4002 6178
267 359 382 415 513

271 478 342 546 (ll
369 477 490 535 Cor.
530 493 608 544 tv,
649 477 780 546 i6):
825 477 1118 534 secundum
1155 489 1333 534 autem
1373 477 1510 548 quod
1553 477 1620 532 de
1663 475 1880 530 homine

273 577 372 630 itlo
399 573 512 628 nati
544 587 762 638 sumus,
784 587 882 644 per
901 588 1061 642 quem
1089 581 1366 643 peccatum
1397 571 1614 626 intravit
1641 572 1694 628 in
1727 587 1881 626 mun-

269 667 428 732 dum,
459 673 519 721 et
547 680 644 736 per
671 673 944 736 peccatum
969 680 1140 732 mors,
1169 673 1222 721 et
1247 665 1315 719 ita
1338 665 1389 719 in
1420 680 1607 720 omnes
1629 665 1881 721 homines

273 757 590 826 pertransiit
632 756 810 828 (Rom.
843 755 1042 826 v.12),
1081 757 1200 812 sine
1236 765 1452 826 peccato
1500 771 1604 811 non
1652 765 1875 822 sumus;

273 851 402 922 quia
437 851 558 906 sine
582 851 726 907 illius
755 850 1062 906 inﬁrmitate
1085 851 1318 906 nondum
1345 865 1550 918 sumus,
1580 851 1752 906 donec
1789 851 1878 906 illa

277 943 659 1008 renovatione,
685 957 806 1013 quae
827 945 885 997 lit
911 941 978 998 de
1007 941 1093 997 die
1119 943 1172 997 in
1194 941 1334 997 diem
1353 983 1366 1008 ,
1397 942 1651 1012 quoniam
1679 957 1876 997 secun-

277 1031 404 1086 dum
430 1033 600 1104 ipsam
621 1048 686 1088 ex
709 1033 822 1090 Deo
847 1035 952 1088 nati
977 1049 1179 1097 sumus,
1203 1033 1481 1088 inﬁrmitas
1505 1042 1620 1088 tota
1637 1043 1876 1102 sanetur,

281 1124 334 1178 in
361 1140 466 1196 qua
505 1143 571 1180 ex
599 1127 774 1198 primo
805 1126 1020 1181 homine
1047 1127 1154 1181 nati
1185 1141 1369 1182 sumus
1389 1167 1404 1189 ,
1454 1136 1504 1181 et
1533 1127 1584 1180 in
1622 1143 1724 1198 qua
1763 1127 1879 1182 sine

281 1227 504 1286 peccato
526 1233 630 1271 non
653 1232 870 1274 sumus:
891 1218 1042 1288 cujus
1064 1217 1300 1287 reliquiis
1321 1218 1370 1271 iu
1391 1217 1604 1273 homine
1626 1217 1880 1274 interiore

281 1309 657 1374 manentibus,
698 1311 940 1381 quamvis
979 1311 1048 1366 de
1089 1311 1175 1366 die
1211 1311 1262 1365 in
1293 1311 1432 1365 diem
1473 1311 1779 1366 minuantur
1823 1311 1878 1366 in

281 1399 726 1470 proﬁcientibus,
765 1402 809 1455 si
833 1387 1110 1456 dixerimus
1135 1401 1254 1472 quia
1283 1411 1544 1471 peccatum
1587 1418 1688 1455 non
1723 1401 1876 1456 habe-

280 1508 425 1558 mus,
453 1508 548 1546 nos
577 1493 714 1564 ipsos
745 1493 1028 1548 seducimus
1047 1536 1062 1558 ,
1104 1505 1150 1548 et
1177 1495 1356 1548 veritas
1397 1495 1450 1548 in
1483 1495 1626 1548 nobis
1657 1511 1758 1548 non
1780 1505 1874 1549 est.

280 1583 568 1650 Quomodo
587 1585 732 1640 enim
757 1601 940 1642 verum
966 1596 1067 1652 est,
1095 1586 1271 1640 Omnis
1291 1588 1375 1656 qui
1403 1597 1595 1657 peccat,
1627 1604 1728 1641 non
1753 1588 1878 1642 vidit

280 1692 420 1742 eum,
457 1693 552 1730 nec
589 1679 822 1748 cognovit
860 1695 971 1732 eum
995 1695 1014 1734 :
1043 1693 1164 1734 cum
1205 1678 1498 1734 secundum
1541 1679 1800 1735 visionem
1827 1691 1882 1736 et

281 1769 644 1838 cognitionem
665 1785 784 1841 qua:
807 1771 910 1826 erit
937 1772 990 1826 in
1013 1772 1212 1843 specie,
1237 1787 1394 1827 nemo
1417 1787 1540 1828 eum
1569 1773 1621 1828 in
1654 1773 1754 1830 hac
1773 1776 1880 1831 vita

282 1861 468 1916 videat
505 1871 666 1932 atque
701 1873 1028 1934 cognoscat;
1071 1864 1366 1920 secundum
1395 1876 1575 1922 autem
1616 1865 1876 1922 visionem

280 1960 442 2023 atque
479 1953 840 2024 cognitionem
881 1970 1002 2025 quae
1047 1965 1128 2012 est
1166 1955 1218 2010 in
1259 1956 1398 2024 lide,
1446 1957 1598 2012 multi
1643 1957 1752 2012 sint
1789 1958 1880 2028 qui

281 2053 533 2114 peccent,
562 2054 708 2100 certe
749 2045 848 2116 ipsi
871 2055 1127 2118 apostata:
1150 2089 1166 2114 ,
1193 2047 1282 2118 qui
1307 2057 1482 2104 tamen
1519 2049 1572 2104 in
1611 2064 1735 2104 eum
1777 2049 1878 2104 ali-

282 2135 500 2208 quando
529 2137 908 2206 crediderunt,
947 2147 1004 2194 ut
1031 2139 1100 2195 de
1127 2141 1273 2194 nullo
1307 2156 1494 2196 eorum
1531 2141 1638 2196 dici
1687 2141 1874 2212 possit,

281 2230 580 2286 secundum
609 2231 866 2287 visionem
896 2243 948 2287 et
971 2231 1330 2303 cognitionem
1357 2249 1478 2304 quae
1497 2233 1671 2288 adhuc
1692 2234 1746 2289 in
1775 2233 1882 2290 ﬁde

281 2333 366 2378 est
389 2365 404 2390 ,
435 2341 542 2378 non
569 2324 694 2378 vidit
722 2339 834 2378 eum
853 2366 870 2391 ,
896 2340 1054 2394 neque
1083 2326 1312 2397 cognovit
1339 2325 1499 2380 eum?
1539 2325 1646 2382 Sed
1678 2325 1880 2382 intelli-

277 2415 516 2486 gendum
537 2414 800 2480 arbitror,
829 2415 952 2486 quia
983 2417 1260 2471 renovatio
1288 2416 1610 2486 perﬁcienda
1653 2416 1802 2474 videt
1825 2425 1882 2474 et

279 2507 562 2576 cognoscit
595 2523 608 2560 :
635 2505 918 2562 inﬁrmitas
941 2521 1068 2562 vero
1096 2505 1422 2564 absumenda
1449 2525 1560 2564 non
1587 2508 1752 2578 videt,
1781 2523 1880 2566 nec

277 2597 560 2666 cognoscit
583 2611 706 2652 eum
735 2612 750 2662 ;
783 2597 838 2652 in
871 2597 1022 2668 cujus
1047 2599 1488 2672 quantiscumque
1528 2602 1766 2674 reliquiis
1793 2602 1878 2658 in-

283 2689 450 2742 terius
491 2686 826 2756 constitutis,
885 2689 932 2742 si
983 2688 1263 2746 dixerimus
1303 2693 1426 2761 quia
1475 2703 1734 2764 peccatum
1777 2710 1880 2750 non

281 2777 525 2834 habemus
546 2820 564 2847 ,
593 2795 686 2833 nos
711 2779 848 2849 ipsos
875 2779 1162 2836 reducimus
1179 2823 1196 2850 ,
1221 2791 1268 2838 et
1301 2783 1485 2838 veritas
1517 2783 1572 2838 in
1607 2785 1750 2840 nobis
1778 2801 1881 2840 non

279 2877 376 2923 est.
401 2868 536 2925 Cum
557 2885 687 2940 ergo
711 2885 806 2940 per
823 2870 1046 2940 gratiam
1066 2873 1426 2930 renovationis
1453 2873 1551 2943 ﬁlii
1571 2873 1668 2928 Dei
1689 2875 1877 2941 simus,

283 2971 464 3017 tamen
492 2971 713 3032 pr0pter
739 2961 992 3031 reliquias
1032 2963 1355 3020 inﬁrmitatis
1385 2965 1612 3019 nondum
1638 2967 1880 3036 apparuit

280 3052 404 3124 quid
438 3055 630 3108 erimus
657 3069 675 3108 :
707 3055 892 3110 scimus
926 3055 1168 3124 quoniam
1194 3072 1308 3110 cum
1336 3057 1652 3128 apparuerit,
1687 3057 1878 3113 similes

280 3147 328 3200 ei
353 3147 562 3214 erimus,
587 3147 828 3217 quoniam
848 3144 1128 3201 uidebimus
1147 3163 1259 3200 eum
1284 3147 1434 3201 sicuti
1460 3157 1550 3202 est.
1579 3146 1730 3204 Tunc
1751 3163 1878 3218 pec-

280 3245 464 3292 catum
503 3237 708 3292 nullum
737 3236 874 3303 erit,
923 3237 1046 3308 quia
1075 3235 1358 3292 inﬁrmitas
1395 3252 1493 3292 nec
1527 3237 1748 3294 interior
1782 3253 1882 3295 nec

281 3328 518 3384 exterior
549 3327 654 3382 ulla
678 3329 998 3385 remanebit.
1031 3327 1096 3384 Et
1121 3329 1285 3384 omnis
1308 3330 1396 3400 qui
1415 3329 1560 3384 habet
1587 3331 1718 3386 hanc
1736 3347 1879 3402 spem

281 3419 334 3472 in
362 3436 500 3486 eum,
536 3420 822 3490 sanctiﬁcat
845 3437 899 3476 se
916 3462 934 3488 ,
959 3422 1088 3476 sicut
1111 3431 1158 3476 et
1181 3423 1289 3491 ipse
1311 3431 1518 3478 sanctus
1543 3432 1638 3478 est.
1665 3423 1878 3478 Sancti-

284 3508 404 3565 ﬁcat
431 3525 510 3576 se,
543 3525 650 3565 non
677 3525 775 3581 per
799 3525 858 3567 se
884 3511 1079 3582 ipsum,
1111 3510 1208 3566 sed
1233 3511 1509 3568 credendo
1533 3513 1586 3568 in
1632 3513 1784 3570 illum
1825 3523 1880 3570 et

281 3599 584 3655 invocando
607 3599 758 3656 illum
785 3601 876 3671 qui
915 3601 1214 3658 sanctiﬁcat
1257 3612 1474 3658 sanctos
1515 3611 1648 3658 suos
1683 3621 1695 3656 :
1726 3604 1879 3674 cujus

281 3691 720 3746 sanctiﬁcationis
761 3692 1050 3762 perfectio,
1081 3709 1200 3764 qua:
1229 3709 1370 3749 nunc
1397 3693 1610 3766 proﬁcit
1648 3705 1702 3750 et
1725 3710 1878 3752 cres-

281 3783 350 3838 cit
377 3783 448 3837 de
472 3783 560 3838 die
585 3783 640 3837 in
665 3782 804 3838 diem
821 3823 837 3850 ,
871 3798 1058 3840 omnes
1084 3783 1407 3840 inﬁrmitatis
1433 3785 1688 3856 reliquias
1729 3787 1880 3842 abla-

283 3881 398 3928 tura
427 3883 532 3928 est.

351 4005 582 4062 CAPUT
611 4005 752 4060 XIX.
779 4037 852 4047 —
874 4007 964 4063 40.
999 4025 1018 4060 ι
1049 4005 1180 4063 Item
1207 4007 1410 4075 dicunt,
1437 4029 1456 4062 ι
1481 4009 1671 4081 inquit,
1705 4029 1724 4064 ι
1755 4011 1879 4068 Non

282 4101 492 4154 volentis
515 4116 676 4172 neque
694 4102 938 4155 currentis
956 4143 973 4166 ,
994 4101 1084 4155 sed
1109 4101 1388 4158 miserentis
1417 4113 1490 4158 est
1519 4103 1614 4159 Dei
1641 4123 1661 4157 ι
1695 4103 1874 4176 (Rom.

283 4205 361 4256 ts,
389 4191 504 4262 16).
531 4191 738 4257 Quibus
765 4209 784 4244 ι
824 4193 1256 4262 respondendum
1284 4210 1404 4250 esse
1435 4215 1454 4246 ι
1478 4195 1642 4263 dicit,
1687 4215 1706 4248 ε
1735 4199 1875 4269 quod

285 4281 428 4338 idem
448 4285 724 4354 apostolus
747 4285 872 4340 alibi
907 4285 978 4340 de
1005 4285 1244 4356 quodam'
1264 4288 1338 4341 ait
1365 4304 1378 4340 :
1412 4287 1562 4353 Quod
1589 4289 1693 4344 vult
1713 4287 1878 4359 'faciat

286 4373 327 4444 (Ι
355 4375 477 4430 Cor.
509 4391 602 4440 vn,
632 4376 744 4446 56).
777 4377 930 4444 ltem,
958 4397 976 4429 ι
1008 4378 1212 4448 inquit,
1251 4397 1270 4431 ε
1306 4379 1370 4433 ad
1400 4379 1768 4436 Philemonem
1809 4381 1878 4438 de

281 4465 574 4523 Onesimo:
607 4467 766 4534 Quem
793 4484 884 4538 ego
904 4470 1160 4523 uolueram
1181 4471 1322 4539 apud
1349 4487 1427 4524 me
1447 4471 1684 4538 detinere,
1709 4482 1764 4526 ut
1784 4490 1878 4546 pro

283 4569 332 4614 te
369 4561 498 4614 mihi
535 4561 884 4627 ministraret;
923 4562 1013 4616 sed
1045 4563 1152 4616 sine
1188 4563 1400 4616 consilio
1447 4573 1534 4618 tuo
1571 4565 1700 4619 nihil
1739 4565 1877 4620 volui

281 4654 450 4722 facere
465 4693 484 4716 ,
529 4664 582 4705 ut
609 4671 708 4708 non
753 4654 898 4724 quasi
937 4671 1002 4708 ea:
1024 4657 1318 4709 necessitate
1345 4657 1530 4710 bonum
1564 4667 1703 4710 tuum
1725 4667 1872 4726 esset,

279 4747 370 4798 sed
403 4747 742 4798 voluntarium
781 4746 1028 4817 (Philem.
1061 4749 1150 4814 i5,
1181 4749 1294 4818 li).
1359 4749 1488 4804 Item
1527 4749 1578 4804 in
1621 4751 1877 4808 Deutero-

279 4839 510 4892 nouitio:
571 4835 738 4892 Vitam
776 4849 824 4893 et
867 4849 1076 4892 mortem
1117 4840 1256 4894 dedit
1313 4851 1432 4896 ante
1487 4843 1668 4912 faciem
1713 4851 1871 4910 tuam,

275 4929 468 4983 bonum
487 4939 534 4984 et
555 4931 786 4994 malum;
812 4930 940 5001 elige
961 4932 1145 4997 vitam,
1181 4941 1236 4985 ut
1261 4932 1396 4986 uiuas
1423 4931 1599 5002 (Deut.
1623 4949 1752 4999 xxx,
1785 4935 1874 5001 15,

277 5021 396 5091 19).
443 5019 572 5075 Item
607 5022 745 5092 apud
775 5020 1116 5077 Salomonem
1143 5039 1156 5076 :
1187 5021 1324 5078 Deus
1350 5023 1412 5077 ab
1437 5025 1584 5080 initio
1620 5025 1878 5080 constituit

273 5113 556 5180 hominem,
599 5123 648 5167 et
671 5113 873 5184 reliquit
901 5129 1016 5168 eum
1037 5115 1092 5168 in
1129 5131 1288 5169 manu
1311 5117 1513 5170 consilii
1535 5114 1612 5172 sui
1640 5133 1660 5171 :
1687 5119 1876 5189 adjecit

269 5207 326 5260 ei
359 5205 608 5258 mandata
645 5215 692 5258 et
717 5213 1010 5275 princepta:
1051 5205 1096 5259 si
1121 5205 1256 5260 uoles
1286 5217 1569 5278 praecepta,
1611 5207 1878 5263 servabunt

269 5309 346 5364 te,
379 5298 500 5352 etin
525 5289 780 5368 posterum
813 5297 966 5366 ﬁdem
1010 5297 1250 5366 placitam
1287 5301 1472 5368 facere.
1497 5298 1750 5370 Apposuit
1788 5301 1877 5354 tibi

265 5407 466 5462 aquam
503 5399 552 5443 et
583 5389 750 5458 ignem
773 5431 788 5456 ,
828 5387 898 5442 ad
931 5388 1066 5459 quod
1101 5389 1178 5443 vis
1217 5389 1422 5460 parrige
1457 5405 1670 5444 ntanum
1711 5401 1873 5444 tuam.

265 5485 414 5538 Ante
433 5481 686 5536 hominem
711 5481 894 5535 bonum
915 5489 964 5536 et
985 5479 1198 5546 malum,
1221 5481 1322 5535 vita
1344 5491 1392 5536 et
1417 5499 1571 5548 mors,
1599 5495 1874 5556 paupertas

263 5587 320 5631 et
361 5575 600 5628 honestas
643 5589 676 5626 a
717 5571 934 5627 Domino
973 5571 1086 5628 Deo
1132 5585 1250 5628 sunt
1291 5572 1481 5646 (Eccli.
1524 5592 1615 5642 xv,
1654 5579 1872 5648 14-18).

265 5666 414 5722 Item
453 5663 596 5734 apud
639 5663 824 5720 Isaiam
869 5683 884 5720 :
927 5663 996 5718 Et
1031 5664 1074 5720 si
1105 5665 1368 5722 volueritis
1397 5677 1443 5722 et
1475 5668 1740 5726 audieritis
1773 5687 1872 5734 me,

267 5771 396 5814 aute
427 5755 558 5816 bona
588 5765 705 5812 sunt
731 5765 878 5816 terra:
905 5757 1270 5818 manducabitis
1292 5775 1310 5826 ;
1349 5759 1394 5813 si
1415 5769 1583 5816 autem
1616 5762 1874 5820 nolueritis

1195 360 1282 416 DE
1322 353 1796 414 I’liliFliCTlONE
1834 353 2158 412 JL’S'l'lTlr'E
2203 357 2474 416 liDillNlS
2511 361 2731 419 LIBER.

3475 381 3578 437 ΒΗ

1988 489 2077 527 nec
2097 472 2422 532 obaudieritis
2457 497 2555 547 me,
2592 481 2796 552 gladius
2825 498 2913 539 vos
2934 489 3173 545 comedet.
3217 489 3288 548 0s
3314 489 3446 549 enim
3476 497 3584 552 Do-

1987 567 2108 619 mini
2131 567 2348 621 locutum
2379 579 2449 624 est
2471 572 2578 625 (nec
2607 571 2786 642 3(Isai.
2811 589 2849 642 ι,
2879 575 2965 643 19,
2989 577 3102 651 20).
3129 579 3224 636 Hic
3246 599 3391 652 vero,
3417 601 3584 654 quau-

1988 659 2228 713 tumlibet
2255 661 2336 713 isti
2367 675 2425 716 se
2451 663 2722 733 obtegam,
2751 669 3084 737 aperiuntur.
3118 673 3404 732 Declarant
3429 679 3572 734 cnim

1985 763 2046 803 se
2085 757 2270 804 contra
2309 751 2398 805 Dei
2425 753 2647 821 gratiam
2691 757 2774 812 vel
2822 759 3243 816 misericordiam
3285 765 3584 836 disputare,

1985 855 2142 911 quam
2173 842 2419 898 volumus
2457 845 2741 916 impetrare
2776 865 2896 903 cum
2929 851 3175 920 dicimus,
3209 855 3328 910 Fiat
3349 861 3588 917 voluntas

1987 943 2075 986 tua
2113 935 2242 988 sicut
2279 936 2330 990 in
2366 938 2489 992 ctelo
2531 947 2578 992 et
2611 940 2664 994 in
2693 951 2870 1006 terra;
2914 945 3020 1008 vel,
3055 945 3136 1001 Ne
3177 965 3268 1004 nos
3303 951 3494 1023 inferas
3521 955 3576 1008 in

1985 1031 2329 1118 tentationem,
2365 1032 2454 1086 sed
2477 1034 2634 1088 libera
2654 1052 2746 1090 nos
2772 1053 2803 1090 a
2829 1037 2964 1092 malo
2990 1039 3203 1110 (Matth.
3235 1059 3306 1108 vt,
3335 1046 3422 1112 10,
3461 1049 3574 1118 l5).

1985 1117 2181 1190 thuid
2228 1123 2370 1175 enim
2411 1123 2510 1178 ista
2538 1125 2742 1180 orando
2789 1136 2936 1182 tanto
2974 1132 3172 1199 gemitu
3219 1135 3476 1202 petimus,
3527 1117 3574 1192 si

1983 1211 2211 1266 volentis
2261 1211 2491 1269 hominis
2543 1225 2597 1270 et
2642 1223 2947 1286 currentis,
2999 1239 3104 1276 non
3149 1223 3454 1282 miserantis
3497 1239 3580 1283 est

1985 1302 2123 1358 Dei?
2149 1303 2264 1358 Non
2290 1306 2410 1375 quia
2439 1306 2540 1362 hoc
2565 1309 2682 1364 sine
2721 1310 2998 1366 voluntate
3037 1322 3218 1368 nostra
3256 1319 3448 1385 agitur,
3481 1321 3574 1373 sel

1985 1393 2106 1463 quia
2147 1395 2390 1452 voluntas
2429 1413 2534 1452 non
2585 1399 2768 1468 implet
2813 1403 2954 1472 quod
2987 1404 3124 1474 agit,
3175 1407 3274 1460 nisi
3325 1409 3580 1464 divinitus

1984 1485 2278 1556 adjuvetur.
2303 1488 2430 1544 Haec
2449 1500 2532 1546 est
2554 1490 2676 1546 ﬁdei
2695 1493 2914 1560 sanitas,
2938 1510 3054 1563 qua:
3075 1513 3173 1551 nos
3193 1496 3318 1552 iacit
3339 1515 3580 1569 quau-ure

1985 1587 2046 1632 ut
2087 1581 2448 1650 inveniamus,
2503 1593 2688 1654 petere
2744 1593 2802 1639 ut
2847 1587 3198 1656 accipiamus,
3253 1593 3464 1660 pulsare
3525 1603 3580 1648 ut

1985 1672 2253 1740 aperiatur
2291 1673 2444 1728 nobis
2487 1673 2635 1744 (Luc.
2679 1691 2755 1742 xx,
2785 1675 2864 1747 9).
2917 1679 3114 1733 Contra
3149 1681 3306 1736 istam
3346 1685 3434 1752 qui
3465 1684 3580 1738 dis-

1987 1772 2168 1832 putat,
2203 1775 2388 1820 contra
2418 1780 2477 1822 se
2514 1768 2685 1838 ipsum
2734 1769 2934 1826 claudit
2976 1774 3170 1828 ostium
3197 1775 3580 1832 misericordia:

1988 1853 2106 1909 Dei.
2150 1855 2284 1910 Nolo
2331 1857 2482 1928 plura
2529 1859 2706 1916 dicere
2761 1861 2829 1916 de
2874 1877 2934 1918 re
2979 1873 3158 1931 tanta,
3211 1867 3333 1937 quia
3387 1869 3580 1924 melius

1986 1961 2103 2000 eam
2131 1949 2406 2006 committo
2435 1951 2666 2009 ﬁdelium
2693 1953 2977 2026 gemitibus
2999 1999 3014 2024 ,
3052 1974 3211 2029 quam
3243 1963 3579 2018 sermonibus

1986 2049 2139 2094 meis.
2505 2049 2510 2056 ’

2057 2129 2146 2183 ll.
2191 2129 2375 2188 Videte
2403 2141 2603 2200 tamen,
2644 2137 2888 2204 obsecro,
2919 2139 3077 2210 quale
3107 2141 3194 2207 sit,
3229 2141 3348 2198 ideo
3376 2131 3578 2200 volenti

1985 2227 2038 2274 et
2067 2223 2300 2276 currenti
2333 2225 2748 2282 misericordiam
2781 2229 2874 2284 Dei
2901 2247 3009 2285 non
3040 2247 3164 2288 esse
3193 2237 3572 2306 necessariam,

1987 2327 2110 2382 qua:
2138 2313 2286 2368 illum
2316 2315 2474 2370 etiam
2502 2321 2793 2388 praevenit,
2821 2331 2878 2377 ut
2903 2335 3164 2392 curreret,
3199 2329 3320 2396 quia
3347 2328 3414 2384 de
3440 2345 3576 2398 quo-

1985 2403 2110 2458 dam
2135 2405 2210 2460 ait
2235 2407 2554 2478 Apostolus,
2587 2411 2736 2478 Quod
2760 2414 2865 2468 vult
2891 2416 3046 2486 faciat
3075 2431 3094 2470 :
3120 2417 3212 2484 ibi,
3245 2428 3300 2472 ut
3325 2420 3574 2487 arbitror,

1985 2495 2078 2550 ubi
2104 2499 2342 2568 sequitur
2370 2509 2424 2556 et
2452 2500 2610 2566 dicit,
2640 2502 2760 2558 Non
2787 2515 2984 2576 peccat,
3014 2509 3058 2562 si
3088 2508 3262 2564 nubat.
3291 2510 3452 2578 Quasi
3483 2529 3578 2582 pro

1985 2601 2182 2670 magno
2217 2588 2518 2645 habendum
2549 2593 2637 2660 sit,
2670 2593 2808 2650 velle
2839 2597 3066 2661 nubere,
3099 2600 3188 2654 ubi
3217 2599 3282 2654 dc
3310 2601 3579 2670 adjutorio

1985 2669 2180 2727 divina:
2208 2673 2591 2731 misericordia:
2619 2680 2902 2747 operosius
2939 2681 3262 2752 disputatur.
3307 2669 3412 2740 Aut
3453 2701 3580 2740 vero

1985 2763 2148 2819 etiam
2175 2763 2248 2820 ibi
2273 2766 2494 2836 prodest
2513 2767 2714 2839 aliquid
2743 2771 2898 2838 velle,
2929 2773 3032 2826 nisi
3057 2774 3200 2828 Deus
3225 2777 3576 2842 providentia,

1983 2869 2086 2924 qua
2114 2855 2379 2925 gubernat
2403 2858 2612 2923 omnia,
2642 2874 2843 2914 marem
2883 2861 3239 2933 feminamque
3269 2866 3574 2937 etmjungat.

1984 2944 2092 2997 Aut
2133 2944 2382 3014 quoniam
2423 2947 2490 3002 ad
2517 2947 2884 3005 Philemonem
2911 2952 3124 3021 scripsit
3157 2956 3468 3026 Apostolus,
3508 2955 3577 3010 Ut

1985 3051 2086 3090 non
2112 3039 2260 3108 quasi
2286 3055 2349 3094 ea:
2372 3041 2664 3096 necessitate
2691 3043 2876 3097 bonum
2905 3044 3021 3114 ejus
3051 3057 3194 3113 esset,
3223 3049 3312 3102 sed
3340 3050 3572 3103 volunta-

1982 3130 2116 3183 rium
2144 3145 2163 3184 :
2188 3129 2338 3202 quasi
2369 3133 2525 3188 aliter
2552 3134 2621 3188 sit
2650 3135 3004 3190 voluntarium
3037 3137 3230 3192 bonum
3251 3179 3266 3204 ,
3314 3139 3410 3193 nisi
3453 3155 3572 3194 cum

1987 3221 2125 3276 Deus
2153 3233 2393 3293 operatur
2419 3224 2474 3278 in
2500 3226 2644 3280 nobis
2669 3235 2714 3281 et
2743 3227 2868 3282 velle
2897 3239 2942 3282 et
2969 3232 3188 3298 operari,
3219 3249 3311 3302 pro
3343 3233 3470 3286 bona
3499 3249 3576 3288 vo-

1987 3311 2188 3369 luntate
2209 3314 2465 3388 (Philipp.
2499 3335 2555 3380 ll,
2593 3320 2658 3374 15
2685 3321 2726 3391 ).
2759 3323 2864 3376 Aut
2893 3323 3012 3392 quia
3059 3325 3110 3376 in
3159 3325 3574 3380 Dcutoronomio

1985 3405 2242 3476 scriptum
2272 3417 2374 3474 est,
2431 3409 2598 3464 Vitam
2627 3424 2675 3466 et
2705 3423 2912 3468 mortem
2943 3415 3079 3468 dedit
3108 3427 3225 3472 ante
3261 3418 3440 3487 [aciem
3475 3420 3574 3474 lio-

1983 3499 2162 3566 minis,
2189 3501 2374 3556 bonum
2393 3511 2438 3558 et
2457 3505 2672 3570 malum;
2693 3515 2747 3560 et
2766 3507 3041 3562 admonuit
3061 3517 3118 3562 ut
3137 3509 3359 3579 eligeret
3375 3511 3532 3566 vitam
3559 3531 3574 3568 :

1983 3594 2134 3662 quasi
2181 3601 2235 3648 et
2263 3595 2376 3664 ipsa
2405 3593 2697 3651 admonitio
2729 3614 2832 3652 non
2866 3598 2932 3654 de
2961 3600 3325 3656 misericordia
3359 3603 3569 3670 veniat;

1983 3683 2064 3739 vel
2092 3685 2286 3754 aliquid
2311 3687 2586 3755 prodesset
2618 3689 2814 3756 eligere
2833 3689 3016 3756 vitam,
3042 3691 3141 3743 nisi
3184 3693 3321 3746 Deus
3341 3695 3570 3762 eligendi

1983 3779 2294 3834 charitatem
2314 3781 2916 3851 inspiraret,etelcctam
2945 3783 3140 3838 habere
3153 3795 3428 3852 prazstaret
3460 3803 3472 3840 :
3505 3789 3572 3842 de

1983 3885 2088 3939 quo
2116 3870 2316 3926 dictum
2357 3882 2459 3938 est,
2502 3871 2753 3938 Quantam
2779 3873 2860 3926 ira
2898 3874 2949 3926 in
2979 3873 3326 3945 indignatione
3361 3877 3491 3946 ejus,
3523 3886 3570 3930 ct

1983 3961 2164 4014 vitain
2193 3960 2450 4016 voluntate
2490 3963 2600 4032 ejus
2635 3961 2804 4034 (Psal.
2847 3981 3008 4031 χχιι,
3053 3965 3153 4034 6).
3187 3969 3290 4020 Aut
3327 3967 3446 4036 quia
3485 3969 3569 4022 di-

1982 4060 2126 4106 ctum
2151 4063 2268 4119 est,
2298 4052 2360 4108 Si
2387 4053 2520 4109 voles
2549 4064 2831 4124 prazcepta,
2863 4057 3128 4109 servabunt
3157 4067 3204 4109 te
3229 4072 3248 4110 :
3274 4057 3424 4126 quasi
3465 4073 3568 4110 non

1981 4142 2174 4200 debeat
2212 4145 2322 4200 Deo
2360 4161 2517 4216 agere
2554 4146 2774 4216 gratias,
2817 4146 2934 4215 quia
2963 4159 3224 4216 praecepta
3265 4149 3448 4212 voluit,
3481 4151 3570 4220 qui

1981 4235 2222 4291 desertus
2250 4237 2396 4291 omni
2431 4237 2629 4291 lumine
2653 4237 2892 4290 veritatis
2921 4235 3037 4292 hinc
3059 4237 3200 4293 velle
3229 4253 3333 4293 non
3365 4249 3568 4310 posset.

1982 4327 2176 4382 Positis
2205 4339 2327 4383 ante
2357 4327 2624 4382 hominem
2655 4327 2776 4398 igne
2804 4337 2857 4383 et
2884 4344 3039 4400 aqua,
3072 4345 3177 4400 quo
3206 4331 3318 4386 vult
3354 4333 3566 4402 quidem

1981 4420 2202 4491 porrigit
2226 4435 2461 4488 manum,
2489 4419 2582 4474 sed
2609 4420 2764 4474 altior
2785 4421 2802 4451 ⁸
2827 4431 2909 4475 est
2933 4421 3024 4492 qui
3052 4430 3206 4476 vocat
3226 4422 3386 4478 altius
3410 4439 3568 4494 quam

1981 4511 2156 4566 omnis
2183 4511 2413 4566 humana
2442 4511 2692 4582 cogitatio
2721 4528 2734 4564 :
2762 4511 3192 4583 quandoquidem
3223 4513 3429 4567 initium
3460 4528 3574 4568 cor-

1981 4605 2182 4676 rigendi
2222 4621 2317 4660 cor
2346 4603 2478 4660 ﬁdes
2506 4613 2609 4672 est,
2652 4605 2792 4660 sicut
2819 4608 3078 4677 scriptum
3119 4616 3222 4670 est,
3277 4607 3474 4668 Venias.
3516 4618 3564 4662 et

1981 4697 2280 4768 perlransies
2307 4695 2370 4750 ab
2405 4697 2549 4750 initio
2587 4696 2706 4765 ﬁdei
2751 4696 2921 4768 (Cant.
2971 4715 3056 4766 tv,
3095 4716 3196 4754 sec.
3225 4699 3370 4754 LXX
3402 4699 3456 4769 );
3514 4708 3568 4754 ct

1981 4788 2204 4858 quisque
2225 4789 2296 4843 ita
2324 4789 2470 4860 eligit
2489 4788 2710 4856 bonum,
2741 4789 2872 4844 sicut
2893 4791 3159 4861 unicuique
3180 4790 3320 4844 Deus
3345 4792 3568 4859 partitus

1982 4888 2053 4942 est
2085 4895 2370 4934 mensuram
2398 4880 2518 4950 ﬁdei
2551 4877 2570 4952 (
2598 4879 2749 4934 Rom.
2795 4895 2869 4934 xu
2895 4923 2908 4948 ,
2941 4881 2975 4934 ὅ
3005 4879 3022 4950 )
3051 4897 3065 4946 ;
3094 4889 3179 4942 et,
3213 4879 3376 4934 Nemo
3405 4893 3567 4950 potest

1981 4969 2050 5031 ad
2079 4987 2154 5026 me
2181 4971 2362 5036 venire,
2395 4973 2469 5026 ait
2505 4971 2759 5042 Princeps
2797 4973 2942 5040 ﬁdei,
2975 4973 3072 5026 nisi
3110 4971 3264 5026 Pater
3304 4974 3390 5044 qui
3431 4975 3566 5028 misit

1982 5080 2078 5129 me,
2120 5064 2329 5120 traxerit
2366 5081 2498 5124 eum.
2537 5063 2690 5134 Quod
2728 5063 2797 5120 de
2833 5065 2940 5120 ﬁde
2975 5065 3171 5120 dictum
3214 5079 3336 5120 esse
3371 5082 3474 5135 qua
3517 5067 3569 5122 in

1983 5172 2103 5212 eum
2129 5157 2382 5225 creditur,
2409 5159 2539 5214 satis
2566 5158 2842 5218 evidenter
2869 5168 3046 5228 postea
3073 5159 3340 5228 explanat,
3370 5159 3456 5213 ubi
3487 5161 3568 5214 di-

1983 5249 2056 5304 cit
2083 5266 2098 5302 :
2143 5248 2300 5304 Verba
2326 5266 2438 5322 qua:
2467 5267 2556 5322 ego
2598 5251 2792 5304 locutus
2830 5267 2939 5304 sum
2965 5251 3115 5314 vobis,
3149 5252 3354 5320 spiritus
3392 5264 3437 5306 et
3469 5254 3570 5308 vita

1983 5352 2133 5408 sunt;
2159 5343 2247 5397 sed
2271 5344 2477 5413 quidam
2500 5355 2616 5397 sunt
2640 5360 2703 5398 ea:
2721 5343 2859 5398 vobis
2877 5343 2963 5414 qui
2981 5359 3080 5397 non
3100 5343 3332 5398 credunt.
3363 5343 3570 5400 Sciebat

1983 5437 2116 5491 enim
2145 5439 2208 5491 ab
2235 5439 2376 5492 initio
2399 5435 2582 5502 Iesus,
2627 5437 2713 5508 qui
2740 5447 2901 5493 essent
2929 5437 3212 5506 credentes,
3240 5450 3285 5494 et
3314 5441 3427 5510 quis
3456 5459 3568 5496 eum

1985 5529 2264 5582 traditurus
2291 5539 2455 5596 esset;
2483 5537 2528 5583 et
2553 5529 2778 5597 dicebat,
2813 5527 3088 5601 Propterea
3117 5531 3224 5586 dixi
3251 5533 3420 5598 vobis,
3448 5535 3568 5602 quia

2049 5669 2068 5701 ⁸
2095 5675 2244 5731 vetus
2261 5667 2416 5716 codex
2431 5667 2740 5720 Corbeiensis
2761 5669 2852 5718 hoc
2871 5675 2922 5720 et
2945 5667 3099 5720 altero
3119 5667 3244 5731 loco,
3267 5669 3428 5721 altius.
3451 5677 3565 5719 com

1985 5730 2160 5842 ltili-alii
2183 5739 2386 5794 quatuor
2402 5733 2708 5796 manuscripti
2725 5743 2932 5796 utroque
2953 5734 3058 5784 loco
3073 5730 3353 5786 constanter
3367 5731 3566 5790 habent,

1985 5808 2012 5841 α
2055 5807 2143 5846 tor.
