4002 6178
403 291 510 347 315

405 415 550 456 πριηο
584 405 746 472 potest
771 399 839 450 ad
867 409 945 448 me
971 389 1156 452 venire,
1186 387 1282 441 nisi
1311 384 1460 457 fuerit
1488 383 1534 438 ei
1568 381 1740 435 datum
1767 397 1799 434 ιι
1827 376 1982 431 Patre

407 510 515 547 meo
549 489 748 564 (Joan.
779 503 852 553 v1,
881 485 972 552 Μ,
997 481 1088 550 64,
1117 480 1208 546 63,
1237 477 1307 534 66

477 563 567 638 42.
601 581 846 651 Magnum
875 587 1056 630 autem
1083 571 1284 641 aliquid
1323 585 1421 642 pro
1449 583 1544 624 sua
1575 580 1734 664 causa
1761 578 1818 617 se
1847 563 1993 617 inve-

407 674 552 727 nisse
572 671 858 727 arbitratus
887 676 968 721 est
990 665 1127 734 apud
1151 663 1336 718 Isaiam
1362 659 1694 730 pr0phetam,
1713 654 1833 726 quia
1857 654 1998 707 Deus

410 762 563 824 dixit,
589 761 646 816 Si
673 757 931 812 volueritis
951 765 995 809 et
1021 753 1280 808 audieritis
1307 767 1402 814 me,
1421 765 1534 819 qua:
1553 747 1680 802 bona
1705 756 1819 798 sunt
1855 754 2000 796 terra

413 852 812 913 mandacobitis;
835 849 877 903 si
914 858 1079 904 autem
1106 845 1370 899 nolueritis
1409 852 1452 896 et
1472 858 1573 895 nou
1599 838 1864 892 audieritis
1898 852 1996 900 me,

415 947 613 1016 gladius
635 960 720 998 vos
748 941 988 996 comedet.
1031 938 1101 992 Os
1127 937 1257 992 enim
1293 933 1497 988 Domini
1529 934 1750 984 locutum
1773 938 1842 983 est
1871 929 2000 982 lucc.

415 1039 575 1104 Quasi
606 1053 708 1090 non
740 1035 822 1088 lex
857 1044 960 1086 tota
991 1028 1288 1100 hujusmodi
1317 1024 1705 1081 conditionibus
1739 1022 1888 1090 plena
1914 1019 2003 1072 sit:

418 1141 510 1186 aut
544 1130 612 1183 ob
647 1127 788 1182 aliud
832 1124 1076 1192 saperhis
1125 1129 1382 1190 prmi-cpta
1425 1117 1522 1170 ista
1565 1115 1685 1168 data
1737 1113 1860 1174 sint,
1907 1108 2005 1167 nisi

419 1224 540 1292 quia
568 1223 649 1275 lex
671 1217 1094 1290 prmvaricationis
1117 1213 1279 1282 gratia
1310 1212 1472 1280 posita
1508 1217 1600 1264 est.
1625 1206 1784 1258 donec
1825 1201 2008 1256 veniret

419 1329 588 1368 semen
613 1312 690 1364 cui
714 1309 1012 1379 promissum
1033 1317 1102 1359 est
1126 1303 1318 1378 (Galat.
1343 1317 1421 1364 ιιι,
1450 1299 1558 1368 19).
1588 1296 1737 1352 Unde
1758 1294 2010 1348 subintro-

426 1405 495 1459 rit
523 1412 576 1457 ut
613 1402 889 1456 abundaret
931 1400 1207 1460 delictum;
1246 1406 1290 1449 et
1316 1395 1399 1446 ubi
1438 1390 1707 1478 abundarit
1737 1389 2010 1450 delictum;

423 1495 845 1568 superabundavit
871 1494 1032 1564 gratia
1060 1490 1234 1562 (Rom.
1273 1503 1338 1554 v,
1357 1485 1448 1551 9.0)
1475 1503 1487 1540 :
1513 1483 1561 1537 id
1587 1494 1688 1547 est,
1720 1491 1775 1534 ut
1803 1480 2014 1546 accipe-

351 1573 366 1592 .
425 1595 507 1642 ret
534 1585 694 1640 homo
723 1591 1002 1653 praecepta.
1026 1579 1256 1651 Superbe
1281 1577 1348 1632 de
1373 1577 1484 1632 suis
1508 1573 1708 1627 viribus
1749 1570 1936 1630 ﬁdens,
1958 1568 2013 1623 in

429 1676 620 1746 quibus
647 1674 901 1728 deﬁciens
927 1682 979 1726 et
1006 1669 1175 1724 {acuis
1201 1669 1361 1723 etiam
1401 1664 1794 1734 prmvat'icator,
1821 1661 2014 1714 libera-

429 1775 596 1820 torem
626 1766 1048 1831 salvatoremque
1072 1759 1394 1828 requireret;
1423 1765 1580 1823 atque
1599 1753 1669 1808 ita
1696 1766 1816 1805 eum
1858 1749 2016 1802 timor

427 1858 562 1929 legis
591 1857 842 1910 humilem
867 1853 1083 1914 factum,
1119 1864 1369 1921 umquam
1413 1846 1725 1916 indigestus
1755 1843 1818 1897 ad
1856 1841 2014 1896 ﬁdem

428 1949 760 2019 gratiamque
803 1943 1244 2014 perduceret.lta
1295 1938 1656 2008 multiplicatis
1701 1933 2018 1988 infirmitati-

427 2038 528 2094 bus
559 2049 739 2108 postea
767 2035 1196 2090 acceleraverunt
1227 2031 1246 2102 (
1277 2030 1424 2084 Psat.
1451 2044 1538 2093 xv,
1570 2034 1602 2083 4
1631 2025 1681 2099 ).
1712 2025 1902 2096 quibus
1929 2039 2016 2077 sa-

429 2128 618 2182 nandis
645 2134 940 2197 opportune
963 2124 1207 2178 Christus
1240 2121 1482 2176 advenit.
1508 2120 1563 2174 lu
1609 2117 1758 2185 cujus
1796 2117 2016 2185 gratiam

429 2220 591 2276 etiam
610 2219 735 2290 justi
759 2217 959 2288 antiqui
986 2215 1348 2278 crediderunt,
1367 2211 1552 2266 eadem
1577 2211 1687 2279 ipsa
1717 2209 1880 2290 gratia
1905 2207 2020 2276 ejus

433 2287 624 2380 adjuti,
661 2319 717 2364 ut
755 2287 1044 2378 gaudentes
1083 2321 1203 2360 eum
1249 2311 1672 2374 przenoscercnt,
1705 2307 1760 2353 et
1808 2287 2020 2366 quidam

436 2401 594 2456 etiam
632 2399 1047 2471 praenuntiarcnt
1091 2410 1211 2450 esse
1251 2403 1564 2448 venturum:
1589 2391 1671 2446 vel
1700 2391 1750 2446 in
1796 2390 1883 2442 illo
1925 2403 2022 2458 po-

435 2493 560 2564 pttlo
587 2490 765 2554 Israel,
795 2488 927 2544 sicut
955 2489 1182 2560 Moyses,
1213 2494 1268 2541 et
1307 2484 1462 2542 Jesus
1499 2483 1660 2548 Nave,
1691 2493 1744 2536 et
1783 2481 2020 2545 Samuel,

435 2590 492 2638 et
519 2581 698 2644 David,
733 2589 785 2634 et
810 2579 988 2634 czeteri
1025 2579 1187 2640 tales;
1220 2578 1302 2631 vel
1339 2575 1690 2643 extra'ipsum
1743 2571 2024 2643 populum,

437 2667 576 2723 sicut
611 2665 739 2730 Job;
763 2664 844 2719 vel
883 2672 1008 2718 ante
1037 2664 1206 2732 ipsum
1249 2663 1522 2730 populum,
1553 2658 1690 2711 sicut
1724 2656 2021 2719 Abraham,

439 2759 576 2814 sicut
601 2757 735 2822 Noe,
766 2765 824 2812 et
859 2755 1173 2826 quicumque
1205 2753 1294 2806 alii
1334 2762 1476 2816 sunt,
1510 2761 1643 2819 quiis
1672 2749 1753 2804 vel
1787 2763 2026 2802 comme-

441 2861 613 2904 morat
641 2850 723 2904 vel
758 2857 895 2903 tact't
923 2847 1191 2916 Scriptura
1219 2843 1394 2898 divina
1414 2881 1428 2896 .
1459 2841 1605 2898 Unus
1631 2841 1769 2894 enim
1803 2841 1958 2904 Deus,
1977 2848 2031 2893 et

443 2957 580 2994 uutts
609 2941 868 2992 mediator
899 2938 986 2991 Dei
1014 2947 1069 2991 et
1095 2936 1272 2988 homin
1300 2951 1388 2999 tm,
1420 2933 1578 2988 homo
1609 2933 1850 2985 Christus
1875 2929 2032 2984 Jesus

443 3029 488 3104 (ι
530 3031 732 3089 Tim.tt,
763 3029 989 3100 5),sine
1029 3027 1182 3096 cujus
1221 3025 1389 3096 gratia
1435 3039 1594 3078 nemo
1633 3041 1662 3076 ει
1703 3021 2030 3076 condemna-

445 3123 590 3177 tione
619 3122 870 3175 liberatur
901 3161 917 3186 ,
939 3120 1056 3172 sive
1098 3133 1254 3188 quant
1299 3117 1457 3170 traxit
1481 3131 1547 3170 ex
1581 3116 1668 3168 illo
1695 3115 1744 3167 in
1775 3129 1880 3184 quo
1917 3129 2035 3166 out-

446 3228 542 3265 nes
567 3218 917 3280 peccaverunt
947 3249 961 3273 ,
985 3209 1097 3264 sive
1119 3223 1277 3280 quam
1311 3216 1492 3277 postea
1528 3206 1637 3260 suis
1672 3203 2034 3275 iniquitatibus

447 3303 668 3358 addidit.
1401 3292 1407 3298 ’

519 3391 744 3448 CAPUT
780 3389 900 3446 XX.
919 3420 991 3431 —
1011 3391 1099 3444 45.
1123 3389 1289 3458 Quale
1314 3397 1396 3444 est
1423 3396 1622 3452 autem,
1647 3383 1786 3456 quod
1819 3385 1918 3438 iste
1942 3397 2037 3453 po-

449 3484 557 3539 suit
600 3485 651 3536 in
699 3494 938 3537 cxuemo
976 3498 989 3534 :
1025 3499 1044 3532 ‹
1076 3480 1131 3534 Si
1177 3479 1296 3550 quis
1339 3479 1554 3543 dixerit,
1603 3477 1784 3531 Potest
1826 3475 1938 3529 ﬁeri
1979 3483 2035 3529 ιιι

453 3575 614 3627 lto'mo
658 3572 735 3626 vel
781 3573 942 3626 verbo
980 3586 1083 3626 non
1124 3569 1344 3640 peccet?
1390 3569 1818 3641 respondendum
1862 3575 1973 3632 est,
2012 3583 2031 3618 ι

454 3665 622 3734 inquit
649 3705 664 3729 ,
689 3683 708 3715 ι
745 3664 800 3717 Si
824 3664 934 3716 vult
966 3664 1124 3726 Deus,
1158 3669 1364 3732 potest:
1399 3661 1506 3714 vult
1536 3661 1676 3714 enim
1724 3659 1882 3741 Deus,
1910 3671 2038 3726 ergo

453 3763 654 3826 potest.
695 3773 714 3806 ι
741 3754 868 3808 Item
907 3753 1012 3806 ait:
1046 3752 1130 3807 «Si
1181 3753 1301 3822 quis
1343 3751 1558 3814 dixerit,
1590 3749 1726 3802 Fieri
1763 3755 1936 3818 potest
1983 3755 2040 3800 ut

453 3847 614 3900 homo
654 3862 756 3900 non
807 3847 859 3900 in
903 3844 1220 3915 cogitatione
1257 3843 1561 3912 delinquat?
1603 3841 2032 3909 respomlenduni

453 3949 553 4000 εει,
573 3937 627 3993 Si
647 3939 758 3991 vult
776 3938 934 3998 Deus,
960 3946 1131 4008 potest
1156 3953 1170 3990 :
1195 3935 1306 3990 vult
1327 3935 1464 3988 enim
1487 3935 1642 3995 Deus,
1659 3949 1786 4003 ergo
1810 3943 2031 4002 potest.»

455 4029 641 4084 Videte
681 4027 1126 4099 quemadmodum
1175 4026 1626 4089 nolueritdicere,
1661 4024 1716 4079 Si
1764 4025 1902 4082 Deus
1945 4023 2040 4079 ad-

453 4122 624 4192 juvet,
655 4132 856 4193 potest:
892 4121 974 4176 cui
1004 4121 1214 4183 dicitur,
1245 4119 1464 4190 Adjutor
1491 4135 1628 4173 meus
1653 4127 1776 4182 esto,
1806 4133 1868 4170 ne
1889 4115 2038 4170 dere-

457 4211 652 4281 linquas
683 4229 759 4264 me
783 4211 952 4284 (l’sal.
981 4227 1128 4272 vxvr,
1161 4211 1220 4280 9)
1253 4228 1267 4264 :
1303 4225 1405 4264 non
1435 4210 1612 4278 utique
1651 4209 1718 4263 ad
1747 4207 2041 4276 corporalia

457 4304 594 4355 bona
633 4301 955 4372 capessenda
985 4311 1037 4356 et
1068 4301 1204 4356 mala
1251 4300 1508 4366 cavenda,
1535 4299 1627 4355 sed
1658 4299 1722 4354 ad
1757 4300 2042 4370 gerendam

457 4393 937 4463 perticiendamqne
961 4391 1242 4459 justitiam;
1272 4402 1488 4462 propter
1525 4392 1663 4461 quod
1691 4393 1932 4458 dicimus,
1965 4389 2048 4447 Ne

459 4499 548 4535 nos
571 4483 758 4551 inferas
783 4482 1188 4545 intentationem,
1207 4484 1296 4536 sed
1319 4484 1476 4536 libera
1497 4501 1587 4536 nos
1615 4501 1647 4537 α
1672 4484 1804 4537 malo
1827 4483 2040 4556 (Matth.

457 4589 533 4638 vt,
563 4574 670 4643 15).
699 4573 810 4628 Nec
831 4573 1131 4643 adjuvatur,
1163 4575 1260 4628 nisi
1301 4575 1388 4645 qui
1415 4584 1468 4628 et
1513 4575 1625 4642 ipse
1662 4576 1858 4647 aliquid
1899 4577 2042 4646 agit:

459 4668 740 4733 adjuvatnr
776 4676 974 4730 autem,
1007 4666 1052 4721 si
1101 4665 1329 4732 invocat,
1360 4669 1402 4720 si
1444 4666 1631 4730 credit,
1675 4667 1718 4719 si
1757 4668 2048 4724 secundum

462 4758 792 4829 propositum
820 4769 1038 4813 vocatus
1059 4765 1143 4811 est
1167 4774 1180 4810 :
1213 4759 1466 4826 quoniam
1495 4773 1622 4826 quos
1645 4767 1758 4810 ante
1776 4759 2045 4826 praesciuit,

462 4863 508 4908 et
535 4852 904 4924 praedestinavit
931 4855 1214 4922 conformes
1237 4851 1471 4921 imaginis
1511 4850 1632 4905 Filii
1660 4852 1758 4918 sui,
1778 4862 1834 4906 ut
1860 4853 1926 4906 sit
1945 4853 2052 4922 ipse

462 4945 894 5016 prinwgeaitasin
935 4945 1106 4998 multis
1141 4939 1382 5015 fratribus
1406 4959 1567 5016 :quos
1590 4955 1755 5000 autem
1785 4943 2050 5017 prwdesti-

460 5037 618 5102 navit,
647 5036 761 5090 illos
781 5045 827 5090 et
852 5036 1041 5089 vocavit
1059 5049 1079 5098 ;
1097 5051 1224 5104 quos
1242 5044 1408 5089 autem
1435 5036 1646 5096 vocavit,
1671 5036 1788 5091 illos
1811 5045 1859 5091 et
1897 5037 2054 5102 justi-

461 5127 664 5196 ﬁcovit;
691 5143 815 5197 quos
835 5135 997 5180 autem
1012 5127 1333 5198 justi/ienuit,
1357 5127 1472 5182 illos
1495 5138 1537 5182 et
1559 5128 1857 5198 gloriﬁcavit
1873 5127 2050 5203 (Rom.

464 5231 576 5280 vui,
616 5218 707 5282 29,
735 5214 1166 5288 50).Curriutus
1209 5233 1359 5288 ergo,
1383 5235 1502 5273 cum
1548 5220 1880 5288 proficimus,
1925 5221 2051 5277 dum

461 5307 662 5362 sanitas
707 5315 884 5361 nostra
921 5307 972 5361 la
1011 5307 1410 5378 proﬁcientibus
1457 5309 1622 5364 currit
1672 5308 1692 5384 (
1708 5311 1850 5366 sicut
1894 5313 2055 5368 etiam

463 5397 682 5453 cicatrix
714 5413 935 5453 currere
962 5398 1174 5468 dicitur,
1207 5401 1420 5471 quando
1447 5401 1582 5458 bene
1617 5406 1806 5459 vulnus
1831 5405 2056 5477 diligen-

457 5496 652 5582 terque
680 5486 972 5562 curatur):
1005 5497 1062 5544 ut
1088 5505 1156 5545 ex
1179 5492 1322 5546 omni
1354 5501 1500 5562 parte
1545 5493 1762 5563 perfecti
1806 5497 1921 5550 sine
1952 5496 2058 5551 ulla

465 5580 634 5634 simus
673 5580 891 5636 omnino
932 5583 1237 5638 inﬁrmitate
1280 5586 1514 5654 peccati;
1547 5587 1687 5657 quod
1739 5605 1841 5643 non
1881 5590 2056 5644 solum

468 5671 582 5724 vult
613 5671 774 5733 Deus,
799 5685 983 5724 verum
1016 5673 1174 5727 etiam
1205 5681 1260 5728 ιιι
1289 5675 1568 5744 impleatur
1607 5676 1729 5731 facit
1771 5689 1927 5747 atque
1961 5679 2056 5732 ad-

842 283 902 340 S.
941 275 1308 338 AUGUSTINI
1345 269 1646 330 EPISCOPI
1704 268 1789 322 DE
1829 261 2304 320 PERFECTIONE
2343 259 2667 319 JUSTIleE
2705 256 2980 315 HOMlNlS
3016 255 3239 313 LlBl’IR.

3569 255 3677 314 316

2099 372 2276 444 juvat.
2320 373 2384 428 Et
2431 372 2532 426 hoc
2578 370 2850 426 nobiscum
2888 367 2996 440 agit
3032 367 3200 440 gratia
3236 366 3332 421 Dei
3369 381 3464 436 per
3503 363 3692 422 Iesum

2098 464 2368 520 Christum
2406 463 2686 517 Dominum
2727 471 2989 524 nostrum,
3020 475 3126 512 non
3164 458 3336 513 solum
3382 463 3689 528 praeceptis,

2099 553 2462 617 sacramentis,
2494 551 2785 620 exemplis;
2828 549 2920 604 sed
2950 550 3108 602 etiam
3140 547 3340 618 Spiritu
3367 557 3570 614 sancto,
3597 564 3697 618 per

2101 660 2258 715 quem
2285 645 2510 699 latenter
2538 641 2850 697 ditl'untlitur
2867 640 3098 696 Charitas
3121 642 3172 694 in
3193 639 3443 695 cordibus
3489 638 3694 694 nostris

2105 734 2278 806 (Rom.
2336 749 2394 796 v,
2495 733 2572 808 5),
2603 748 2721 801 qme
2747 731 2764 764 ¹
2789 729 3092 800 interpellat
3119 723 3407 800 gemitibus
3433 729 3702 783 inenarra-

2104 827 2297 881 bilibus
2315 823 2430 896 (Id.
2453 841 2568 891 vut,
2599 823 2690 879 26.
2721 824 2766 895 ),
2794 824 2965 878 donec
3003 824 3054 877 in
3079 823 3231 878 nobis
3277 819 3580 894 perficiatur
3607 837 3702 876 sa-

2107 919 2265 982 nitas,
2304 928 2358 972 ct
2403 919 2540 974 Deus
2583 918 2739 974 sicuti
2782 931 2884 986 εει,
2925 915 3218 972 videndus’
3249 926 3448 971 (eterna
3471 915 3704 970 veritate

2108 1020 2432 1064 “IOIISll'ellll‘
2447 1049 2460 1066 .

2179 1099 2400 1155 CAPUT
2436 1099 2574 1154 XXI.
2602 1129 2674 1140 —
2697 1100 2786 1155 44.
2826 1098 3081 1170 Quisquis
3103 1113 3230 1167 ergo
3260 1097 3423 1154 fuisse
3463 1097 3546 1152 vel
3579 1113 3706 1152 esse

2112 1191 2164 1246 itt
2205 1191 2302 1244 hac
2333 1193 2434 1243 vita
2475 1191 2705 1259 aliquem
2739 1189 3028 1253 hominem,
3073 1189 3156 1242 vel
3197 1188 3404 1258 aliquos
3449 1189 3704 1242 homines
3763 1208 3783 1222 ο

2115 1292 2284 1353 putat,
2308 1291 2534 1350 excepto
2560 1297 2666 1335 uno
2690 1281 2976 1335 )ltrdiatore
3001 1281 3091 1336 Dei
3111 1289 3166 1335 et
3187 1281 3482 1343 hominum,
3510 1281 3712 1350 quibus

2114 1374 2414 1428 necessaria
2440 1391 2542 1426 non
2569 1372 2724 1427 fuerit
2745 1371 2987 1426 remissio
3015 1381 3372 1441 peccatorum,
3401 1372 3710 1424 contrarius

2116 1474 2200 1520 est
2242 1465 2433 1518 divina:
2473 1465 2789 1532 Scripturai,
2823 1465 2908 1516 ubi
2941 1464 3230 1532 Apostolus
3259 1463 3331 1516 ait
3363 1481 3375 1516 :
3409 1461 3510 1516 Per
3548 1480 3714 1518 unum

2118 1555 2371 1610 hominem
2413 1567 2670 1626 peccatum
2704 1555 2910 1608 intravit
2949 1555 3002 1608 in
3039 1553 3300 1616 mundum,
3335 1563 3380 1606 et
3412 1571 3499 1623 per
3526 1570 3714 1624 pecca-

2119 1655 2226 1699 tum
2253 1662 2405 1708 mors,
2435 1655 2482 1698 et
2516 1645 2590 1699 ita
2616 1646 2667 1698 in
2697 1659 2868 1698 omnes
2896 1645 3123 1697 homines
3162 1643 3471 1714 pertransiit,
3512 1643 3565 1696 in
3603 1659 3710 1714 quo

2119 1754 2290 1792 omnes
2317 1747 2640 1806 peccaverunt
2664 1735 2772 1809 (Id.
2802 1752 2855 1802 v,
2891 1737 2955 1791 l2
2985 1736 3023 1806 ).
3065 1735 3129 1790 Et
3156 1745 3375 1789 necesse
3403 1743 3487 1790 est
3516 1745 3570 1788 ut
3601 1735 3709 1788 im-

2121 1830 2203 1899 pia
2231 1831 2572 1884 contentione
2595 1836 2823 1892 asserat,
2855 1841 2975 1882 esse
3003 1841 3156 1896 posse
3181 1823 3448 1889 homines,
3477 1825 3563 1895 qui
3591 1826 3714 1880 sine

2121 1924 2410 1978 utediatore
2437 1921 2647 1977 Christo
2679 1920 2936 1975 liberaute
2963 1927 3122 1988 atque
3153 1918 3390 1972 salvante
3419 1916 3523 1972 siut
3554 1916 3710 1970 liberi

2123 2015 2359 2083 salvique
2384 2030 2411 2066 a
2441 2022 2677 2082 peccato;
2707 2027 2828 2065 cum
2861 2011 2944 2064 ille
2973 2011 3186 2072 dixerit,
3217 2007 3338 2062 Non
3369 2019 3436 2063 est
3467 2025 3592 2078 Opas
3617 2026 3711 2061 sa-

2123 2104 2202 2156 nis
2224 2106 2467 2168 medicus,
2481 2103 2570 2156 sed
2583 2102 2710 2154 male
2729 2101 3040 2154 habentibus.
3067 2097 3187 2153 Non
3207 2100 3319 2154 veni
3337 2101 3711 2170 rocarejustos,

2131 2193 2220 2247 sed
2258 2205 2540 2265 peccatores
2569 2191 2776 2266 (Matt/1.
2809 2205 2882 2256 ιχ,
2911 2189 2992 2251 12,
3022 2191 3144 2261 13).
3168 2189 3419 2262 Quisquis
3439 2199 3611 2244 autem
3631 2189 3719 2243 di-

2126 2287 2218 2348 cit,
2249 2293 2367 2356 post
2393 2295 2660 2352 acceptam
2685 2283 3049 2336 remissionem
3074 2292 3410 2352 peccatorum
3436 2282 3504 2334 ita
3528 2295 3716 2347 quem-

2128 2392 2284 2445 quam
2313 2375 2579 2428 hominem
2603 2374 2742 2444 juste
2769 2373 2964 2428 vixisse
2991 2373 3040 2426 in
3070 2375 3166 2425 hac
3190 2387 3372 2432 carne,
3403 2372 3486 2424 vel
3511 2373 3716 2436 vivere,

2129 2479 2196 2541 ut
2211 2469 2410 2522 nullum
2436 2465 2866 2521 habt-atomuino
2905 2477 3209 2536 peccatum,
3235 2456 3554 2521 contradicit
3587 2482 3721 2536 apo-

2121 2561 2269 2614 ’διοιο
2293 2560 2481 2614 Joauui
2509 2559 2596 2629 qui
2637 2561 2709 2613 ait
2738 2577 2752 2614 :
2781 2557 2839 2614 Si
2867 2560 3142 2612 dixerimus
3181 2559 3298 2629 quia
3327 2565 3586 2628 peccatum
3617 2577 3720 2612 nou

2119 2645 2403 2713 ‘ltabemus,
2446 2667 2536 2704 nos
2565 2651 2700 2720 ipsos
2728 2650 3039 2714 seducimas,
3074 2659 3117 2702 et
3157 2650 3337 2702 veritas
3367 2651 3416 2702 in
3449 2651 3590 2702 nobis
3619 2667 3723 2704 non

2143 2753 2214 2795 est
2257 2742 2305 2814 (I
2332 2742 2490 2794 Joan.
2521 2757 2560 2808 ι,
2587 2749 2617 2795 δ
2639 2741 2678 2810 ).
2707 2741 2818 2795 Non
2853 2740 2992 2794 enim
3021 2742 3112 2807 ait,
3146 2741 3458 2805 habuimus;
3487 2741 3603 2806 sed,
3637 2743 3726 2794 Ita-

2135 2834 2322 2888 bemus.
2356 2833 2509 2900 Quod
2539 2834 2584 2886 si
2615 2835 2890 2902 quisquam
2920 2833 3109 2886 asserit
3138 2832 3204 2886 de
3235 2831 3322 2884 illo
3351 2841 3578 2902 peccato
3600 2846 3726 2887 esse

2135 2925 2335 2979 dictum
2359 2967 2374 2991 ,
2407 2925 2548 2994 quod
2580 2924 2779 2977 habitat
2809 2925 2858 2976 iu
2891 2937 3050 2976 carne
3081 2923 3289 2977 mortali
3323 2933 3500 2975 nostra
3528 2937 3726 2976 secun-

2137 3017 2260 3072 dttnt
2301 3019 2484 3070 vitium
2525 3016 2663 3084 quod
2696 3018 2962 3084 peccantis
2995 3014 3145 3083 prlnti
3178 3013 3410 3068 hominis
3450 3015 3725 3069 voluntate

2137 3117 2464 3160 contractum
2491 3115 2594 3166 est,
2623 3105 2772 3174 cujus
2797 3104 2994 3173 peccati
3021 3099 3299 3172 desideriis
3329 3119 3392 3156 ne
3413 3104 3729 3159 Obediattttts

2135 3197 2332 3251 Paulus
2353 3195 2640 3265 Apostolus
2669 3195 2907 3264 prateth
2953 3195 3139 3264 ('Rom.
3163 3209 3233 3260 vi,
3261 3193 3384 3265 12);
3417 3209 3520 3248 tt0u
3546 3210 3724 3252 autem

2139 3304 2390 3359 peccare,
2423 3289 2510 3357 qui
2539 3288 2710 3342 eidem
2741 3265 3265 3358 peccat‘o,‘quamvis
3296 3291 3345 3343 in
3377 3306 3537 3344 eunte
3575 3289 3726 3344 habi-

2140 3379 2301 3444 tanti,
2346 3379 2411 3431 ad
2440 3378 2639 3432 uullutn
2666 3393 2800 3448 opus
2831 3379 3025 3431 malum
3055 3380 3272 3433 omnino
3299 3381 3603 3446 consensit,
3645 3381 3730 3434 vel

2139 3468 2284 3536 facti,
2310 3471 2393 3524 vel
2412 3470 2554 3534 dicti,
2585 3471 2667 3525 vel
2688 3469 2925 3538 cogitati,
2950 3472 3192 3539 quamvis
3213 3471 3324 3540 ipsa
3348 3475 3732 3540 concupiscen-

2142 3559 2215 3615 tia
2246 3570 2540 3624 moveatur,
2571 3577 2688 3630 quze
2717 3563 2820 3614 alio
2851 3561 3010 3614 modo
3039 3563 3239 3630 peccati
3273 3577 3466 3616 nomen
3497 3565 3726 3631 aCCcpit,

2142 3651 2282 3722 quod
2319 3651 2369 3706 ei
2407 3653 2708 3706 consentire
2745 3665 2967 3720 peceare
3006 3653 3105 3716 sit,
3141 3639 3398 3722 nobisque
3445 3665 3736 3708 moveatur

2144 3745 2323 3799 invitis
2355 3761 2368 3798 :
2402 3744 2665 3797 subtiliter
2705 3743 2915 3813 quidem
2958 3743 3056 3796 ista
3092 3741 3378 3808 discernit,
3423 3743 3515 3798 sed
3557 3745 3738 3798 videat

2144 3836 2268 3906 quid
2289 3845 2473 3905 agatur
2493 3835 2559 3888 de
2583 3834 2846 3888 dominica
2867 3835 3128 3897 oratione,
3160 3833 3244 3887 tibi
3266 3835 3491 3887 dicimus
3512 3851 3523 3886 :
3548 3833 3734 3886 bimi!-

2144 3938 2195 3984 te
2215 3929 2354 3982 nobis
2373 3927 2540 3983 debita
2562 3939 2734 3981 nostra
2757 3941 2777 3982 :
2796 3926 2954 3994 quod,
2981 3927 3083 3982 nisi
3104 3925 3282 3991 fallor,
3309 3941 3412 3982 llOtl
3433 3939 3568 3994 opus
3589 3937 3739 3980 esset

2147 4020 2348 4085 dicere,
2374 4020 2418 4073 si
2445 4033 2733 4088 nunquam,
2760 4019 2846 4072 vel
2870 4017 3095 4087 inlapsu
3123 4017 3332 4087 linguae,
3384 4019 3467 4072 vel
3501 4018 3553 4072 iu
3577 4017 3734 4073 oble-

2146 4109 2338 4165 ctauda
2352 4110 2692 4180 cogitatione,
2711 4109 2948 4178 ejusdem
2965 4111 3169 4180 peccati
3195 4107 3470 4166 desideriis
3493 4110 3740 4178 aliquan-

2149 4201 2316 4258 tulttm
2344 4202 2799 4264 consentiremus;
2827 4199 2921 4256 sed
2950 4200 3315 4261 tantummodo
3335 4201 3618 4258 dicendum
3645 4217 3738 4256 θε-
3781 4213 3792 4221 ·

2150 4302 2252 4359 set,
2299 4291 2385 4346 Ne
2438 4309 2529 4346 nos
2553 4293 2742 4360 inferas
2781 4292 2834 4344 in
2882 4293 3220 4358 teatatiouem,
3266 4293 3356 4350 sed
3377 4294 3532 4346 libera
3571 4309 3664 4348 nos
3702 4311 3741 4346 α

2151 4386 2288 4442 man
2304 4383 2515 4469 (Matth.
2532 4397 2583 4436 vr
2593 4423 2606 4446 ,
2626 4382 2710 4446 12.
2729 4381 2838 4454 15).
2855 4381 2965 4440 Nec
2977 4381 3206 4438 Jacobus
3223 4384 3495 4452 apostolus
3508 4384 3739 4450 diceret,

2151 4475 2220 4532 In
2247 4476 2417 4530 multis
2445 4473 2750 4541 aﬂ‘eadimus
2775 4489 2946 4530 onum
2987 4473 3204 4546 (Jacobi
3233 4491 3309 4540 ut,
3339 4475 3418 4546 :2).
3445 4475 3562 4532 Non
3590 4477 3744 4534 enim

2151 4567 2375 4624 oll‘eudit
2393 4605 2410 4630 ,
2439 4566 2546 4626 nisi
2565 4566 2651 4622 cui
2677 4564 2816 4620 mala
2854 4566 3282 4636 concupiscentia
3310 4573 3496 4628 contra
3517 4565 3746 4634 justitie

2153 4661 2412 4716 rationem
2436 4655 2734 4726 appetendo
2755 4671 2849 4712 seu
2870 4655 3106 4721 vitando,
3129 4653 3428 4710 faciendum
3451 4655 3536 4710 vel
3559 4655 3750 4730 dicen:

2153 4753 2280 4808 dum
2316 4751 2400 4806 vel
2437 4748 2778 4820 cogitandum
2805 4747 3038 4820 aliquid,
3067 4741 3214 4818 quod
3242 4765 3348 4804 non
3371 4747 3588 4814 debuit,
3627 4748 3752 4806 sive

2153 4843 2367 4906 fallens,
2395 4841 2510 4896 sive
2533 4841 2824 4912 praevalens
2852 4839 3152 4912 persuadet.
3181 4839 3459 4895 Postremo
3479 4880 3494 4904 ,
3523 4841 3570 4894 si
3591 4855 3756 4896 exce-

2157 4945 2250 5006 pto
2268 4935 2360 4991 illo
2379 4933 2564 5004 Capite
2587 4943 2792 4998 nostro,
2816 4932 2896 4986 sui
2917 4931 3158 5015 corporis
3179 4933 3468 4999 salvatore,
3491 4948 3758 4988 asserun-

2161 5037 2246 5084 tur
2272 5027 2358 5082 vel
2385 5027 2564 5092 l'uisse,
2588 5027 2671 5082 vel
2694 5041 2816 5080 esse
2837 5026 2892 5080 in
2913 5023 3014 5083 hac
3036 5023 3146 5080 vita
3165 5025 3325 5095 aliqui
3345 5023 3591 5082 homines
3609 5025 3748 5095 justi

2159 5118 2275 5174 sine
2297 5119 2476 5188 aliquo
2501 5124 2739 5187 peccato,
2769 5116 2882 5172 sive
2906 5130 3178 5184 nunquam
3201 5115 3581 5177 consentiendo
3603 5115 3748 5170 desi-

2160 5209 2324 5266 deriis
2349 5211 2487 5278 ejus,
2511 5209 2622 5262 sive
2646 5207 2771 5278 quia
2789 5221 2885 5276 pro
2905 5205 3051 5260 nullo
3075 5211 3295 5275 peccato
3315 5203 3617 5260 habendum
3641 5214 3755 5271 est,

2163 5305 2304 5378 quod
2345 5313 2547 5360 tantum
2585 5313 2668 5358 est
2687 5341 2704 5369 ,
2734 5312 2790 5358 ut
2819 5301 2922 5358 hoc
2947 5301 3128 5372 pietati
3162 5301 3184 5332 ⁸
3213 5315 3326 5372 non
3354 5301 3579 5370 imputet
3604 5298 3757 5356 Deus

2196 5451 2205 5458 '
2228 5442 2246 5474 ι
2270 5437 2374 5488 Sola
2399 5436 2550 5488 editio
2569 5442 2700 5495 Lov.,
2719 5435 2820 5500 qui.

2227 5503 2344 5554 'sio
2375 5500 2606 5554 meliores
2795 5505 2856 5550 At.
2895 5497 3047 5556 editi,
3093 5501 3142 5548 et
3188 5503 3316 5548 Deus
3355 5495 3482 5550 rictu
3509 5493 3764 5548 adeo“:

2166 5572 2574 5738 eﬁticorbetensis
2603 5623 2756 5674 codex
2791 5627 2842 5672 et
2887 5631 3014 5672 unus
3059 5631 3123 5670 ex
3157 5619 3364 5683 Belgicis
3397 5627 3498 5669 uss.
3517 5655 3532 5682 ,
3577 5625 3634 5670 ut
3669 5615 3766 5670 hos

2170 5703 2247 5738 mc
2267 5697 2360 5738 ate.

2170 5700 2360 5751 ptt’mw.
