4002 6178
292 294 406 347 517
1152 296 1524 357 ΛῸΜΟΝΠΙΟ
1563 301 1629 357 ΙΝ
1663 301 1866 360 LIBRU

1994 307 2049 362 DE
2078 308 2318 367 GESTIS
2354 313 2650 371 PELAGll.
3204 324 3207 329 ’
3471 328 3574 386 318

292 404 592 510 Sqttamvis
616 406 778 510 aliter
800 407 870 463 sit
897 406 1083 510 beatus
1104 407 1222 466 sine
1246 421 1488 480 peccato,
1521 413 1675 470 aliter
1706 425 1882 471 autem
1989 434 2060 475 ne
2098 421 2353 479 intremus
2391 427 2441 481 in
2484 429 2822 485 tentationcm
2869 428 2890 500 (
2919 442 3074 500 negat
3112 444 3293 492 autem
3335 434 3440 493 hoc
3479 440 3568 510 qui

292 497 489 595 beatus
506 498 592 552 cui
616 514 723 595 non
744 499 966 595 imputat
987 501 1242 595 Dominus
1262 507 1712 579 peccatum(Psal.
1732 526 1881 580 xxvx,
1986 513 2257 569 contendit
2299 516 2364 571 ad
2404 534 2509 572 non
2547 497 3085 595 peccandumigra—tite
3115 524 3203 578 Dei
3245 497 3567 594 adjutoritim

292 589 348 684 ti.
370 589 411 656 j,
441 605 547 643 non
579 589 739 645 nimis
765 592 1013 647 existimo
1036 594 1424 651 reluctandum.
1449 597 1573 653 Scio
1597 599 1739 654 enim
1762 601 1883 671 qui-
1989 617 2093 659 non
2123 620 2242 660 esse
2276 606 2474 663 homini
2509 589 3026 679 necessarium,vsed
3057 615 3166 668 sola
3196 589 3325 683 lege.
3339 625 3557 684 accepta

290 678 518 734 busdam
566 695 688 736 esse
726 682 899 738 visum
919 725 935 748 ,
980 700 1205 755 quorum
1236 687 1305 743 de
1331 686 1432 744 hac
1468 704 1527 744 re
1566 693 1903 767 sententiam
1989 693 2270 749 humanam
2299 697 2542 754 sufﬁcere
2566 678 2890 758 voluntatem
2912 703 2965 772 );
2993 703 3061 757 ab
3083 678 3300 757 auribus
3324 678 3561 760 nuntium

294 787 402 827 non
441 772 614 827 audeo
652 774 1075 844 reprehendere,
1121 794 1421 849 quanquam
1460 796 1558 836 nec
1595 782 1884 840 defendere
1988 788 2391 858 removendum,
2414 800 2468 846 et
2487 808 2579 850 ore
2597 796 2835 852 omnium
2855 796 3303 852 anathcmandum
3325 813 3444 854 esse
3465 815 3569 854 non

293 864 499 919 valeam
520 864 539 897 ¹
558 904 572 918 .
602 864 707 920 Sed
729 866 885 937 plane
904 869 1143 939 quisquis
1162 880 1339 939 negat,
1366 887 1463 927 nos
1486 887 1639 928 mare
1660 875 1883 942 debere,
1988 875 2189 932 dubito.

354 995 373 1028 ι
398 998 704 1059 Itanuscripti
730 1004 833 1048 tres
849 996 1070 1049 Gallicani
1093 1006 1141 1051 et
1176 1000 1275 1053 duo
1297 1002 1521 1063 Vaticani,
1543 1005 1768 1058 audeam.

430 1110 669 1117 ...ο-..-

986 1113 1129 1121 ——.——.

302 1115 1239 1123 ςῗῒ-Ῠέ-ῄψτ-ῄῇ
1252 1116 1561 1123 —_——
1602 1121 1685 1123 A7,,

1134 1115 1239 1123 -η-

894 1118 959 1119 νγκῗῗ
987 1118 1033 1120 νὴ
1202 1118 1384 1128 --ν
1387 1118 1489 1127 ____
1502 1120 1561 1127 .___
1607 1121 1685 1128 .__._
1718 1122 1736 1128 _
1756 1123 1788 1128 _._
1822 1124 1907 1128 ____
1929 1125 1949 1128 __
2052 1125 2077 1128 ,μ

1252 1116 1561 1127 —-—_.__..___

302 1123 3568 1187 ω

1912 1164 1947 1171 -7
2137 1162 2313 1177 I—r
2325 1170 2437 1180 —

1412 1255 2473 1392 ADMONITIO

1217 1471 1224 1477 '
1302 1462 1387 1526 IN
1425 1465 1727 1529 LIBRUM
1767 1466 1873 1527 DE
1917 1467 2192 1531 GESTIS
2230 1472 2575 1536 PELAGII.

1751 1609 2121 1665 eadem

351 1710 725 1767 AnuoCbristi
754 1712 860 1769 415
880 1712 1120 1785 Pelagius
1142 1716 1281 1786 apud
1311 1717 1645 1774 Palaestinam
1674 1719 1892 1777 hzrresis
1932 1724 2252 1795 postulatus,
2276 1725 2328 1779 in
2365 1725 2619 1795 judicium
2649 1727 2817 1782 semel
2848 1735 3007 1797 atque
3034 1726 3227 1780 iterum
3269 1718 3570 1782 adducitur.

284 1799 346 1855 In
391 1803 567 1872 primo
590 1803 803 1873 quidem
847 1806 1065 1873 judicio,
1097 1808 1236 1878 quod
1276 1807 1512 1881 Joannes
1559 1810 2016 1885 Jerosolymorum
2067 1818 2350 1886 cpiscopus
2378 1817 2430 1870 in
2463 1818 2891 1888 presbyterorum
2940 1829 3210 1872 conventu
3241 1817 3328 1873 die
3355 1819 3570 1873 circiter

281 1895 561 1964 trigesima
589 1896 707 1965 julii
734 1897 934 1961 habuit,
962 1900 1102 1953 nulla
1149 1909 1296 1968 gesta
1326 1901 1565 1956 cool’ecta
1596 1917 1715 1958 esse
1749 1907 1932 1961 scribit
1960 1909 2283 1976 Augustinus
2315 1909 2363 1961 in
2406 1910 2764 1980 subsequente
2792 1911 2948 1974 libro,
2986 1926 3075 1961 nu.
3105 1909 3195 1971 53,
3216 1910 3305 1965 55.
3337 1910 3569 1979 Tempus

284 1984 451 2055 hujus
473 1998 773 2043 conventus
810 2004 874 2043 ac
897 1989 1035 2044 diem
1070 1990 1216 2045 licuit
1238 1992 1306 2045 ab
1342 1992 1531 2047 Oresio
1575 1994 1811 2065 Hispano
1847 2002 2158 2070 presbytero
2198 1999 2427 2061 discere,
2457 2001 2543 2069 qui
2588 2001 2874 2054 conventui
2916 2000 3091 2055 eidem
3125 1999 3380 2059 interfuit.
3411 2010 3461 2053 et
3499 2015 3565 2054 ex

280 2077 398 2146 ejus
427 2080 566 2132 actis
588 2080 841 2133 nonnulla
882 2090 1174 2135 memoratu
1201 2082 1357 2153 digna
1388 2085 1578 2139 litteris
1598 2087 1925 2156 coibignavit
1954 2086 2003 2141 in
2032 2089 2287 2159 Apologia
2315 2073 2514 2160 sua.(a)
2545 2107 2558 2144 :
2584 2090 2670 2143 ubi
2701 2091 2871 2142 multis
2899 2105 2966 2144 ex
3006 2100 3228 2158 utraque
3250 2098 3399 2157 parte
3427 2091 3557 2142 acli-

280 2171 400 2224 trm's
416 2170 631 2225 tandem
660 2170 913 2226 Joannem
937 2173 1227 2243 episc0pum
1249 2173 1570 2249 uerissimam
1595 2180 1887 2232 sententiam
1909 2181 2179 2249 protulisse
2204 2182 2351 2246 dicit,
2381 2190 2435 2234 ut
2464 2182 2531 2235 ad
2561 2183 2758 2236 beatum
2782 2180 3140 2234 Innocentium
3161 2197 3349 2253 papam
3377 2179 3564 2234 Roma-

280 2281 403 2318 num
430 2267 620 2335 fratres
646 2276 691 2320 et
712 2269 938 2336 epistol:e
965 2270 1300 2343 mitterentur,
1333 2273 1575 2325 universis
1601 2272 1735 2341 quod
1764 2273 1852 2326 ille
1878 2274 2161 2328 decerneret
2185 2274 2453 2328 secuturis.

349 2357 596 2411 Alterum
646 2370 829 2428 postea
852 2360 1111 2429 judicium
1140 2377 1259 2416 cum
1288 2374 1557 2433 gestorum
1595 2367 1984 2434 conscriptione
2012 2366 2247 2421 habitum
2281 2366 2379 2419 fuit
2403 2364 2542 2435 apud
2588 2365 2901 2433 Diospolim,
2935 2364 3235 2419 Palrestinze
3257 2365 3468 2426 urbem,
3495 2364 3564 2418 ab

278 2447 547 2517 episcopis
564 2450 987 2518 quatuordccim.
1023 2453 1270 2524 Singulos
1289 2455 1570 2525 episcopos
1609 2459 1719 2513 suis
1748 2458 1982 2526 ipsorum
2024 2460 2330 2513 nominibus
2357 2458 2535 2512 laudat
2562 2459 2887 2527 Augustinus
2917 2458 2970 2511 in
3020 2458 3156 2512 libro
3189 2459 3357 2526 primo
3378 2467 3563 2510 contra

277 2539 572 2604 lulianum,
608 2559 701 2595 nn.
732 2544 820 2606 19,
860 2545 959 2615 59η,
980 2549 1080 2602 hoc
1109 2549 1296 2604 ordine
1323 2567 1335 2602 :
1365 2549 1666 2617 Eulogium,
1710 2551 1992 2616 Joannem,
2019 2554 2451 2619 Ammonianum,
2482 2555 2855 2627 Porphyrium,
2883 2555 3188 2616 Eutunium,
3218 2555 3567 2626 Porphyrium

280 2630 466 2696 alium,
489 2633 700 2700 Fidum,
720 2634 1000 2702 Zoninutn,
1034 2638 1401 2707 Zoboennum,
1428 2641 1826 2712 Nymphidium,
1848 2645 2233 2704 Chromatium,
2260 2646 2530 2707 Jovinum,
2561 2647 2943 2708 Eleutherium,
2969 2658 3022 2703 et
3038 2646 3372 2703 Clematinm.
3404 2649 3568 2703 Porro

279 2723 406 2792 quin
434 2724 695 2795 Eulogius
717 2727 832 2795 ipse
858 2726 1218 2785 Czesareensis
1251 2733 1532 2802 episcopus
1552 2748 1617 2788 ac
1653 2736 1939 2801 provinciae
1971 2735 2268 2788 Paliestime
2298 2736 2494 2803 primas
2525 2735 2697 2799 fuerit,
2742 2735 2961 2805 atnhigit
3002 2751 3159 2791 nemo
3189 2753 3202 2789 :
3233 2739 3427 2806 quippe
3446 2750 3563 2791 cum

285 2814 408 2867 aliis
428 2815 684 2870 tredecim
711 2819 995 2887 episeopis,
1026 2820 1235 2886 ipsitnet
1264 2821 1627 2875 eliamJoanni
1655 2823 2122 2895 Jerosolymitano,
2158 2832 2467 2878 constanter
2499 2825 2567 2877 ab
2597 2826 2893 2895 Augustino
2917 2834 3276 2894 praeponatur.

350 2905 624 2977 Synodum
667 2908 840 2962 Natali
873 2910 1143 2964 Doniinico
1174 2913 1481 2967 imminente
1507 2914 1827 2968 celebratam
1856 2914 2199 2984 intelligimns
2225 2930 2290 2969 ex
2320 2912 2537 2969 Luciani
2570 2917 2795 2985 epistola
2823 2916 2887 2975 de
2932 2916 3281 2971 ltevelatione
3324 2917 3567 2985 corporis

279 2995 538 3065 Stephani
571 2999 822 3069 martyris
852 2999 946 3070 (ὁ).
992 2999 1122 3054 Nam
1170 3002 1255 3056 ubi
1283 3002 1518 3056 narravit
1541 3013 1650 3056 tres
1682 3004 1913 3058 visiones
1942 3020 2084 3060 anno
2112 3003 2218 3061 415
2236 3004 2339 3059 sibi
2367 3004 2619 3059 divinitus
2645 3016 2921 3071 ostensus,
2942 3004 3162 3074 primum
3183 3006 3268 3061 die
3296 3005 3446 3061 tertia
3470 3006 3565 3061 tle-

281 3090 535 3156 cembr'ts,
562 3090 852 3144 secundum
888 3090 975 3145 die
1004 3091 1227 3158 decima,
1263 3093 1470 3148 tertiam
1504 3094 1589 3150 die
1613 3094 1818 3149 decima
1864 3096 2111 3164 septima,
2140 3105 2358 3165 tumque
2387 3112 2446 3150 se
2467 3096 2656 3153 Joanni
2694 3096 2832 3167 apud
2875 3096 3264 3167 .lerosolymam
3293 3114 3401 3151 rem
3431 3114 3567 3149 llllll-

284 3180 584 3247 tiasse,sihi
615 3197 744 3236 vero
768 3182 837 3236 ab
859 3182 1066 3238 Joanne
1108 3185 1312 3252 jussum
1336 3195 1395 3239 ut
1418 3186 1719 3254 sepulcrum
1758 3184 1949 3240 elTossa
1980 3194 2135 3240 ~terra
2161 3193 2459 3255 quazreret:
2493 3196 2712 3246 testatur
2760 3186 2953 3241 deinde
2987 3202 3045 3240 se
3074 3197 3287 3255 reperto
3316 3187 3558 3255 sepulcro

282 3288 404 3329 mox
428 3274 496 3329 ad
522 3273 788 3329 Joannem
836 3290 1051 3331 rut-sum
1077 3277 1294 3343 adiisse,
1319 3293 1433 3330 cum
1461 3288 1606 3344 esset,
1638 3280 1732 3345 ait,
1752 3279 1805 3331 in
1832 3277 2018 3339 Lidda,
2050 3293 2164 3346 quis
2190 3289 2262 3333 est
2313 3279 2589 3346 Diospolis,
2623 3278 2875 3349 synodum
2902 3294 3075 3349 agens.
3108 3278 3221 3332 lloc
3239 3280 3382 3331 nimii
3400 3296 3484 3332 uni
3517 3281 3568 3333 in

280 3365 422 3422 diem
448 3369 669 3422 circiter
722 3369 1030 3438 vigesimum
1082 3371 1302 3438 primam
1331 3371 1631 3426 decembris
1668 3371 1896 3427 incidit:
1928 3371 2189 3439 siquidem
2243 3372 2415 3441 pergit
2457 3370 2741 3436 Lucianus,
2765 3371 3022 3426 Joannem
3063 3370 3348 3438 assumptis
3389 3383 3569 3423 secum

282 3457 398 3513 aliis
420 3459 635 3513 duobus
660 3460 946 3529 episcOpis,
971 3462 1199 3515 Eutonio
1214 3462 1542 3527 Sebastensi,
1585 3472 1638 3516 et
1665 3461 1973 3517 Eleutherio
1996 3461 2385 3529 .lericltoutiuo,
2405 3464 2634 3529 venisse,
2653 3473 2813 3531 atque
2850 3462 2913 3515 iis
2946 3462 3295 3530 praesentibus
3322 3460 3569 3532 Martyris

282 3557 533 3626 reliquias
559 3556 648 3611 die
678 3558 931 3627 vigesima
953 3568 1101 3612 sexta
1131 3558 1369 3627 ejusdem
1394 3559 1595 3612 mensis
1620 3560 1902 3612 translauts
1927 3555 2107 3611 fuisse.

352 3649 553 3718 Pelagii
574 3664 789 3703 causam
823 3650 875 3703 in
906 3650 1110 3721 synodo
1149 3648 1456 3704 defendisse
1497 3651 1769 3704 Annianus
1794 3649 2009 3719 quidam
2048 3648 2305 3703 diaconus
2330 3646 2638 3702 Celedensis
2679 3653 2910 3714 putatur,
2937 3642 3160 3697 eruditis
3208 3644 3475 3697 nonnullis
3500 3643 3569 3699 de

284 3740 385 3795 hoc
409 3742 843 3811 diacono,quam
883 3743 950 3796 de
1000 3744 1245 3813 Pelagio,
1284 3744 1489 3798 facilius
1543 3745 2013 3812 interpretantibus
2057 3745 2437 3814 llierouymum
2489 3742 2681 3813 Alypio
2707 3752 2760 3794 et
2790 3741 3103 3809 Augustino,
3144 3740 3367 3808 epistola
3413 3739 3552 3794 inter

282 3834 699 3903 Augustitnanas
717 3834 844 3897 20:2,
876 3852 930 3888 η.
957 3835 1013 3901 ‘2,
1058 3836 1375 3890 scribentem
1399 3853 1412 3889 :
1446 3836 1704 3907 Quidquid
1732 3838 1861 3889 enim
1882 3837 1933 3890 in
1958 3838 2048 3888 illa
2076 3835 2347 3889 miserabili
2367 3838 2559 3900 synodo
2594 3833 2945 3903 Diospolitana
2980 3833 3166 3887 dixisse
3184 3848 3238 3885 se
3262 3833 3491 3902 denegat,
3515 3832 3568 3884 in

282 3926 375 3980 hoc
423 3943 577 3997 opere
624 3930 910 4005 proﬁtetur.
940 3928 1040 3984 Ubi
1088 3929 1497 3999 Di05p0litanam
1547 3928 1807 4000 synodum
1836 3928 2189 3997 Hieronymus
2237 3927 2596 3981 miserabilem
2623 3926 2775 3992 dixit,
2830 3924 2932 3977 non
2978 3926 3047 3978 ob
3072 3924 3232 3987 aliud,
3263 3924 3562 3991 opinamur,

281 4018 381 4072 nisi
396 4019 541 4088 quod
571 4035 601 4073 a
632 4020 842 4089 Pelagio
871 4020 1110 4074 delusam
1136 4037 1200 4075 ex
1222 4022 1355 4076 actis
1379 4032 1743 4092 cognosceret.
1773 4022 2112 4075 Innocentius
2150 4035 2281 4088 papa
2312 4020 2439 4072 visis
2483 4018 2669 4072 iisdem
2720 4018 2854 4070 actis
2903 4018 3174 4086 professus
3214 4026 3314 4080 est,
3360 4030 3418 4069 se
3464 4032 3565 4070 non

282 4124 446 4176 posse,
488 4110 866 4181 episcoporum
913 4111 1116 4165 illorum
1166 4128 1256 4167 nec
1298 4113 1541 4181 culpare,
1584 4128 1672 4167 nec
1714 4115 1994 4183 approbare
2032 4111 2286 4183 judicium
2332 4110 2520 4180 (epist.
2571 4108 2692 4168 183,
2738 4109 2868 4161 inter
2912 4107 3341 4177 Augustinianas,
3393 4124 3445 4160 η.
3474 4108 3555 4175 4).
3612 4140 3627 4152 ο

283 4199 553 4257 Cic-terum
581 4204 907 4272 Augustinus
964 4204 1082 4258 illos
1110 4205 1162 4258 in
1212 4204 1573 4273 subsequente
1602 4204 1755 4269 libro,
1790 4221 1843 4257 n.
1889 4206 1944 4273 4,
1975 4206 2091 4274 pios
2125 4202 2354 4270 judices,
2382 4210 2434 4255 et
2458 4200 2597 4255 libro
2644 4198 2819 4268 primo
2855 4209 3038 4252 eontra
3062 4196 3352 4260 lulianum,
3382 4215 3435 4251 n.
3471 4198 3564 4262 l9,

282 4295 578 4351 catholicos
600 4297 809 4367 judices
837 4308 1005 4363 vocat,
1049 4299 1137 4368 qui
1182 4299 1453 4369 Pelagium
1482 4299 1723 4368 objectos
1769 4301 1869 4354 sibi
1900 4315 2112 4355 errores
2140 4299 2456 4367 ejurantem,
2488 4297 2730 4352 arbitrati
2781 4296 3127 4362 catholicum,
3173 4296 3517 4350 absolverunt
3545 4310 3563 4347 ι

280 4404 427 4458 saepe
454 4406 586 4446 vero
610 4391 830 4446 eosdem
857 4392 1256 4462 quattuordecim
1287 4393 1551 4447 antistites
1573 4403 1754 4448 contra
1773 4392 2038 4447 Julianum
2062 4393 2297 4447 veritatis
2324 4392 2601 4448 catholicae
2633 4399 2796 4446 teSIes
2821 4393 2969 4445 citat.

352 4482 651 4556 DeSynudi
680 4485 864 4556 gestis,
899 4493 1088 4554 pra-ter
1126 4485 1385 4549 auditum,
1417 4485 1545 4539 nihil
1578 4485 1770 4540 habere
1801 4502 1859 4541 se
1900 4485 2231 4557 significabat
2266 4485 2591 4556 inepistolis
2625 4485 2749 4547 175,
2780 4501 2834 4537 n.
2865 4484 2976 4549 Let
3000 4484 3124 4551 177,
3152 4499 3204 4539 n.
3227 4482 3285 4550 2,
3312 4483 3378 4538 ad
3396 4483 3557 4538 Inuo-

279 4578 516 4633 mitium
546 4576 681 4630 datis
705 4592 846 4629 anno
866 4576 989 4631 416.
1008 4576 1070 4630 Et
1085 4575 1342 4632 Joannem
1369 4575 1871 4645 Jerosolymitanmn
1903 4586 1960 4632 ut
1988 4578 2071 4631 illa
2112 4578 2211 4632 sibi
2253 4579 2658 4643 transmitteret,
2690 4578 2846 4631 enixe
2895 4577 3126 4645 petebat,
3159 4576 3380 4646 epistola
3408 4575 3512 4631 179
3540 4615 3560 4641 ,

280 4685 337 4726 u.
359 4671 419 4725 4.
441 4668 548 4724 Sed
594 4685 655 4723 ea
685 4684 849 4739 penes
876 4669 1047 4737 ipsum
1075 4679 1250 4739 erant,
1293 4684 1413 4725 cum
1437 4670 1713 4740 epistolam
1744 4669 1849 4726 186
1873 4669 1939 4724 ad
1968 4669 2246 4725 Paulinum
2277 4671 2418 4725 circa
2466 4669 2699 4724 medium
2725 4684 2923 4723 annum
2947 4668 3050 4723 417
3081 4669 3310 4738 scripsit.
3341 4668 3439 4723 llic
3460 4668 3542 4722 ita

277 4777 384 4832 que
414 4761 569 4825 liber,
587 4771 706 4830 post
727 4771 941 4831 accepta
974 4770 1118 4830 gesta
1140 4762 1394 4816 continuo
1419 4761 1613 4827 editus,
1661 4763 1724 4816 ad
1753 4763 1958 4817 initium
1987 4761 2225 4832 ejusdem
2246 4762 2369 4815 anni
2406 4761 2510 4815 417
2533 4769 2829 4815 revocatur.

351 4853 469 4909 Etsi
496 4864 675 4906 autem
702 4852 805 4907 hoc
823 4868 959 4924 opus
988 4853 1187 4907 inlibro
1211 4853 1276 4908 de
1301 4853 1523 4909 Peecato
1560 4854 1824 4926 originali,
1875 4870 1930 4908 η.
1962 4854 2050 4918 15,
2070 4864 2304 4918 vocetur,
2334 4844 2411 4907 De
2441 4850 2603 4907 Gestis
2649 4849 2974 4915 Pallestinis;
3008 4865 3113 4919 quo
3134 4848 3183 4901 id
3215 4848 3384 4917 ipsum
3407 4846 3559 4902 titule

277 4945 528 5014 desith
555 4944 786 5015 Prosper
811 4944 862 4998 in
912 4945 1046 4999 libro
1070 4956 1254 5001 contra
1298 4943 1637 5014 Collatorem,
1660 4962 1777 5016 cap.
1804 4946 1903 5011 45;
1932 4955 2107 5001 tamen
2139 4944 2415 5000 retinenda
2446 4943 2740 5013 inscriptio,
2778 4944 2851 4996 De
2892 4941 3055 4997 Gestis
3096 4940 3311 5010 Pelagii,
3344 4955 3461 5009 quae
3501 4950 3557 4995 et

273 5036 516 5106 antiquis
530 5036 941 5104 exemplaribus,
970 5044 1024 5091 et
1052 5037 1149 5107 ipsi
1182 5036 1557 5094 Retractationi
1598 5040 1776 5108 oneris
1802 5038 1819 5108 (
1844 5038 2063 5092 Retract.
2093 5038 2184 5092 lib.
2213 5036 2249 5091 2
2273 5078 2290 5104 ,
2325 5054 2442 5108 cap.
2473 5037 2542 5092 47
2567 5036 2609 5108 ),
2636 5036 2704 5091 ab
2733 5036 3025 5106 Augustino
3054 5034 3345 5103 recognita,
3373 5034 3556 5105 prtuli-

272 5130 442 5199 gitur.
467 5128 557 5184 Sic
577 5127 829 5182 videlicet
856 5143 989 5196 opus
1014 5128 1304 5198 inscripsit,
1328 5130 1440 5184 sive
1464 5131 1601 5200 quod
1633 5133 1744 5197 jam
1775 5130 1928 5200 vulgo
1955 5140 2226 5199 receptum
2258 5138 2419 5193 esset,
2444 5138 2501 5187 ut
2524 5138 2671 5199 gesta
2703 5128 2899 5195 Pelagii
2931 5125 3365 5197 purgationisque
3397 5125 3570 5196 ipsius

275 5218 594 5273 dicerentur
616 5216 921 5288 (c),qnibus
940 5232 998 5271 se
1021 5218 1167 5272 illum
1203 5232 1480 5288 purgatum
1523 5221 1789 5287 jactabat;
1822 5221 1934 5274 sive
1962 5221 2105 5291 quod
2135 5220 2220 5275 hic
2247 5220 2508 5290 agendum
2548 5226 2694 5275 esset
2721 5218 2789 5272 de
2810 5219 2938 5287 ipsis
2976 5218 3139 5287 gestis
3158 5232 3273 5285 quae
3304 5216 3441 5270 idem
3470 5216 3556 5270 ille
3606 5248 3614 5289 ί

274 5311 432 5379 prius
471 5310 732 5367 emiserat
772 5309 1007 5366 breviata
1050 5319 1106 5366 et
1156 5320 1427 5381 corrupta.
1480 5310 1613 5365 Hinc
1655 5311 1927 5367 Possidius
1980 5311 2032 5366 in
2080 5312 2336 5380 lndiculo,
2387 5326 2508 5382 cap.
2567 5311 2638 5378 4,
2692 5308 2881 5383 Contra
2936 5308 3087 5364 Gesta
3132 5307 3332 5381 Pelagii
3372 5309 3563 5364 librum

271 5402 627 5471 nuncupavit.

361 5493 441 5550 Ex
474 5509 541 5549 eo
566 5493 706 5548 libro
750 5492 973 5547 Photius
1002 5492 1379 5564 Diospolitante
1423 5493 1611 5566 synodi
1637 5492 1875 5550 notitiam
1905 5494 2047 5565 cepit
2072 5507 2326 5566 perquam
2366 5500 2688 5559 accuratam,
2716 5499 2771 5548 et
2806 5490 3143 5548 bibliothecae
3170 5506 3283 5547 sua:
3302 5488 3566 5547 codic15£

362 5617 400 5655 a
451 5604 573 5655 vide
595 5604 739 5663 infra,
764 5604 979 5668 Append.
1005 5614 1143 5666 parte
1164 5606 1213 5655 2.

338 5603 420 5789 ἒὺξ
448 5674 614 5718 Exstat
634 5668 686 5717 in
706 5666 1122 5781 Appendicetomi
1146 5669 1195 5717 7.

368 5742 395 5779 τ
448 5730 546 5779 ub.
573 5729 637 5779 de
661 5736 776 5779 (Best
847 5728 1041 5789 Pelago,
1076 5743 1123 5778 η.
1148 5726 1213 5779 33

365 5665 418 5730 ὁ)
448 5674 614 5730 Exstat
634 5668 686 5717 in
706 5665 985 5730 Appendice
1009 5665 1122 5717 tomi
1146 5669 1195 5730 7,

368 5726 418 5789 τ)
448 5730 546 5779 ub.
573 5729 637 5779 de
661 5726 822 5781 costis
847 5728 1041 5789 Pelagii,
1076 5743 1123 5778 η.
1148 5726 1226 5779 33.
