4002 6178
286 316 388 374 εἰ(

281 432 515 505 quodin
544 434 685 491 libro
708 449 807 491 suo
831 435 1062 506 quodam
1087 436 1303 506 scribit,
1348 457 1367 492 ι
1415 439 1529 495 Non
1574 456 1731 511 posse
1757 458 1878 498 esse

283 530 408 580 sine
434 533 681 595 peccato,
706 524 811 581 nisi
838 526 929 597 qui
956 527 1090 598 legis
1115 528 1392 584 scientiam
1424 528 1688 586 habuerit.
1721 552 1739 584 ι
1765 532 1883 600 Quo

284 617 518 673 recitato
558 617 807 691 Synodus
838 619 1012 676 dixit:
1042 639 1061 674 ‹
1092 620 1171 677 Tu
1200 623 1299 678 hoc
1321 623 1571 691 edidisti,
1600 625 1818 698 Pelagi?
1858 648 1878 681 ι

281 710 355 763 At
383 709 477 764 ille
504 709 822 780 respondit:
865 730 885 764 ι
913 713 1027 783 Ego
1052 714 1268 784 quidem
1305 715 1452 781 dixi,
1484 716 1580 771 sed
1611 735 1716 773 non
1747 721 1885 776 sicut

282 799 359 853 illi
393 801 705 872 intelligunt
728 819 741 855 :
766 817 875 858 non
897 804 1029 871 dixi,
1049 820 1152 860 non
1174 821 1333 875 posse
1352 822 1573 878 peccare
1597 810 1684 878 qui
1708 812 1901 866 scien?

284 891 415 945 tiam
447 892 579 962 legis
604 892 885 959 habuerit;
914 895 1029 959 sed,
1054 895 1295 965 adjuvari
1324 914 1417 967 per
1442 900 1571 970 legis
1602 903 1879 956 scientiam

283 984 349 1037 ad
380 1000 490 1039 non
517 985 869 1055 peccandum,
901 987 1041 1042 sicut
1063 990 1319 1058 scriptum
1349 1000 1451 1054 est,
1486 990 1752 1062 Μαι-Μῖνι
1782 994 1881 1047 ad-

288 1080 535 1143 {triarium
562 1080 701 1133 dedit
729 1079 834 1135 illis
858 1100 877 1134 ι
898 1078 1050 1153 (Isai.
1076 1099 1189 1150 vni,
1205 1083 1297 1151 20,
1320 1101 1419 1139 sec.
1445 1084 1631 1151 LXX).
1654 1086 1767 1143 Hoc
1781 1104 1879 1143 au-

283 1170 422 1231 dim,
451 1170 705 1240 Synodus
729 1171 899 1227 dixit:
934 1191 953 1226 ‹
987 1173 1104 1228 Non
1138 1184 1263 1230 sunt
1290 1176 1464 1232 aliena
1501 1180 1570 1233 ab
1608 1180 1878 1249 Ecclesia,

283 1277 404 1329 qua:
446 1262 588 1315 dicta
627 1272 754 1333 sunt
795 1278 824 1315 a
866 1263 1100 1335 Pelagio.
1136 1286 1155 1319 ι
1193 1267 1357 1345 Plane
1383 1269 1560 1325 aliena
1585 1286 1691 1326 non
1718 1282 1877 1340 sunt,

284 1368 407 1419 qua:
448 1351 765 1420 respondit:
789 1353 919 1408 illud
947 1371 1073 1410 vero
1097 1358 1236 1426 quod
1278 1358 1347 1414 de
1388 1359 1525 1414 libro
1552 1361 1670 1430 ejus
1704 1363 1881 1431 prola—

286 1453 398 1494 tuut
427 1451 530 1507 est,
564 1442 712 1496 aliud
740 1454 913 1499 sonat.
945 1443 1050 1500 Sed
1080 1451 1180 1503 hoc
1204 1450 1465 1519 episcopi,
1494 1450 1668 1507 Graeci
1702 1453 1877 1508 homi-

286 1546 401 1594 nes,
430 1541 485 1586 et
511 1544 576 1586 ea
606 1534 765 1589 verba
794 1550 889 1603 per
919 1536 1259 1607 interpretem
1289 1541 1586 1609 audientes,
1610 1543 1880 1601 discutere

286 1642 395 1677 non
426 1635 710 1691 curarunt;
745 1629 849 1683 hoc
876 1637 1077 1684 tantum
1107 1631 1395 1699 intuentes,
1419 1637 1544 1704 quid
1573 1638 1663 1692 ille
1686 1638 1776 1709 qui
1800 1639 1882 1693 in-

286 1717 695 1785 terrogabatur,
732 1721 968 1777 sensisse
994 1737 1053 1779 se
1078 1724 1308 1792 diceret,
1340 1744 1445 1781 non
1476 1730 1669 1800 quibus
1700 1732 1879 1788 verbis

278 1806 475 1862 eadem
503 1812 769 1865 sententia
803 1812 855 1866 in
886 1813 1002 1884 ejus
1033 1815 1168 1871 libro
1197 1820 1393 1889 scripta
1422 1822 1711 1878 diceretur.

355 1901 413 1951 '5.
448 1901 610 1955 Aliud
641 1912 723 1957 est
747 1912 926 1958 autem
950 1946 966 1972 ,
1000 1906 1269 1964 hominem
1311 1910 1405 1980 per
1428 1914 1704 1969 scientiam
1747 1916 1878 1988 legis

277 1990 348 2044 ad
384 2006 490 2045 non
518 1992 847 2060 peccandum
875 1996 1143 2064 adjuvari;
1174 2010 1227 2054 et
1251 2002 1392 2058 aliud
1423 2014 1535 2069 est,
1562 2022 1668 2061 non
1712 2024 1871 2078 posse

280 2096 407 2136 esse
444 2082 564 2137 sine
603 2074 822 2152 peccato
842 2128 857 2153 ,
890 2088 993 2143 nisi
1018 2090 1109 2159 qui
1138 2092 1414 2149 scientiam
1448 2095 1580 2167 legis
1611 2098 1874 2157 habuerit.

264 2164 417 2226 Cum
438 2174 587 2228 enim
613 2176 627 2206 ¹
651 2175 947 2246 videamus,
972 2185 1200 2252 exempli
1227 2186 1418 2255 gratia,
1447 2164 1642 2244 et'sinc
1668 2191 1876 2248 tribulis

279 2278 440 2318 areas
480 2264 716 2319 triturari
739 2308 753 2324 .
784 2270 1026 2336 quamvis
1054 2272 1311 2341 adjuvcut
1348 2276 1392 2331 si
1435 2278 1642 2345 adsint;
1674 2289 1728 2335 et
1761 2283 1877 2337 sine

282 2354 590 2426 pmdagngis
616 2372 774 2427 posse
797 2376 990 2429 pueros
1019 2380 1238 2435 pergere
1269 2367 1323 2422 in
1350 2369 1608 2437 scholam,
1635 2378 1876 2442 quamvis

282 2445 351 2498 ad
378 2445 482 2500 hoc
510 2462 618 2501 non
646 2449 753 2503 sint
778 2449 984 2505 inutilia
1014 2455 1420 2526 paedagogorum
1446 2460 1786 2529 adiumenta;
1823 2477 1877 2523 et

283 2536 485 2591 multos
534 2538 655 2593 sine
702 2540 925 2597 medicis
971 2544 1040 2599 ab
1091 2548 1408 2617 aegritudine
1458 2555 1872 2624 convalescere,

280 2628 531 2695 quamvis
560 2629 839 2685 manifeSta
864 2632 974 2687 sint
997 2634 1259 2705 adjutoria
1287 2640 1648 2706 medicorum;
1679 2657 1733 2700 et
1756 2646 1876 2703 aliis

280 2718 418 2774 cibis
434 2719 553 2775 sine
578 2735 715 2790 pane
736 2721 980 2780 homines
999 2727 1203 2796 vivere,
1227 2734 1465 2800 quamvis
1490 2735 1642 2805 panis
1665 2737 1876 2807 adjuto-

283 2811 424 2866 rium
451 2814 632 2868 valere
674 2815 963 2885 plurimum
1000 2835 1107 2875 non
1145 2834 1397 2893 negetur;
1447 2836 1503 2883 et
1538 2829 1639 2883 alia
1670 2832 1833 2885 multa
1855 2873 1871 2899 ,

284 2917 406 2971 qum
434 2903 592 2959 nobis
622 2908 920 2964 tacentibus
943 2912 1196 2981 cogitanti
1224 2914 1381 2972 facile
1413 2930 1732 2975 occurrunt:
1753 2937 1876 2991 pro-

284 2994 421 3049 fecto
445 2995 799 3055 admonemur
822 3001 1207 3072 adjutoriorum
1235 3004 1581 3078 genera'esse
1605 3011 1732 3068 duo.
1754 3015 1874 3069 Alia

282 3087 479 3156 quippe
505 3098 653 3156 sunt,
686 3091 808 3147 sine
831 3093 1026 3163 quibus
1050 3094 1180 3152 illud
1211 3098 1277 3153 ad
1305 3100 1446 3169 quod
1470 3101 1756 3172 adjuvant,
1788 3104 1873 3160 ef-

284 3176 368 3231 fici
410 3194 518 3232 non
564 3189 769 3250 poteSt;
797 3183 938 3238 sicut
960 3183 1077 3242 sine
1102 3188 1226 3243 navi
1255 3190 1463 3261 navigat
1486 3208 1676 3260 nemo,
1712 3209 1874 3250 nemo

282 3271 399 3324 sine
422 3285 559 3326 voce
583 3273 836 3343 loquitur,
864 3292 1022 3333 nemo
1043 3278 1160 3335 sine
1186 3281 1409 3350 pedibus
1434 3285 1690 3354 graditur,
1713 3302 1875 3344 nemo

281 3360 399 3416 sine
444 3362 566 3419 luce
614 3365 880 3435 intuetur,
928 3379 983 3424 et
1024 3372 1185 3427 multa
1231 3374 1572 3446 hujusntodi:
1613 3380 1750 3435 unde
1792 3391 1875 3437 est

282 3452 443 3505 etiam
488 3452 618 3508 illud
643 3497 658 3522 ,
690 3457 831 3526 quod
859 3475 1017 3514 nemo
1046 3463 1163 3518 sine
1206 3465 1298 3522 Dei
1342 3469 1507 3536 gratia
1545 3479 1697 3526 recte
1726 3473 1869 3527 vivit.
1902 3522 1907 3525 .

281 3542 401 3597 Alia
428 3558 564 3599 vero
599 3556 724 3601 sunt
758 3548 1019 3618 adjutoria
1042 3594 1056 3619 ,
1088 3556 1281 3624 quibus
1325 3559 1403 3613 sic
1447 3559 1781 3630 adjuvamur,
1813 3571 1873 3618 ut

281 3635 444 3691 etiam
481 3637 530 3692 si
565 3637 776 3706 desint,
811 3644 978 3711 possit
1012 3647 1119 3701 alio
1152 3651 1310 3705 modo
1344 3652 1456 3707 fieri
1486 3665 1701 3723 propter
1716 3658 1869 3727 quod

281 3740 345 3779 ea
385 3728 711 3798 requirimus
744 3750 759 3786 :
796 3735 933 3789 sicut
968 3736 1055 3790 illa
1099 3750 1223 3794 sunt
1260 3757 1379 3811 quae
1423 3750 1867 3814 commemoravi;

283 3818 474 3873 tribula
501 3820 572 3875 ad
596 3821 776 3893 fruges
798 3828 1063 3897 terendas,
1087 3833 1406 3905 ptedagogus
1427 3838 1491 3892 :td
1530 3857 1746 3908 puerum
1771 3843 1870 3897 du-

282 3910 536 3979 cendum,
565 3916 1011 3975 medicamentum
1036 3921 1266 3979 humana
1293 3936 1410 3983 arte
1435 3931 1736 3990 confectum
1757 3938 1777 3969 ²
1802 3939 1868 3994 ad

281 4002 645 4071 recipiendam
673 4008 918 4074 salutem,
945 4022 998 4067 et
1024 4025 1219 4070 caetera
1243 4017 1384 4073 talia.
1404 4018 1760 4087 Quaerendum
1788 4039 1870 4084 est

281 4090 477 4162 igitur,
520 4112 587 4150 ex
630 4114 736 4168 quo
780 4100 1006 4158 duorum
1052 4105 1271 4162 istorum
1322 4126 1578 4179 generum
1623 4117 1692 4170 sit
1738 4119 1869 4190 legis

284 4185 506 4240 scientia
526 4186 569 4254 ³,
589 4188 641 4242 id
668 4201 771 4255 est,
790 4196 1057 4262 quomodo
1073 4198 1287 4267 adjuvet
1302 4205 1367 4257 ad
1388 4222 1492 4261 non
1516 4185 1863 4279 peccandum.

282 4272 340 4330 Si
384 4290 451 4330 eo
498 4278 691 4345 modo,
727 4292 783 4335 ut
821 4284 937 4338 sine
982 4286 1067 4341 illa
1108 4288 1210 4345 hoc
1235 4290 1257 4323 '*
1282 4309 1385 4349 non
1420 4272 1589 4367 possit
1618 4303 1864 4375 impleri;

280 4381 387 4419 non
413 4369 586 4424 solum
616 4366 862 4445 Pelagius
892 4392 1073 4432 verum
1109 4385 1384 4453 respondit
1422 4366 1474 4444 in
1510 4366 1740 4461 judicio,
1772 4398 1864 4453 sed

280 4457 440 4512 etiam
472 4476 657 4515 verum
698 4465 915 4536 scripsit
957 4469 1010 4524 in
1047 4471 1187 4529 libro
1214 4494 1228 4530 :
1256 4478 1300 4531 si
1326 4494 1457 4537 vero
1486 4457 1551 4538 eo
1579 4487 1770 4556 modo,
1811 4499 1867 4546 ut

280 4549 499 4619 adjuvet
520 4554 733 4622 quidem
756 4560 799 4612 si
821 4559 1070 4630 adfuerit,
1097 4571 1264 4635 possit
1287 4581 1461 4628 tamen
1487 4577 1614 4632 illud
1635 4581 1701 4635 ad
1723 4549 1863 4652 quod

270 4642 459 4711 juvat,
485 4645 594 4700 alio
620 4648 780 4703 modo
807 4652 918 4707 fieri
941 4695 955 4718 ,
980 4657 1187 4714 etiamsi
1230 4661 1330 4716 ista
1373 4664 1635 4736 defuerit;
1679 4642 1865 4731 verum

274 4736 495 4805 quidem
534 4742 812 4808 respondit
851 4746 904 4799 in
940 4747 1176 4818 judicio,
1207 4756 1349 4822 quod
1380 4761 1571 4814 merito
1599 4764 1865 4837 episc0pis

274 4828 497 4895 placuit,
526 4848 546 4882 ι
580 4830 820 4902 adjuvari
846 4835 1116 4896 hominem
1145 4844 1211 4899 ad
1240 4862 1345 4902 non
1376 4828 1701 4918 peccandum
1731 4828 1864 4930 legis

270 4921 529 4988 scientia;
568 4942 589 4975 ι
619 4926 712 4980 sed
762 4944 866 4983 non
910 4947 1094 4988 verum
1141 4938 1356 5009 scripsit
1403 4944 1454 4999 in
1503 4946 1669 5016 libro,
1705 4969 1725 5003 ‹
1758 4968 1862 5009 non

268 5027 398 5068 esse
426 5013 697 5072 hominem
726 5019 843 5074 sine
874 5036 1124 5091 peccato,
1156 5030 1255 5085 nisi
1299 5035 1385 5102 qui
1427 5038 1701 5096 scientiam
1732 5044 1863 5115 legis

266 5103 543 5168 habuerit,
576 5128 596 5159 ι
624 5110 763 5178 qUod
791 5112 1144 5174 indiscussum
1171 5120 1378 5189 judices
1409 5129 1752 5199 reliquerunt,
1790 5137 1866 5192 la-

267 5195 371 5248 tini
397 5200 665 5253 Sermonis
692 5202 880 5271 ignari,
908 5217 959 5261 et
987 5208 1102 5279 ejus
1121 5213 1210 5282 qui
1235 5229 1448 5272 causam
1477 5195 1708 5292 dicebat,
1735 5242 1865 5283 con-

262 5285 505 5339 fessione
534 5295 803 5357 Contenti;
844 5301 1137 5364 praesertim
1183 5306 1270 5360 ubi
1311 5324 1377 5362 ex
1417 5311 1642 5368 adverso
1686 5318 1863 5375 nullus

260 5380 499 5446 astabat,
530 5384 620 5451 qui
652 5385 811 5439 verba
838 5388 954 5443 libri
985 5392 1104 5462 ejus
1123 5401 1440 5465 exponendo
1462 5405 1672 5473 aperire
1698 5408 1864 5464 inter-

336 5512 356 5602 :
384 5513 784 5603 {tis‘jfrtizlatl-at‘n,
802 5523 954 5603 enim,
981 5541 1045 5603 es
1068 5536 1321 5599 manuscri;
1342 5538 1403 5587 lis
1424 5539 1703 5603 adjecimus.

334 5574 359 5652 ξ
383 5574 585 5652 ianuas,
611 5574 906 5652 humanitate
926 5574 1193 5652 acilia-iiii;

339 5634 360 5663 ³
389 5644 400 5704 t
417 5638 535 5704 ditio
554 5653 708 5701 suam,
727 5644 788 5693 sil
810 5634 1154 5704 [(1ιῶνᾷὶὲἷᾶἷῖ

256 5700 359 5805 hc;
390 5701 503 5747 t-‘tliti
533 5709 585 5750 et
612 5710 734 5763 \;ss.,
760 5706 881 5758 Im'r.
910 5700 1184 5775 tegendum
1209 5720 1416 5785 videtur,
1443 5725 1560 5788 (ex;
1584 5730 1663 5780 vel
1683 5736 1859 5797 potius,

1734 326 1936 383 LIBER
1976 327 2176 387 UNUS.

3374 304 3379 309 1
3474 355 3580 412 39.2

1999 454 2199 514 pretem
2223 458 2460 519 cogeret,
2482 460 2641 522 atque
2659 454 2802 511 unde
2827 456 3015 515 fratres
3041 476 3146 516 non
3179 462 3370 521 frustra
3394 484 3580 526 move-

1993 547 2195 605 rentur,
2219 540 2520 597 ostendere.
2543 543 2854 603 Paucissimi
2872 551 3066 622 quippe
3086 563 3212 609 sunt
3238 555 3367 627 legis
3389 564 3541 628 periti
3558 581 3575 616 :

1991 627 2384 686 multitudinem
2404 640 2580 689 autem
2604 637 2964 695 membrorum
2983 643 3175 698 Christi
3196 627 3577 721 usquequaque

1990 717 2256 789 diffusam,
2285 730 2342 778 et
2367 722 2500 795 legis
2531 734 2638 781 tam
2671 729 2948 798 profundat
2975 747 3041 788 ac
3068 717 3578 813 multiplicisiimpe-

1990 811 2165 876 ritam,
2194 813 2452 884 simplicis
2476 814 2597 873 fidei
2625 820 2796 888 pietas
2823 830 2877 876 et
2901 838 3025 894 spes
3051 823 3356 884 firmissima
3380 831 3432 885 in
3465 811 3577 888 Deo

1989 911 2043 955 et
2066 900 2298 958 charitas
2338 906 2544 962 sincera
2579 913 2954 984 commendat,
2987 932 3107 988 quae
3136 917 3224 977 his
3251 921 3405 979 donis
3436 943 3578 996 prm-

1987 991 2096 1048 dita
2121 1036 2135 1059 ,
2167 998 2332 1065 gratia
2362 998 2455 1053 Dei
2486 1013 2544 1057 se
2572 1004 2794 1059 conlidit
2821 1021 2851 1059 a
2883 1011 3113 1076 peccatis
3146 1029 3300 1083 posse
3327 991 3575 1074 mundari

1989 1099 2087 1153 per
2107 1084 2286 1141 Jesum
2315 1088 2585 1146 Christum
2615 1093 2900 1151 Dominum
2927 1112 3192 1158 nostrum.
3375 1092 3380 1098 ’

2057 1175 2284 1233 CAPUT
2323 1179 2387 1234 ll.
2417 1211 2490 1221 ——
2515 1183 2568 1237 4.
2600 1184 2682 1238 Ad
2714 1186 2814 1241 hoc
2835 1188 2879 1243 si
2910 1189 3051 1246 forte
3077 1192 3319 1265 Pelagius
3346 1212 3573 1268 restion-

1986 1265 2157 1335 deret,
2188 1267 2325 1324 hanc
2353 1271 2520 1341 ipsam
2542 1289 2601 1329 se
2620 1274 2820 1333 dixisse
2844 1280 3122 1337 scientiam
3154 1283 3307 1354 legis,
3328 1287 3445 1342 sine
3470 1307 3573 1358 qua

1987 1374 2091 1413 non
2133 1356 2309 1430 potest
2345 1361 2507 1419 homo
2547 1364 2683 1422 liber
2707 1382 2829 1424 esse
2854 1385 2885 1424 a
2918 1374 3181 1442 peccatis,
3205 1392 3324 1445 qua:
3352 1393 3448 1447 per
3473 1356 3574 1434 do-

1985 1450 2211 1507 ctrinam
2245 1452 2364 1509 fidei
2388 1455 2673 1528 neophytis
2698 1468 2859 1531 atque
2890 1463 2939 1516 itt
2971 1462 3186 1521 Christo
3212 1470 3442 1536 parvulis
3466 1480 3576 1525 tra-

1985 1541 2146 1607 ditur,
2172 1561 2274 1615 qua
2300 1546 2459 1601 etiam
2487 1548 2790 1618 baptizandi
2819 1554 3235 1624 catecltizantur,
3269 1570 3324 1616 ut
3354 1562 3575 1634 Symbo-

1985 1633 2091 1687 lum
2118 1636 2393 1697 noverint;
2425 1653 2532 1692 non
2558 1639 2770 1709 quidem
2798 1643 2897 1697 ista
2924 1645 3144 1717 intelligi
3172 1649 3327 1716 solet,
3357 1633 3572 1721 quando

1984 1721 2183 1779 habere
2211 1726 2492 1797 quisquam
2519 1730 2797 1785 scientiam
2828 1733 2958 1805 legis
2984 1734 3211 1806 dicitur;
3241 1740 3334 1796 sed
3367 1742 3449 1795 illa
3482 1760 3576 1798 se-

1983 1817 2216 1872 cundum
2241 1834 2399 1889 quam
2430 1821 2560 1892 legis
2595 1824 2749 1892 periti
2778 1828 3154 1895 appellantur:
3180 1846 3569 1902 verumtamen,

1982 1906 2026 1960 si
2071 1906 2187 1962 haec
2226 1908 2386 1964 verba
2406 1953 2422 1978 ,
2456 1928 2573 1981 quae
2600 1929 2765 1983 pauca
2796 1933 3019 1973 numero
3039 1961 3054 1985 ,
3084 1922 3178 1976 sed
3222 1940 3410 1995 magna
3449 1936 3573 1982 sunt

1966 1998 2251 2067 pondere,
2280 2007 2334 2055 et
2371 2016 2519 2057 more
2544 2003 2782 2059 omnium
2815 2007 3177 2067 Eeelesiarum
3208 2014 3436 2070 fideliter
3474 2018 3571 2072 ha-

1981 2089 2244 2160 ptizandis
2262 2091 2593 2160 intimantur,
2616 2099 2893 2152 scientiam
2913 2099 3042 2170 legis
3057 2116 3404 2175 nuncuparet,
3424 2122 3573 2163 assc~

1982 2198 2108 2239 rens
2132 2185 2199 2241 de
2228 2185 2328 2242 hac
2350 2203 2411 2244 se
2440 2189 2456 2220 ¹
2483 2188 2703 2255 dixisse,
2734 2210 2751 2242 ι
2782 2208 2889 2248 non
2913 2210 3033 2252 esse
3054 2197 3169 2252 sine
3199 2210 3439 2268 peccato,
3468 2202 3571 2258 nisi

1981 2274 2072 2344 qui
2100 2277 2375 2333 scientiam
2400 2280 2531 2352 legis
2557 2280 2827 2348 habuerit,
2859 2303 2877 2335 ι
2902 2302 3020 2355 qua:
3042 2303 3259 2344 necesse
3287 2302 3368 2345 est
3395 2292 3572 2349 trada-

1983 2376 2068 2421 tur
2107 2368 2480 2438 credentibus,
2525 2382 2813 2445 antequam
2860 2377 2927 2430 ad
2979 2379 3146 2447 ipsam
3196 2382 3567 2440 remissionem

1980 2457 2196 2512 veniant
2225 2470 2598 2530 peccatorum;
2629 2465 2789 2519 etiam
2814 2466 2892 2520 sic
2920 2467 3275 2527 circumdaret
3298 2487 3441 2540 eum,
3462 2489 3571 2531 non

1980 2546 2500 2618 disputantium,sed
2520 2556 2846 2626 vagientium
2876 2559 3263 2629 baptizatorum
3286 2562 3571 2623 multitudo

1982 2636 2387 2697 innumerabilis
2418 2645 2759 2713 parvulorum
2782 2689 2797 2714 ,
2827 2650 2919 2719 qui
2948 2666 3055 2705 non
3081 2653 3259 2708 verbis
3279 2697 3293 2722 ,
3331 2657 3425 2712 sed
3456 2659 3570 2729 ipsa

1980 2727 2299 2786 innocentiae
2347 2735 2575 2790 veritate
2619 2735 2947 2808 clamarent,
2990 2741 3128 2808 Quid
3160 2753 3280 2813 est,
3317 2748 3445 2821 quid
3478 2727 3572 2805 est

1979 2820 2123 2890 quod
2166 2822 2461 2893 scripsisti,
2497 2844 2516 2878 ι
2549 2841 2655 2882 ηοη
2686 2843 2844 2898 posse
2873 2846 2992 2887 esse
3020 2834 3137 2889 sine
3177 2846 3429 2906 peccato,
3467 2841 3570 2898 nisi

1979 2911 2069 2980 qui
2097 2913 2371 2968 scientiam
2402 2915 2532 2986 legis
2553 2917 2832 2975 habuerit?
2859 2940 2879 2974 ι
2911 2923 3048 2979 Ecce
3071 2940 3172 2983 nos
3195 2942 3323 2997 grex
3346 2944 3571 3001 magnus

1979 3015 2236 3089 agnorum
2256 3005 2373 3060 sine
2395 3015 2611 3074 peccato
2632 3023 2838 3079 sumus,
2860 3021 2914 3068 et
2933 3013 3065 3085 legis
3087 3023 3262 3074 tamen
3288 3020 3566 3080 scientiam

1977 3106 2085 3147 non
2112 3092 2389 3152 habemus.
2412 3097 2617 3168 Nempe
2643 3100 2729 3157 isti
2754 3118 2878 3159 eum
2908 3106 3117 3171 saltem,
3138 3109 3311 3182 lingua
3334 3121 3564 3183 tacente,

1979 3191 2157 3239 tacere
2184 3188 2603 3257 compellerent,
2648 3200 2741 3247 aut
2784 3193 2923 3251 forte
2962 3199 3123 3254 etiam
3166 3203 3445 3272 confiteri,
3483 3209 3568 3264 vel

1977 3291 2120 3332 nunc
2139 3291 2197 3332 se
2217 3278 2285 3333 ab
2302 3279 2388 3334 illa
2408 3283 2754 3363 perversitate
2765 3298 3068 3358 correptum
3090 3290 3186 3363 (a),
3203 3294 3285 3349 vel
3303 3305 3450 3353 certe
3467 3299 3569 3354 hoc

1977 3383 2038 3425 se
2065 3370 2278 3440 quidem
2306 3382 2361 3428 et
2384 3383 2510 3431 ante
2538 3377 2808 3448 sensisse,
2842 3381 2985 3452 quod
3024 3400 3166 3440 nune
3210 3388 3262 3443 in
3306 3390 3566 3446 ecclesia-

1977 3460 2112 3515 stico
2139 3461 2274 3517 dixit
2301 3465 2576 3531 examine;
2613 3469 2706 3523 sed
2736 3469 2855 3540 ejus
2894 3476 3175 3531 sententiae
3211 3492 3316 3533 non
3359 3495 3417 3536 se
3454 3481 3562 3537 cir-

1977 3562 2282 3630 cumspecta
2308 3555 2467 3610 verba
2495 3558 2769 3626 posuisse,
2795 3570 2851 3617 et
2887 3563 3007 3618 ideo
3045 3565 3204 3623 fidem
3243 3585 3395 3626 suam
3442 3589 3564 3630 esse

1977 3626 2408 3710 approbandam,
2460 3645 2652 3702 librum
2701 3652 3116 3712 emendandum.
3171 3658 3262 3714 Est
3289 3664 3453 3731 enim,
3503 3674 3562 3720 ut

1976 3734 2232 3803 scriptum
2267 3745 2344 3792 est
2369 3779 2383 3804 ,
2426 3739 2514 3808 qui
2552 3740 2740 3795 labitur
2776 3743 2832 3798 in
2874 3744 3075 3816 lingua,
3106 3756 3153 3802 et
3191 3767 3294 3805 non
3333 3752 3386 3806 in
3412 3756 3564 3809 corde

1978 3823 2166 3896 (Eccfi.
2185 3843 2297 3893 xm,
2322 3830 2434 3901 l6).
2464 3831 2616 3900 Quod
2643 3833 2687 3888 si
2712 3835 2937 3902 diceret,
2961 3839 3045 3895 vel
3072 3841 3117 3895 si
3137 3840 3297 3909 dicat,
3323 3845 3441 3914 quis
3464 3847 3565 3903 eis-

1976 3914 2097 3971 dem
2127 3919 2307 3973 verbis
2334 3920 2599 3978 incautius
2629 3925 3083 4000 negligentiusque
3108 3935 3424 4005 conscriptis
3453 3953 3561 3994 non

1976 4005 2225 4063 facillime
2249 4010 2490 4081 ignoscat
2510 4055 2525 4079 ,
2555 4028 2675 4087 cum
2702 4020 3022 4074 sententiam
3043 4062 3058 4085 ,
3090 4038 3249 4091 quam
3277 4026 3438 4081 verba
3468 4029 3558 4084 illa

1974 4101 2280 4168 continent,
2310 4118 2415 4157 non
2445 4103 2715 4173 defendat,
2746 4108 2840 4163 sed
2871 4124 2990 4164 eam
3016 4110 3159 4167 dicat
3181 4129 3330 4169 suam
3352 4156 3367 4182 ,
3398 4133 3557 4187 quam

1974 4191 2170 4245 veritas
2201 4194 2424 4262 prohat?
2453 4195 2563 4250 Hoc
2590 4197 2750 4252 etiam
2776 4201 2892 4269 pios
2910 4201 3118 4272 judices
3144 4209 3406 4278 cogitasse
3434 4228 3563 4268 cre-

1973 4280 2204 4336 deudum
2233 4292 2316 4338 est
2353 4300 2366 4338 :
2407 4286 2452 4340 si
2482 4294 2664 4342 tamen
2694 4286 2798 4345 hoc
2825 4293 2966 4362 quod
2995 4293 3047 4349 in
3079 4295 3217 4351 libro
3246 4299 3362 4370 ejus
3392 4302 3558 4361 latino

1973 4382 2055 4427 est
2093 4373 2375 4444 diligenter
2401 4376 2834 4448 interpretatum,
2892 4385 3022 4441 satis
3048 4386 3345 4462 intelligere
3373 4407 3563 4466 potue-

1976 4473 2117 4529 runt,
2135 4466 2269 4519 sicut
2291 4465 2407 4536 ejus
2427 4470 2831 4539 respousidnem
2848 4490 3026 4545 graeco
3043 4479 3255 4552 eloquio
3277 4489 3556 4558 prolatam,

1972 4566 2026 4611 et
2054 4557 2124 4612 ob
2151 4557 2253 4614 hoc
2276 4557 2432 4616 facile
2453 4561 2804 4635 intellectam,
2831 4569 3060 4627 alienam
3089 4590 3193 4631 non
3221 4593 3341 4634 esse
3366 4582 3433 4636 ab
3457 4557 3559 4639 Ec?

1972 4649 2130 4704 clesia
2152 4650 2548 4719 judicaverunt.
2578 4654 2683 4710 Sed
2706 4656 2817 4725 jam
2843 4671 3037 4717 czetera
3066 4666 3355 4723 videamus.

2043 4741 2269 4798 CAPUT
2307 4742 2396 4798 Ill.
2442 4775 2512 4785 --
2537 4746 2591 4801 5.
2631 4747 2840 4817 Adjecit
2887 4752 3031 4807 enim
3068 4756 3382 4827 episc0palis
3419 4761 3559 4832 Syn-

1972 4833 2108 4888 odus
2129 4876 2142 4899 ,
2178 4843 2232 4889 et
2258 4837 2332 4890 ait
2364 4855 2378 4892 :
2418 4856 2437 4889 (
2471 4837 2701 4909 Legatur
2737 4850 2792 4898 et
2818 4843 2959 4899 aliud
2985 4848 3295 4916 capitulum.
3331 4870 3349 4902 ι
3386 4852 3451 4906 Et
3480 4853 3559 4907 le-

1961 4914 2114 4981 ctum
2159 4936 2242 4982 est
2288 4928 2341 4983 in
2386 4929 2575 4986 eodem
2628 4932 2768 4989 libro
2808 4949 2908 5007 suo
2957 4914 3199 5007 posuisse
3250 4940 3554 5012 Pelagium,

1978 5036 1996 5069 ι
2034 5018 2233 5073 Omnes
2260 5019 2537 5078 voluntate
2581 5024 2795 5095 prepria
2820 5029 2952 5098 regi.
2992 5046 3012 5080 ι
3057 5028 3174 5096 Quo
3222 5031 3360 5088 lecto
3403 5034 3557 5091 Pela-

1970 5109 2089 5180 gius
2117 5112 2394 5180 respondit
2425 5130 2438 5167 :
2479 5132 2499 5166 ι
2536 5115 2603 5169 Ει
2634 5115 2735 5172 hoc
2771 5116 2882 5173 dixi
2924 5128 3144 5190 propter
3167 5121 3389 5179 liberum
3419 5128 3562 5183 arbi-

1975 5201 2157 5267 trium,
2187 5201 2275 5257 cui
2305 5203 2443 5259 Deus
2462 5204 2674 5273 adjutor
2687 5215 2770 5262 est
2794 5208 3008 5280 eligenti
3035 5211 3173 5267 bona
3202 5230 3218 5268 :
3247 5215 3408 5272 homo
3436 5233 3564 5275 vero

1975 5305 2223 5360 peccans,
2250 5294 2363 5363 ipse
2389 5295 2439 5349 in
2471 5296 2620 5366 culpa
2652 5306 2753 5366 est,
2783 5300 2931 5371 quasi
2962 5302 3113 5358 liberi
3141 5306 3368 5364 arbitrii.
3399 5330 3417 5361 ι
3443 5310 3561 5379 Quo

1970 5384 2152 5439 audito
2194 5387 2425 5456 episcopi
2470 5388 2723 5446 dixerunt
2755 5409 2771 5447 :
2804 5410 2824 5445 ι
2857 5392 3041 5466 Neque
3070 5396 3172 5455 hoc
3216 5400 3446 5457 alienum
3477 5416 3561 5460 est

1971 5475 2039 5529 ab
2069 5477 2429 5532 ecclesiastica
2458 5480 2719 5559 doctrina.
2758 5503 2777 5538 ι
2825 5484 2956 5553 Quis
2994 5489 3136 5544 enim
3178 5492 3561 5552 condemnaret

1972 5564 2192 5621 liberum
2223 5569 2500 5623 arbitrium
2527 5614 2542 5636 ,
2595 5574 2678 5627 vel
2710 5586 2963 5648 negaret,
2992 5594 3111 5636 cum
3141 5598 3248 5653 quo
3281 5584 3371 5640 Dei
3400 5585 3555 5656 adju-

2036 5681 2152 5754 tnlta
2175 5678 2478 5754 (othertiuus
2498 5683 2693 5754 eodex._
2716 5693 2773 5737 Αι
2813 5687 2980 5752 plures
3004 5691 3261 5754 editiones,
3287 5692 3349 5744 de
3370 5692 3461 5744 hac
3485 5706 3557 5745 re.

1970 5740 2116 5788 Fditio
2140 5742 2353 5797 asasiaua,
2379 5743 2439 5791 de
2456 5741 2547 5794 hac
2569 5747 2798 5803 cratim.

2035 5802 2107 5865 (α)
2142 5808 2296 5865 I-‘orte,
2324 5813 2608 5858 correcttutt.
