3994 6178
370 290 474 347 325

375 404 572 460 torium
617 394 972 472 praedicatur?
1011 391 1346 461 Quapropter
1371 395 1427 443 et
1449 381 1708 472 sententia
1734 391 1957 472 respon:

374 493 554 550 dentis
583 464 774 546 merito
806 484 1070 556 episcopis
1107 479 1304 552 placuit
1331 495 1344 530 :
1367 487 1422 531 et
1439 485 1623 530 tamen
1651 470 1778 526 illud
1815 464 1958 538 quod

376 586 430 640 in
460 584 597 639 libro
623 581 742 649 ejus
766 577 998 649 positum
1021 582 1123 640 est,
1158 591 1177 624 ι
1208 569 1410 626 Omnes
1443 567 1716 624 voluntate
1742 561 1959 634 propria

373 676 485 746 regi
507 715 522 740 ,
558 693 578 726 ι
614 671 805 726 fratres
845 668 935 738 qui
975 670 1234 720 noverant
1261 661 1391 732 quid
1420 658 1677 714 adversus
1705 655 1796 710 Dei
1841 667 1962 724 gra-

377 744 504 821 tiam
535 763 620 817 isti
645 761 852 815 soleant
877 744 1186 827 disputare,
1237 751 1419 822 procul
1448 748 1610 803 dubio
1637 745 1822 802 debuit
1841 758 1964 813 per-

376 869 614 911 movere.
665 851 754 908 Sic
799 849 941 905 enim
989 847 1186 902 dictum
1231 851 1347 910 est,
1393 860 1413 894 ί
1449 841 1648 896 Omnes
1691 836 1964 892 voluntate

378 944 594 1015 propria
621 943 755 1008 regi,
795 957 814 992 δ
851 949 1098 1006 tanquam
1131 935 1269 988 Deus
1291 932 1556 1010 neminem
1587 935 1754 996 regat,
1781 933 1835 980 et
1863 923 1964 980 fm-

378 1047 486 1090 stra
521 1035 774 1101 scriptum
806 1032 904 1096 sit,
933 1027 1143 1084 Salvum
1167 1027 1249 1094 [ac
1277 1023 1520 1093 populant
1539 1030 1678 1072 tuum
1699 1058 1715 1084 ,
1750 1025 1796 1072 et
1819 1015 1966 1068 bene-

381 1128 460 1181 die
480 1127 822 1181 liwreditatem
853 1132 1028 1183 tuam;
1055 1128 1101 1172 et
1126 1133 1242 1187 rege
1261 1132 1363 1180 eos,
1393 1123 1438 1166 et
1459 1110 1642 1166 extolle
1675 1109 1791 1162 illos
1812 1121 1968 1176 usque

379 1219 433 1272 in
477 1218 720 1272 socculum
750 1213 918 1287 (Psal.
955 1227 1136 1273 xxvn,
1169 1207 1223 1277 9)
1259 1227 1272 1261 :
1304 1221 1369 1260 ne
1414 1210 1726 1259 remaneant
1761 1200 1963 1268 utique,

381 1311 424 1362 si
456 1309 726 1362 voluntate
772 1303 980 1374 proin-ia
1024 1301 1137 1355 sine
1173 1301 1280 1352 Deo
1320 1305 1574 1365 reguntur
1599 1334 1614 1359 ,
1659 1290 1803 1345 velut
1841 1301 1969 1342 oves

384 1415 490 1452 non
520 1398 775 1450 habentes
806 1403 1070 1464 pastorem
1101 1389 1293 1460 (Marc.
1329 1402 1411 1450 vt,
1443 1383 1564 1454 54);
1605 1381 1745 1451 quod
1773 1379 1912 1434 absit
1937 1393 1968 1432 a

386 1490 561 1542 nobis.
615 1488 742 1541 Mm
784 1483 968 1554 procul
1011 1482 1172 1536 dubio
1221 1479 1337 1548 plus
1363 1485 1445 1531 est
1471 1475 1553 1546 agi
1577 1516 1593 1539 ,
1631 1489 1789 1542 quain
1821 1472 1967 1539 regi:

387 1581 474 1652 qui
505 1580 646 1634 enim
676 1577 894 1646 regitur,
921 1573 1116 1642 aliquid
1146 1572 1250 1640 agit
1275 1587 1288 1636 ;
1321 1581 1374 1624 et
1396 1558 1430 1622 la
1460 1568 1568 1621 Deo
1598 1566 1796 1634 regitur
1826 1562 1842 1593 ¹
1869 1604 1883 1625 ,
1916 1569 1973 1614 ut

386 1680 534 1726 recte
559 1679 674 1738 agat
703 1683 716 1733 ;
763 1668 850 1736 qui
879 1676 1058 1719 autem
1085 1665 1287 1731 agitur,
1329 1674 1487 1728 agere
1517 1655 1712 1726 aliquid
1742 1655 1854 1724 ipse
1885 1653 1970 1706 vix

387 1760 697 1828 intelligitur
725 1774 739 1812 :
769 1766 822 1812 et
871 1765 1048 1808 tamen
1106 1760 1308 1806 tantum
1359 1759 1570 1819 praestat
1617 1743 1974 1798 voluntatibus

389 1853 586 1905 nostris
615 1850 778 1920 gratia
827 1847 1154 1910 Salvatoris,
1204 1853 1260 1896 ut
1298 1859 1404 1895 non
1444 1839 1648 1893 dubitet
1689 1835 1974 1905 Apostolus

391 1944 569 1998 dicere
587 1985 602 2006 ,
621 1918 890 2009 iQuotquot
917 1938 1096 2008 spiritu
1128 1935 1224 1988 Dei
1248 1918 1466 2004 aguniur
1484 1971 1500 1995 ,
1537 1932 1589 1982 lii
1617 1927 1708 1996 lilii
1737 1936 1852 1981 sunt
1878 1924 1976 1978 Dei

396 2036 571 2107 (liam.
604 2051 694 2088 vtn
715 2077 727 2096 ,
760 2035 870 2102 14).
904 2031 1011 2085 Nec
1033 2027 1230 2099 aliquid
1273 2029 1322 2079 in
1359 2025 1510 2078 nobis
1544 2024 1703 2075 libera
1734 2022 1976 2073 voluntas

394 2128 584 2182 melius
601 2141 759 2196 agere
781 2134 976 2192 l’iotest,
993 2137 1150 2191 quam
1180 2119 1321 2173 utilli
1340 2131 1399 2170 se
1426 2113 1681 2184 agendam
1705 2124 1980 2164 commcn-

392 2220 480 2274 det
507 2221 550 2282 ¹,
581 2219 671 2288 qui
703 2221 837 2272 male
867 2231 1023 2284 agere
1048 2229 1151 2268 non
1181 2218 1386 2280 potest;
1414 2215 1468 2261 et
1497 2209 1598 2260 hoc
1622 2221 1741 2258 cum
1771 2202 1974 2265 fecerit,

391 2311 460 2365 ab
491 2312 578 2364 illo
603 2325 660 2364 se
692 2319 746 2362 ut
788 2307 1022 2371 faceret,
1070 2303 1305 2368 .uljutam
1331 2313 1449 2352 esse
1491 2313 1594 2349 non
1625 2293 1862 2356 dubitet,
1892 2291 1978 2345 cui

391 2403 586 2458 dicitur
615 2407 666 2454 in
696 2381 935 2459 Psalmo,
971 2395 1111 2448 Deus
1137 2409 1309 2458 meus,
1335 2385 1680 2444 misericordia
1705 2385 1816 2456 ejus
1843 2397 1978 2454 prte-

393 2497 550 2552 ueniet
573 2513 650 2549 me
677 2493 846 2568 (Psal.
877 2507 1000 2548 Lvttt
1020 2534 1033 2556 ,
1066 2490 1180 2562 Η).

467 2591 521 2644 6.
557 2590 792 2656 Denique
819 2585 871 2640 in
898 2585 988 2639 illo
1018 2584 1154 2637 libro
1179 2623 1193 2648 ,
1225 2580 1311 2636 ubi
1357 2578 1443 2632 illa
1471 2576 1705 2647 capitula
1739 2572 1984 2643 Pelagius

396 2681 628 2750 scripsit,
663 2679 784 2732 huic
813 2676 1060 2748 positioni
1089 2673 1110 2704 ⁸
1131 2714 1148 2738 ,
1175 2687 1276 2746 qua
1304 2670 1456 2734 dixit,
1516 2686 1535 2720 ι
1570 2666 1768 2722 Omnes
1797 2665 1984 2719 volun-

401 2783 508 2828 tate
557 2771 766 2841 propria
818 2767 963 2836 regi,
1013 2775 1069 2820 et
1111 2780 1208 2818 suo
1251 2759 1518 2816 desiderio
1557 2768 1984 2826 unumquemque

401 2865 590 2919 ditnitti
616 2903 632 2930 ,
662 2881 682 2914 ι
729 2858 952 2928 subjecit
994 2854 1191 2925 aliquid
1221 2853 1290 2907 de
1334 2849 1637 2905 testimonio
1678 2848 1981 2914 Scriptura-

400 2971 516 3009 rum
543 2946 564 3019 ζ
589 2969 694 3020 quo
725 2951 854 3004 satis
879 2955 1131 3016 appareat
1156 2960 1257 2998 non
1287 2958 1345 2996 se
1365 2941 1466 2995 sibi
1492 2939 1758 2992 hominem
1791 2953 1984 3005 regen-

401 3047 528 3103 dum
553 3045 749 3101 debere
772 3042 1126 3096 committere.
1157 3037 1240 3091 Ait
1263 3035 1404 3090 enim
1425 3033 1493 3088 de
1511 3033 1614 3088 hoc
1640 3031 1754 3099 ipso
1775 3031 1986 3098 Sapien-

402 3142 477 3196 tia
505 3137 526 3170 ⁸
556 3137 855 3192 Salomonis
884 3151 896 3185 :
927 3131 1056 3187 Sum
1094 3128 1295 3198 quidem
1328 3137 1374 3180 et
1414 3141 1505 3195 ego
1546 3123 1774 3178 mortalis
1814 3123 1984 3186 Itonia,

403 3229 586 3286 similis
607 3228 854 3288 omnium,
886 3240 948 3278 ea:
967 3237 1146 3294 genere
1165 3230 1358 3272 terreno
1384 3217 1520 3269 illius
1540 3215 1626 3283 qui
1648 3216 1787 3282 prior
1805 3215 1989 3279 [iactus

403 3334 475 3380 est
505 3325 560 3387 ⁵;
606 3329 662 3376 et
703 3329 895 3372 caetera
941 3330 1106 3384 usque
1142 3311 1210 3364 ad
1249 3326 1370 3364 eum
1401 3306 1613 3375 capituli
1661 3306 1854 3368 linem,
1897 3301 1988 3356 ubi

404 3415 618 3485 legitur,
655 3409 801 3468 Unus
822 3424 940 3478 ergo
969 3403 1200 3458 ontmbus
1218 3399 1452 3454 introitus
1475 3397 1544 3450 ad
1573 3397 1744 3471 vitam.
1777 3405 1824 3446 et
1843 3392 1987 3447 sinti-

408 3507 471 3562 lis
499 3507 664 3560 exitus
692 3517 710 3557 :
733 3509 936 3569 propter
967 3497 1062 3550 hac
1092 3493 1286 3563 optavi,
1317 3501 1362 3545 et
1389 3489 1539 3542 datus
1561 3497 1632 3541 est
1657 3487 1780 3540 milii
1795 3501 1988 3550 sensus,

407 3607 456 3652 et
483 3593 732 3656 invocavi,
767 3603 812 3644 et
841 3591 972 3643 venit
1008 3587 1062 3640 in
1091 3601 1169 3638 me
1191 3583 1398 3653 spiritus
1419 3579 1680 3650 sapientia
1708 3575 1862 3647 (Sap.
1891 3589 1990 3642 vn,

409 3686 547 3755 ΙοἸ).
602 3683 788 3738 Nonne
835 3680 952 3734 luce
998 3675 1194 3731 clarius
1239 3679 1493 3742 apparet,
1546 3665 1994 3738 quemadmodum

409 3778 510 3834 iste
535 3772 869 3831 considerata
902 3767 1113 3823 nuscria
1142 3763 1434 3832 fragilitatis
1459 3762 1735 3825 humanm,
1774 3774 1880 3838 non
1913 3763 1998 3812 est

409 3882 574 3926 ausus
596 3882 654 3921 se
685 3862 975 3934 regendum
1017 3856 1119 3913 sibi
1147 3855 1518 3916 committere;
1549 3850 1643 3904 sed
1671 3849 1872 3921 optavit
1897 3888 1914 3914 ,
1940 3856 1998 3904 et

409 3959 564 4018 datus
588 3966 671 4012 est
696 3957 742 4008 ci
778 3968 966 4008 sensus
985 3991 1003 4017 ,
1029 3950 1097 4004 de
1122 3963 1228 4018 quo
1257 3946 1387 4001 dicit
1415 3943 1700 4014 Apostolus
1719 3983 1732 4008 ,
1769 3940 1880 3996 Nos
1904 3957 2000 3994 au-

413 4060 511 4104 tem
551 4063 752 4103 sensum
795 4043 997 4098 Domini
1024 4040 1274 4095 habemus
1311 4036 1352 4106 (l
1383 4033 1502 4092 Cor.
1533 4051 1608 4098 ιι,
1640 4034 1764 4104 16);
1818 4041 1874 4089 et
1913 4032 1999 4087 in-

413 4141 660 4202 vocavit,
709 4146 764 4191 et
814 4137 960 4190 venit
1009 4135 1060 4188 iu
1107 4147 1226 4186 eum
1273 4129 1492 4199 Spiritus
1529 4124 1840 4198 sapientiae?
1889 4125 2002 4179 Hoc

415 4231 560 4290 enim
590 4230 778 4298 spiritu
799 4271 812 4290 ,
842 4243 946 4280 non
976 4221 1434 4293 viribusprupriae
1463 4218 1778 4283 voluntatis,
1807 4231 2003 4288 regun-

417 4332 502 4378 tur
532 4333 583 4376 ct
605 4329 831 4390 aguntur
860 4320 948 4388 qui
981 4316 1078 4371 lilii
1097 4326 1218 4368 sunt
1244 4313 1358 4368 Dei.

489 4415 542 4468 7.
583 4412 713 4488 halm
741 4425 794 4466 et
837 4410 965 4465 illud
1003 4408 1145 4480 quod
1189 4407 1366 4477 posuit
1389 4403 1458 4460 de
1496 4403 1711 4458 Psalmo
1735 4401 1788 4457 in
1811 4399 2002 4458 eodem

417 4503 781 4573 Capitulurum
824 4501 960 4555 libro
983 4541 1000 4567 ,
1051 4507 1110 4552 ut
1135 4497 1288 4567 quasi
1315 4495 1595 4565 probaret,
1631 4513 1652 4546 ι
1681 4494 1880 4548 Οιιιιιος
1905 4510 2003 4548 vo-

418 4593 620 4649 luntate
637 4593 848 4661 propria
877 4590 1009 4660 regi,
1041 4607 1058 4641 I
1083 4587 1272 4642 Dilexit
1295 4587 1646 4652 maledictum,
1671 4594 1720 4640 et
1741 4585 1902 4639 ueniet
1922 4584 2004 4648 ei;

421 4697 468 4742 et
510 4688 672 4741 noluit
713 4685 1102 4740 benedictionem
1128 4723 1142 4746 ,
1186 4690 1234 4736 et
1271 4679 1589 4751 elongabitur
1629 4678 1692 4732 ab
1730 4693 1788 4731 eo
1833 4675 2001 4749 (Psal.

421 4795 562 4844 cvm,
595 4777 682 4850 l8)
711 4797 726 4832 :
756 4778 876 4850 quis
907 4775 1110 4834 nesciat
1130 4777 1232 4829 hoc
1253 4773 1439 4828 vitium
1465 4786 1617 4836 esse,
1648 4786 1752 4825 non
1780 4781 2005 4836 naturae,

423 4873 561 4928 sicut
603 4887 722 4926 eam
770 4868 1008 4927 condidit
1047 4868 1228 4934 Deus,
1275 4864 1369 4922 sed
1408 4863 1694 4918 voluntatis
1738 4861 2005 4926 humanae,

423 4978 542 5034 quze
589 4961 814 5017 recessit
838 4975 869 5015 a
897 4959 1049 5032 Deo?
1096 4957 1476 5016 Verumtamen
1507 4955 1552 5010 si
1593 4969 1698 5009 non
1733 4952 2008 5008 dilexisset

424 5054 856 5111 maledictiunem
879 5093 898 5120 ,
941 5061 996 5106 et
1035 5048 1338 5106 voluisset‘
1365 5045 1828 5120 benedictionem,
1864 5052 1918 5100 et
1954 5042 2008 5097 in

487 5233 502 5264 ι
538 5229 715 5280 Eadem
737 5228 888 5279 editio
910 5230 1128 5286 masiana,
1151 5231 1198 5277 et
1214 5225 1326 5277 ideo
1347 5223 1550 5286 reqitur.

484 5293 508 5324 ί
539 5276 694 5341 initio
704 5276 960 5354 agnem.
976 5276 1027 5339 ut
1047 5276 1127 5339 illi
1209 5300 1227 5354 ς
1247 5276 1495 5354 etagerida
1517 5279 1828 5334 commendet.
1847 5276 2010 5354 Melior

421 5351 587 5415 lectio.
625 5347 793 5415 quam"
807 5352 1077 5415 sequimur,
1110 5347 1604 5406 editionis'uasianaa,
1627 5357 1738 5409 quae
1774 5355 1805 5392 ι
1837 5349 2011 5392 vetere

421 5413 590 5480 codice
613 5411 1242 5480 tibitiertino'couﬁrmatur:
1254 5469 1266 5480 ⁸

489 5475 512 5508 ³
543 5480 592 5524 tn
615 5475 888 5537 Colbertino
910 5481 1012 5537 M_s.,
1034 5469 1360 5537 propositioni.

489 5537 510 5566 ⁸
542 5535 761 5586 Nonnulli
788 5543 913 5594 Mss,
935 5533 1265 5596 in's'apiaitia.

426 5599 517 5708 vi:
542 5598 873 5722 ειᾶῗιιὶὶηςαὲἐὲιε
893 5588 980 5648 est.
1009 5588 1136 5658 atas,
1161 5591 1303 5662 [ictus
1335 5600 1423 5646 est.
1471 5593 1639 5643 Prima:
1678 5588 1920 5641 editiones
1959 5594 2013 5639 et

474 5673 557 5716 ςςη
581 5671 752 5716 pactus
767 5671 852 5708 est.

489 5721 510 5753 ο
541 5717 845 5770 (:olhertinus
864 5725 968 5778 ιιι,
987 5723 1034 5768 et
1053 5717 1293 5768 noluisset.

1291 331 1298 334 _
1394 271 1497 366 DE‘
1521 261 1762 324 GESTIS
1801 253 2095 320 PELAGH,
2133 252 2191 309 S.
2231 250 2595 308 AUGUSTINI

3532 249 3640 306 εει

2067 370 2170 425 hoc
2193 370 2310 441 ipso
2328 371 2656 426 voluntatem
2685 383 2839 424 suam
2859 366 3038 424 divina
3056 366 3224 438 gratia
3251 373 3470 437 negaret
3495 361 3650 436 adju-

2065 471 2172 516 tam
2199 477 2214 528 ;
2247 463 2486 532 ingratus
2519 469 2679 532 atque
2709 460 2902 528 impius
2929 459 3029 514 sibi
3048 457 3324 528 regendus
3347 455 3650 512 dimittere-

2067 564 2179 618 tur,
2228 561 2289 608 ιιι
2325 553 2443 607 sine
2469 563 2680 607 rectore
2717 551 2827 606 Deo
2869 549 3230 620 pra‘cipitatus
3251 589 3266 613 .
3311 563 3416 602 non
3445 562 3504 604 se
3530 561 3560 600 a
3589 561 3654 603 se

2065 645 2182 716 ipso
2221 645 2331 714 regi
2371 646 2644 716 potuisse,
2689 643 2864 714 pinnis
2900 642 3250 712 experiretur:
3297 641 3389 696 Sic
3412 639 3572 696 etiam
3599 640 3650 694 in

2068 739 2160 794 illo
2199 737 2540 800 testimonio,
2591 737 2732 808 quod
2778 737 2830 790 in
2868 737 3058 790 eodem
3107 733 3242 788 libro
3275 732 3452 788 eidem
3491 731 3650 788 titulo

2067 828 2338 890 subdidit,
2383 827 2630 899 Apposuit
2659 828 2748 882 tibi
2774 843 2956 896 aquam
2981 837 3026 880 ct
3055 827 3261 896 ignem;
3307 826 3377 878 ad
3411 825 3547 895 quod
3577 827 3652 880 uis

2071 920 2273 991 porrige
2308 935 2509 971 manum
2531 928 2668 972 tuam
2695 933 2714 972 :
2739 928 2856 972 ante
2882 917 3132 971 hominem
3160 916 3344 970 bonum
3367 924 3414 970 et
3438 917 3652 982 malum,

2068 1013 2172 1064 uit;
2199 1021 2248 1064 et
2275 1027 2442 1076 mors;
2482 1011 2618 1083 quod
2644 1010 2889 1077 placuerit
2909 1010 2976 1074 ei,
3005 1009 3204 1062 dabitur
3227 1008 3304 1062 illi
3341 1007 3530 1076 (Eccli.
3563 1023 3652 1069 xv.

2075 1105 2139 1159 17
2191 1114 2236 1158 et
2267 1105 2354 1174 l8)
2381 1121 2394 1156 :
2423 1102 2760 1158 manifestum
2787 1113 2888 1170 est,
2913 1100 3051 1172 quod
3074 1101 3118 1155 si
3147 1099 3214 1154 ad
3244 1101 3416 1170 ignem
3439 1115 3655 1154 manum

2073 1195 2264 1262 mittit,
2303 1207 2356 1250 et
2387 1194 2585 1250 malum
2611 1208 2675 1248 ac
2705 1209 2850 1248 mors
2879 1193 2928 1246 ei
2967 1193 3174 1260 placet,
3205 1191 3255 1244 id
3279 1190 3523 1244 voluntas
3554 1190 3656 1244 bo-

2075 1287 2232 1340 minis
2257 1295 2542 1356 operatur;
2569 1285 2811 1340 siautem
2843 1285 3038 1338 bonum
3069 1291 3125 1336 ct
3143 1281 3302 1336 vitam
3330 1281 3518 1352 diligit,
3547 1297 3655 1335 non

2073 1376 2244 1428 Solum
2272 1361 2514 1428 voluntas
2541 1373 2594 1429 id
2633 1375 2774 1442 agit,
2807 1373 2900 1427 sed
2928 1371 3182 1436 divinitus
3205 1371 3501 1439 adjuvatur.
3534 1369 3659 1424 Suf-

2075 1468 2184 1521 ficit
2211 1467 2354 1520 cnim
2383 1467 2481 1520 sibi
2511 1467 2700 1520 oculus
2727 1464 2791 1519 ad
2819 1479 2923 1518 non
2961 1461 3244 1517 videndum
3271 1503 3288 1527 ,
3316 1461 3417 1516 hoc
3441 1471 3554 1526 est,
3588 1462 3657 1516 ad

2077 1559 2326 1611 tenebras
2358 1556 2468 1634 :‘ad
2516 1556 2800 1610 videndum
2847 1569 2980 1610 vero
3024 1553 3224 1608 lumine
3268 1571 3364 1608 suo
3405 1571 3508 1608 non
3555 1555 3656 1609 sibi

2076 1648 2270 1702 sufﬁcit
2291 1689 2305 1710 ,
2349 1649 2449 1702 nisi
2489 1647 2560 1701 illi
2591 1648 2921 1702 extrinsecus
2947 1647 3267 1716 adjutorium
3291 1647 3416 1700 clari
3445 1647 3658 1702 luminis

2078 1741 2395 1808 praebeatur.
2447 1727 2600 1818 Absit
2639 1749 2817 1794 autem
2861 1750 2916 1794 ut
2947 1739 2979 1792 ii
3007 1738 3096 1807 qui
3136 1739 3427 1793 secundum
3456 1755 3656 1809 propo-

2077 1832 2235 1884 situm
2273 1831 2443 1884 vocati
2473 1839 2630 1894 sunt,
2675 1845 2808 1899 quos
2845 1829 3150 1899 prazscivit,
3180 1840 3234 1884 ct
3263 1829 3659 1898 praedestinavit

2077 1923 2378 1976 conformes
2411 1923 2652 1988 imaginis
2685 1921 2800 1975 Filii
2827 1923 2908 1976 sui
2938 1923 3111 1992 (liam.
3145 1937 3255 1986 vnt,
3288 1920 3380 1994 29)
3403 1965 3418 1988 ,
3449 1938 3568 1988 suo,
3600 1933 3660 1979 ut

2081 2023 2332 2083 pereant,
2360 2013 2628 2068 desiderio
2653 2013 2985 2068 dimittantur
3013 2013 3052 2065 ί.
3083 2013 3196 2068 lloc
3217 2015 3358 2068 enim
3391 2015 3662 2082 patiuntur

2081 2120 2205 2158 vasa
2230 2105 2320 2158 ira:
2339 2147 2352 2166 ,
2385 2121 2502 2176 quae
2524 2105 2754 2173 perlecta
2783 2113 2904 2158 sunt
2931 2103 2998 2158 ad
3029 2103 3376 2174 perditionem
3409 2122 3424 2158 :
3455 2105 3506 2158 in
3535 2120 3664 2175 quo-

2080 2213 2198 2252 rum
2243 2197 2400 2252 etiam
2439 2197 2549 2266 ipsa
2593 2197 2887 2266 perditione
2917 2206 3070 2251 notas
3111 2195 3236 2250 facit
3265 2197 3406 2252 Deus
3446 2182 3674 2254 divitias.

2081 2289 2261 2360 glorim
2291 2305 2400 2345 sua:
2443 2290 2498 2344 in
2540 2303 2664 2344 vasa
2712 2289 3094 2344 misericordiae
3141 2304 3250 2344 sua:
3297 2289 3411 2359 (Id.
3449 2307 3539 2354 rx,
3568 2291 3662 2359 23,

2081 2379 2193 2448 23).
2243 2380 2467 2450 PrOptcr
2511 2380 2612 2434 hoc
2653 2379 2834 2447 enim,
2875 2396 2996 2434 cum
3031 2379 3286 2444 dixisset.
3335 2379 3474 2436 Deus
3501 2392 3662 2449 meus,

2085 2470 2430 2524 misericordia
2476 2471 2586 2542 ejus
2635 2472 2901 2542 prwueniet
2941 2487 3054 2534 me;
3101 2472 3356 2526 continuo
3403 2473 3664 2540 subjecit.

2085 2556 2222 2617 Deus
2265 2578 2402 2616 meus
2445 2563 2806 2616 demonstravit
2843 2561 2968 2616 mihi
3000 2562 3052 2614 in
3089 2561 3307 2616 inimicis
3341 2563 3463 2617 meis
3489 2561 3664 2631 (Psal.

2086 2667 2244 2718 Lvtn,
2277 2654 2336 2708 tl
2359 2695 2375 2715 ,
2407 2653 2520 2724 12).
2568 2653 2678 2708 Illis
2702 2668 2829 2724 ergo
2857 2653 2907 2707 fit
2940 2653 3082 2724 quod
3105 2653 3361 2724 scriptum
3389 2665 3505 2722 est,
3540 2653 3670 2710 Tra-

2087 2744 2214 2798 didit
2243 2745 2360 2799 illos
2388 2744 2524 2798 Deus
2549 2745 2600 2799 in
2625 2745 2876 2799 desideria
2895 2747 3062 2799 cordis
3085 2761 3257 2800 eorum
3278 2745 3452 2817 (Rom.
3485 2763 3522 2812 l,
3545 2746 3665 2814 ει).

2088 2837 2203 2893 Non
2230 2848 2407 2892 autem
2435 2837 2495 2892 lit
2519 2837 2935 2908 praedestinantis,
2964 2853 3101 2909 quos
3129 2840 3264 2909 regit
3286 2839 3513 2910 Spiritus
3539 2839 3668 2906 Dei;

2089 2934 2339 3002 quoniam
2387 2947 2492 2986 non
2528 2933 2703 2988 inanis
2735 2941 2818 2986 est
2850 2947 2954 2986 vox
2989 2947 3173 2987 eorum
3205 2949 3220 2988 :
3253 2930 3338 2986 Ne
3369 2933 3542 2987 tradas
3569 2949 3668 2998 me,

2091 3022 2338 3087 Domine,
2380 3040 2412 3076 a
2435 3024 2683 3078 desiderio
2723 3039 2834 3078 meo
2857 3023 3104 3094 peccaturi
3131 3022 3304 3092 (Psal.
3335 3038 3558 3088 cxsxu,
3590 3023 3668 3091 9).

2090 3116 2533 3185 Quandoquidem
2579 3126 2634 3172 et
2675 3126 2861 3172 contra
2897 3117 3009 3186 ipsa
3047 3116 3312 3172 desideria
3343 3117 3420 3170 sic
3463 3127 3673 3172 oratum

2091 3218 2201 3272 est,
2241 3220 2299 3264 ut
2325 3209 2593 3264 diceretur
2611 3249 2626 3276 ,
2656 3197 2816 3277 Aufer
2841 3224 2874 3261 a
2899 3223 2978 3262 me
3005 3207 3432 3278 concupiscendus
3467 3208 3671 3273 ventris,

2093 3311 2138 3356 et
2188 3301 2490 3356 desiderium
2533 3301 2827 3354 concubitus
2865 3316 2930 3354 ne
2971 3300 3318 3368 apprehendat
3361 3315 3440 3354 me
3487 3299 3674 3370 (Eccli.

2067 3409 2243 3476 _xxtu,
2274 3392 2350 3471 ti).
2380 3393 2603 3446 Prmstat
2647 3391 2748 3446 hoc
2779 3392 2918 3446 Deus
2946 3391 3048 3444 illis
3073 3405 3208 3460 quos
3232 3389 3477 3444 subditos
3500 3390 3671 3459 regit:

2094 3498 2201 3538 non
2228 3495 2406 3538 autem
2439 3484 2542 3538 illis
2569 3482 2658 3553 qui
2704 3498 2762 3536 se
2793 3481 3014 3536 idoneos
3041 3481 3108 3535 ad
3141 3496 3200 3536 se
3247 3481 3390 3549 ipsos
3415 3479 3680 3550 regendos

2095 3583 2303 3644 putant,
2334 3583 2390 3632 et
2416 3573 2708 3643 pra-fidenti
2729 3571 2938 3628 cervice
2957 3571 3182 3643 propriae
3205 3569 3497 3626 voluntatis
3523 3569 3678 3626 illum

2097 3665 2454 3739 dedignantur
2473 3666 2670 3721 habere
2689 3674 2976 3720 rectorem.

2169 3781 2224 3837 8.
2248 3779 2376 3848 Quze
2395 3795 2516 3834 cmn
2545 3779 2620 3834 ita
2645 3779 2788 3844 siut,
2820 3777 2914 3833 ﬁlii
2941 3777 3031 3832 Dei
3058 3777 3146 3847 qui
3171 3777 3277 3834 hoc
3297 3784 3561 3832 noverunt
3579 3817 3594 3838 ,
3621 3785 3680 3832 et

2100 3889 2159 3932 se
2186 3875 2278 3930 Dei
2306 3873 2504 3943 Spiritu
2533 3873 2644 3943 regi
2673 3881 2728 3927 et
2750 3873 2830 3942 agi
2855 3871 3190 3941 gratulantur
3209 3910 3224 3934 ,
3273 3869 3541 3940 quomodo
3565 3883 3684 3922 mo-

2101 3968 2211 4024 veri
2242 3975 2561 4038 potueruut,
2607 3981 2728 4020 cum
2755 3964 2999 4018 audirent
3033 3963 3115 4016 vel
3145 3962 3382 4032 legerent
3409 3975 3439 4014 a
3466 3958 3686 4030 Pelagio

2103 4060 2396 4128 scriptum,
2442 4075 2463 4110 ι
2493 4055 2692 4113 Omnes
2717 4055 2991 4110 voluntate
3035 4054 3245 4124 propria
3291 4051 3444 4122 regi,
3487 4059 3542 4107 et
3583 4063 3688 4105 suo

2104 4149 2372 4205 desiderio
2422 4162 2851 4218 unumqucmque
2888 4145 3124 4200 dimitti?
3159 4163 3180 4196 ι
3234 4144 3301 4199 Ει
3339 4153 3516 4198 tamen
3561 4143 3686 4211 quia

2105 4243 2462 4310 interrogatus
2507 4239 2576 4293 ab
2621 4238 2921 4308 episcopis,
2969 4235 3096 4306 quid
3144 4236 3266 4290 mali
3310 4241 3565 4289 sonarent
3594 4233 3687 4288 illa

2111 4333 2270 4388 verba
2304 4329 2588 4401 persensit,
2611 4328 2990 4398 responditque
3023 4345 3038 4382 :
3073 4344 3094 4378 ε
3133 4325 3235 4380 hoc
3258 4340 3317 4380 se
3343 4324 3542 4378 dixisse
3563 4335 3690 4394 pro-

2108 4434 2228 4495 pter
2251 4424 2474 4479 liberum
2505 4423 2818 4485 arbitrium;
2854 4438 2874 4468 σ
2923 4421 3178 4476 continuo
3207 4419 3518 4489 subiiciens,
3547 4436 3571 4470 s
3600 4418 3692 4474 ωι

2110 4519 2252 4574 Deus
2295 4515 2507 4584 adjutor
2533 4523 2616 4570 est
2639 4514 2852 4584 eligeuti
2881 4513 3017 4567 bona
3040 4529 3056 4575 ;
3101 4511 3262 4566 homo
3285 4525 3414 4564 vero
3439 4523 3689 4581 peccans,

2111 4609 2225 4680 ipse
2261 4609 2312 4662 in
2337 4607 2492 4676 culpa
2521 4614 2635 4668 est,
2675 4605 2826 4675 quasi
2869 4603 3019 4659 liberi
3055 4603 3261 4658 arbitrii
3293 4619 3306 4656 :
3343 4622 3363 4655 ι
3391 4603 3530 4658 hanc
3553 4616 3696 4668 quo-

2111 4716 2215 4770 que
2239 4698 2556 4753 sententiam
2575 4696 2646 4766 pii
2668 4695 2877 4764 iudices
2899 4693 3277 4764 approbantes.
3297 4708 3460 4764 quam
3483 4693 3698 4746 incauto

2111 4789 2194 4846 vel
2221 4804 2328 4859 quo
2349 4803 2506 4842 sensu
2531 4787 2618 4841 illa
2650 4785 2706 4840 in
2731 4784 2868 4840 libro
2893 4783 3009 4855 eius
3029 4781 3194 4839 verba
3216 4783 3324 4836 sint
3341 4782 3534 4850 posita.
3564 4795 3698 4836 con-

2113 4881 2352 4938 siderare
2379 4879 2464 4935 vel
2486 4893 2726 4948 quzcrere
2750 4876 3075 4942 noluerunt;
3111 4874 3361 4931 sufﬁcere
3385 4873 3699 4928 existiman-

2113 4983 2196 5028 tes
2238 4973 2308 5027 ita
2350 4987 2472 5028 eum
2511 4968 2818 5026 confessum
2847 4982 2967 5024 esse
3010 4966 3235 5022 liberum
3276 4965 3594 5032 arbitrium,
3639 4975 3701 5020 ut

2113 5063 2329 5134 eligenti
2357 5062 2496 5119 bona
2527 5061 2666 5116 Deus
2693 5067 2840 5115 esset
2863 5057 3078 5128 adjutor
3097 5097 3112 5121 ,
3142 5069 3372 5126 peccans
3401 5069 3529 5110 vero
3549 5062 3702 5111 esset

2116 5157 2166 5212 in
2187 5155 2364 5225 culpa,
2395 5152 2585 5208 adhoc
2607 5151 2708 5207 sibi
2737 5149 3033 5206 sufficiente
3056 5148 3266 5218 propria
3297 5146 3590 5202 voluntate.
3620 5148 3703 5202 Ac

2116 5265 2212 5320 per
2246 5248 2348 5303 hoc
2387 5247 2530 5303 Deus
2567 5247 2735 5316 regit,
2773 5243 2966 5314 quibus
3005 5242 3220 5310 adiutor
3259 5249 3344 5296 est
3378 5239 3703 5312 eligentibus

2115 5341 2275 5398 bona.
2315 5340 2382 5396 Et
2410 5338 2529 5394 ideo
2555 5336 2692 5393 bene
2711 5342 2904 5406 regunt
2921 5329 3177 5406 quidquid
3200 5338 3391 5402 regunt
3407 5371 3426 5398 ,
3447 5330 3698 5398 quoniam

2117 5433 2217 5504 ipsi
2244 5439 2501 5503 reguntur
2525 5443 2555 5482 a
2582 5429 2744 5482 bono.

2187 5526 2240 5584 9.
2271 5525 2399 5580 Item
2446 5523 2724 5578 recitatum
2762 5528 2844 5574 est
2867 5515 3008 5590 quod
3044 5515 3098 5574 in
3135 5514 3274 5572 libro
3311 5527 3411 5570 suo
3451 5507 3697 5581 Pelagius

2185 5706 2202 5736 ί
2237 5710 2390 5759 suar.,
2427 5698 2770 5758 pennittmitur.
