4002 6178
257 345 368 404 59.5

262 456 476 534 posuit,
511 474 530 508 ι
569 454 624 510 lu
661 453 750 510 die
771 447 956 524 judicii
999 449 1197 522 iniquis
1237 459 1292 504 et
1335 445 1701 518 peccatoribus
1746 459 1854 500 non

257 564 378 604 esse
405 541 870 618 parecndum,.sed
891 541 1212 598 mterniseos
1235 539 1442 610 ignibus
1469 534 1795 595 exurendos.
1829 553 1849 590 ι

255 639 414 710 Quod
441 638 565 694 ideo
593 635 785 692 fratres
809 643 1072 700 moverat,
1095 643 1154 686 ut
1173 629 1528 700 obiiciendum
1553 633 1850 698 putaretur,

258 730 410 804 quod
463 731 537 784 ita
585 728 788 783 dictum
835 733 952 789 est,
1009 733 1257 794 tanquam
1310 733 1498 775 omnes
1547 727 1855 788 peccatores

257 833 468 881 :cterno
505 827 691 878 essent
729 817 996 888 supplicio
1039 813 1328 885 puniendi,
1373 829 1480 868 non
1509 812 1588 867 eis
1615 811 1854 880 exceptis

257 917 352 988 qui
380 915 786 972 fundamentum
827 910 1026 966 habent
1052 907 1360 969 Christum,
1393 906 1636 974 quamvis
1665 919 1856 973 super-

257 1009 531 1064 tediﬁeent
557 1007 724 1076 ligna,
747 1003 948 1068 fenum,
963 999 1244 1070 stipulam,
1267 999 1334 1054 de
1355 998 1548 1068 quibus
1571 997 1702 1052 dicit
1723 999 1860 1066 Apo-

257 1100 440 1158 stolas
463 1115 478 1152 :
508 1097 572 1154 Si
587 1097 736 1166 cujus
759 1111 888 1164 opus
917 1101 1149 1148 exustum
1175 1090 1362 1160 fuerit,
1385 1087 1738 1143 detrimentum
1765 1103 1859 1157 pa-

260 1193 416 1248 tietur
439 1207 459 1254 ;
485 1191 596 1258 ipse
615 1197 782 1242 autent
804 1185 978 1240 salvus
999 1183 1113 1247 erit,
1137 1183 1212 1237 sic
1231 1191 1398 1235 tamen
1421 1180 1564 1250 quasi
1585 1196 1673 1248 per
1691 1178 1858 1249 ignem

256 1280 306 1354 (l
335 1281 460 1336 Cor.
493 1295 570 1344 ut,
605 1277 715 1344 l5).
755 1275 860 1331 Sed
881 1289 1002 1330 cum
1023 1271 1388 1342 respondisset
1411 1271 1674 1340 Pelagius,
1710 1289 1729 1322 ε
1757 1270 1860 1326 hoc

259 1371 568 1427 secniidum
595 1369 942 1436 Evangelium
967 1380 1026 1420 se
1048 1363 1248 1420 dixisse
1267 1404 1282 1426 ,
1307 1363 1396 1418 ubi
1410 1363 1612 1416 dicitur
1646 1361 1715 1416 de
1745 1377 1860 1430 pec-

259 1461 582 1524 catoribus,
633 1457 728 1512 Illi
776 1458 917 1512 ibunt
957 1456 1009 1511 iu
1060 1453 1363 1524 supplicium
1404 1463 1684 1518 cateruam;
1727 1453 1860 1520 justi

259 1565 468 1618 autem,
512 1555 566 1607 in
608 1552 765 1606 vitam
804 1559 1040 1605 atternam
1075 1567 1095 1600 ι
1128 1546 1342 1620 (Matth.
1368 1561 1472 1600 xxv
1496 1585 1511 1610 ,
1537 1542 1634 1613 46)
1666 1560 1679 1596 :
1711 1544 1859 1598 nullo

267 1646 432 1700 mdo
477 1645 652 1714 patuit
689 1641 997 1698 cbristianis
1033 1638 1301 1708 judicibus
1338 1637 1639 1702 evangelica
1679 1645 1734 1690 et
1761 1637 1860 1690 do-

261 1739 464 1803 miniCa
513 1735 802 1803 displicere
853 1733 1156 1794 sententia,
1217 1729 1578 1785 nescientibus
1630 1728 1753 1797 quid
1803 1728 1855 1780 in

267 1815 448 1892 verbis
473 1826 544 1881 de
579 1825 716 1880 libro
746 1823 942 1893 Pelagii
980 1821 1203 1892 prolatis
1237 1821 1462 1878 moverit
1505 1820 1726 1884 fratres,
1768 1819 1859 1888 qui

266 1918 668 1990 disputationes
694 1914 813 1984 ejus
849 1913 932 1968 vel
960 1912 1342 1981 discipulorum
1377 1911 1494 1979 ejus
1515 1910 1699 1962 audire
1727 1925 1858 1963 con-

265 2017 594 2073 sueverunt;
638 2005 851 2076 quando
879 2006 962 2064 bis
987 2003 1296 2059 absentibus
1339 2003 1428 2070 qui
1473 2002 1706 2056 libellum
1733 2016 1860 2055 con-

269 2112 354 2156 tra
380 2100 654 2168 Pelagium
681 2107 870 2152 sancto
889 2097 1142 2165 episc0po
1170 2094 1395 2164 Eulogio
1423 2093 1702 2154 dederunt,
1735 2092 1860 2147 nulo

268 2193 354 2247 lus
393 2190 655 2260 urgebat,
700 2197 758 2252 ut
798 2195 1103 2257 peccatores
1145 2201 1243 2256 per
1279 2185 1455 2255 ignem
1502 2182 1785 2238 salvandos
1827 2196 1859 2237 a

269 2283 888 2354 peccatoribusmterno
923 2275 1184 2350 supplicio
1225 2275 1506 2347 puniendis
1548 2275 1724 2345 aliqua
1768 2289 1864 2329 ex-

271 2375 520 2444 ceptione
547 2371 933 2441 distingueret,
973 2378 1032 2430 et
1063 2367 1311 2424 comedo
1339 2366 1751 2435 intelli‘gentibus
1771 2364 1862 2434 ju-

273 2463 478 2519 dicibus
503 2479 604 2517 cur
629 2461 788 2516 fuerit
813 2459 1234 2529 illudobjectum,
1266 2457 1312 2512 si
1331 2456 1496 2514 nollet
1515 2457 1860 2526 distinguere,

275 2556 466 2609 merito
493 2553 820 2620 culparetur.

349 2643 434 2700 i0.
463 2643 618 2712 Quod
641 2652 822 2696 autem
847 2639 1053 2708 addidit
1081 2639 1360 2709 Pelagius,
1396 2657 1416 2690 ‹
1449 2638 1514 2693 Ει
1541 2637 1586 2692 si
1616 2637 1735 2706 quis
1762 2636 1864 2690 ali-

278 2743 359 2788 ter
381 2735 588 2799 credit,
621 2732 920 2802 Origenista
947 2739 1030 2785 est
1059 2747 1072 2784 :
1109 2748 1128 2783 ι
1163 2729 1267 2784 hoc
1291 2737 1611 2798 acceperunt
1629 2727 1860 2797 judices,

277 2825 415 2894 quod
443 2839 628 2880 revera
668 2823 720 2876 in
747 2822 976 2891 Origene
1012 2821 1322 2891 dignissime.
1361 2819 1658 2874 detestatur
1681 2818 1868 2874 Eccle-

278 2916 376 2984 sia,
407 2916 460 2970 id
482 2925 590 2982 est,
613 2915 756 2986 quod
781 2915 941 2970 etiam
968 2913 1040 2969 illi
1066 2927 1202 2983 quos
1231 2911 1489 2968 Dominus
1509 2909 1639 2966 dicit
1663 2919 1865 2965 aeterno

283 3010 546 3080 supplicio
591 3009 924 3078 puniendos,
967 3017 1022 3062 et
1061 3009 1176 3077 ipse
1211 3007 1453 3070 diabolus
1489 3015 1650 3076 atque
1687 3005 1864 3075 angeli

279 3101 410 3171 ejus,
440 3111 560 3170 post
589 3110 800 3170 tempus
832 3101 950 3156 licet
973 3101 1234 3170 prolixum
1257 3099 1462 3170 purgati
1491 3098 1862 3154 liberabtmlur

279 3195 512 3261 arteriis
535 3233 550 3256 ,
597 3203 652 3248 et
677 3193 877 3246 sanctis
914 3207 1034 3262 eum
1077 3192 1188 3258 Deo
1231 3171 1572 3261 regmntibus
1613 3192 1868 3247 societate

282 3283 629 3341 beatitudinis
665 3283 1040 3338 adhaerebunt.
1085 3282 1199 3348 Hoc
1247 3295 1376 3352 ergo
1421 3281 1670 3352 Synodus
1707 3279 1864 3348 dixit,

287 3395 306 3428 ι
339 3377 574 3432 alienum
621 3390 726 3430 non
771 3389 890 3432 esse
931 3373 1000 3428 ab
1045 3373 1317 3438 Ecclesia,
1355 3389 1377 3426 ι
1420 3387 1528 3426 non
1573 3371 1866 3428 secundum

284 3469 552 3540 Pelagium
577 3509 596 3534 ,
634 3467 728 3523 sed
767 3467 944 3537 potius
985 3465 1278 3522 secundum
1313 3466 1692 3536 Evangelium,
1722 3465 1866 3535 quod

284 3561 410 3616 tales
435 3561 606 3628 iniqui
647 3568 702 3615 et
727 3568 1035 3630 peccatores
1059 3559 1273 3614 aeternis
1299 3557 1510 3628 ignibus
1552 3568 1862 3625 exurentur,

282 3653 462 3723 quales
502 3653 592 3708 tali
635 3653 894 3720 supplicio
937 3651 1127 3722 dignos
1157 3650 1366 3720 jodicat
1391 3651 1767 3722 Evangelium;
1811 3658 1868 3705 et

282 3741 422 3812 quod
468 3741 857 3798 detestabiliter
904 3757 1025 3796 cum
1071 3742 1302 3812 Origene
1347 3741 1580 3806 sentiat,
1623 3741 1866 3812 quisquis

282 3835 476 3890 dixerit
497 3835 782 3904 aliquando
805 3850 988 3890 eorum
1015 3833 1153 3888 ﬁniri
1175 3848 1332 3904 posse
1359 3833 1697 3909 supplicium,
1723 3833 1865 3904 quod

287 3926 540 3980 Dominus
566 3926 702 3982 dixit
738 3937 1024 3980 internum.
1070 3925 1146 3980 De
1187 3924 1292 3979 illis
1319 3941 1446 3980 vero
1473 3927 1862 3994 peccatoribus,

283 4031 414 4085 quos
440 4016 570 4071 dicit
599 4017 884 4084 Apostolus
902 4059 916 4082 ,
957 4024 1148 4072 exusto
1172 4031 1357 4084 eorum
1383 4032 1544 4086 opere
1563 4059 1579 4080 ,
1618 4027 1886 4089 tanquam'

283 4124 380 4178 per
418 4110 598 4180 ignem
627 4109 806 4164 salvos
833 4109 1036 4165 futiiros
1057 4151 1075 4177 ,
1114 4111 1365 4178 quoniam
1408 4110 1536 4166 nihil
1563 4110 1775 4178 Pelagio
1799 4111 1870 4167 de

287 4203 352 4258 iis
375 4203 660 4258 evidenter
677 4203 946 4270 objectum
975 4211 1097 4267 est,
1125 4202 1258 4260 nihil
1285 4202 1674 4272 judicavcrttnt.
1719 4203 1866 4268 Qua-

287 4307 526 4366 propter,
556 4297 648 4367 qui
679 4296 806 4351 dicit
835 4295 1044 4364 iniquos
1069 4303 1126 4348 et
1155 4304 1480 4364 peccatores,
1507 4310 1640 4364 quos
1665 4304 1868 4350 interno

287 4389 548 4460 supplicio
571 4389 770 4444 veritas
791 4387 1044 4453 damnat,
1073 4387 1360 4458 aliquando
1395 4386 1520 4442 inde
1549 4401 1704 4456 posse
1733 4388 1868 4443 libea-

289 4483 433 4548 rari,
480 4497 589 4538 non
637 4479 1076 4537 incenvenientcr
1099 4495 1220 4534 eum
1245 4479 1492 4549 Pelagius
1511 4478 1868 4550 Origcnistam

287 4581 488 4628 vocat:
520 4571 616 4628 sed
660 4585 885 4637 rursus,
927 4571 1019 4640 qui
1063 4571 1265 4625 nullum
1313 4579 1646 4639 peccatorcm
1683 4570 1735 4624 in
1777 4569 1874 4626 Dei

282 4661 485 4733 judicio
530 4660 892 4718 misericordia
928 4660 1146 4731 dignum
1183 4659 1480 4726 existimat,
1523 4659 1664 4734 quod
1689 4660 1799 4715 vult
1822 4660 1872 4716 ei

289 4770 490 4810 nomen
519 4753 792 4822 imponat,
837 4752 963 4808 dum
993 4763 1168 4808 tamen
1194 4760 1249 4808 et
1275 4751 1416 4807 hunc
1439 4767 1674 4808 errorem
1702 4752 1876 4808 eccle-

288 4847 504 4902 siastica
527 4845 752 4900 veritate
789 4860 897 4906 non
936 4843 1101 4914 recipi
1133 4843 1410 4912 intelligat.
1439 4842 1702 4900 iudicium
1727 4844 1872 4898 enim

285 4940 407 4996 sine
434 4936 802 5003 misericordia
825 4937 919 4993 ﬁet
935 4935 1036 5001 illi,
1059 4935 1149 5006 qui
1171 4950 1283 4992 non.
1305 4933 1430 4991 fecit
1455 4934 1871 4992 misericordiam

289 5030 494 5104 (Jacobi
517 5046 578 5096 lt,
613 5029 730 5099 15).

363 5123 452 5177 li.
483 5119 765 5189 Quomodo
789 5127 968 5176 autem
1008 5117 1104 5176 ﬁet
1127 5117 1230 5174 hoc
1259 5117 1516 5187 judicium
1535 5159 1552 5183 ,
1581 5115 1798 5175 difﬁcile
1821 5119 1875 5174 in

285 5212 582 5283 Scripturis
617 5212 820 5274 sanctis
861 5209 1241 5282 comprehendi
1289 5217 1508 5278 potest:
1539 5209 1708 5265 modis
1732 5211 1876 5266 enim

285 5305 476 5362 multis
497 5305 848 5373 signiﬁcatur,
873 5302 1138 5372 quoduno
1159 5300 1317 5356 modo
1338 5300 1567 5356 futurum
1589 5311 1689 5356 est.
1714 5301 1876 5357 Nam-

283 5413 402 5469 que
441 5395 730 5468 aliquando
772 5395 902 5451 dicit
946 5394 1202 5452 Dominus
1245 5393 1502 5448 adversus
1527 5409 1622 5450 eos
1658 5409 1796 5464 quos
1824 5395 1876 5450 in
1937 5475 1942 5480 ι

282 5505 448 5548 suum
464 5505 689 5562 regnum
715 5505 824 5546 non
845 5486 1053 5558 recipit,
1083 5487 1276 5544 ostium
1295 5501 1354 5542 se
1375 5487 1678 5542 clausurum
1701 5487 1740 5554 ί,
1764 5487 1877 5542 cla-

282 5583 670 5655 mantibusque
711 5582 816 5638 illis
853 5590 909 5638 et
949 5580 1276 5643 dicentibus,
1320 5579 1474 5649 Aperi
1503 5581 1681 5647 nobis;
1705 5581 1758 5634 in
1787 5598 1882 5636 no-

281 5678 431 5729 mine
477 5684 560 5729 tuo
602 5673 1018 5728 manducaaimu:
1045 5681 1092 5726 et
1131 5671 1343 5726 bibimus
1365 5710 1382 5737 ,
1431 5679 1486 5724 et
1524 5681 1714 5725 ctetcra
1758 5687 1876 5741 quae

362 5807 379 5835 ⁸
417 5811 462 5854 ω
485 5806 836 5867 [osi-:riuribtts
867 5813 1052 5855 tantum
1074 5802 1378 5856 mlitionibm.
1407 5803 1701 5856 (laesurum.

1687 329 1887 388 UBER
1927 329 2124 390 UNUS.

3445 351 3550 406 ’δῖε

1967 442 2085 499 illos
2105 445 2290 505 dicere
2312 451 2562 520 scriptum
2586 460 2688 520 est,
2713 467 2772 508 se
2793 467 3194 525 responsurum,
3227 441 3414 513 Nescio
3435 475 3542 528 vos,

1960 534 2049 608 qui
2089 541 2366 610 operamini
2405 543 2714 614 iniquitatem
2751 545 2900 617 (Luc.
2939 562 3070 614 xm,
3113 547 3184 603 26
3207 589 3222 614 ,
3271 549 3384 618 27).
3433 552 3548 606 Ali-

1965 635 2178 700 quando
2217 633 2488 704 iussurum
2528 653 2588 692 se
2627 647 3041 707 commemorat,
3070 651 3126 694 ut
3163 640 3214 695 hi
3241 643 3329 711 qui
3361 641 3520 696 nolue

1967 729 2091 774 runt
2117 738 2236 776 eum
2267 741 2516 794 regnare,
2548 727 2647 780 sibi
2675 728 3038 796 adducantur,
3081 739 3136 786 et
3163 733 3546 788 interiiciantur

1965 826 2144 868 coram
2177 815 2266 869 illo
2291 815 2401 884 (Id.
2432 833 2550 884 xix,
2576 819 2692 885 27).
2738 823 3035 891 Aliquando
3064 835 3342 878 venturum
3372 841 3429 880 se
3459 827 3544 878 di-

1961 906 2039 959 cit
2059 919 2178 959 eum
2211 909 2426 978 Angelis
2449 911 2557 964 suis
2584 911 2636 964 in
2667 913 2942 980 majestate
2968 930 3060 970 son
3079 958 3091 977 ,
3127 926 3187 971 ιιι
3213 921 3542 986 congregan-

1968 1004 2054 1048 tur
2076 1006 2200 1050 ante
2240 1014 2359 1050 eum
2401 1015 2587 1054 omnes
2615 1011 2800 1069 gentes
2821 1043 2836 1066 ,
2883 1011 2937 1058 et
2961 1005 3158 1059 dividat
3179 1022 3302 1066 eas.
3335 1017 3388 1062 et
3411 1008 3544 1060 alios

1956 1098 2129 1156 ponat
2151 1089 2214 1142 ad
2242 1089 2512 1145 dexteram
2539 1133 2553 1156 ,
2597 1108 2819 1162 quorum
2865 1096 3000 1150 bona
3030 1111 3187 1161 opera
3215 1113 3544 1152 commemo-

1958 1193 2128 1244 rans,
2179 1183 2459 1248 reportet‘
2489 1183 2540 1236 in
2592 1185 2751 1237 vitam
2781 1195 3072 1252 a-ternam;
3123 1189 3256 1242 alios
3301 1190 3368 1242 ad
3413 1191 3540 1244 sini-

1962 1278 2162 1337 stram,
2206 1273 2400 1340 quibus
2439 1273 2698 1329 bonorum
2743 1279 3072 1332 sterilitatem
3123 1281 3420 1344 imputans,
3452 1289 3548 1336 eos

1965 1369 2168 1416 aeterno
2213 1364 2333 1432 igne
2373 1354 2946 1440 condentnet‘Ulottlt.
2987 1387 3124 1431 xxv,
3167 1372 3382 1440 51-46).
3439 1373 3550 1426 Ali-

1960 1453 2176 1522 quando
2219 1470 2429 1509 servum
2480 1473 2702 1525 nequam
2751 1468 2807 1512 et
2851 1459 3091 1530 pigrum,
3139 1463 3227 1529 qui
3269 1463 3548 1531 pecuniam

1965 1543 2080 1611 ejus
2111 1545 2339 1612 neglexit
2367 1546 2672 1614 impendere
2699 1546 2846 1618 (Luc.
2881 1566 2998 1614 xix,
3029 1551 3216 1620 ﬂii-Si)
3236 1594 3250 1616 ,
3286 1555 3365 1606 vel
3388 1555 3546 1608 etiam

1969 1635 2234 1688 hominem
2285 1637 2554 1690 inventum
2603 1639 2654 1691 in
2699 1641 2944 1693 convivio
2990 1656 3091 1693 non
3134 1641 3411 1696 balantem
3457 1659 3551 1697 ve-

1967 1735 2100 1778 stem
2143 1727 2435 1795 nuptialem
2461 1768 2478 1794 ,
2524 1729 2676 1798 jubet
2723 1731 2896 1802 ligatis
2939 1734 3183 1788 manibus
3225 1743 3278 1788 et
3327 1735 3550 1802 pedibus
3634 1728 3652 1742 ’

1965 1818 2102 1872 mitti
2158 1819 2208 1872 in
2267 1821 2513 1874 tenebras
2567 1823 2882 1878 exteriores.
2940 1825 3239 1894 Aliquando
3287 1828 3549 1896 susceptis

1963 1912 2200 1978 quinque
2249 1912 2638 1980 prudentibus,
2693 1919 2888 1969 ostium
2943 1927 3129 1971 contra
3180 1918 3370 1971 stultas
3415 1920 3548 1974 alias

1967 2002 2203 2068 quinque
2235 2003 2466 2071 virgines
2502 2005 2694 2059 claudit
2725 2006 2936 2077 (Matth.
2967 2025 3067 2061 xxv
3093 2051 3106 2073 ,
3139 2009 3346 2081 10-12).
3403 2010 3546 2077 iltcc,

1966 2092 2092 2145 etsi
2131 2092 2254 2162 quid
2289 2103 2370 2146 est
2400 2095 2540 2148 aliud
2570 2096 2712 2164 quod
2749 2097 2799 2150 in
2841 2100 3121 2166 praesentia
3161 2116 3265 2152 non
3293 2101 3544 2165 occurrit,

1967 2181 2035 2239 de
2078 2181 2276 2252 judicio
2317 2185 2566 2240 dicuntur
2604 2187 2818 2251 futuro,
2871 2189 3052 2258 utique
3097 2205 3200 2244 non
3237 2191 3288 2244 in
3333 2207 3438 2244 uno
3463 2193 3551 2248 vel

1967 2276 2218 2346 quinque,
2258 2277 2356 2339 sed
2379 2279 2431 2332 in
2466 2281 2643 2333 multis
2667 2281 2986 2336 exercendo.
3016 2282 3145 2336 Nam
3177 2284 3219 2336 si
3253 2297 3388 2336 unus
3409 2292 3554 2340 esset

1971 2367 2058 2434 qui
2081 2367 2150 2422 de
2178 2369 2441 2431 convivio.
2473 2371 2612 2439 quod
2638 2387 2742 2425 non
2767 2371 2993 2427 habebat
3015 2385 3214 2427 vestem
3239 2375 3550 2443 nuptialem,

1969 2456 2024 2511 in
2055 2458 2301 2512 tenebras
2338 2458 2519 2527 jussus
2541 2470 2624 2514 est
2664 2463 2796 2514 mitti
2824 2479 2840 2528 ;
2886 2478 2990 2516 non
3019 2465 3272 2518 continuo
3295 2480 3552 2533 sequere-

1971 2555 2072 2614 tur,
2105 2561 2158 2604 et
2181 2550 2384 2606 diceret
2419 2551 2574 2606 Multi
2596 2555 2727 2606 enim
2753 2565 2870 2608 sunt
2895 2557 3072 2618 vocati,
3097 2557 3247 2626 pauci
3275 2572 3387 2610 vero
3413 2558 3557 2613 electi

1973 2634 2082 2709 (1d.
2125 2655 2264 2706 xxii,
2314 2639 2498 2712 li-H)
2533 2659 2546 2695 :
2579 2658 2700 2696 cum
2747 2645 2920 2713 potius
2962 2661 3067 2698 uno
3117 2645 3352 2714 projt-cto
3396 2657 3556 2716 atque

1972 2725 2226 2781 datnuato
2250 2769 2266 2791 ,
2317 2731 2466 2783 multi
2498 2733 2549 2783 in
2575 2731 2734 2784 domo
2759 2734 3079 2788 remansisse
3111 2735 3406 2790 viduantur.
3447 2737 3555 2792 Sed

1973 2815 2042 2872 de
2060 2818 2143 2871 his
2164 2819 2410 2874 omnibus
2434 2835 2574 2886 nunc
2595 2831 2848 2888 quantum
2875 2824 3003 2876 satis
3027 2832 3109 2876 est
3139 2825 3410 2892 disputare
3437 2843 3558 2896 per-

1982 2907 2194 2976 longum
2215 2918 2317 2963 est.
2349 2909 2460 2964 lloc
2488 2923 2662 2964 tamen
2687 2912 3158 2980 breviterpossum
3187 2913 3366 2968 dicere
3384 2957 3399 2978 ,
3439 2917 3558 2971 sine

1979 2998 2285 3067 prwjudicio
2309 2999 2468 3070 (quod
2499 3001 2550 3054 in
2581 3003 2898 3070 pecuniariis
2929 3003 3220 3057 rationibus
3240 3003 3344 3058 dici
3372 3005 3554 3076 solet},

1977 3089 2216 3144 melioris
2243 3091 2618 3158 discussionis,
2651 3107 2811 3145 unmn
2838 3093 3068 3161 aliquem
3105 3095 3286 3162 judicii
3315 3095 3555 3164 modum,

1975 3179 2066 3250 qui
2093 3190 2178 3236 est
2215 3181 2574 3238 inscrutabilis
2602 3185 2790 3250 nobis,
2821 3195 3029 3240 servata
3060 3186 3314 3240 duntaxat
3343 3188 3392 3240 iu
3423 3205 3560 3257 pne-

1977 3272 2102 3328 niiis
2121 3283 2175 3328 et
2201 3275 2372 3342 pomis
2395 3275 2701 3330 diversitate
2727 3277 3034 3330 meritorum
3055 3317 3070 3340 ,
3103 3278 3282 3331 inultis
3305 3295 3397 3348 per
3415 3279 3560 3334 Scri-

1977 3374 2159 3434 pturas
2194 3375 2408 3420 sanctas
2447 3365 2732 3435 signiﬁcari
2771 3366 2964 3420 modis.
3014 3367 3166 3433 Quod
3209 3381 3385 3424 autem
3433 3370 3558 3426 huic

1973 3469 2188 3522 cause,
2237 3456 2306 3534 de
2345 3472 2449 3528 qua
2492 3472 2636 3512 nunc
2670 3459 2876 3528 agitur,
2925 3458 3053 3511 satis
3092 3466 3175 3514 est
3205 3475 3220 3513 :
3245 3459 3291 3514 si
3335 3461 3558 3515 dixisset

1976 3546 2242 3617 Pelagius,
2283 3561 2472 3601 omnes
2517 3548 2737 3602 omnino
2779 3557 3088 3618 peccatores
3111 3561 3314 3604 aeterno
3341 3551 3463 3621 igne
3499 3560 3556 3607 et

1974 3647 2174 3694 aeterno
2194 3638 2452 3707 supplicio
2479 3625 2774 3707 puniendos
2797 3654 2812 3704 ;
2834 3639 3074 3709 quisquis
3102 3640 3150 3694 id
3181 3640 3436 3710 judicium
3468 3642 3554 3712 (α)

1974 3729 2359 3798 approbasset,
2400 3729 2536 3784 inse
2569 3729 2740 3798 ipsum
2783 3729 3032 3797 primitus
3067 3731 3387 3784 sententiam
3431 3743 3559 3800 pro-

1975 3819 2200 3872 tulisset.
2246 3817 2372 3883 Quis
2391 3819 2536 3872 enim
2571 3819 2869 3890 gloriabitur
2892 3834 2946 3872 se
2968 3821 3212 3871 nmudmn
3239 3835 3346 3874 esse
3370 3837 3403 3873 α
3431 3837 3556 3892 pec-

1979 3911 2102 3966 cati:
2127 3907 2308 3982 (Prov.
2335 3925 2427 3975 xx,
2456 3909 2510 3972 9,
2539 3926 2640 3964 sec.
2668 3909 2872 3983 LXX)?
2916 3912 3047 3978 Quia
3074 3924 3199 3964 vero
3230 3925 3326 3964 nec
3367 3925 3558 3968 onines

1981 4001 2152 4068 dixit,
2183 4017 2284 4058 nec
2307 4003 2586 4072 quosdam,
2629 4001 2722 4056 sed
2764 4001 3035 4056 indeﬁnite
3074 4001 3325 4069 posuit‘,
3367 4010 3422 4056 et
3459 4001 3562 4058 hoc

1983 4095 2670 4164 secundum'Evangeiium
2715 4108 2774 4147 se
2815 4093 3012 4146 dixisse
3059 4093 3331 4160 respondit
3370 4110 3384 4146 :
3429 4108 3558 4148 vera

1975 4184 2192 4255 quidem
2232 4185 2496 4238 sententia
2537 4181 2823 4251 episcopali
2853 4179 3288 4242 estconﬁrmata
3319 4180 3554 4252 judicio;

1976 4276 2070 4330 sed
2115 4275 2288 4330 adhuc
2330 4274 2458 4344 quid
2501 4272 3004 4337 sentiat‘Pclagius
3045 4287 3156 4328 non
3191 4283 3414 4344 apparet
3439 4317 3453 4339 ,
3503 4283 3562 4332 et

1977 4378 2098 4438 post
2127 4367 2228 4421 hoc
2253 4366 2412 4420 etiam
2435 4362 2738 4434 episcopale
2768 4362 3025 4434 judicium
3049 4379 3154 4418 non
3178 4365 3514 4435 impudenter
3531 4365 3556 4400 ⁸

1897 4472 1910 4485 ‘
1978 4461 2280 4531 inquiritur.

2046 4549 2275 4606 CAPUT
2312 4546 2402 4604 iV.
2423 4577 2502 4590 —
2524 4545 2612 4601 12.
2642 4545 2918 4616 Objeclum
2949 4557 3032 4602 est
3063 4556 3119 4602 et
3153 4544 3280 4603 illml
3321 4549 3558 4622 Pelagio,

1977 4650 2226 4712 tanquam
2257 4642 2310 4696 in
2338 4655 2436 4696 suo
2452 4641 2589 4696 libro
2607 4640 2899 4709 scripserit,
2938 4657 2958 4690 ι
2982 4640 3174 4694 Malum
3208 4657 3304 4697 nec
3331 4644 3382 4696 in
3409 4645 3558 4713 cogi-

1979 4736 2234 4792 tationem
2275 4733 2475 4788 venire.
2502 4751 2522 4787 ι
2570 4732 2863 4802 Respondit
2905 4740 3105 4794 autem,
3152 4752 3172 4784 ι
3199 4734 3308 4788 iioc
3345 4751 3446 4788 non
3488 4739 3558 4790 itu

1981 4827 2287 4896 posuimus:
2317 4823 2408 4879 sed
2428 4823 2680 4887 diximus,
2706 4823 2902 4878 debere
2931 4823 3146 4877 studere
3173 4823 3557 4891 Christianum,

1982 4930 2050 4972 ne
2075 4915 2211 4970 male
2235 4915 2430 4984 cogitet
2453 4932 2467 4969 :
2497 4933 2516 4966 υ
2537 4911 2703 4984 quod,
2735 4913 2874 4967 sicut
2895 4912 3090 4974 decuit,
3118 4912 3352 4982 episcopi
3373 4929 3560 4984 appro-

1981 5007 2194 5063 barunt.
2225 5006 2356 5074 Quis
2378 5006 2518 5060 enim
2549 5003 2774 5069 dubitat,
2787 5004 2996 5056 malum
3024 5003 3244 5072 cogitari
3268 5019 3372 5056 non
3398 5018 3564 5074 opor-

1983 5099 2132 5154 tere‘i
2173 5097 2241 5152 Et
2277 5111 2461 5152 revera
2502 5096 2553 5150 in
2591 5095 2726 5148 libro
2754 5108 2852 5147 suo
2883 5093 3022 5162 quod
3059 5094 3154 5159 ait,
3188 5111 3208 5146 ι
3233 5095 3428 5150 malum
3462 5113 3564 5154 nec

1984 5180 2225 5260 cogitari,
2254 5205 2275 5240 ι
2309 5187 2352 5241 si
2380 5187 2450 5242 ita
2480 5185 2684 5256 legitur,
2722 5201 2742 5236 ι
2763 5198 2863 5238 nec
2897 5183 3233 5255 cogitandum
3272 5187 3508 5258 quidem,
3538 5211 3556 5244 ι

2048 5324 2121 5390 (a)
2153 5331 2312 5378 Forte.
2327 5320 2576 5387 judicum.

2051 5431 2068 5463 ι
2108 5429 2262 5491 \-'ign.,
2289 5433 2502 5491 reportat.
2526 5432 2664 5491 Forte
2687 5422 2968 5487 legendum,
2978 5437 3076 5491 eos
3095 5433 3265 5491 portet.

2051 5492 2072 5523 θ
2107 5485 2300 5552 Ιῃίδιέε.
2347 5495 2399 5552 et
2441 5489 2490 5537 in
2535 5487 2663 5536 Veis.
2702 5485 2759 5537 et
2802 5485 3276 5552 Suar.'legebatur,
3329 5491 3420 5543 sed
3473 5505 3566 5544 nec

1987 5548 2234 5612 indeﬁnite
2256 5548 2426 5613 posuit.

2054 5616 2075 5647 ³
2101 5607 2265 5677 ξιὶαεηί
2299 5621 2402 5661 Mss.
2449 5615 2502 5660 et
2539 5607 2666 5677 Veis.
2709 5616 2760 5677 et
2791 5617 2923 5677 suar.
2948 5645 2978 5677 ,Α
3003 5611 3095 5677 sed
3126 5612 3347 5677 adhttcne
3377 5615 3565 5677 aliquid

1989 5673 2176 5729 sentitu.
2215 5681 2354 5724 Forte
2389 5684 2514 5735 pro,
2563 5673 2650 5722 sed
2683 5671 2878 5722 aliudue
2909 5671 3096 5735 aliquid
3137 5675 3322 5726 mitior.

1993 5802 2026 5851 ά
2054 5740 2076 5770 δ
2087 5737 2180 5848 ἑῆς
2196 5735 2322 5785 Veis.
2339 5742 2473 5786 Sunt.
2500 5741 2553 5784 et
2567 5741 2673 5785 Mss.
2708 5742 2762 5786 Αι
2797 5737 3092 5795 [ιοεῑετὶοι-ρε
3115 5738 3366 5800 editiones,
3391 5737 3574 5801 Impru-

2028 5813 2085 5850 rn
2123 5812 2174 5848 τ.

2028 5806 2157 5850 ρηιιτ
2164 5836 2174 5848 .
