4002 6178
421 426 525 483 hoc
564 425 788 498 intelligi
825 424 1020 492 solet',
1052 423 1249 480 malum
1280 438 1379 480 nec
1405 422 1625 494 cogitari
1655 421 1851 477 debere
1889 421 2009 490 qni-

420 519 564 574 dem.
591 519 704 576 Hoc
728 526 906 574 autem
935 517 1025 589 qui
1055 525 1230 588 negat,
1249 516 1376 586 quid
1399 515 1543 570 aliud
1563 515 1711 581 dicit,
1729 528 1887 584 quam
1912 513 2012 569 de-

419 610 549 666 bere
572 609 793 682 cogitari
822 609 1060 664 malum?
1083 607 1234 676 Quod
1255 608 1304 663 si
1328 623 1513 663 verum
1541 616 1704 672 esset,
1735 621 1843 660 non
1863 605 2010 660 dice-

419 711 570 756 retur
602 701 655 756 in
694 699 850 756 laude
886 700 1181 765 charitatis,
1219 698 1342 753 Non
1379 699 1564 769 cogitat
1595 697 1788 750 malum
1817 697 1859 764 (Ι
1885 695 2008 752 Cor.

424 805 557 858 xm,
599 791 671 862 5)
721 789 918 846 «Νοιι³
965 789 1192 846 veniret
1239 798 1416 844 tamen
1461 788 1558 842 sin
1588 786 2006 858 cogitationem»

419 881 688 951 iustorum
719 889 879 951 atque
898 887 1228 946 sanctorum,
1259 880 1380 934 ideo
1405 894 1510 940 non
1541 888 1645 932 tam
1679 877 1844 948 probe
1859 891 2010 932 asse-

420 973 576 1040 ritur,
605 973 728 1044 quia
747 972 998 1042 cogitatio
1025 971 1204 1026 vocari
1233 971 1372 1026 solet
1388 971 1548 1026 etiam
1579 985 1702 1024 cum
1731 967 1926 1038 aliquid
1955 968 2012 1023 in

423 1072 658 1119 mentem
681 1063 850 1130 venit,
876 1063 978 1118 etsi
1006 1061 1290 1118 consensio
1312 1077 1422 1116 non
1445 1066 1719 1130 sequatur.
1751 1057 2012 1128 Cogitatio

423 1172 552 1212 vero
587 1173 704 1228 qua:
743 1157 952 1226 culpam
997 1155 1296 1222 contrahit,
1337 1163 1396 1212 et
1433 1155 1626 1210 merito
1666 1153 2008 1224 prohibetur,

421 1249 778 1306 consensione
796 1264 902 1306 non
923 1258 1092 1306 caret.
1119 1249 1298 1304 Potuit
1316 1264 1446 1320 ergo
1472 1248 1588 1303 ﬁeri
1618 1255 1678 1302 ut
1695 1245 2011 1302 mendosum

423 1338 662 1395 codicem
705 1341 957 1411 legerent,
991 1340 1082 1410 qui
1123 1340 1224 1395 hoc
1266 1339 1335 1394 ita
1374 1336 1729 1408 obiiciendum
1768 1335 2011 1392 arbitrati

424 1439 571 1496 sunt,
596 1439 846 1500 tanquam
875 1430 1120 1500 Pelagius
1141 1429 1357 1492 dixerit,
1397 1447 1418 1480 ι
1442 1428 1634 1482 Malum
1662 1441 1763 1483 nec
1790 1428 1842 1482 in
1867 1426 2014 1498 cogi-

425 1520 680 1576 tationem
714 1519 896 1576 venire
915 1562 930 1588 ,
957 1540 977 1574 ι
1008 1520 1060 1575 id
1083 1529 1186 1586 est,
1207 1520 1365 1592 iustis
1391 1531 1446 1576 et
1470 1519 1670 1576 sanctis
1693 1519 1748 1574 in
1771 1527 2008 1576 mentem

424 1629 531 1668 non
563 1615 746 1670 venire
774 1615 916 1685 quod
943 1615 1139 1670 malum
1174 1624 1276 1669 est.
1321 1613 1453 1682 Quze
1479 1613 1742 1669 sententia
1770 1609 2012 1682 profecto

423 1702 804 1760 absurdissima
832 1713 956 1768 est;
1006 1719 1128 1760 cum
1173 1705 1314 1760 enim
1359 1703 1496 1758 mala
1538 1701 2009 1774 reprehendimus,

425 1793 527 1848 nisi
550 1795 777 1864 cogitata
798 1795 977 1850 verbis
1001 1795 1282 1850 enuntiare
1307 1809 1410 1850 non
1444 1807 1724 1864 possumus
1747 1811 1762 1848 :
1783 1791 1878 1848 sed
1899 1792 2008 1858 illa,

425 1894 486 1940 ut
512 1886 762 1952 diximus,
795 1887 1071 1958 culpabilis
1099 1886 1400 1958 appellatur
1432 1886 1686 1958 cogitatio
1717 1885 1864 1952 mali,
1889 1900 2012 1957 qua:

425 1979 834 2032 consensionem
863 1977 1044 2032 trahit.

496 2067 722 2122 CAPUT
760 2067 825 2122 V.
849 2069 1024 2122 -15.
1068 2065 1201 2123 Cum
1246 2081 1375 2138 ergo
1416 2075 1471 2122 et
1509 2067 1646 2122 hanc
1684 2066 1882 2137 Pelagii
1925 2081 2014 2122 re-

425 2159 769 2229 sponsionem
789 2157 996 2228 iudices
1013 2157 1420 2228 approbassem,
1441 2157 1719 2212 recitatum
1744 2165 1828 2213 est
1843 2155 2009 2224 aliud,

425 2247 565 2318 quod
593 2248 644 2302 in
671 2262 769 2303 suo
795 2247 975 2303 libello
995 2247 1228 2317 scripsit,
1263 2266 1283 2300 t
1311 2247 1548 2317 Regnum
1573 2248 1828 2304 caelorum
1851 2247 2010 2304 etiam

427 2339 480 2393 in
505 2337 684 2395 Veteri
703 2338 1042 2394 Testamento
1061 2339 1430 2408 promissum.)
1463 2337 1542 2393 Ad
1567 2338 1708 2408 quod
1731 2337 2010 2410 Pelagius:

433 2451 452 2483 ι
472 2431 582 2486 Hoc
609 2441 662 2486 et
689 2447 782 2501 per
809 2430 1107 2501 Scripturas
1130 2430 1339 2501 probari
1363 2430 1613 2501 possibile
1635 2439 1720 2486 est
1740 2447 1755 2484 :
1775 2429 2013 2488 haeretici

432 2533 610 2579 autem
655 2525 706 2578 in
733 2525 980 2593 iniuriam
1021 2523 1225 2578 Veteris
1262 2521 1625 2588 Testamenti,
1656 2521 1760 2576 hoc
1793 2527 2009 2593 negant.

431 2615 543 2684 Ego
580 2631 707 2670 vero
753 2614 1144 2686 Scripturarum
1195 2615 1566 2669 auctoritatem
1616 2620 1832 2668 secutus
1877 2612 2010 2682 dixi,

427 2708 677 2779 quoniam
707 2710 756 2762 in
791 2707 1046 2778 propheta
1090 2707 1306 2762 Daniele
1345 2706 1602 2776 scriptum
1637 2712 1740 2769 est,
1769 2701 1834 2757 Et
1873 2703 2012 2758 acci-

428 2800 562 2868 pient
590 2799 750 2853 sancti
770 2813 979 2868 regnum
1004 2796 1278 2850 Aitissimis
1309 2794 1470 2868 (Dan.
1500 2811 1592 2862 vn,
1615 2793 1730 2866 l8).
1755 2793 1869 2862 Qun
1895 2793 2014 2866 eius

428 2896 644 2959 accepta
666 2887 1034 2956 responsione,
1063 2884 1312 2958 Synodus
1337 2885 1492 2951 dixit,
1517 2903 1538 2938 ι
1561 2883 1745 2958 Neque
1764 2883 1869 2942 hoc
1885 2885 2012 2940 alie-

431 2994 555 3032 nnm
583 2987 666 3032 est
691 2992 721 3030 a
751 2977 854 3032 lide
882 2976 1262 3032 ecclesiastica.
1283 2993 1305 3028 ι

507 3067 592 3122 lt.
621 3065 1010 3136 Numquidnam
1034 3082 1162 3136 ergo
1181 3065 1371 3122 fratres
1394 3075 1627 3132 nostros,
1643 3075 1704 3122 ut
1729 3065 1887 3122 etiam
1909 3065 2014 3122 hoc

432 3168 568 3212 inter
598 3165 790 3212 ca-tera
824 3156 1118 3226 obiicerent
1137 3159 1302 3224 ,sine
1325 3171 1485 3212 causa
1509 3157 1669 3214 verba
1697 3157 1797 3213 ista
1827 3172 2011 3214 move-

429 3245 590 3302 runt?
642 3243 760 3300 Non
814 3247 996 3316 utique
1026 3267 1039 3300 ι
1067 3245 1166 3302 sed
1211 3245 1417 3302 Veteris
1443 3246 1774 3304 Testamenti
1812 3263 2010 3306 nomen

433 3337 604 3392 modis
623 3337 831 3392 duobus
856 3336 960 3392 dici
986 3335 1143 3405 solet,
1172 3351 1280 3393 uno
1303 3337 1464 3394 modo
1489 3337 1782 3396 secundum
1805 3338 2011 3395 divina-

431 3440 550 3480 rum
585 3427 975 3499 Scriptuiarum
1014 3430 1416 3500 auctoritatem,
1457 3431 1563 3487 alio
1594 3431 1887 3488 secundum
1923 3432 2010 3489 lo-

429 3519 622 3589 quenda
647 3520 1058 3590 vulgatissimam
1075 3521 1534 3595 consuetudinem.
1563 3523 1760 3580 Paulus
1779 3539 2011 3596 namque

425 3621 700 3675 apostolus
741 3611 869 3668 dicit
905 3612 973 3668 ad
1011 3611 1227 3668 Galatas
1255 3631 1269 3668 :
1296 3611 1462 3669 Dicite
1501 3615 1647 3683 mihi,
1689 3615 1880 3687 inquit,
1917 3616 2010 3672 sub

427 3712 534 3774 lege
573 3704 788 3760 volentes
825 3721 962 3772 esse,
1009 3705 1169 3777 legem
1209 3722 1311 3761 non
1347 3708 1598 3762 audistis?
1636 3707 1896 3780 Scriptum
1936 3719 2010 3765 est

425 3796 559 3853 enim
577 3795 711 3865 quod
725 3795 980 3850 Abraham
998 3797 1124 3851 duos
1149 3796 1285 3867 ﬁlios
1308 3797 1500 3863 habuit,
1524 3796 1683 3852 unum
1710 3801 1772 3854 de
1796 3801 2006 3869 ancilla,

427 3887 643 3943 alterum
679 3889 744 3943 de
779 3889 936 3944 libero
967 3906 986 3944 :
1007 3905 1121 3960 qua:
1153 3899 1270 3944 sunt
1307 3890 1361 3944 in
1387 3889 1690 3961 allegoria‘.
1724 3890 1850 3947 Huic
1877 3893 2009 3947 enim

426 3991 546 4036 sunt
569 3981 672 4036 duo
697 3980 1052 4047 Testamenta;
1091 3998 1250 4049 unum
1285 3981 1487 4052 quidem
1514 3981 1567 4036 in
1594 3981 1880 4037 seruitutem
1917 3998 2010 4053 ge-

425 4092 627 4141 nerans,
654 4075 788 4146 quod
825 4084 898 4130 est
933 4073 1091 4146 Agar.
1131 4073 1260 4130 Sina
1285 4090 1427 4129 mons
1464 4082 1536 4130 est
1573 4075 1628 4129 in
1662 4073 1868 4138 Arabia,
1897 4089 2012 4144 quat

425 4167 698 4238 conjuncta
733 4175 806 4221 est
843 4166 889 4220 ei
921 4181 1034 4237 gate
1068 4181 1201 4220 nunc
1231 4174 1306 4220 est
1341 4163 1658 4229 Jerusalem;
1690 4165 1839 4219 servit
1876 4164 2010 4219 enim

424 4273 539 4312 eum
565 4258 687 4322 filiis
712 4257 819 4314 suis
843 4271 862 4311 :
886 4272 1002 4329 qua:
1025 4266 1194 4311 autem
1220 4272 1420 4311 sursum
1440 4265 1513 4310 est
1529 4255 1833 4320 Jerusalem,
1853 4255 2010 4310 libera

428 4354 528 4408 est,
548 4359 666 4412 qum
679 4351 758 4398 est
776 4355 948 4398 mater
965 4353 1144 4400 nostra
1161 4343 1369 4417 (Galat.
1385 4361 1460 4412 tv,
1485 4343 1697 4416 2l-26.)
1723 4343 1862 4400 Cum
1874 4353 2008 4414 ergo

429 4435 600 4490 Vetus
624 4433 1039 4491 Testamentum
1072 4437 1140 4491 ad
1172 4437 1494 4492 servitutem
1536 4436 1830 4506 pertineat,
1860 4431 2008 4488 unde

429 4527 595 4583 etiam
605 4527 810 4584 dictum
822 4535 925 4582 est:
937 4528 1082 4594 liiice
1095 4528 1345 4584 ancillam
1358 4539 1406 4582 et
1421 4529 1592 4598 filium
1604 4530 1737 4598 ejus,
1751 4543 1856 4581 non
1869 4525 2008 4581 enim

431 4625 598 4676 turres
609 4623 707 4676 erit
724 4621 867 4692 [ilius
888 4621 1098 4675 ancilla:
1114 4639 1236 4676 eum
1265 4623 1380 4692 ﬁlio
1407 4639 1518 4676 meo
1540 4622 1698 4676 Isaac
1713 4620 1869 4693 (Gen.
1889 4637 2006 4686 nl,

429 4713 521 4783 10)
537 4732 552 4781 ;
571 4731 800 4786 regnum
813 4723 997 4770 autem
1011 4715 1350 4771 coelorumad
1372 4716 1678 4771 libertatein
1698 4734 1712 4769 :
1729 4716 2008 4786 quomodo

427 4809 593 4864 etiam
607 4823 837 4880 regnum
863 4807 1126 4872 caelorum
1143 4810 1209 4864 ad
1226 4810 1394 4865 Vetus
1425 4808 1662 4879 pertinet
1685 4808 2008 4866 Testamen-

429 4901 576 4954 tum?
594 4899 704 4956 Sed
722 4898 1391 4970 quoniam,utdixi,etiam
1405 4902 1485 4958 sic
1501 4901 1740 4959 solemus
1757 4902 1932 4976 loqui,
1949 4913 2010 4960 ut

425 4990 740 5062 Scripturas
756 5006 951 5049 omnes
967 4991 1128 5064 Legis
1143 5003 1198 5049 et
1211 4997 1623 5067 prophetarum,
1646 5013 1766 5066 qum
1778 5007 1909 5053 ante
1932 4997 2010 5052 in-

479 5107 497 5138 ¹
533 5111 681 5158 υσθυε
702 5106 798 5154 iste
818 5107 1182 5152 amanuensium
1203 5102 1326 5164 vitio
1338 5100 1465 5164 fgL-de
1485 5108 1744 5164 corruptus
1764 5102 1814 5150 in
1833 5113 2004 5164 ntanu-

414 5167 615 5238 scriptis
627 5169 698 5217 sic
719 5166 958 5238 habebat;
982 5171 1223 5238 Et‘revera
1241 5161 1296 5238 in
1311 5161 1436 5238 libro
1453 5175 1539 5238 suo

413 5227 481 5278 ita
503 5223 694 5293 legitur,
719 5239 818 5293 nec
831 5224 1155 5293 cogitandum,
1170 5225 1296 5289 quod
1318 5224 1376 5293 in_
1391 5223 1482 5274 hac
1505 5223 1708 5288 i..telligi
1728 5223 1861 5293 solet.
1881 5223 2002 5293 ιςιιιιι

413 5285 646 5340 mutainm
667 5285 717 5340 in
737 5285 1013 5338 Velset‘iana
1035 5285 1268 5350 editione,
1290 5287 1376 5337 sed
1403 5293 1587 5337 tantum
1611 5285 1714 5350 ιιι-ἱ),
1740 5289 1808 5337 ad
1821 5285 2000 5350 malum

413 5351 582 5414 cujus;
605 5367 647 5411 a.
668 5353 819 5414 posita
843 5349 1005 5414 fuerat
1025 5350 1082 5398 ad
1102 5361 1236 5414 oram
1257 5349 1368 5398 libri
1389 5349 1687 5414 conjectura,
1728 5364 1751 5394 α
1779 5350 1838 5398 ad
1859 5349 2000 5414 Mela-

413 5430 436 5458 «
465 5409 599 5462 'niam
621 5409 680 5461 εἰ
718 5424 865 5474 quam
888 5410 1022 5474 nullo
1051 5409 1350 5474 suifragante
1374 5409 1531 5474 veteri
1554 5411 1724 5460 codice
1761 5413 2000 5474 [psterio-

405 5487 494 5524 res
515 5475 708 5537 quidam
730 5471 876 5536 hujus
897 5473 1007 5524 libri
1037 5471 1252 5522 editores
1285 5473 1550 5523 temere'in
1571 5480 1764 5523 textum
1795 5471 2001 5522 induxe-

411 5545 608 5646 1ὐίηίιὶιι
629 5597 818 5653 deerat,
842 5607 953 5645 non.
997 5601 1051 5644 Et
1073 5594 1192 5665 infra
1217 5607 1322 5706 mp,
1344 5593 1457 5646 ideo
1474 5607 1567 5645 non
1589 5602 1714 5652 tam,
1738 5591 1998 5658 legebatur

412 5671 560 5706 prius.
605 5667 697 5706 I‘t‘O
719 5665 880 5706 notum
909 5669 926 5706 :
951 5658 1204 5706 mauilesto
1245 5659 1255 5667 ’
1293 5658 1527 5706 rariorum
1551 5658 1703 5706 lapsu.

411 5671 560 5720 prius,
605 5667 697 5706 I‘t‘O
719 5665 880 5706 notum
909 5669 926 5706 :
951 5660 1204 5706 manifesto
1227 5660 1527 5706 librariorum
1551 5660 1703 5718 lapsu.

452 5723 493 5788 _°
530 5717 654 5768 vels.
677 5727 728 5768 et
746 5727 1021 5780 Suar.,qute
1035 5725 1144 5768 sunt
1165 5715 1417 5780 allegoria;
1433 5719 1626 5777 omisso,
1641 5717 1708 5767 in.
1732 5723 1872 5788 Forte
1891 5730 1994 5780 pro,

287 5827 296 5831 _
413 5780 686 5846 oltcgortru.

1458 308 1548 364 DE
1587 307 1826 366 GESTIS
1859 305 2154 372 PELACII,
2192 307 2251 365 S.
2292 306 2667 368 AUGUSTINI

3589 311 3698 370 5'28

2109 423 2485 480 carnationem
2500 423 2718 481 Domini
2731 423 3071 490 ministrate,
3087 425 3415 484 auctoritate
3431 429 3697 483 canonica

2111 515 2486 582 continentur,
2518 517 2742 574 nomine
2779 517 3122 576 Testamenti
3162 518 3380 577 Veteris
3411 537 3700 592 nuncupe-

2115 619 2264 671 mus;
2303 608 2425 676 quis
2460 607 2834 663 ecclesiasticis
2872 607 3064 664 litteris
3092 609 3175 664 vel
3211 607 3552 663 mediocriter
3573 623 3698 664 crup

2115 694 2260 751 ditus
2284 697 2527 767 ignorat,
2553 699 2622 753 ita
2645 698 2937 768 Scripturis
2961 697 3067 754 illis
3093 699 3329 769 promitti
3355 698 3588 768 potuisse
3614 715 3707 754 re-

2117 801 2279 856 gnum
2304 788 2585 854 cmlorum,
2626 788 2764 844 sicut
2802 789 2964 843 etiam
3008 788 3138 844 illud
3166 788 3570 844 Testamentum
3591 788 3705 844 No-

2119 893 2263 940 vum.
2291 877 2360 934 ad
2383 879 2524 949 quod
2551 879 2781 950 pertinet
2808 894 3032 950 regnum
3055 881 3348 936 uitiorum?
3373 881 3535 938 Certe
3559 883 3706 936 enim

2118 968 2172 1022 in
2211 967 2316 1022 illis
2352 967 2566 1026 Litteris
2607 969 2942 1038 apertissime
2979 969 3236 1042 scriptum
3272 979 3356 1027 est
3387 988 3403 1026 :
3431 969 3565 1026 Ecce
3599 970 3711 1030 dies

2115 1060 2337 1125 veniunt,
2363 1060 2484 1114 dicit
2509 1059 2788 1130 Dominus,
2815 1070 2864 1116 et
2888 1061 3246 1118 consummabo
3263 1063 3440 1118 domui
3465 1061 3634 1118 Israel
3654 1069 3710 1119 ιι

2115 1148 2290 1204 domui
2311 1147 2472 1204 Jacolt
2509 1149 2881 1205 Testamentum
2909 1149 3134 1220 Nouum,
3165 1168 3267 1206 non
3297 1153 3578 1208 secundum
3604 1151 3711 1208 Te»

2115 1248 2417 1296 stamentum
2436 1241 2573 1311 quod
2598 1241 2827 1313 disposui
2850 1243 3079 1313 patribus
3100 1258 3297 1309 eorum,
3318 1243 3374 1298 in
3392 1243 3475 1298 die
3492 1259 3592 1316 qua
3609 1260 3711 1314 ap-

2117 1331 2359 1402 prehendi
2383 1348 2590 1386 manum
2615 1349 2808 1399 eorum,
2833 1341 2890 1388 ut
2914 1332 3176 1388 educerem
3197 1349 3282 1388 eos
3299 1334 3364 1388 de
3378 1344 3514 1389 terra
3528 1333 3708 1408 Egy-

2117 1422 2191 1492 pti
2235 1420 2462 1492 (Jerem.
2490 1438 2634 1489 xxxx,
2663 1425 2753 1489 5i,
2781 1423 2850 1480 32
2865 1425 2906 1494 ).
2949 1423 3062 1480 Hoc
3101 1423 3246 1480 enim
3287 1413 3486 1480 factum
3531 1426 3707 1484 estin

2113 1520 2300 1568 monte
2339 1512 2488 1569 Sina.
2537 1513 2686 1570 Tunc
2722 1525 2902 1570 autem
2943 1514 3126 1572 Daniel
3166 1515 3428 1586 propheta
3466 1516 3708 1573 nondum

2115 1615 2234 1662 erat
2265 1605 2355 1677 qui
2391 1605 2651 1672 dixerat‘,
2690 1606 2944 1679 Accipient
2977 1607 3146 1662 sancti
3182 1623 3395 1680 regnum
3437 1607 3706 1664 Altissimi.

2118 1697 2214 1754 His
2229 1699 2372 1754 enim
2411 1698 2589 1755 verbis
2609 1701 2908 1770 prteminm,
2933 1716 3039 1756 non
3063 1699 3295 1770 Veteris,
3325 1701 3420 1759 sed
3444 1701 3575 1759 Novi
3595 1701 3708 1759 Te-

2116 1790 2361 1845 stamenti
2402 1789 2752 1861 prophetabat
2779 1809 2795 1846 :
2826 1793 2964 1848 sicut
2994 1793 3168 1864 ipsum
3205 1792 3478 1850 Christum
3516 1803 3710 1850 ventu-

2117 1897 2236 1936 rum
2272 1881 2432 1936 iidem
2470 1881 2751 1953 PrOpbeta:
2787 1883 3230 1954 prmuuntiarunt,
3260 1885 3414 1956 cujus
3445 1887 3709 1958 sanguine

2115 1971 2415 2028 dedicatum
2432 1981 2515 2029 est
2531 1973 2927 2030 Testamentum
2941 1973 3150 2032 Novum
3175 1994 3190 2032 :
3207 1975 3362 2046 cujus
3373 1975 3709 2034 Testamenti

2115 2065 2344 2121 ministri
2371 2066 2613 2136 Apostoli
2634 2066 2759 2122 facti
2777 2075 2924 2135 sunt,
2941 2067 3154 2124 dicente
3179 2067 3488 2124 beatissimo
3513 2069 3705 2136 Paulo,

2120 2155 2222 2225 Qui
2253 2165 2300 2211 et
2322 2156 2528 2211 idoneos
2553 2172 2645 2212 nos
2668 2157 2786 2228 fecit
2808 2157 3065 2213 ministros
3088 2155 3225 2212 Novi
3247 2156 3568 2226 Testameuti,
3599 2175 3709 2216 non

2118 2249 2304 2315 littera,
2329 2248 2418 2303 sed
2444 2248 2648 2318 spiritu.
2685 2247 2883 2304 Littera
2905 2249 3041 2304 enim
3062 2249 3274 2316 occidit,
3303 2250 3512 2322 spiritus
3535 2261 3705 2307 autem

2116 2341 2334 2410 uiviﬁcat
2363 2339 2430 2410 (ll
2456 2339 2575 2396 Cor.
2597 2356 2675 2406 tn,
2699 2341 2779 2412 8).
2824 2339 2883 2397 In
2913 2341 3006 2398 illo
3031 2357 3160 2398 vero
3187 2342 3531 2400 Testamento
3552 2344 3698 2416 quod

2117 2433 2331 2503 proprie
2355 2441 2507 2486 vetus
2547 2432 2764 2499 dicitur,
2791 2441 2850 2488 et
2891 2432 3074 2488 datum
3112 2442 3196 2490 est
3238 2433 3296 2490 in
3330 2443 3512 2491 monte
3548 2435 3702 2504 Sina,

2117 2539 2223 2578 non
2264 2523 2533 2580 invenitur
2571 2523 2808 2594 promitti
2839 2525 3195 2596 apertissime,
3216 2526 3320 2582 nisi
3343 2535 3556 2584 terrena
3580 2527 3706 2586 feli-

2115 2616 2270 2672 citas.
2301 2615 2450 2673 Unde
2473 2615 2560 2671 illa
2585 2626 2876 2692 terranquo
2903 2626 2988 2674 est
3012 2618 3238 2689 populus
3264 2614 3620 2690 introductus,
3646 2631 3703 2678 et

2119 2721 2214 2777 per
2251 2720 2493 2762 eremum
2531 2706 2742 2774 ductus,
2786 2717 2926 2764 terra
2963 2708 3335 2779 promissionis
3359 2719 3610 2780 vocatur;
3646 2711 3704 2770 in

2115 2812 2220 2868 qua
2247 2811 2348 2868 pax
2371 2805 2429 2852 et
2454 2813 2696 2869 regnum,
2718 2799 2867 2855 etab
2893 2798 3122 2856 inimicis
3146 2799 3488 2864 victoriarum
3517 2815 3704 2874 repor-

2116 2888 2268 2955 tatio,
2287 2897 2342 2944 et
2361 2887 2683 2944 abundantia
2706 2888 2934 2946 ﬁliorum
2958 2904 3024 2946 ac
3048 2889 3315 2948 fructuum
3343 2900 3701 2962 terrenorum,

2113 2987 2171 3035 et
2187 2979 2233 3034 si
2252 2992 2355 3051 qua
2377 2977 2700 3050 huiusmodi,
2717 2978 2834 3036 haec
2862 2989 2988 3037 sunt
3007 2981 3266 3053 promissa
3283 2982 3496 3040 Veteris
3515 2983 3704 3040 Testa-

2115 3071 2321 3128 menti:
2349 3071 2545 3143 quibus
2577 3071 2680 3128 etsi
2715 3071 3012 3144 ﬁgurantur
3043 3074 3113 3130 ad
3153 3073 3363 3132 Novum
3388 3075 3703 3134 Testamen-

2115 3173 2227 3218 tum
2245 3163 2566 3237 pertinentia
2585 3165 2898 3235 spiritualia,
2917 3177 3094 3224 tamen
3118 3169 3208 3240 qui
3234 3179 3452 3240 propter
3475 3169 3566 3226 illa
3595 3177 3704 3226 ter-

2115 3269 2245 3312 rena
2279 3255 2503 3326 suscipit
2541 3255 2712 3328 legem
2739 3255 2867 3326 Dei,
2897 3257 3013 3329 ipse
3037 3267 3123 3316 est
3144 3259 3318 3316 heres
3343 3259 3554 3317 Veteris
3589 3259 3703 3318 Te-

2114 3349 2384 3406 stamenti.
2427 3349 2506 3404 Ea
2540 3349 2738 3420 quippe
2779 3349 3074 3407 secundum
3097 3351 3260 3408 Vetus
3297 3351 3700 3409 Testamentum

2114 3442 2496 3513 promittuntur
2517 3449 2678 3512 atque
2705 3441 3026 3510 tribuuntur,
3053 3459 3174 3516 quae
3197 3445 3493 3501 secundum
3519 3445 3700 3502 homi-

2113 3547 2238 3588 nem
2259 3540 2495 3588 veterem
2519 3532 2986 3604 concupiscuntur.
3019 3534 3150 3604 Qute
3174 3541 3356 3592 autem
3373 3535 3484 3592 illic
3505 3535 3573 3592 ad
3593 3534 3706 3592 No-

2111 3638 2238 3678 vum
2269 3622 2667 3679 Testamentum
2703 3623 3020 3695 pertinentia
3055 3625 3370 3697 ﬁgurantur,
3399 3642 3568 3683 novos
3596 3627 3704 3684 ho-

2113 3717 2287 3772 mines
2305 3725 2571 3788 quaarunt.
2591 3715 2775 3787 Neque
2800 3716 3072 3774 nesciebat
3085 3718 3228 3774 enim
3247 3719 3374 3790 quid
3395 3718 3706 3790 loqueretur

2115 3818 2296 3865 tantus
2330 3808 2637 3879 Apostolus,
2667 3811 2758 3880 qui
2790 3808 2898 3866 duo
2937 3809 3282 3867 Testamenta
3319 3809 3378 3866 in
3413 3809 3605 3868 ancilla
3642 3820 3704 3866 et

2113 3901 2304 3968 libera,
2335 3900 2619 3973 allegorica
2643 3901 3030 3974 signiﬁcatione
3051 3901 3300 3958 distincta
3321 3917 3444 3958 esse
3465 3901 3698 3971 dicebat,

2109 3994 2281 4053 Veteri
2326 3993 2467 4050 ﬁlios
2505 3997 2710 4061 carnis,
2744 3989 2897 4052 Novo
2939 3995 3080 4052 ﬁlios
3121 3995 3492 4067 promissionis
3538 3997 3700 4051 attri-

2110 4083 2282 4139 buens
2312 4101 2326 4138 :
2360 4081 2485 4139 Non
2523 4084 2610 4156 qui
2647 4084 2744 4154 lilii
2782 4091 2970 4152 carius,
3003 4085 3190 4157 inquit,
3221 4086 3274 4140 Iti
3315 4086 3412 4156 ﬁlii
3451 4084 3582 4151 Dei;
3608 4086 3704 4141 sed

2111 4174 2209 4244 ﬁlii
2249 4175 2596 4245 promissionis
2633 4175 2942 4247 deputantur
2975 4177 3030 4230 in
3072 4192 3242 4232 semen
3267 4175 3459 4250 (Rom.
3494 4191 3570 4241 ts,
3601 4173 3697 4249 8).

2111 4265 2235 4322 Filii
2276 4281 2406 4338 ergo
2439 4266 2618 4323 carnis
2655 4267 2925 4337 pertinent
2955 4267 3024 4324 ad
3062 4278 3329 4326 terrenam
3365 4269 3697 4338 Jerusalem,

2111 4371 2231 4428 qua
2251 4355 2420 4413 servit
2439 4371 2563 4414 cum
2583 4355 2706 4413 ﬁliis
2732 4358 2845 4414 suis
2877 4375 2891 4412 :
2920 4357 3011 4414 ﬁlii
3034 4367 3213 4415 autem
3239 4360 3609 4431 promissionis
3627 4360 3697 4416 ad

2090 4442 2230 4506 ‘eam
2273 4465 2394 4522 qua:
2435 4465 2649 4507 sursum
2691 4458 2796 4519 est,
2832 4450 3054 4508 liberam
3089 4459 3316 4508 matrem
3359 4460 3602 4508 nostram
3641 4451 3696 4509 in

2110 4543 2262 4600 cmiis
2285 4552 2560 4600 atternam.
2608 4541 2757 4600 Unde
2780 4543 3095 4614 perspicitur
3120 4544 3211 4615 qui
3233 4541 3303 4600 ad
3330 4559 3550 4615 regnum
3581 4553 3696 4599 ter-

2109 4651 2319 4702 renum,
2349 4646 2406 4692 et
2427 4634 2518 4706 qui
2545 4634 2847 4708 pertineant
2869 4635 2936 4690 ad
2967 4649 3188 4706 regnum
3213 4634 3497 4691 oculorum.
3532 4633 3694 4690 Istam

2107 4727 2502 4785 distinctionem
2531 4726 2620 4798 qui
2645 4725 2805 4782 etiam
2833 4725 2924 4782 illo
2949 4732 3189 4796 tempore
3217 4740 3313 4796 per
3343 4725 3437 4781 Dei
3471 4725 3694 4796 gratiam

2107 4819 2463 4890 intelligentes
2479 4859 2495 4886 ,
2518 4817 2613 4872 ﬁlii
2641 4815 3012 4888 promissionis
3039 4814 3216 4873 elfecti
3243 4824 3406 4884 sunt,
3431 4815 3568 4872 Novi
3591 4814 3696 4872 Te-

2107 4909 2358 4966 stamenti
2405 4906 2650 4963 haeredes
2695 4906 2751 4967 in
2793 4906 3006 4963 occulto
3055 4906 3149 4964 Dei
3193 4905 3419 4964 consilio
3455 4905 3695 4977 deputati

2107 5011 2260 5070 sunt,
2287 4999 2498 5058 etiamsi
2525 4999 2688 5056 Vetus
2706 4998 3108 5056 Testamentum
3135 5013 3231 5070 per
3253 5006 3553 5068 temporum
3579 4996 3695 5054 dis-

2107 5093 2482 5150 tributionem’
2510 5089 2764 5146 divinitus
2787 5089 2970 5146 datum
2992 5088 3191 5162 populo
3205 5087 3372 5145 veteri
3395 5101 3697 5160 congrues»

2108 5197 2189 5242 ter
2211 5185 2660 5241 ministraverunt.

2179 5278 2266 5334 15.
2297 5275 2576 5344 Quomodo
2601 5288 2731 5343 ergo
2755 5287 2864 5329 non
2890 5271 3086 5328 merito
3111 5275 3580 5326 commoverentur
3601 5267 3694 5325 ﬁlii

2106 5367 2494 5440 promissionis,
2527 5363 2620 5418 ﬁlii
2646 5363 2828 5419 libera:
2849 5361 3148 5420 Jerusalem
3181 5361 3236 5417 in
3264 5359 3418 5416 culis
3449 5368 3718 5428 aeterna,

2105 5477 2226 5518 cum
2267 5462 2364 5516 ista
2397 5458 2650 5515 discretio
2686 5457 2978 5528 apostolica
3011 5465 3172 5528 atque
3197 5453 3466 5512 catholica
3487 5452 3692 5525 Pelagii

2105 5553 2281 5610 verbis
2311 5553 2578 5608 videretur
2603 5548 2821 5616 auferri,
2848 5558 2907 5605 et
2930 5549 3072 5620 Agar
3095 5545 3324 5620 quodam
3356 5545 3520 5604 modo
3541 5544 3692 5603 Sara;

2169 5713 2187 5745 ι
2221 5718 2377 5766 Forte.
2397 5709 2596 5761 diceret.

2169 5776 2189 5806 ³
2219 5774 2370 5824 Edin
2392 5782 2547 5836 Suam,
2569 5782 2659 5836 pro
2673 5775 2940 5832 ιαηροηωι
2959 5767 3306 5821 distributum.
