4002 6178
322 318 423 394 ἓξὲξ
978 310 995 359 i

326 450 633 506 crederetur
658 449 889 519 aequari?
919 447 1010 502 llle
1033 449 1187 518 igitur
1209 445 1455 503 lia-retice
1482 447 1749 516 impietate
1770 445 1903 500 scri-

324 554 489 611 ptura:
515 540 727 596 Veteris
755 540 1078 595 Testamenti
1114 539 1237 594 facit
1274 540 1539 609 injuriam,
1572 539 1659 609 qui
1692 553 1809 593 eam
1838 553 1901 593 ex

320 634 431 687 lleo
452 634 616 700 bono,
641 648 851 687 summo
877 642 930 689 et
957 648 1102 693 vero,
1133 632 1304 687 fronte
1328 633 1598 701 sacrilegae
1619 631 1904 701 impietatis

316 734 478 794 negat
502 742 515 777 :
541 725 679 779 sicut
704 723 960 790 Marcion,
990 725 1127 778 sicut
1152 724 1494 790 Maniclimus,
1517 733 1572 778 et
1594 722 1641 779 si
1662 734 1779 793 quae
1803 722 1902 775 alia

320 814 488 881 pestis
517 812 619 867 hoc
642 814 806 868 sentit
853 814 1206 885 Quapropter,
1236 823 1294 867 ut
1316 813 1383 868 de
1410 814 1509 868 bac
1535 828 1593 870 re
1615 813 1753 883 quod
1778 827 1904 868 sen-

321 906 418 970 tio,
453 920 559 975 qua
599 920 814 974 possum
861 906 1119 962 brevitate
1158 908 1484 976 complectar
1515 926 1529 961 :
1561 907 1699 962 sicut
1727 907 1903 961 Veteri

318 995 687 1063 Testamento,
718 999 761 1053 si
793 1012 913 1054 esse
946 1015 1009 1055 ex
1048 1000 1153 1055 Deo
1179 999 1319 1055 bono
1341 1007 1396 1054 et
1414 1010 1624 1053 summo
1647 1006 1901 1070 negetur;

322 1093 392 1143 ita
420 1099 475 1143 et
498 1089 648 1145 Novo
674 1090 732 1144 lit
753 1090 1017 1160 injuria,si
1043 1091 1208 1148 Veteri
1234 1101 1492 1161 azqnetur.
1523 1090 1628 1145 Sed
1658 1106 1777 1144 cum
1808 1090 1906 1144 Pe-

320 1180 490 1251 iagius
510 1180 764 1248 respondi
795 1189 897 1247 εισι,
916 1195 1016 1235 cur
1031 1182 1189 1236 etiam
1214 1181 1407 1236 dixerit
1430 1181 1482 1236 in
1511 1182 1698 1236 Vetere
1719 1181 1904 1234 Testa-

320 1283 504 1326 mento
530 1270 768 1341 promitti
801 1286 1020 1341 regnum
1044 1272 1298 1328 calorum
1323 1313 1337 1336 ,
1372 1272 1601 1327 Danielis
1633 1270 1906 1340 prophetae

320 1371 755 1417 commemorans
795 1363 1174 1429 testimonium,
1208 1363 1295 1433 qui
1338 1373 1552 1418 sanctos
1590 1374 1907 1432 accepturos

320 1466 545 1520 regnum
583 1452 862 1517 Altissimi,
889 1453 1224 1521 apertissime
1260 1452 1614 1522 prephetavit,
1646 1468 1751 1505 non
1788 1467 1909 1507 esse

322 1544 427 1597 hoc
464 1542 700 1596 alienum
729 1557 757 1595 a
792 1541 893 1598 [ide
923 1542 1203 1607 catholica,
1235 1542 1425 1599 merito
1453 1541 1746 1612 iudicatum
1780 1552 1860 1597 est
1891 1560 1904 1595 :

322 1650 436 1688 non
489 1632 783 1689 secundum
825 1632 968 1688 illam
1009 1632 1404 1688 distinctionem
1428 1672 1444 1699 ,
1483 1646 1585 1701 qua
1631 1632 1682 1686 in
1727 1641 1909 1686 monte

316 1724 451 1779 Sina
478 1725 742 1794 promissa
766 1732 972 1779 terrena
999 1724 1065 1779 ad
1090 1723 1253 1779 Vetus
1273 1723 1673 1779 Testamentum
1688 1724 1910 1795 proprie

322 1818 596 1885 pertinere
633 1825 1028 1882 monstrantur;
1072 1831 1173 1872 nec
1207 1825 1381 1872 tamen
1418 1816 1682 1885 improbe,
1713 1824 1910 1871 sceno-

316 1911 452 1962 dum
507 1914 645 1963 hanc
694 1908 944 1979 loquendi
986 1908 1447 1973 consuetudinem,
1493 1923 1595 1979 qua
1647 1907 1911 1965 universa:

321 1999 617 2069 Scriptura:
643 1999 916 2055 canonica:
950 2008 1076 2076 ante
1111 1998 1529 2054 incarnationem
1568 1998 1778 2053 Domini
1808 1998 1909 2052 mi-

324 2091 571 2144 nistrata:
611 2088 819 2144 Veteris
856 2088 1178 2144 Testamenti
1208 2089 1564 2159 appellatione
1604 2098 1907 2145 censentur.

328 2183 447 2236 Nm
472 2181 618 2236 enim
646 2180 789 2236 aliud
816 2189 897 2236 est
920 2196 1143 2251 regnum
1170 2180 1426 2237 Altissimi
1445 2222 1462 2247 ,
1494 2194 1652 2251 quam
1694 2179 1785 2236 Dei
1821 2194 1911 2236 re-

316 2288 520 2341 guunt;
547 2280 639 2327 aut
665 2272 943 2343 quisquam
973 2270 1297 2328 contendere
1331 2271 1579 2339 audebit,
1619 2271 1764 2327 aliud
1793 2284 1914 2328 esse

330 2366 422 2420 l‘ci
454 2380 697 2435 regnum.
725 2364 868 2419 aliud
898 2378 1118 2435 regnum
1138 2364 1417 2420 ctelorum.

396 2456 625 2512 CAPUT
654 2455 834 2510 Vl.-—
859 2454 946 2510 l6.
980 2456 1105 2511 Post
1146 2454 1261 2510 lucc
1305 2455 1570 2525 obiectum
1611 2463 1721 2520 est,
1768 2454 1913 2526 quod

320 2546 573 2617 Pelagius
603 2546 656 2599 in
681 2545 870 2601 eodem
896 2544 1029 2600 libro
1047 2545 1320 2615 scripserit
1344 2560 1463 2612 suo,
1497 2562 1517 2597 ι
1548 2546 1712 2600 Posse
1735 2544 1913 2600 homi-

331 2651 485 2703 nem,
510 2635 559 2693 si
591 2636 755 2700 velit,
785 2649 906 2691 esse
933 2635 1049 2690 sine
1074 2643 1294 2705 peccato
1318 2653 1330 2688 :
1363 2654 1382 2688 ι
1415 2642 1471 2691 et
1499 2635 1639 2706 quod
1668 2635 1913 2693 scribens

330 2728 395 2781 ad
429 2727 641 2783 viduam
670 2726 965 2782 adulatorie
992 2726 1206 2793 dixerit,
1240 2746 1258 2780 ι
1291 2727 1533 2784 Inveniat
1558 2728 1698 2798 apud
1720 2737 1773 2785 te
1799 2727 1914 2800 pie-

332 2830 447 2883 tas,
476 2832 596 2888 qua:
626 2833 884 2887 nusquam
924 2817 1159 2880 invenit,
1192 2818 1365 2873 locum
1393 2836 1407 2873 :
1435 2819 1673 2875 inveniat
1715 2820 1913 2891 ubique

331 2911 608 2981 peregrina
632 2910 684 2964 in
717 2918 767 2966 te
789 2909 971 2965 sedem
988 2909 1195 2979 justitia
1222 2926 1235 2964 :
1265 2909 1464 2964 veritas
1494 2925 1653 2979 quam
1674 2910 1785 2979 jam
1817 2925 1913 2966 ne-

326 3015 420 3055 mo
439 3001 731 3072 cognoscit,
761 2999 1053 3056 domestica
1079 2999 1171 3056 tibi
1198 3008 1255 3056 et
1275 3000 1447 3054 amica
1475 2999 1563 3054 liat
1590 3018 1605 3056 :
1634 3008 1691 3055 et
1713 3001 1800 3056 lex
1819 3000 1914 3058 Dei

330 3106 449 3159 qua:
482 3092 551 3146 ab
590 3090 840 3147 omnibus
868 3105 1033 3160 prope
1061 3090 1365 3145 hominibus
1389 3092 1768 3150 contemnitur.
1800 3105 1829 3146 a
1863 3101 1916 3147 te

329 3184 443 3236 sola
471 3182 783 3239 honoretur.
819 3201 840 3235 ι
873 3182 939 3236 Et
965 3182 1153 3238 iterum
1178 3180 1244 3237 ad
1274 3182 1442 3248 ipsam
1466 3198 1481 3236 :
1509 3198 1529 3234 ι
1556 3179 1602 3237 0
1633 3191 1682 3238 te
1705 3180 1915 3238 felicem

326 3283 387 3326 et
429 3272 638 3327 beatam
659 3312 674 3336 ,
704 3272 748 3326 si
774 3272 999 3342 iustitia,
1028 3288 1147 3342 qure
1174 3272 1227 3327 in
1257 3272 1393 3328 omlo
1422 3281 1623 3331 tantum
1649 3287 1772 3329 esse
1795 3288 1917 3329 cre-

327 3363 503 3419 denda
527 3373 633 3432 est,
655 3363 795 3434 apud
825 3364 1069 3442 tgsolam
1099 3363 1397 3419 inveniatur
1424 3363 1477 3418 in
1506 3364 1693 3420 terris!
1726 3383 1746 3417 ι
1774 3364 1840 3419 Et
1862 3365 1915 3420 in

328 3457 435 3512 alio
457 3456 525 3510 ad
547 3457 717 3525 ipsam
742 3456 903 3523 libro,
930 3465 1052 3527 post
1078 3456 1374 3511 orationem
1403 3456 1611 3511 Domini
1645 3467 1702 3514 et
1727 3456 1913 3514 Salva-

328 3548 462 3603 teris
509 3547 711 3612 nostri,
755 3546 956 3602 docens
996 3545 1443 3616 quemadmodum
1482 3546 1711 3602 debeant
1749 3549 1914 3603 sancti

328 3652 516 3700 orare,
544 3638 618 3691 ait
646 3654 660 3690 :
696 3655 714 3689 ι
747 3636 843 3691 llle
872 3636 938 3692 ad
969 3637 1134 3691 Deum
1174 3636 1336 3707 digne
1365 3637 1539 3692 elevat
1567 3652 1793 3705 manus,
1824 3638 1917 3693 ille

326 3728 629 3783 orationem
650 3727 788 3782 bona
805 3727 1125 3783 conscientia
1144 3727 1386 3793 ell‘undit,
1409 3727 1498 3797 qui
1521 3737 1696 3798 potest
1713 3728 1914 3795 dicere,

331 3820 416 3873 'l‘u
443 3819 617 3893 nosti,
643 3818 896 3883 Domine,
929 3832 1087 3888 quam
1125 3827 1352 3885 sancta,
1392 3828 1448 3872 et
1490 3818 1827 3884 innocentes,
1864 3825 1919 3872 et

328 3908 547 3963 munda:
574 3917 700 3963 sunt
725 3909 792 3963 ab
817 3909 964 3963 omni
997 3908 1239 3964 molestia
1265 3909 1281 3941 ί
1309 3917 1363 3962 et
1392 3908 1672 3979 iniquitate
1695 3916 1751 3963 et
1771 3909 1915 3979 rapi-

333 4014 423 4066 na,
450 4015 584 4069 quas
612 3999 677 4052 ad
709 4009 760 4053 te
788 3998 1018 4057 extendo
1056 4013 1274 4064 manus;
1302 3999 1747 4068 quemadmodum
1770 3998 1915 4070 :justa

329 4103 386 4145 et
412 4090 608 4144 munda
638 4089 797 4155 labia,
828 4098 884 4145 et
909 4089 977 4144 ab
1002 4089 1147 4144 omni
1178 4088 1461 4143 mendacio
1489 4088 1693 4156 libera,
1724 4091 1920 4159 quibus

331 4182 503 4238 oll'ero
547 4180 642 4242 tibi
682 4180 1110 4250 deprecationem
1132 4220 1149 4247 ,
1181 4189 1239 4234 ut
1266 4180 1394 4235 mihi
1424 4181 1744 4237 miserearis.
1780 4199 1801 4234 ι
1837 4182 1916 4237 Ad

330 4274 439 4327 hoc
465 4282 641 4345 autem
664 4272 905 4342 Pelagius
928 4270 1257 4341 respondens
1275 4271 1385 4327 ait:
1404 4271 1573 4327 Posse
1590 4272 1804 4342 quidem
1825 4272 1920 4328 ho-

330 4364 533 4419 minem
561 4364 678 4417 sine
703 4372 926 4432 peecato
952 4378 1072 4419 esse
1086 4402 1107 4430 .,
1138 4371 1193 4417 et
1219 4363 1313 4418 Dei
1341 4363 1589 4418 mandata
1615 4363 1915 4428 custodire,

331 4457 380 4508 si
411 4455 567 4519 velit,
599 4454 869 4509 diximus:
903 4452 1039 4507 hanc
1066 4453 1209 4508 enim
1243 4452 1649 4522 possibilitatem
1681 4453 1817 4507 Deus
1839 4452 1914 4507 illi

336 4543 500 4597 derit.
533 4542 647 4597 Non
673 4552 849 4598 autem
878 4542 1110 4598 diximus
1134 4541 1275 4613 quod
1301 4540 1598 4601 inveniatur
1617 4541 1827 4614 aliquis,
1851 4543 1920 4598 ab

341 4632 557 4689 infantia
584 4649 753 4704 usque
770 4631 840 4688 ad
859 4642 1152 4699 senectam,
1176 4633 1265 4702 qui
1291 4646 1559 4701 nunquam
1583 4633 1914 4702 peccaverit:

337 4727 434 4779 sed
465 4726 715 4797 quoniam
742 4741 772 4778 a
807 4726 1036 4794 peccatis
1062 4739 1386 4791 conversus,
1416 4723 1632 4794 proprio
1657 4724 1838 4780 labore
1862 4735 1918 4780 et

340 4820 435 4872 Dei
463 4818 631 4887 gratia
660 4817 827 4887 possit
851 4831 970 4872 esse
1000 4817 1115 4872 sine
1144 4824 1388 4886 peccato;
1422 4831 1523 4871 nec
1563 4832 1656 4885 per
1698 4815 1798 4872 hoc
1842 4826 1919 4871 ta-

336 4924 464 4961 men
512 4909 563 4962 in
615 4917 885 4976 posterum
927 4906 1370 4962 inconverslbilis.
1396 4906 1617 4975 Reliqua
1649 4920 1781 4961 vero
1802 4922 1920 4976 qua:

338 4984 710 5069 subjeet'runt,
739 5013 913 5066 neque
941 4998 992 5052 in
1025 4997 1172 5052 libris
1194 4998 1390 5051 nostris
1414 5005 1566 5061 sunt,
1594 5010 1767 5064 neque
1796 4996 1917 5050 talia

340 5104 572 5157 unquam
599 5088 850 5143 diximus.
881 5108 899 5141 ι
933 5090 1023 5142 llis
1048 5088 1241 5142 auditis
1256 5087 1509 5159 Synodus
1528 5087 1659 5141 dixit
1683 5105 1697 5140 :
1730 5105 1749 5139 ι
1777 5087 1921 5154 Quo-

332 5180 485 5233 niam
524 5193 684 5249 negas
724 5187 776 5233 te
827 5179 951 5232 talia
993 5179 1302 5247 scripsisse,
1347 5178 1761 5231 anathematizas
1800 5177 1920 5232 illos

334 5272 431 5341 qui
456 5271 533 5327 sic
560 5270 776 5327 tenent?
808 5289 827 5324 ι
856 5270 1093 5339 Pelagius
1129 5269 1435 5339 respondit:
1466 5286 1489 5320 ι
1518 5268 1920 5322 Anatliematizo

335 5364 492 5434 quasi
521 5363 734 5429 stultos,
765 5377 872 5415 non
896 5361 1049 5430 quasi
1080 5360 1390 5418 hereticos:
1418 5359 1674 5428 siquidem
1707 5373 1810 5414 non
1837 5367 1921 5412 est

332 5456 554 5517 dogma.
602 5474 621 5508 ι
668 5453 871 5511 Deinde
920 5452 1295 5521 judicaverunt
1346 5450 1579 5520 episcopi
1631 5449 1915 5504 dicentes:

340 5564 363 5595 ε
408 5546 551 5600 Nunc
577 5545 827 5616 quoniam
873 5543 1246 5614 prepriavoce
1273 5540 1735 5597 atratbematizavit
1761 5540 1918 5595 Pelao

411 5682 425 5709 ¹
463 5682 757 5731 Posteriores
786 5674 1026 5732 editiones
1051 5692 1114 5730 ex
1152 5678 1335 5730 Antonii
1360 5674 1561 5737 \‘elseri,
1588 5681 1637 5725 ut
1677 5683 1915 5737 putamus,

331 5742 635 5802 conjectura,
658 5742 717 5792 ab
736 5743 863 5794 muni
885 5744 1086 5793 malitia.

673 5834 854 5892 I’A'l'ltt
870 5849 945 5891 IL.
989 5833 1035 5889 Χ
1049 5834 1121 5892 L1
1136 5833 1207 5893 ν.

1740 335 1944 391 LIBER
1994 333 2190 394 UMJS.

3484 345 3584 406 3:9

2010 446 2128 515 gius
2154 447 2411 504 incertum
2436 452 2835 521 stultiloquium,
2862 464 3005 510 recte
3031 458 3376 526 respondens,
3410 462 3579 516 boun-

2012 553 2131 593 nem
2157 554 2277 594 cum
2307 540 2570 610 adjutorio
2603 543 2691 597 Dei
2720 552 2772 598 et
2794 545 2960 614 gratia
2988 560 3141 615 posse
3161 562 3282 604 esse
3309 552 3425 606 sine
3451 567 3579 622 νεαρ

2009 640 2147 697 cato,
2174 634 2492 703 respondeat
2520 647 2572 690 et
2593 634 2661 703 ad
2693 635 2793 691 alia
2814 638 3061 704 capitula.
3092 655 3114 689 ι

2085 725 2171 779 Π.
2202 724 2464 795 Numquid
2496 726 2580 781 llic
2611 737 2853 796 poterant
2876 729 3114 797 judices,
3158 730 3242 788 vel
3281 733 3548 789 debebant
3568 778 3581 795 ,

2012 815 2273 885 incognita
2310 827 2361 871 et
2407 817 2604 870 incerta
2642 816 2922 883 damnare,
2963 818 3174 888 quando
3208 836 3361 877 uenio
3398 831 3581 879 contra

2011 906 2212 973 aderat,
2244 908 2330 978 qui
2357 920 2416 963 ea
2443 923 2561 977 qua:
2586 907 2653 962 ad
2684 908 2893 963 viduam
2921 910 3353 980 reprehensibilia
3382 917 3581 986 scripta

2010 997 2343 1066 dicebantur,
2368 1000 2635 1071 Pelagium
2652 1001 2934 1071 scripsisse
2944 1004 3325 1060 convinceret?
3340 1006 3436 1062 Ubi
3455 1024 3551 1078 pro
3567 1037 3580 1049 -

2011 1088 2151 1145 fecto
2183 1105 2365 1158 parum
2395 1100 2536 1147 esset
2576 1091 2814 1146 codicem
2858 1090 3029 1160 l‘erre,
3061 1095 3206 1150 etde
3230 1099 3441 1166 scriptis
3469 1098 3586 1168 ejus

2014 1180 2128 1235 hac
2153 1180 2349 1250 legere,
2379 1182 2477 1236 nisi
2508 1190 2564 1236 et
2591 1189 2755 1237 testes
2778 1182 3177 1252 adhiberentur,
3204 1185 3250 1240 si
3280 1187 3366 1243 illa
3388 1190 3581 1260 scripta

2012 1287 2106 1326 sua
2143 1286 2295 1336 esse,
2328 1272 2487 1326 etiam
2525 1286 2646 1328 cum
2676 1273 3050 1341 recitarentur,
3094 1285 3328 1345 negaret.
3354 1278 3583 1334 Verum-

2011 1371 2188 1417 tamen
2215 1363 2266 1417 in
2292 1361 2377 1416 bis
2399 1377 2608 1433 quoque
2622 1362 2864 1419 fecerunt
2878 1363 3107 1434 iudices,
3130 1366 3268 1436 quod
3290 1366 3466 1425 Leere
3490 1384 3585 1439 po-

2015 1464 2247 1521 tuerunt,
2278 1455 2667 1524 interrogantes
2690 1455 2963 1525 Pelagium
2983 1497 3000 1521 ,
3030 1467 3203 1511 utrum
3229 1458 3583 1515 anathemati.

2014 1555 2159 1601 zaret
2215 1545 2335 1600 illos
2382 1546 2472 1616 qui
2521 1546 2644 1602 talia
2700 1547 2973 1609 sentiunt,
3036 1549 3212 1617 qualia
3260 1564 3323 1605 se
3376 1551 3591 1622 negavit
3622 1575 3651 1583 α

2014 1634 2323 1705 Scripsisse,
2350 1636 2469 1691 sive
2497 1635 2697 1693 dixisse
2726 1655 2738 1689 :
2770 1652 2903 1708 quos
2932 1637 3060 1692 ubi1
3088 1653 3149 1693 se
3179 1648 3425 1709 tauquam
3452 1642 3590 1696 stul-

2017 1736 2099 1782 tos
2123 1726 2569 1784 anathematizare
2597 1729 2889 1799 respondit,
2916 1729 3044 1801 quid
3068 1730 3293 1800 amplius
3317 1730 3386 1786 de
3407 1733 3506 1787 hac
3529 1747 3589 1788 re

2011 1817 2218 1888 iudices
2233 1860 2249 1885 ,
2281 1820 2602 1875 adversariis
2625 1821 2963 1887 absentibus,
2992 1837 3231 1891 quaerere
3254 1822 3592 1880 debuerunt?

2089 1908 2174 1965 l8.
2215 1911 2295 1963 An
2340 1915 2395 1964 e‘t
2436 1910 2564 1964 illud
2612 1910 2838 1967 fortasse
2879 1913 3208 1969 tractandum
3254 1922 3369 1982 est,
3410 1925 3587 1970 utrum

2014 2008 2171 2061 recte,
2191 1999 2388 2054 dictum
2415 2000 2487 2055 sit
2508 2019 2533 2053 ·‹
2563 2016 2668 2056 non
2707 2012 2954 2071 tanquam
2998 2003 3308 2071 hazreticos,
3340 2004 3435 2060 sed
3468 2013 3588 2058 tan-

2015 2103 2174 2158 quam
2219 2088 2412 2145 stultos
2457 2088 2983 2146 anathematimudos
3032 2093 3119 2161 qui
3169 2091 3242 2146 ita
3287 2093 3586 2157 sentirent,

2008 2180 2263 2252 quoniam
2303 2179 2493 2251 dogma
2528 2189 2640 2235 'noo
2683 2182 2865 2237 esset?
2889 2199 2917 2234 ι
2949 2182 3054 2238 Sed
3081 2183 3148 2238 ab
3177 2182 3275 2239 hac
3297 2183 3591 2253 qumstioue

2018 2286 2124 2327 non
2149 2270 2275 2339 levi,
2305 2270 2394 2331 ubi
2422 2271 2697 2341 qumritur,
2730 2283 2991 2341 quatenus
3017 2272 3088 2327 sit
3114 2270 3447 2329 definiendus
3478 2275 3588 2328 ha:-

2019 2364 2241 2428 reticus,
2267 2372 2413 2419 recte
2440 2377 2500 2418 se
2523 2361 2576 2417 in
2606 2362 2887 2432 praesentia
2921 2362 3131 2432 iudices
3154 2362 3527 2419 abstinuerunt
3545 2367 3590 2417 '.

2017 2455 2132 2513 Non
2161 2454 2302 2510 enim
2320 2455 2402 2521 ,si
2433 2454 2741 2524 quisquam,
2769 2454 2910 2510 verbi
2932 2455 3105 2525 gratia
3126 2494 3145 2522 ,
3176 2454 3367 2510 dixerit
3389 2456 3594 2525 aquila-

2019 2562 2135 2601 rum
2164 2546 2338 2617 pullos
2376 2554 2599 2615 paterno
2637 2559 2810 2616 ungue
2844 2559 3134 2615 suspensos
3171 2553 3225 2600 et
3262 2545 3425 2600 radiis
3461 2546 3593 2601 solis

2019 2638 2223 2694 oblatos
2242 2678 2258 2701 ,
2288 2636 2332 2692 si
2361 2637 2531 2693 oculis
2549 2635 2960 2706 palpitaverint,
2981 2640 3236 2705 tauquam
3267 2635 3595 2691 adulterinos

2019 2730 2073 2785 in
2099 2738 2315 2795 terram,
2341 2729 2457 2784 luce
2480 2728 2708 2799 quodam
2729 2728 2887 2783 modo
2909 2724 3277 2793 convﬂicente,
3306 2728 3520 2794 dimitti,
3548 2730 3595 2784 si

2020 2822 2157 2878 forte
2183 2821 2284 2876 hoc
2313 2819 2505 2875 falsum
2540 2828 2659 2886 est,
2704 2821 2987 2875 limrcticns
3027 2819 3343 2890 iudicandus
3384 2827 3486 2875 est.
3528 2819 3595 2875 Et
3634 2842 3643 2851 -

2019 2917 2152 2981 hoc,
2189 2911 2310 2984 quia
2352 2911 2404 2965 in
2434 2910 2710 2966 hominum
2748 2909 3025 2967 doctorum
3073 2908 3264 2965 litteris
3309 2909 3594 2975 invenitur,

2019 3005 2261 3075 famaque
2284 3002 2552 3074 vulgatum
2576 3010 2692 3067 est,
2718 3016 2818 3057 nec
2836 3002 3001 3057 stulte
3025 3000 3128 3058 dici
3154 2999 3446 3072 putandum
3474 3010 3591 3065 est,

2018 3093 2181 3150 etiam
2205 3093 2250 3148 si
2277 3100 2463 3148 verum
2486 3107 2592 3147 non
2618 3100 2731 3156 est;
2765 3104 2864 3147 nec
2889 3089 3044 3146 ﬁdem
3073 3097 3307 3144 nostram
3332 3131 3346 3155 ,
3374 3097 3595 3160 propter

2019 3199 2177 3256 quam
2205 3183 2390 3240 ﬁdeles
2415 3197 2692 3250 vocamur,
2721 3191 2812 3239 aut
2834 3181 3091 3236 creditum
3114 3179 3136 3213 ⁸
3158 3180 3335 3247 laedit,
3362 3188 3452 3235 aut
3472 3194 3595 3236 cre-

2020 3276 2186 3332 ditum
2203 3275 2371 3346 juvat.
2398 3275 2585 3339 Porro,
2607 3273 2654 3329 si
2670 3286 2732 3330 ex
2757 3274 2858 3329 hoc
2882 3289 3042 3329 sensu
3065 3272 3219 3345 quis‘
3238 3271 3593 3337 contenderit,

2020 3368 2226 3423 animas
2254 3367 2596 3423 rationabiles
2621 3366 2800 3423 inesse
2826 3366 3159 3433 volucribus,
3186 3380 3253 3421 ex
3281 3379 3345 3421 eo
3369 3365 3509 3435 quod
3540 3365 3595 3423 in

2020 3473 2111 3514 eas
2138 3458 2475 3513 revolvantur
2501 3455 2748 3511 humanm
2772 3472 2784 3509 :
2810 3463 2919 3510 tum
2947 3469 3073 3510 vero
3098 3463 3353 3524 tanquam
3383 3454 3596 3509 ita-reti-

2019 3563 2080 3603 ea
2109 3548 2304 3618 pestis,
2335 3547 2403 3604 ab
2428 3546 2645 3602 auribus
2676 3545 2964 3615 animoque
3007 3545 3244 3615 pellenda
3282 3555 3397 3611 est;
3433 3559 3591 3615 agen-

2021 3639 2251 3708 dumque
2277 3646 2333 3693 et
2357 3636 2829 3693 demonstrandum
2852 3675 2870 3702 ,
2901 3636 3059 3690 etiam
3092 3635 3144 3691 si
3185 3636 3286 3691 hoc
3310 3635 3377 3691 de
3403 3635 3596 3706 aquilis

2021 3745 2203 3785 verum
2230 3738 2351 3795 est,
2381 3726 2518 3783 sicut
2544 3727 2721 3781 multa'
2743 3726 2874 3781 mira
2909 3734 3032 3780 ante
3069 3724 3250 3780 oculos
3280 3732 3493 3779 nostros
3527 3724 3595 3778 de

2021 3820 2207 3890 apibus
2228 3833 2355 3874 vera
2386 3824 2545 3884 sunt,
2571 3817 2728 3888 longe
2759 3824 2935 3871 tamen
2962 3816 3029 3871 ab
3053 3813 3357 3884 huiusmodi
3386 3814 3597 3869 irratio-

2023 3910 2273 3965 nabilium
2295 3909 2659 3972 animantium,
2683 3907 2923 3978 quamvis
2947 3904 3173 3960 mirabili
3195 3918 3373 3968 sensu,
3396 3903 3594 3959 distare

2022 4000 2303 4066 rationem,
2326 4013 2445 4068 qua:
2468 4013 2573 4052 non
2599 3996 2974 4052 bominibus‘et
2992 3994 3287 4065 pecoribus,
3310 3992 3404 4048 sed
3425 3993 3594 4049 homi—

2024 4092 2177 4146 nibus
2219 4089 2539 4159 Angelisque
2578 4086 2876 4141 communis
2916 4094 3019 4141 est.
3056 4083 3218 4139 Multa
3261 4098 3389 4138 vero
3433 4083 3593 4141 etiam

2022 4182 2179 4237 stulta
2209 4179 2454 4234 dicuntur
2477 4176 2543 4232 ab
2570 4174 2828 4245 imperitis
2852 4183 2906 4229 et
2937 4173 3087 4229 vanis
3108 4213 3124 4238 ,
3151 4187 3253 4228 nec
3276 4180 3453 4229 tamen
3484 4172 3595 4228 bae-

2023 4271 2232 4335 reticis;
2279 4267 2453 4338 qualia
2497 4272 2621 4322 sunt
2663 4278 2859 4329 eorum,
2890 4264 2977 4334 qui
3022 4263 3091 4318 de
3133 4263 3320 4320 alienis
3360 4262 3594 4331 artibus,

2022 4378 2155 4434 «tuas
2179 4377 2284 4418 non
2312 4358 2643 4421 didicerunt,
2676 4364 2872 4410 temere
2893 4353 3169 4425 iudicant,
3210 4362 3303 4424 aut
3337 4352 3597 4409 immode-

2019 4467 2142 4514 rato
2170 4464 2394 4513 etch
2430 4450 2621 4507 allecto
2660 4448 2743 4505 vel
2789 4447 3007 4504 laudant
3048 4462 3182 4518 quos
3219 4446 3479 4518 diligunt,
3504 4447 3590 4504 vei

2023 4550 2322 4616 vituperant
2341 4556 2476 4613 quos
2494 4539 2755 4605 oderunt;
2779 4546 2832 4594 et
2855 4536 3107 4608 quidquid
3132 4536 3274 4593 aliud
3297 4538 3349 4593 in
3369 4550 3597 4594 consue—

2025 4641 2206 4698 tudine
2233 4635 2497 4692 sermonis
2523 4630 2775 4697 bumani,
2808 4644 2913 4685 non
2952 4637 3150 4685 statuto
3184 4628 3470 4699 dogmate.
3496 4628 3590 4684 sed

2022 4732 2241 4804 passim,
2269 4738 2329 4783 ιιι
2352 4726 2420 4782 ad
2449 4734 2658 4795 tempus
2682 4721 2991 4786 occurrerit,
3025 4735 3123 4790 per
3145 4719 3381 4773 stultitia:
3400 4717 3589 4773 levita-

2021 4836 2154 4887 tem,
2175 4821 2258 4877 vel
2285 4834 2379 4875 ore
2399 4814 2681 4887 profertur,
2704 4812 2785 4866 vel
2810 4811 2935 4866 stilo
2949 4809 3107 4865 etiam
3133 4808 3424 4889 litterisque
3439 4820 3590 4861 com-

2024 4914 2266 4968 mittitur.
2294 4908 2483 4962 Multos
2510 4904 2740 4973 denique
2764 4901 2834 4958 de
2863 4899 2946 4955 his
2972 4897 3241 4969 paululum
3269 4895 3590 4960 admonitos,

2024 5006 2151 5067 talia
2176 5003 2373 5059 dixisse
2394 5012 2515 5052 mox
2541 4996 2764 5067 pamitet
2787 5012 2801 5047 :
2824 4994 2895 5048 ita
2924 5005 2985 5047 ea
3016 5004 3120 5045 non
3153 4988 3343 5058 placito
3365 4986 3596 5058 quodam

2024 5098 2128 5163 ﬁxa
2152 5094 2468 5158 retinebant,
2500 5089 2593 5143 sed
2619 5086 2772 5158 quasi
2798 5084 3165 5151 undecumque
3190 5087 3337 5149 rapta
3356 5119 3372 5143 ,
3403 5086 3458 5133 et
3484 5093 3592 5133 non

2021 5187 2356 5244 considerata
2376 5224 2392 5248 ,
2423 5179 2783 5252 profuderant.
2812 5175 2911 5233 Vix
2951 5181 3034 5229 est
3060 5181 3236 5225 autem
3261 5183 3447 5227 carere
3473 5170 3595 5226 istis

2088 5364 2264 5427 militi,
2284 5373 2403 5424 quos
2423 5355 2494 5409 ibi
2514 5370 2532 5418 ;
2555 5353 2653 5416 vel,
2677 5364 2799 5427 quos,
2814 5349 2915 5419 ille.
2947 5348 3254 5407 Colbertinus
3282 5345 3459 5409 codex,
3482 5357 3601 5410 quos

2088 5466 2185 5533 3th
2216 5492 2320 5533 Mss.
2340 5480 2561 5544 etprima
2585 5475 2795 5526 editione
2816 5470 2945 5544 Veis.
2965 5484 3023 5522 ac
3040 5478 3194 5531 Suar.,
3217 5466 3531 5520 abstulerant.

2087 5549 2110 5581 ⁸
2136 5532 2291 5595 Blitio
2310 5532 2556 5605 sola'alas.,
2579 5544 2768 5587 autnan
2789 5532 3047 5605 creditum-
3117 5592 3127 5605 ,
3188 5604 3197 5605 ί
3244 5604 3253 5605 ί
3394 5603 3403 5605 Α
3423 5601 3439 5605 Α
3483 5595 3523 5605 Α,
3551 5587 3562 5605 ε

2087 5608 2111 5640 ι
2140 5590 2286 5656 ἧᾶἐῖἰέ
2309 5590 2369 5653 ex
2394 5590 2666 5664 conjectura
2689 5602 2952 5664 correctus.
2988 5601 3034 5664 to
3058 5592 3217 5664 prima
3232 5590 3446 5664 editione
3467 5590 3599 5664 Aet-iu

2025 5650 2562 5731 sliquot'niaaumriﬁds
2600 5659 2872 5722 legebatur,
2904 5670 2968 5709 ex
3004 5650 3090 5706 Ιιοὶ·
3115 5651 3241 5705 senis
3276 5650 3398 5715 (vel,
3430 5650 3596 5703 rerum

3047 5793 3313 5872 (Οηιε.)

1983 5797 1991 5804 .
2027 5731 2172 5793 φευιι.
