4002 6178
329 306 431 378 952‘s

325 416 470 492 a!iud
498 436 549 489 in
579 404 867 488 doctrina:
888 425 980 484 sed
1010 425 1195 497 gratia:
1224 422 1315 477 Dei
1349 422 1598 492 posiebat
1635 422 1912 488 auxilium,

324 544 422 600 per
447 519 630 584 Iesum
655 514 927 579 Christum
959 518 1243 572 Dominum
1279 519 1540 570 nostrum.

394 608 627 674 CAPUT
660 614 725 670 Χ.
752 643 826 654 -
849 611 940 666 29..
972 608 1120 665 [lane
1147 608 1324 678 itaque
1364 604 1586 677 gratiam
1610 647 1623 669 ,
1652 606 1811 675 quam

320 710 589 766 catholica
614 704 853 762 Ecclesia
879 701 1209 758 notissimam
1232 707 1515 760 noverant,
1544 688 1780 766 episcopi
1802 710 1922 750 cre-

320 803 575 858 diderunt
602 784 876 868 Pelagium
901 792 1166 858 conliteri,
1194 806 1316 846 eum
1343 788 1590 845 audirent
1615 803 1740 844 eum
1772 787 1920 842 diee-

318 902 418 960 re,
452 911 471 945 ι
498 882 775 948 hominem
799 903 826 941 a
851 885 1079 958 peccatis
1106 880 1423 939 conversum
1447 921 1461 943 ,
1490 878 1710 949 proprio
1737 878 1921 931 labore

325 995 383 1037 et
406 978 498 1037 Dei
520 980 690 1053 gratia
738 991 900 1048 posse
949 990 1069 1030 esse
1122 975 1238 1028 sine
1278 976 1509 1041 peceato.
1550 976 1569 1021 ι
1603 960 1715 1040 Ego
1744 968 1920 1023 autem

325 1085 547 1146 propter
571 1073 719 1126 illum
743 1070 956 1130 librum,
998 1081 1155 1137 quem
1203 1063 1332 1118 mihi
1383 1060 1734 1147 refellendum
1780 1058 1922 1114 servi

328 1167 423 1223 Dc-i
453 1164 721 1219 dederunt
749 1160 847 1230 (a),
868 1160 955 1230 qui
983 1157 1228 1227 discipuli
1280 1155 1397 1225 ejus
1427 1151 1668 1218 fuerunt,
1701 1160 1754 1208 et
1798 1167 1923 1208 cum

324 1256 579 1312 eumdem
608 1253 880 1324 Pelagium
911 1251 1065 1305 valde
1089 1240 1372 1319 diligerent
1398 1288 1413 1311 ,
1445 1242 1561 1316 ejus
1610 1260 1731 1300 esse
1771 1243 1923 1299 dixe-

324 1343 476 1413 runt,
503 1344 594 1400 ubi
619 1342 725 1398 hac
763 1340 1059 1412 qurestione
1105 1332 1206 1393 sibi
1252 1328 1518 1408 propesita
1543 1378 1556 1397 ,
1586 1336 1707 1407 quia
1733 1324 1840 1388 hoc
1872 1333 1924 1388 in

327 1444 398 1491 eo
426 1437 539 1507 jam
560 1434 820 1504 plurimos
846 1430 1162 1496 ‘offende’rat,
1192 1427 1333 1500 quod
1364 1428 1621 1482 adversus
1659 1427 1749 1481 Dei
1803 1441 1926 1497 gra-

329 1526 460 1582 tiam
487 1525 820 1596 loqueretur,
849 1511 1180 1591 apertissime
1204 1516 1503 1590 expressit,
1537 1540 1554 1570 ι
1589 1510 1731 1573 hanc
1760 1531 1820 1573 se
1848 1517 1929 1571 di-

328 1634 461 1672 cere
484 1616 579 1672 Dei
610 1615 857 1688 gratiam,
885 1611 1027 1685 quod
1057 1608 1463 1682 possibilitatem
1519 1625 1621 1665 non
1667 1608 1925 1682 peccandi

331 1719 527 1763 natura
558 1715 741 1762 nostra
763 1714 884 1758 cum
915 1702 1257 1767 conderetur,
1286 1698 1511 1771 accepit,
1541 1700 1791 1771 quoniam
1809 1714 1932 1753 con-

329 1800 443 1853 dha
473 1807 558 1853 est
585 1811 704 1851 cum
731 1794 905 1850 libero
933 1792 1155 1847 arbitrio
1187 1808 1201 1847 :
1244 1812 1262 1844 ι
1287 1796 1510 1863 prepter
1541 1792 1680 1845 hunc
1709 1804 1837 1861 ergo
1861 1786 1930 1842 li-

332 1890 492 1943 brum
514 1902 636 1958 ego,
666 1883 878 1956 plurimi
907 1890 1084 1937 autem
1108 1882 1300 1937 fratres
1322 1870 1539 1951 propter
1560 1880 1676 1950 ejus
1693 1879 1935 1950 disputa-

335 1980 536 2043 tiones,
566 1990 703 2047 quas
733 1973 913 2029 dicunt
965 1971 1066 2028 sibi
1107 1985 1229 2027 esse
1269 1969 1611 2032 notissimas,
1646 1968 1819 2025 adhuc
1843 1983 1934 2023 su-

337 2083 463 2125 mus
490 2067 797 2124 deistorum
828 2063 1119 2120 verborum
1147 2062 1266 2134 ejus
1308 2062 1649 2132 ambiguitate
1673 2059 1887 2117 solliciti
1914 2101 1930 2125 ,

341 2176 408 2213 ne
439 2158 582 2213 forte
606 2154 736 2227 quid
760 2155 814 2210 in
845 2169 907 2209 ea
930 2152 1113 2221 lateat,
1141 2160 1302 2222 atque
1352 2166 1412 2208 se
1460 2150 1564 2207 hoc
1591 2150 1792 2206 dixisse
1817 2150 1934 2205 sine

342 2249 656 2321 prmjudicio
715 2248 797 2302 sui
850 2245 1115 2317 dogmatis
1159 2251 1389 2314 exponat
1436 2253 1623 2314 postea
1663 2240 1936 2311 discipulis

340 2341 479 2407 suis,
509 2342 579 2394 ita
601 2339 874 2395 disserens
900 2356 912 2392 :
945 2355 961 2391 ι
994 2336 1115 2392 Dixi
1145 2336 1385 2408 quidem,
1414 2336 1630 2405 proprio
1674 2335 1860 2390 labore
1884 2344 1936 2390 et

345 2433 441 2487 Dei
477 2430 649 2501 gratia
693 2443 850 2501 posse
904 2427 1178 2484 hominem
1205 2442 1325 2482 esse
1375 2428 1490 2483 sine
1531 2436 1785 2498 peccato;
1843 2426 1938 2482 sed

346 2538 506 2595 quam
525 2520 699 2576 diram
727 2519 952 2591 gratiam
983 2518 1184 2589 Optime
1213 2518 1404 2581 nostis,
1432 2529 1487 2575 et
1512 2517 1740 2588 legendo
1784 2531 1939 2572 reco-

348 2615 459 2669 lere
482 2613 726 2685 potestis,
756 2611 897 2682 quod
926 2627 988 2666 ea
1015 2611 1104 2673 sit,
1131 2611 1184 2666 in
1208 2626 1310 2681 qua
1340 2610 1506 2667 creati
1553 2624 1740 2667 sumus
1770 2625 1799 2664 a
1829 2610 1941 2664 Deo

351 2704 935 2760 cumliberoarbitrio.
980 2723 1001 2756 ι
1033 2705 1207 2775 Atque
1253 2704 1324 2759 ita
1371 2703 1494 2758 dum
1545 2719 1667 2759 eum
1717 2704 1943 2760 credunt

353 2797 588 2868 episcopi
652 2810 770 2849 eam
824 2793 1021 2849 dixisse
1064 2796 1320 2864 gratiam,
1378 2812 1480 2849 non
1538 2808 1639 2865 qua
1700 2795 1942 2850 homines

353 2880 521 2942 creati
551 2897 756 2953 sumus,
798 2884 890 2939 sed
921 2894 1023 2955 qua
1069 2885 1122 2939 in
1170 2900 1358 2939 noram
1382 2894 1680 2939 creaturam
1707 2884 1942 2955 adoptat‘i

357 2978 521 3050 (hanc
575 2977 718 3032 enim
773 2976 1110 3046 apertissime
1161 2976 1384 3046 gratiam
1437 2975 1613 3031 divina
1671 2975 1943 3046 Scriptura

356 3067 739 3139 commendat),
774 3068 1079 3137 ignorantes
1105 3065 1411 3120 tta-relicum
1432 3107 1447 3133 ,
1476 3073 1724 3137 tanquam
1756 3066 1945 3120 catho-

358 3165 520 3221 licunt
539 3163 900 3217 absolverunt.
936 3160 1253 3230 Suspectum
1281 3159 1423 3215 enim
1474 3174 1562 3214 me
1618 3158 1740 3213 facit
1785 3158 1945 3215 etiam

358 3255 512 3321 illud,
541 3252 681 3324 quod
710 3268 833 3309 cum
855 3253 906 3307 in
934 3252 1121 3307 eodem
1147 3251 1306 3316 libro,
1335 3250 1422 3306 cui
1473 3250 1746 3320 respondi,
1787 3265 1946 3320 aper-

359 3346 566 3402 tissime
591 3344 806 3408 dixerit,
836 3363 855 3396 ι
882 3343 1230 3412 Abeljnstum
1253 3357 1525 3413 nunquam
1548 3341 1775 3398 omnino
1817 3357 1948 3411 pec-

356 3452 550 3502 casse;
586 3455 605 3489 ι
641 3434 799 3490 modo
825 3434 919 3499 ait,
956 3453 974 3486 ι
1012 3431 1126 3488 Non
1155 3443 1331 3488 autem
1360 3431 1594 3487 diximus
1631 3431 1770 3502 quod
1796 3433 1947 3487 iure-

360 3529 540 3584 niatur
564 3527 778 3599 aliquis,
805 3526 873 3582 ab
903 3524 1120 3580 infantia
1175 3539 1343 3595 usque
1371 3523 1435 3577 ad
1490 3534 1760 3580 senectam
1785 3564 1803 3592 ,
1860 3523 1950 3595 qui

360 3638 630 3693 nunquam
648 3622 970 3692 peccaverit;
1002 3619 1095 3676 sed
1122 3619 1375 3691 quoniam
1404 3635 1433 3672 a
1462 3620 1697 3690 peccatis
1721 3634 1949 3674 conver-

357 3726 477 3776 sus,
503 3713 723 3783 proprio
754 3711 935 3767 labore
951 3717 1007 3766 et
1033 3709 1129 3765 Dei
1160 3710 1328 3782 gratia
1356 3711 1525 3780 possit
1552 3725 1673 3765 esse
1699 3710 1813 3764 sine
1833 3724 1954 3779 per-

361 3813 505 3860 cato.
541 3824 560 3855 ι
595 3803 729 3859 Abel
754 3804 949 3874 quippe
971 3802 1196 3872 justum,
1226 3818 1334 3857 non
1377 3817 1406 3857 a
1447 3804 1679 3872 peccatis
1724 3818 1950 3857 conver-

360 3910 482 3950 sum
514 3894 567 3950 in
594 3904 787 3950 uetera
821 3894 927 3948 vita
953 3892 1085 3949 dixit
1132 3891 1327 3949 factum
1364 3908 1483 3949 esse
1526 3892 1645 3948 sine
1695 3901 1912 3962 peccato
1933 3934 1950 3957 ,

358 3987 458 4043 sed
495 4006 516 4040 ι
546 3987 688 4058 quod
718 3995 991 4056 peccatum
1028 3986 1228 4040 nullum
1258 4000 1488 4055 unquam
1515 3983 1721 4039 fecerit.
1752 4002 1769 4032 ι
1803 3983 1954 4040 Unde

362 4077 412 4130 si
443 4077 529 4132 ille
553 4078 720 4147 ipsius
741 4076 879 4132 liber
926 4085 1029 4142 est,
1061 4074 1300 4146 profecto
1347 4090 1414 4130 ex
1447 4074 1559 4146 ipsa
1604 4078 1955 4144 responsione

361 4168 729 4224 emendandus
756 4178 857 4224 est.
882 4167 1014 4222 Nolo
1039 4168 1180 4222 enim
1201 4183 1322 4223 eum
1339 4166 1520 4223 dicere
1573 4166 1733 4222 modo
1786 4165 1954 4223 fuisse

371 4263 681 4326 mentitum,
715 4277 781 4316 ne
820 4262 955 4316 forte
986 4260 1165 4331 quod‘
1198 4261 1250 4315 in
1280 4259 1415 4315 libro
1443 4260 1533 4315 illo
1569 4260 1864 4329 scripserit,
1895 4276 1955 4316 se

363 4352 511 4408 dicat
538 4354 796 4408 oblitum:
823 4352 1046 4424 proinde
1087 4361 1282 4407 czetera
1327 4351 1624 4408 videamus.
1657 4351 1735 4407 Ea
1762 4352 1955 4422 quippe

362 4453 764 4516 consequuntur
806 4443 860 4500 in
891 4443 1271 4500 ecclesiasticis
1318 4444 1505 4514 gestis.
1559 4444 1772 4514 quibus,
1800 4444 1954 4513 adju.

364 4548 525 4594 vante
547 4539 791 4603 Domino,
818 4551 1104 4608 possumus
1142 4535 1449 4602 ostendere,
1498 4535 1658 4592 etiam
1704 4536 1952 4608 Pelagio,

362 4631 505 4687 sicut
522 4632 786 4686 nonnullis
806 4630 1035 4692 videtur,
1055 4629 1106 4683 in
1126 4629 1212 4683 illa
1226 4629 1616 4684 examinatione
1637 4639 1878 4700 purgato,
1904 4638 1959 4684 et

360 4731 514 4777 certe
543 4720 680 4793 apud
706 4721 913 4790 judices
938 4719 1195 4774 duntaxat
1235 4718 1482 4775 homines
1506 4720 1751 4775 absoluto
1774 4760 1789 4784 ,
1820 4721 1959 4777 hanc

365 4813 530 4868 talem
558 4813 827 4875 ltmresim,
858 4827 1014 4882 quam
1041 4820 1095 4869 et
1124 4810 1349 4867 ulterius
1394 4811 1645 4895 progredi
1689 4821 1744 4868 et
1782 4812 1833 4867 in
1861 4827 1953 4882 pe.

358 4906 454 4976 jus
479 4904 739 4977 profluam
765 4905 1018 4968 nolimus,
1049 4904 1165 4965 sine
1182 4903 1343 4958 dubio
1363 4917 1482 4958 esse
1507 4894 1833 4959 damnatam.

395 5011 404 5017 '
439 4996 524 5053 CA
537 4996 666 5053 PU'l'
689 4994 1091 5052 att—25.11am
1115 4994 1257 5050 enim
1270 4992 1566 5063 sequuntur
1582 4994 1787 5064 objecta
1800 4994 1958 5051 Pela-

365 5086 477 5156 gio,
508 5100 626 5158 qua:
651 5085 703 5141 in
732 5086 972 5143 doctrina
996 5084 1231 5142 Caelestii
1262 5085 1507 5157 discipuli
1553 5086 1671 5155 ejus
1718 5086 1960 5142 referun-

366 5187 459 5232 tur
483 5179 717 5233 inventa.
751 5195 771 5230 ι
799 5178 973 5249 Adam
1006 5177 1285 5232 mortalem
1319 5175 1537 5240 factum,
1566 5179 1657 5247 qui
1683 5178 1797 5234 sive
1833 5194 1958 5248 pec-

363 5276 535 5331 caret,
559 5268 671 5325 sive
694 5283 800 5323 non
844 5276 1108 5337 peccaret,
1164 5268 1453 5323 moriturus
1491 5277 1655 5324 esset.
1697 5269 1959 5337 Quoniam

364 5373 643 5429 peccatum
674 5357 801 5414 Ada:
827 5358 999 5428 ipsum
1029 5358 1204 5413 solum
1255 5356 1487 5422 lre‘serit,
1530 5368 1588 5414 et
1639 5374 1746 5414 non
1793 5374 1960 5431 genus

365 5450 678 5504 humanum.
707 5448 968 5517 Quoniam
999 5449 1105 5506 Lex
1132 5450 1210 5506 sic
1240 5450 1397 5507 mittit
1416 5449 1484 5507 ad
1505 5467 1748 5524 regnum,
1768 5467 1961 5525 quern-

361 5540 653 5596 admodum
727 5541 1091 5613 Evangelium.
1153 5541 1415 5611 Quoniam
1478 5553 1602 5602 ante
1672 5544 1959 5602 adventum

437 5708 453 5734 ι
485 5697 790 5767 (libertinus
807 5708 912 5762 ιη..
936 5702 1072 5767 ipsa.

435 5766 513 5823 ia)
545 5765 776 5816 natatus
800 5771 851 5814 et
873 5764 1095 5815 incomta.

1757 306 1957 363 LIBER
2000 300 2198 361 UNUS.

3504 301 3608 357 3'53

2023 420 2220 474 Christi
2245 420 2455 475 fuerunt
2484 414 2728 473 homines
2770 411 2885 471 sine
2931 425 3164 487 peccato.
3222 416 3482 484 Quon‘am
3527 421 3607 471 in-

2027 507 2196 567 fantes
2225 527 2394 580 nuper
2426 511 2538 564 nati
2562 511 2611 563 in
2643 498 2732 564 illo
2756 511 2898 565 statu
2930 518 3071 573 sunt,
3104 508 3155 563 in
3188 524 3295 579 quo
3326 504 3492 563 Adam
3513 507 3610 563 fuit

2024 598 2146 660 ante
2168 605 2676 675 pr.rvaricatlonem.
2711 602 2970 669 Quoniam
3018 617 3191 673 neque
3245 615 3341 671 per
3383 611 3609 657 mortem

2025 698 2106 750 vel
2127 696 2616 766 prmvarieatiouem
2649 695 2777 750 Adzc
2800 709 2961 750 omne
2984 710 3153 765 genus
3180 695 3456 750 hominum
3489 712 3603 749 mn-

2027 789 2215 856 riatnr,
2247 796 2417 859 neque
2448 806 2542 861 per
2569 768 3015 845 resurrectionem
3066 788 3261 845 Christi
3310 803 3470 846 omne
3519 805 3615 860 ge-
3658 782 3679 797 ί

2029 899 2128 937 nus
2158 880 2429 936 hominum
2456 888 2717 951 resurgat.
2759 898 2778 931 ι
2826 876 2948 935 Haec
3001 879 3069 935 ita
3099 880 3323 960 .objmfa
3354 890 3509 945 sunt,
3560 891 3615 934 ut

2027 976 2187 1030 etiam
2215 974 2350 1045 apud
2378 962 2751 1043 Carthaginem
2773 989 2801 1028 a
2831 972 3124 1028 Sanctitate
3151 982 3237 1027 tua
3288 983 3338 1028 et
3392 974 3457 1030 ab
3487 973 3607 1027 aliis

2031 1074 2203 1120 tecum
2243 1063 2510 1134 epiSc0pis
2539 1062 2841 1118 dicerentur
2895 1056 3072 1118 audita
3129 1072 3286 1132 atque
3341 1059 3612 1117 damnata.

2030 1140 2130 1211 Ubi
2158 1156 2394 1227 quidem,
2415 1165 2471 1209 ut
2501 1152 2715 1220 rec‘olis,
2745 1154 2859 1224 ipse
2886 1170 2992 1208 non
3019 1148 3113 1219 fui,
3138 1150 3231 1208 sed
3277 1163 3457 1224 postea
3493 1167 3612 1208 cum

2030 1248 2294 1303 venissem
2315 1243 2711 1315 Carthaginem,
2744 1238 2929 1299 eadem
2956 1252 3103 1313 gesta
3119 1245 3384 1311 recensui,
3410 1258 3475 1299 ex
3499 1243 3615 1315 qui-~

2032 1338 2130 1392 hns
2154 1339 2324 1408 aliqua
2349 1334 2566 1392 memini
2592 1354 2607 1390 :
2633 1335 2729 1391 sed
2760 1336 2942 1391 nescio
2970 1344 3149 1391 utrum
3191 1328 3304 1392 eis‘
3334 1336 3449 1393 haec
3498 1350 3617 1391 om-

2034 1430 2118 1484 nia
2142 1436 2440 1483 teneantur.
2465 1425 2601 1495 Quid
2628 1436 2806 1482 antem
2826 1426 3070 1491 interest,
3094 1436 3272 1481 utrum
3296 1427 3471 1497 aliqua
3491 1426 3619 1481 inibi

2033 1534 2139 1572 non
2170 1518 2278 1573 sint
2306 1516 2443 1573 forte
2466 1524 2884 1572 commemorata
2906 1559 2920 1580 ,
2949 1525 3002 1572 et
3031 1516 3151 1571 ideo
3205 1534 3303 1572 nec
3330 1515 3575 1573 damnata
3604 1560 3618 1581 ,

2032 1618 2405 1665 enm-censtet
2449 1619 2568 1663 esse
2609 1602 2950 1664 damnanda?
2996 1602 3197 1665 Deinde
3245 1609 3453 1680 objecta
3500 1622 3623 1666 sunt

2033 1709 2083 1755 et
2106 1700 2209 1754 alia
2239 1699 2479 1771 quaedam
2502 1692 2751 1769 capitula,
2772 1701 3282 1755 commemoratione
3311 1701 3413 1756 mei
3446 1702 3621 1757 nomi-

2036 1790 2117 1845 nis
2148 1788 2479 1860 interposita,
2509 1801 2629 1861 qua?
2657 1782 2784 1845 mihi
2816 1790 2883 1847 de
2928 1791 3102 1847 Sicilia
3159 1792 3318 1846 missa
3353 1777 3579 1848 fuerant
3604 1832 3621 1859 ,

2034 1898 2154 1936 cum
2186 1882 2254 1937 ibi
2279 1882 2465 1937 fratres
2495 1882 2742 1937 catholici
2777 1874 3082 1954 hujusmodi
3112 1884 3624 1955 quaestionibnstnr-

2038 1972 2309 2040 b.:rentur,
2339 1973 2530 2043 quibus
2557 1989 2650 2043 per
2684 1964 2883 2028 librum
2922 1974 2986 2029 ad
3018 1974 3272 2030 Hilarium
3316 1977 3570 2046 scriptum
3607 2018 3622 2040 ,

2037 2064 2123 2133 qui
2151 2080 2212 2118 ea
2239 2064 2369 2119 mihi
2411 2066 2463 2118 in
2495 2065 2716 2135 epistola
2744 2080 2837 2120 sua
2867 2062 3154 2121 consulens
3206 2068 3421 2123 miserat
3447 2110 3462 2131 .
3496 2068 3631 2123 satis

2038 2154 2382 2221 suificienter,
2418 2164 2475 2209 nt
2496 2146 2625 2210 mihi
2659 2157 2884 2222 videtur,
2913 2158 3165 2225 re5p0ndi
3211 2157 3469 2231 (Epistola
3501 2160 3625 2223 157.

2038 2247 2107 2301 ad
2139 2245 2392 2301 Hilarium
2418 2246 2657 2321 scripta).
2690 2247 2790 2302 ista
2838 2259 2963 2304 sunt
3005 2254 3182 2305 autem
3217 2269 3229 2303 :
3266 2269 3283 2302 t
3325 2250 3489 2308 Posse
3532 2250 3628 2306 ltu-

2041 2339 2238 2394 minem
2268 2329 2383 2394 sine
2396 2348 2636 2410 peccato,
2668 2330 2713 2394 si
2744 2340 2893 2409 velit,
2925 2357 3063 2396 esse.
3088 2340 3344 2406 Infantes,
3372 2342 3472 2397 etsi
3521 2357 3626 2396 non

2043 2430 2394 2502 haptizentnr,
2424 2425 2625 2486 habere
2652 2432 2811 2486 vitam
2834 2441 3113 2486 mtcrnam.
3144 2432 3347 2487 Divites
3390 2431 3628 2502 baptiza-

2045 2532 2147 2589 tos,
2175 2521 2275 2576 nisi
2305 2517 2554 2577 omnibus
2580 2521 2974 2588 abrenuntient,
3012 2521 3056 2576 si
3078 2520 3202 2593 quid
3234 2521 3358 2577 boni
3385 2522 3483 2576 visi
3503 2519 3627 2576 fue-

2044 2610 2368 2677 rintfaeere,
2415 2622 2524 2666 non
2576 2612 2813 2682 reputari
2871 2611 3009 2678 illis,
3057 2627 3228 2684 neque
3280 2628 3500 2684 regnum
3532 2613 3628 2669 Dei

2046 2718 2202 2774 posse
2227 2719 2320 2758 eos
2339 2698 2558 2758 habere.
2593 2723 2611 2756 ι

2116 2794 2208 2851 ει.
2234 2793 2313 2851 Ad
2342 2794 2457 2849 haec
2492 2786 2592 2850 sibi
2624 2794 2851 2865 objecta,
2879 2795 3015 2849 sicut
3044 2803 3187 2866 gesta
3217 2803 3497 2854 testantur.
3536 2794 3632 2851 Pe-

2048 2888 2217 2959 lagius
2262 2882 2334 2942 ita
2373 2887 2690 2958 respondit:
2724 2906 2741 2939 ι
2782 2888 2856 2942 De
2909 2902 3069 2958 posse
3108 2886 3321 2957 quidem
3362 2886 3632 2941 hominem

2049 2981 2168 3038 sine
2195 2990 2414 3054 peccato
2445 2995 2594 3045 esse,
2618 2980 2818 3036 dictum
2846 2990 2961 3046 est,
3006 3000 3025 3032 ι
3062 2979 3252 3051 inquit,
3288 2998 3306 3031 ι
3347 2980 3630 3050 superius:

2049 3071 2116 3128 de
2143 3087 2210 3128 eo
2229 3081 2405 3127 autem
2431 3071 2572 3144 quod
2605 3072 2942 3127 fuerintante
2977 3070 3259 3125 adventum
3305 3071 3512 3126 Domini
3541 3072 3636 3127 ho-

2051 3167 2221 3222 mines
2244 3167 2363 3223 sine
2382 3174 2620 3236 peccato,
2653 3164 2879 3219 dicimus
2903 3172 2959 3218 et
3002 3178 3098 3219 nos
3122 3163 3372 3234 quoniam
3394 3173 3518 3219 ante
3538 3166 3637 3218 ad-

2051 3256 2268 3314 ventum
2292 3255 2489 3312 Christi
2519 3257 2763 3313 vixerunt
2789 3255 3004 3326 quidam
3046 3263 3230 3311 sancte
3255 3264 3310 3310 et
3332 3254 3474 3326 jnste
3494 3298 3510 3319 ,
3547 3270 3634 3313 se-

2052 3349 2689 3420 cundumScripturarum
2706 3357 3008 3404 sanctarum
3037 3348 3396 3403 ttaditinncm.
3418 3348 3636 3418 Reliqua

2054 3460 2182 3499 vero
2233 3454 2287 3518 et
2342 3443 2633 3503 secundum
2662 3444 2901 3512 ipsorum
2930 3443 3291 3498 testimonium
3320 3460 3351 3498 a
3385 3459 3471 3499 me
3499 3445 3640 3499 dicta

2055 3551 2160 3592 non
2185 3546 2328 3601 sunt,
2357 3551 2454 3607 pro
2478 3535 2671 3606 quibus
2697 3551 2796 3607 ego
2824 3535 3131 3592 satisfacere
3172 3551 3277 3591 non
3304 3536 3509 3592 debeo:
3542 3539 3637 3592 sul

2056 3640 2230 3686 tamen
2262 3628 2329 3685 ad
2359 3628 2774 3684 satisfactionem
2806 3639 3004 3685 sancta:
3029 3628 3230 3698 Synodi
3251 3669 3267 3694 ,
3327 3629 3638 3685 anathema-

2057 3726 2159 3780 tizo
2181 3725 2302 3779 illos
2329 3723 2421 3795 qui
2451 3725 2530 3781 sic
2560 3731 2762 3789 tenent,
2794 3733 2885 3779 aut
2935 3723 3224 3795 aliquando
3280 3733 3583 3780 tenuerunt.
3608 3744 3634 3779 ι

2055 3817 2184 3872 Post
2206 3815 2368 3871 :hanc
2397 3816 2515 3886 ejus
2558 3815 2959 3884 reSpousionem
2999 3814 3248 3887 Synudus
3297 3815 3466 3871 dixit:
3504 3833 3525 3868 ι
3558 3817 3637 3871 Ad

2058 3908 2174 3964 hzt'c
2197 3907 2445 3978 praedicta
2472 3906 2699 3977 capitula
2725 3905 3054 3962 sufficienter
3091 3917 3145 3962 et
3197 3915 3340 3961 recte
3382 3905 3642 3963 satisfecit

2057 4016 2294 4073 praesens
2319 3997 3061 4071 Pclagius.anathematizans
3100 4014 3164 4053 ea
3190 4013 3308 4068 qu:e
3347 4012 3452 4053 non
3487 4008 3642 4053 erant

2056 4093 2191 4162 ejus.
2228 4112 2248 4146 ι
2282 4092 2536 4148 Videmus
2567 4091 2727 4163 igitur
2746 4100 2799 4147 et
2828 4100 3092 4157 tenemus,
3113 4105 3221 4147 non
3241 4089 3415 4145 solum
3436 4105 3465 4142 a
3496 4089 3642 4146 Pela-

2056 4183 2165 4253 gio,
2198 4199 2381 4238 verum
2409 4183 2571 4238 etiam
2592 4197 2623 4235 a
2653 4180 2853 4235 sanctis
2889 4179 3153 4249 episcopis
3180 4180 3271 4250 qni
3317 4179 3392 4235 illi
3441 4179 3644 4249 judicio
3710 4224 3713 4229 ,

2060 4274 2436 4344 prmsidebant,
2464 4272 2601 4327 mala
2633 4271 3084 4341 perniciosissima
3110 4271 3411 4341 hujnsmodi
3466 4271 3640 4328 luere-

2058 4367 2132 4421 sis
2156 4380 2277 4421 esse
2300 4363 2545 4420 damnata
2573 4378 2589 4418 :
2628 4381 2647 4416 ι
2685 4360 2856 4418 Adam
2883 4361 3163 4418 mortalem
3187 4360 3402 4426 factum,
3439 4381 3460 4415 ι
3488 4364 3635 4434 quod

2058 4470 2118 4516 ut
2144 4458 2351 4531 plenius
2374 4466 2728 4528 exponeretur
2750 4453 3019 4528 quomodo
3052 4454 3254 4511 dictum
3295 4454 3386 4524 sit,
3405 4455 3641 4513 additum

2059 4562 2162 4619 est,
2190 4570 2208 4604 ι
2235 4552 2325 4622 qui
2350 4550 2461 4606 sive
2486 4556 2752 4620 peccaret,
2783 4547 2896 4604 sive
2920 4564 3026 4603 non
3050 4558 3324 4617 peccaret,
3355 4533 3646 4604 merituan

2059 4652 2220 4703 esset.
2247 4642 2400 4711 Quod
2429 4652 2702 4714 peccatum
2746 4643 2862 4713 ejus
2900 4641 3073 4710 ipsum
3115 4641 3290 4701 solum
3329 4641 3567 4708 latuerit,
3591 4655 3647 4696 et

2060 4751 2166 4791 non
2187 4750 2357 4807 genus
2383 4734 2692 4789 humanum.
2708 4732 2860 4801 Quod
2888 4732 2997 4791 Lex
3016 4733 3094 4788 sic
3116 4734 3290 4787 mittat
3307 4732 3375 4788 ad
3398 4748 3642 4805 regnum,

2060 4827 2512 4902 quemadmodum
2546 4834 2604 4883 et
2628 4824 2997 4897 Evangelium.
3037 4823 3189 4892 Quod
3223 4822 3450 4878 infantes
3475 4839 3649 4895 nuper

2062 4918 2174 4974 nati
2217 4918 2270 4973 in
2291 4917 2384 4972 illo
2411 4925 2553 4972 statu
2581 4915 2709 4980 sint,
2739 4915 2792 4970 in
2813 4929 2921 4987 quo
2949 4912 3119 4970 Adam
3144 4913 3242 4969 fuit
3266 4922 3390 4969 ante
3441 4929 3642 4986 prava-

2062 5007 2564 5077 ricationem.Quod
2588 5021 2761 5077 neque
2779 5021 2875 5076 per
2886 5015 3110 5062 mortem
3141 5004 3222 5059 vel
3253 5005 3649 5073 praevaricatio-

2064 5116 2185 5156 nem
2216 5098 2345 5155 Ada:
2369 5112 2712 5168 omnegenus
2736 5095 3007 5151 hominum
3049 5095 3324 5161 moriatur,
3354 5110 3526 5165 neque
3553 5110 3651 5167 per

2064 5193 2509 5249 resurrectionem
2523 5188 2719 5248 Christi
2731 5202 2892 5244 omne
2910 5201 3078 5259 genus
3092 5186 3363 5241 hcmtnum
3382 5199 3648 5258 resurgat.

2062 5283 2215 5354 Quod
2260 5284 2487 5341 infantes
2509 5323 2527 5347 ,
2554 5280 2657 5337 etsi
2684 5294 2790 5334 non
2827 5277 3181 5348 baptizeutur,
3214 5276 3445 5351 habeant
3483 5277 3648 5333 vitam

2062 5385 2337 5433 aternam.
2367 5371 2518 5445 Quod
2539 5371 2734 5427 divites
2756 5369 3036 5440 baptizati,
3087 5369 3187 5423 nisi
3217 5370 3466 5425 omnibus
3490 5367 3648 5425 abre-

2064 5468 2328 5531 nuntient,
2354 5465 2401 5521 ei
2429 5461 2556 5535 quid
2580 5461 2704 5521 boni
2726 5461 2824 5516 visi
2853 5458 3049 5517 fuerint
3079 5458 3276 5525 facere,
3304 5475 3409 5516 non
3435 5458 3546 5516 illis
3568 5474 3651 5515 re-

2064 5569 2298 5630 putetur,
2331 5570 2501 5627 neque
2552 5567 2772 5625 regnum
2816 5552 2907 5608 Dei
2952 5550 3157 5623 possint
3207 5551 3422 5608 habere.
3468 5568 3487 5604 ι
3519 5549 3645 5607 llaec

2138 5761 2157 5797 ²
2182 5758 2317 5821 Erlitt,
2338 5762 2459 5820 ejus.
2476 5755 2608 5807 roth.
2636 5761 2735 5819 κίεν
2763 5753 2835 5806 ei:
2860 5767 2878 5804 :
2902 5751 3124 5815 subaudl,
3146 5753 3307 5818 σεται
