3994 6178
285 334 410 404 Υῦ

314 453 458 517 {forte
507 461 683 516 omnia
733 458 934 528 judicio
981 456 1069 508 illo
1126 450 1494 508 ecclesiastico
1542 445 1898 502 anathemati—

319 561 466 608 zantc
485 550 718 621 Pelagio.
751 558 802 604 et
830 545 1094 618 episcopis
1150 539 1626 611 interloqncntibus
1648 580 1662 604 ,
1691 545 1902 592 constat

316 659 433 699 esse
461 643 729 698 damnata.

383 736 474 790 25.
510 733 601 788 llis
619 743 796 786 autem
824 709 1228 798 qtm-stinnihus,
1256 733 1310 778 et
1347 724 1566 776 istarum
1607 717 1900 775 sententia-

319 843 434 883 rum
464 821 962 881 COlleIlli0\i\SillllS
1003 815 1390 873 assertionibus
1439 812 1549 882 jam
1604 822 1903 879 usquequa-

317 936 417 989 que
435 916 758 974 ferventibus
777 956 790 980 ,
817 913 1103 966 multorum
1134 907 1359 963 fratrum
1381 903 1787 976 perturbabatur
1817 902 1903 956 in-

320 1011 560 1065 tirmitas.
588 1006 740 1064 Unde
771 1004 941 1059 coacti
983 1017 1168 1057 sumus
1205 998 1564 1054 sollicitudine
1587 993 1860 1052 charitatis
1882 1033 1899 1060 ,

316 1118 472 1174 quam
499 1109 626 1174 erga
658 1099 951 1155 Ecclesiam
979 1093 1180 1151 Christi
1209 1108 1304 1164 per
1337 1090 1561 1164 gratiam
1583 1087 1780 1146 Christi
1809 1101 1905 1142 nos

320 1197 515 1252 habere
535 1190 805 1256 convenit,
838 1191 998 1246 etiam
1020 1187 1084 1240 ad
1113 1186 1282 1240 beate
1330 1182 1604 1243 memoria:
1643 1178 1906 1236 Marcelli-

324 1303 486 1353 num,
515 1284 604 1356 qui
655 1295 752 1338 eos
803 1277 1038 1351 quotidie
1081 1276 1446 1346 diSputatores
1500 1269 1906 1328 molestissimos

325 1375 642 1448 patiebatur,
663 1381 718 1431 et
741 1385 828 1429 me
857 1388 948 1442 per
973 1371 1174 1425 litteras
1209 1364 1542 1429 consulebat,
1582 1362 1650 1418 de
1689 1361 1908 1434 quibus-

319 1471 438 1524 llam
479 1459 1120 1536 istarum.qn:estiouibus
1165 1457 1434 1524 scribere,
1469 1463 1525 1512 et
1561 1452 1792 1509 maxime
1837 1450 1907 1507 de

323 1560 593 1630 Baptismo
617 1555 960 1628 parvulorum
979 1569 992 1604 :
1013 1551 1079 1607 de
1097 1565 1206 1622 quo
1225 1546 1387 1604 etiam
1418 1555 1624 1618 postea,
1644 1551 1697 1600 te
1717 1541 1908 1628 juben-

321 1667 390 1716 ιο,
423 1651 473 1705 in
506 1649 722 1704 basilica
741 1645 1001 1716 Maiorum
1028 1643 1069 1710 ι,
1099 1649 1317 1711 gestans
1342 1652 1555 1709 quoque
1581 1635 1633 1690 in
1659 1633 1907 1690 manibus

319 1741 596 1812 epistolam
622 1735 992 1809 gloriosissimi
1021 1730 1274 1804 martyris
1299 1726 1578 1802 Cypriani,
1625 1733 1680 1781 et
1709 1723 1779 1780 de
1807 1723 1909 1779 hac

323 1853 378 1888 re
399 1832 562 1888 verba
583 1831 698 1899 ejus
729 1828 963 1884 reeitans
987 1833 1148 1894 atque
1170 1828 1524 1893 pertractans,
1553 1827 1613 1873 ut
1632 1831 1784 1873 error
1808 1815 1911 1870 iste

323 1923 556 1978 ειεΐεινίιιε
582 1920 649 1975 de
667 1916 1022 1990 quorumdam
1049 1913 1305 1970 cordibus
1330 1911 1628 1968 auferretur
1650 1949 1668 1976 ,
1719 1907 1911 1978 quibus

327 2026 581 2083 persuasa
607 2010 813 2066 fuerant
845 2013 979 2078 quze‘
998 2005 1049 2062 in
1079 2005 1163 2060 his
1189 2004 1354 2076 gestis
1370 2001 1620 2058 videmus
1637 2000 1908 2063 damnata,

323 2104 534 2175 adjutus
581 2099 914 2175 orationibus
953 2097 1078 2160 tuis,
1125 2103 1382 2168 quantum
1439 2091 1617 2163 potui,
1651 2089 1910 2145 laboravi.

328 2172 449 2250 time
469 2203 614 2258 sunt,
645 2207 764 2264 quae
787 2172 1055 2246 nonnullis
1076 2186 1357 2254 fratribus,
1399 2182 1618 2256 quidam
1640 2181 1761 2236 talia
1786 2195 1914 2236 sen-

330 2288 540 2354 tientes,
571 2285 643 2342 ita
669 2283 994 2356 persuadere
1020 2280 1369 2342 conabantur,
1411 2285 1488 2356 ⁵ιιι
1535 2275 1604 2332 de
1641 2273 1915 2331 orientalis

331 2383 426 2431 bus
453 2352 912 2432 cnuuninareutur
935 2371 1210 2436 Ecclesiis,
1229 2352 1490 2442 quodnisi
1512 2367 1628 2422 haec
1652 2374 1914 2432 tenerent,

332 2484 513 2522 cirum
534 2473 750 2536 possent
775 2463 976 2534 judicio
997 2459 1365 2516 condemnari.
1412 2457 1548 2512 Ecce
1595 2453 1920 2527 qua'tuorde-

331 2559 432 2611 vim
464 2554 730 2610 antistites
753 2551 1030 2607 orientalis
1055 2547 1314 2605 Ecclesia:
1341 2545 1418 2620 (α)
1437 2589 1452 2611 ,
1477 2545 1533 2601 in
1560 2560 1622 2602 ea
1650 2553 1792 2600 terra
1834 2543 1918 2599 cui

335 2647 588 2702 llmninus
609 2645 944 2716 prtesentiam
973 2653 1086 2698 sua:
1109 2640 1287 2696 carnis
1308 2641 1330 2672 ²
1356 2637 1618 2702 exhibuit,
1649 2636 1920 2708 Pelagium

339 2755 444 2794 non
469 2739 828 2802 absolverent,
853 2735 954 2789 nisi
981 2749 1042 2789 ea
1067 2745 1316 2804 tanquam
1369 2729 1486 2786 ﬁdei
1513 2729 1789 2784 catholica:
1827 2728 1924 2785 ad-

335 2846 486 2887 versa
517 2829 814 2884 damnaret.
847 2825 1020 2889 Unde,
1049 2825 1092 2880 si
1125 2833 1404 2894 propterea
1435 2831 1519 2877 est
1557 2821 1658 2877 iste
1703 2820 1922 2876 absolu-

337 2932 442 2986 tus,
472 2920 612 2992 quod
635 2917 1165 2974 anathematizaverit
1193 2915 1346 2980 talia;
1399 2912 1583 2983 procul
1625 2911 1789 2968 dubio
1833 2911 1922 2966 illa

339 3013 587 3067 damnata
605 3019 730 3066 sunt
751 3025 764 3060 :
785 3007 925 3078 quod
954 3006 1123 3061 multo
1169 3003 1492 3060 cumulatius
1521 3013 1678 3074 atque
1731 3001 1925 3058 clarius

342 3108 394 3160 in
421 3101 872 3174 consequentibus
901 3098 1195 3170 apparebit.

406 3195 497 3251 '26.
519 3192 671 3250 Unde
701 3207 840 3246 nunc
865 3190 972 3246 duo
988 3189 1085 3244 villa
1116 3187 1388 3242 videamus
1409 3227 1421 3249 ,
1454 3201 1572 3256 qua:
1598 3185 1768 3241 noluit
1799 3201 1928 3240 ana-

335 3286 686 3342 thematisare
713 3282 978 3353 Pelagius,
1003 3281 1093 3350 qui
1121 3278 1328 3333 ’etiam
1353 3292 1448 3332 sua
1471 3292 1591 3332 esse
1635 3275 1922 3346 cognovit;

342 3376 435 3432 sed
463 3384 521 3430 ut
550 3373 700 3440 illud,
727 3371 868 3443 quod
899 3369 952 3424 In
998 3370 1078 3424 eis
1125 3366 1427 3422 offendebat
1450 3407 1464 3430 ς
1506 3367 1773 3433 auferret,
1798 3382 1935 3436 quo-

341 3466 500 3522 modo
523 3479 585 3522 ea
611 3464 835 3519 sentiret
857 3459 1122 3532 exposuit.
1161 3478 1182 3512 t
1217 3458 1380 3513 Posse
1404 3457 1640 3528 quidem,
1670 3473 1701 3511 τ
1736 3458 1926 3530 inquit,

344 3576 370 3610 ς
407 3556 676 3611 hominem
698 3553 816 3608 sine
847 3560 1066 3624 peccato
1094 3565 1235 3616 esse,
1261 3549 1464 3604 dictmn
1494 3559 1577 3604 est
1604 3549 1870 3620 superius.
1903 3567 1923 3602 ν

348 3653 554 3706 Dictum
579 3663 733 3707 sane.
779 3652 836 3700 et
886 3659 985 3700 nos
1026 3642 1404 3698 meminimus:
1436 3640 1532 3697 sed
1561 3641 1681 3696 ideo
1723 3643 1932 3713 mitiga-

345 3753 480 3808 tum,
507 3749 562 3796 et
591 3736 905 3810 ajudicibus
936 3735 1312 3806 approbatum,
1355 3731 1494 3803 quod
1525 3731 1703 3787 addita
1727 3741 1811 3788 est
1839 3733 1931 3788 Dei

345 3834 536 3905 gratia,
561 3847 680 3904 quae
700 3830 752 3886 in
786 3830 894 3886 illis
910 3829 1156 3900 capitulis
1184 3826 1484 3882 tacebatur.
1515 3825 1594 3881 De
1624 3825 1726 3881 hoc
1752 3834 1930 3880 autem

347 3931 514 3985 altero
535 3921 986 3998 quemadmodum
1014 3917 1373 3992 responderit,
1401 3916 1934 3988 diligentiusiutuen-

345 4023 470 4080 dum
512 4031 620 4078 est.
647 4027 675 4073 ὀ
707 4019 782 4074 De
829 4017 920 4074 illo
948 4025 1128 4072 autem
1150 4057 1166 4082 ,
1202 4032 1224 4070 ι
1257 4013 1457 4084 inquit,
1494 4029 1514 4066 ι
1551 4011 1694 4084 quod
1742 4011 1936 4067 fuerint

347 4126 470 4176 ante
489 4116 774 4172 adventum
805 4111 1012 4168 Domini
1034 4109 1282 4165 homines
1297 4107 1414 4167 sine
1440 4115 1684 4179 peccato,
1708 4105 1936 4162 dicimus

349 4218 402 4264 et
425 4221 525 4264 nos
553 4206 803 4278 quoniam
840 4211 963 4259 ante
986 4201 1274 4257 adventum
1306 4199 1503 4256 Christi
1549 4198 1796 4254 vixerunt
1819 4195 1940 4268 qui-

347 4301 466 4354 dam
496 4306 680 4353 sancte
707 4305 760 4352 et
783 4295 945 4366 juste,
967 4292 1260 4350 secundum
1301 4300 1606 4348 sanctarum
1635 4288 1940 4360 Scriptura-

351 4406 469 4447 ium
499 4389 858 4445 traditionem.
895 4405 915 4440 ι
943 4387 1058 4442 Non
1089 4391 1172 4442 est
1197 4399 1360 4440 ausus
1388 4383 1590 4446 dicere,
1615 4381 1854 4438 Dicimus
1883 4389 1938 4436 et

352 4497 449 4539 nos
469 4480 720 4553 quoniam
741 4486 866 4534 ante
887 4477 1172 4533 adventum
1194 4473 1395 4531 Christi
1439 4474 1651 4529 fuerunt
1691 4471 1940 4529 homines

351 4578 468 4630 sine
494 4579 742 4644 peccato;
769 4585 892 4625 eum
923 4569 1025 4623 hoc
1067 4568 1143 4624 illi
1172 4566 1242 4622 de
1262 4565 1502 4624 leestii
1539 4565 1698 4620 dictis
1748 4563 1942 4621 fuisset

351 4667 642 4737 nbjeetum;
675 4661 842 4718 sensit
859 4659 1001 4715 enim
1023 4672 1180 4728 quam
1205 4666 1350 4713 esset
1372 4656 1728 4728 periculosum
1755 4663 1810 4711 et
1833 4669 1942 4710 mo-

355 4763 546 4816 lestum
574 4754 705 4812 :sed
731 4754 826 4822 ait,
863 4768 883 4806 t
922 4751 1158 4807 Dicimus
1187 4756 1241 4805 et
1265 4763 1363 4804 nos
1383 4747 1632 4819 quoniam
1669 4757 1796 4802 ante
1840 4746 1940 4802 ad-

358 4859 569 4904 ventum
607 4845 805 4902 Christi
849 4843 1100 4899 vixerunt
1141 4838 1356 4910 quidam
1392 4846 1576 4893 sancte
1618 4847 1673 4892 et
1719 4837 1883 4907 juste.
1915 4854 1934 4887 s

357 4941 608 5010 Quisboc
633 4935 943 5008 negaverit?
970 4932 1075 4989 Sed
1102 4929 1246 4986 aliud
1277 4941 1360 4986 εει
1386 4928 1509 4997 hoc,
1539 4939 1594 4986 et
1610 4927 1750 4983 aliud
1781 4927 1944 4984 fuisse

360 5034 476 5089 sine
499 5035 722 5104 peccato
749 5043 764 5081 :
799 5027 920 5097 quia
949 5035 1003 5080 et
1037 5022 1114 5078 illi
1161 5029 1346 5077 sancte
1369 5020 1615 5092 justeque
1646 5017 1893 5075 vivebant
1923 5059 1940 5084 ,

357 5125 445 5194 qui
472 5121 733 5178 veraciter
762 5128 937 5174 tamen
965 5114 1234 5179 dicebant,
1259 5111 1322 5170 Si
1363 5112 1638 5167 dixerimus
1665 5110 1784 5182 quia
1829 5127 1945 5181 pec-

359 5227 526 5270 catum
547 5231 646 5268 non
667 5212 924 5273 habemus,
953 5209 1052 5280 ipsi
1073 5223 1164 5262 nos
1200 5205 1526 5271 reducimus,
1577 5212 1625 5259 et
1665 5203 1850 5257 vetitas
1891 5202 1944 5256 in

362 5309 502 5364 nobis
528 5314 723 5362 nonest
752 5303 806 5378 (I
832 5301 988 5358 Joan.
1026 5318 1064 5364 ι,
1097 5299 1174 5372 8).
1205 5297 1270 5354 Et
1297 5297 1457 5352 hodie
1483 5294 1632 5350 multi
1659 5293 1805 5365 justo
1825 5309 1947 5348 san-

425 5420 441 5452 ι
477 5414 778 5467 Posteriores
800 5412 1056 5470 editiones,
1085 5404 1322 5471 .ttqjmtni.
1365 5412 1434 5471 At,
1457 5405 1608 5471 prima
1625 5401 1795 5471 editio
1813 5400 1945 5471 Δναις..

361 5489 414 5533 et
436 5462 706 5554 ειρἱξίλὶ-ῇηί
723 5462 849 5535 issi,
877 5462 1129 5536 majorum.
1149 5462 1400 5520 consentit
1424 5462 1670 5530 inscriptio
1693 5462 1822 5516 citati
1843 5477 1952 5514 ser-

363 5542 520 5594 monis
548 5539 659 5590 29.5.

430 5607 449 5637 ³
483 5611 587 5652 Mss.
613 5608 740 5649 ltum.
770 5604 821 5647 et
841 5594 991 5654 tzclb.,
1015 5591 1370 5654 iucarmtiom's.

435 5666 453 5694 ³
486 5665 628 5712 tidem
651 5661 748 5707 duo
776 5665 882 5706 \tss.
910 5664 962 5706 et
980 5652 1134 5715 Suam,
1157 5654 1270 5718 quia
1287 5652 1448 5718 etiam.

429 5709 708 5784 (uitiorum
737 5721 927 5784 nomina
954 5709 1194 5784 ⁸ιοεαιιενὶ
1219 5715 1512 5784 Augustinus
1545 5714 1593 5762 in
1639 5709 1762 5762 libro
1783 5715 1952 5762 contra

370 5781 609 5839 Julianum
636 5787 804 5846 ιιιείιιιτν,
833 5795 878 5829 ιι.
914 5781 982 5851 ltl.

1317 327 1420 390 ut:
1461 332 1696 390 υιςετιε
1737 318 2026 399 νεωοη,
2068 331 2126 388 s.
2169 322 2534 390 A‘ucusrtxt

3477 326 3597 385 336

2009 457 2200 518 cteque
2234 446 2435 513 vivunt,
2469 460 2566 499 nec
2601 444 2788 496 tamen
2845 442 2896 496 in
2943 440 3186 496 aratione
3231 426 3584 508 mentiuntur,

2008 555 2128 595 cum
2156 537 2360 602 dicunt,
2398 537 2602 591 Dimitte
2646 535 2786 589 nobis
2843 533 3007 588 debita
3035 541 3228 596 nostra,
3259 532 3387 588 sicut
3416 541 3464 587 et
3494 549 3584 587 nos

2008 633 2305 686 dimittimus
2330 629 2634 685 debitoribus
2655 627 2838 682 nostris
2858 625 2880 698 (
2899 625 3082 680 .lfutth.
3109 640 3184 690 Vt,
3218 624 3333 696 ιε).
3365 624 3477 680 lloc
3505 640 3590 680 er-

2007 739 2076 794 go
2090 723 2358 795 iudicibus
2380 722 2592 792 placuit,
2622 717 3070 790 quemadmodum
3101 732 3159 774 se
3200 716 3385 772 dicere
3437 731 3590 772 asse-

2009 814 2211 870 veravit
2251 813 2524 884 Pelagius;
2582 825 2686 866 non
2739 809 3185 880 quemadmodum
3241 807 3593 878 objicieba’tur

2007 905 2208 962 dixisse
2232 905 2533 962 leestius.
2569 901 2720 960 Nunc
2763 918 2827 959 ea
2870 918 2990 974 qua:
3036 911 3242 958 restant
3295 911 3590 973 pertracte-

2006 1013 2150 1065 mus,
2179 1005 2236 1052 ut
2255 1011 2568 1068 possumus.

2079 1086 2303 1146 CAPUT
2329 1087 2444 1143 XII.
2473 1119 2543 1128 —
2566 1085 2656 1142 27.
2686 1083 2962 1156 Objectum
2991 1097 3072 1143 est
3100 1083 3330 1158 Pelagio,
3359 1086 3497 1158 quod
3517 1085 3595 1142 di-

2008 1190 2176 1249 ceret,
2206 1200 2229 1234 r
2265 1181 2562 1237 Ecelesiam
2607 1181 2691 1236 hic
2727 1193 2848 1236 esse
2895 1161 3010 1234 sine
3050 1179 3264 1248 .macula
3294 1189 3348 1234 et
3383 1195 3535 1250 ruga.
3570 1198 3591 1232 ν

2009 1273 2162 1330 Unde
2202 1272 2366 1330 etiam
2410 1271 2699 1327 Donatista:
2736 1269 3044 1326 diuturnum
3087 1269 3360 1325 nobiscum
3391 1269 3598 1326 habue-

2008 1375 2136 1422 runt
2161 1366 2215 1421 in
2237 1373 2413 1424 nostra
2429 1363 2725 1420 Collatione
2745 1362 3082 1428 conflictum;
3111 1361 3206 1417 sed
3231 1363 3351 1418 illos
3369 1361 3439 1418 de
3475 1377 3599 1433 per-

2012 1459 2267 1514 mixtione
2314 1457 2576 1512 malorum
2637 1455 2912 1510 hominum
2967 1462 3216 1526 tanquam
3264 1453 3433 1524 palea:
3474 1469 3600 1510 cum

2011 1549 2313 1618 frumentis,
2336 1557 2554 1620 propter
2578 1561 2718 1604 arcte
2742 1547 3143 1602 similitudinem
3166 1545 3342 1616 potius
3369 1545 3598 1616 urgeba-

2009 1658 2295 1715 muszqua
2321 1640 2665 1698 similitudine
2689 1639 2848 1696 etiam
2892 1638 3008 1693 istis
3049 1635 3376 1707 respondere
3412 1650 3598 1707 possu-

2013 1750 2154 1802 mus,
2193 1736 2293 1790 nisi
2335 1733 2630 1790 Ecclesium
2677 1731 2731 1786 in
2775 1731 2905 1787 solis
2941 1730 3094 1786 bonis
3134 1730 3332 1786 vellent
3373 1728 3600 1786 fortasse

2015 1827 2256 1900 intelligi,
2282 1841 2416 1898 quos
2441 1825 2646 1882 nullum
2682 1823 2904 1880 omnino
2947 1830 3198 1879 asserunt
3241 1821 3438 1878 habere
3473 1837 3600 1893 pce-

2014 1932 2212 1988 catum,
2237 1930 2295 1977 ut
2320 1920 2490 1992 possit
2517 1918 2756 1975 Ecclesia
2781 1917 2870 1972 hic
2883 1931 3001 1972 esse
3021 1916 3137 1972 sine
3163 1915 3369 1970 macula
3385 1924 3437 1971 et
3448 1929 3599 1987 ruga.

2015 2002 2167 2084 Quod
2192 2015 2238 2069 si
2267 2013 2336 2069 ita
2364 2023 2468 2078 est,
2497 2010 2684 2068 eadem
2715 2017 2901 2080 repeto
2919 2023 3043 2080 quae
3067 2006 3226 2078 paulo
3253 2015 3377 2064 ante
3397 2020 3600 2062 memo-

2018 2107 2168 2162 ravi:
2199 2103 2479 2172 Quomodo
2526 2109 2652 2158 sunt
2697 2099 2935 2156 membra
2971 2096 3248 2164 Ecclesiae,
3297 2096 3368 2154 de
3411 2096 3604 2169 quibus

2017 2212 2178 2254 verax
2208 2195 2402 2252 clamat
2431 2193 2726 2260 humilitas,
2769 2189 2830 2248 Si
2873 2189 3150 2246 dixerimus
3191 2189 3310 2261 quia
3347 2195 3604 2260 peccatum

2020 2304 2120 2344 non
2145 2286 2400 2352 habemus,
2425 2284 2526 2358 ipsi
2549 2299 2641 2338 nos
2665 2281 2970 2348 seducimus,
2996 2289 3042 2336 et
3061 2281 3243 2335 ueritas
3266 2280 3320 2333 iu
3343 2279 3486 2334 nobis
3505 2293 3606 2333 non

2019 2387 2128 2444 est;
2153 2375 2236 2431 vel
2262 2373 2528 2447 quomodo
2555 2371 2606 2428 id
2631 2369 2774 2443 quod
2793 2385 2911 2426 eam
2940 2369 3194 2426 Dominus
3211 2367 3411 2435 docuit,
3432 2368 3610 2424 orabit

2020 2468 2285 2534 Ecclesia,
2312 2465 2517 2520 Dimitte
2535 2463 2678 2520 nobis
2705 2463 2878 2518 debita
2892 2471 3064 2518 nostra
3091 2477 3112 2516 :
3136 2462 3180 2517 si
3212 2461 3264 2517 in
3292 2460 3397 2518 hoc
3412 2460 3608 2517 saeculo

2023 2569 2106 2616 est
2132 2559 2365 2616 Ecclesia
2395 2558 2509 2613 sine
2539 2556 2740 2612 macula
2762 2563 2816 2612 et
2839 2555 3000 2626 ruga?
3029 2554 3308 2610 Postremo
3332 2553 3430 2624 ipsi
3464 2552 3532 2609 de
3551 2570 3611 2608 se

2024 2651 2156 2724 ipsis
2177 2648 2536 2721 interrogandi
2576 2655 2716 2714 sunt,
2748 2656 2924 2702 utrum
2951 2660 3122 2701 necne
3148 2643 3413 2700 fateantur
3436 2644 3609 2715 aliqua

2025 2757 2085 2799 se
2112 2741 2308 2796 habere
2338 2748 2571 2810 peccata.
2609 2737 2762 2808 Quod
2804 2737 2852 2794 si
2887 2737 3172 2806 negabunt,
3205 2734 3488 2792 dicendum
3528 2743 3612 2790 est

2026 2835 2125 2900 eis,
2149 2833 2290 2905 quod
2314 2848 2374 2889 se
2398 2833 2542 2903 ipsos
2569 2831 2852 2901 decipiant,
2883 2837 2936 2886 et
2978 2825 3174 2884 veritas
3202 2827 3255 2882 in
3278 2827 3358 2882 eis
3386 2841 3492 2882 non
3520 2827 3610 2881 sit.

2027 2925 2091 2982 Si
2112 2933 2288 2980 autem
2319 2931 2594 2994 peceatum
2625 2937 2683 2977 se
2713 2919 2910 2976 habere
2951 2917 3276 2984 fatebuntur,
3306 2915 3433 2988 quid
3469 2915 3612 2972 aliud

2027 3029 2184 3086 quam
2213 3013 2281 3070 de
2305 3027 2437 3085 ruga
2471 3028 2567 3069 sua
2604 3010 2688 3068 vel
2717 3008 2923 3066 macula
2967 3007 3304 3064 fatebuntur?
3337 3007 3456 3064 Non
3490 3016 3614 3062 sunt

2028 3123 2155 3179 ergo
2175 3107 2263 3164 isti
2288 3105 2542 3162 Ecclesia:
2569 3103 2840 3171 membra;
2867 3101 2992 3173 quia
3027 3101 3118 3157 illa
3151 3108 3234 3157 est
3265 3099 3383 3156 sine
3407 3099 3612 3154 macula

2028 3208 2084 3256 et
2107 3213 2258 3270 ruga,
2284 3197 2339 3252 bi
2365 3205 2540 3254 autem
2565 3210 2686 3252 cum
2712 3193 2919 3250 macula
2939 3200 2996 3248 et
3019 3203 3170 3262 ruga.

2099 3291 2188 3346 28.
2219 3289 2323 3346 Sed
2349 3288 2428 3362 ad
2457 3288 2560 3344 hoc
2587 3285 2854 3358 obiectum
2877 3283 3112 3354 vigilanti
3139 3281 3616 3354 circumspectione

2031 3381 2324 3453 respondit,
2354 3394 2512 3450 quam
2541 3379 2656 3433 sine
2681 3377 2845 3432 dubio
2869 3374 3112 3432 catholici
3133 3373 3339 3445 iudices
3357 3373 3618 3444 approba.

2032 3482 2242 3530 verunt.
2278 3491 2297 3526 ι
2321 3471 2528 3528 Dictum
2550 3477 2650 3534 est,
2675 3487 2698 3522 ο
2728 3467 2916 3539 inquit,
2945 3483 2968 3518 ι
2996 3481 3024 3519 a
3055 3465 3228 3531 nobis,
3256 3464 3352 3521 sed
3374 3465 3463 3530 ita,
3484 3479 3620 3535 qno~

2035 3567 2174 3622 nium
2199 3566 2410 3621 lavacro
2429 3563 2496 3619 ab
2520 3563 2663 3619 omni
2691 3560 2896 3618 macula
2924 3569 2979 3616 et
3005 3575 3132 3630 ruga
3158 3566 3415 3630 purgatur
3435 3558 3621 3613 Eccle-

2034 3659 2132 3733 sia,
2169 3672 2327 3728 quam
2356 3655 2485 3710 velit
2517 3653 2588 3710 ita
2631 3652 2888 3710 Dominus
2925 3665 3258 3722 permanere.
3285 3668 3306 3703 ι
3351 3649 3434 3704 Ad
3475 3649 3618 3720 quod

2035 3748 2280 3820 Synodus
2299 3747 2469 3804 dixit:
2498 3765 2518 3800 ι
2549 3746 2660 3801 Hoc
2683 3755 2738 3801 et
2767 3745 2920 3801 nobis
2943 3743 3134 3814 placet.
3166 3761 3184 3794 ι
3211 3742 3341 3812 Quis
3365 3742 3506 3798 enim
3525 3757 3623 3797 no-

2036 3851 2203 3897 strum
2235 3849 2410 3908 negat,
2441 3839 2678 3894 omnium
2704 3837 2756 3892 in
2788 3835 3056 3907 Baptismo
3083 3845 3294 3905 peccata
3325 3834 3538 3902 dimitti,
3565 3844 3624 3888 et

2037 3946 2223 3990 ctnnes
2254 3933 2437 3988 ﬁdeles
2461 3931 2575 3987 sine
2597 3929 2802 3986 macula
2829 3936 2883 3982 et
2908 3943 3035 3998 ruga
3063 3927 3130 3988 de
3158 3927 3368 3982 lavacro
3391 3941 3620 3996 regene-

2039 4026 2257 4081 rationis
2290 4021 2614 4078 ascendere?
2646 4021 2752 4076 Aut
2774 4019 2860 4076 cui
2885 4017 3178 4074 christiano
3220 4015 3482 4072 catholico
3517 4029 3624 4070 non

2041 4118 2230 4188 placet,
2259 4114 2397 4188 quod
2428 4124 2480 4170 et
2514 4112 2737 4169 Domino
2765 4111 2956 4182 placet,
2988 4108 3146 4180 idque
3178 4107 3409 4163 futurum
3434 4116 3535 4170 est,
3563 4117 3624 4161 ut

2040 4207 2278 4264 Ecclesia
2308 4213 2618 4277 permaneat
2639 4201 2756 4258 sine
2782 4201 2987 4256 macula
3013 4209 3068 4256 et
3087 4199 3251 4271 ruga?
3275 4197 3622 4268 Quandoqui-

2041 4298 2162 4355 dem
2192 4299 2240 4355 id
2273 4313 2410 4352 nutu:
2438 4297 2610 4368 agitur
2630 4295 2722 4351 Dei
2745 4291 3108 4350 misericordia
3135 4300 3190 4348 et
3215 4292 3457 4359 veritate,
3483 4299 3536 4346 ut
3557 4290 3624 4344 ad

2043 4391 2185 4446 illam
2215 4389 2615 4460 perfectionem,
2646 4387 2735 4442 ubi
2755 4386 2871 4442 sine
2894 4384 3100 4440 macula
3127 4393 3181 4438 et
3207 4399 3332 4455 ruga
3379 4383 3432 4437 in
3468 4393 3623 4436 :eter-

2043 4498 2169 4538 num
2193 4496 2438 4536 mansura
2457 4488 2560 4542 est,
2583 4487 2764 4534 sancta
2787 4475 3026 4532 Ecclesia
3047 4473 3385 4545 perducatur.
3413 4472 3517 4528 Sed
3545 4473 3627 4527 iu-

2046 4584 2126 4630 ter
2152 4575 2450 4637 lavacrum,
2482 4570 2570 4626 ubi
2597 4583 2784 4624 omnes
2806 4567 3090 4641 przeteritae
3117 4566 3335 4621 maculae.
3375 4580 3627 4636 rugasque

2046 4667 2322 4730 tolluntur,
2349 4674 2404 4721 et
2431 4679 2678 4735 regnum,
2708 4662 2795 4718 ubi
2825 4661 2940 4717 sine
2961 4661 3168 4716 macula
3203 4669 3257 4716 et
3282 4673 3409 4730 ruga
3437 4675 3628 4730 perpe-

2046 4769 2140 4816 tuo
2164 4758 2399 4814 manebit
2424 4756 2682 4823 Ecclesia,
2712 4763 2924 4826 tempus
2951 4755 3051 4810 hoc
3071 4752 3300 4808 medium
3323 4761 3404 4806 est
3431 4752 3632 4806 oratio-

2047 4852 2150 4919 nis,
2183 4850 2268 4906 ubi
2297 4862 2515 4905 necesse
2543 4856 2624 4902 est
2649 4846 2813 4913 dicat,
2840 4843 3047 4898 Dimitte
3069 4842 3210 4898 nobis
3239 4843 3404 4897 debita
3431 4851 3629 4896 nostra.

2050 4943 2270 5012 PrOptcr
2294 4938 2398 4994 hoc
2416 4937 2680 5008 obiectum
2703 4945 2784 4992 est
2806 4949 2900 4992 eos
2919 4933 3118 4996 dicere.
3147 4950 3167 4986 ι
3197 4932 3280 4987 hic
3306 4946 3428 4988 esse
3455 4931 3632 4986 Eccle-

2048 5033 2180 5087 siam
2207 5033 2321 5086 sine
2341 5027 2543 5084 macula
2562 5036 2614 5082 et
2633 5041 2780 5097 ruga,
2806 5043 2828 5078 ι
2860 5035 3037 5080 utrum
3059 5020 3135 5096 (η)
3154 5037 3246 5093 per
3262 5021 3398 5076 hanc
3413 5029 3634 5077 sentcn-

2051 5124 2174 5178 tiam
2219 5120 2475 5178 auderent
2505 5117 2786 5189 prohibere
2828 5115 3158 5179 orationem,
3213 5129 3316 5184 qua
3353 5112 3540 5167 diebus
3576 5121 3634 5187 et

2053 5213 2294 5269 noctibus
2323 5212 2526 5265 veniam
2559 5217 2894 5280 peccatorum
2912 5206 3022 5276 jam
3049 5205 3311 5276 baptizata
3336 5203 3432 5259 sibi
3458 5203 3632 5272 poscit

2057 5299 2308 5362 licclesia'.
2346 5305 2422 5360 De
2458 5319 2562 5375 quo
2609 5301 2786 5356 medio
2817 5308 3058 5370 tempore
3097 5297 3234 5352 inter
3262 5295 3631 5351 remissionem

2056 5417 2100 5468 p'
2122 5408 2388 5454 ecatormu
2411 5410 2529 5466 qua:
2563 5395 2620 5446 tit
2647 5393 2700 5448 in
2727 5392 2959 5456 lavacro,
2987 5387 3486 5460 ctpermansionem
3516 5385 3641 5439 sine

2054 5489 2288 5562 peccatis
2308 5504 2425 5558 qua:
2462 5486 2634 5540 futura
2661 5491 2742 5538 est
2778 5486 2833 5538 in
2860 5496 3047 5552 regno,
3091 5494 3212 5534 cum
3249 5476 3463 5548 Pelagio
3503 5474 3637 5530 nihil

2054 5591 2136 5636 cst
2161 5590 2358 5646 actum,
2390 5575 2516 5632 nihil
2542 5575 2610 5630 ab
2634 5571 2898 5645 cpisc0pis
2925 5570 3317 5642 pronuntiatum
3347 5586 3361 5624 :
3389 5566 3483 5624 sed
3515 5577 3633 5621 tan-

2058 5685 2164 5727 tum
2189 5670 2292 5726 hoc
2311 5668 2451 5740 quod
2480 5669 2709 5729 breviter
2737 5662 3137 5736 signiﬁcandum
3177 5660 3412 5730 putavit,
3443 5672 3551 5714 non
3573 5673 3637 5711 sc

2120 5774 2192 5826 tu)
2228 5771 2380 5811 t-‘ortc.
2408 5765 2456 5810 ut
2478 5772 2587 5808 non.
