4002 6178
377 369 495 424 337⁵

377 489 448 540 ita
474 483 695 547 dixisse,
727 479 1075 536 ut-vidcbatur
1101 473 1549 547 objectum.,Cum
1579 473 1720 529 enim
1747 471 1849 527 hoc
1865 470 1964 535 ait,

378 594 401 626 ι
435 574 642 629 Dictum
663 581 745 629 est
764 586 794 625 a
816 571 990 635 nobis,
1019 569 1113 626 sed
1142 569 1244 633 ita;
1273 586 1292 621 ι
1320 566 1441 637 quid
1467 566 1628 620 voluit
1651 565 1841 629 videri,
1863 564 1963 619 nisi

372 681 483 721 mn
514 666 610 731 ita,
635 663 1082 735 quemadmodum
1103 661 1319 720 dixisse,
1337 661 1404 713 ab
1426 659 1508 713 bis
1527 658 1617 729 qui
1634 657 1962 728 objecerant,

370 757 729 813 credebatur?
758 755 894 824 Quid
927 764 1100 809 tamen
1137 753 1305 807 secuti
1336 752 1439 805 sint
1462 750 1699 821 judices,
1738 759 1793 804 ut
1817 748 1965 804 diem

371 858 497 905 rent
530 849 631 905 sibi
653 848 756 903 hoc
773 849 1002 918 placere,
1036 846 1089 901 id
1113 856 1221 912 est,
1251 845 1574 914 Baptismum
1600 858 1707 913 quo
1733 841 1966 896 abluitur

372 958 409 995 ε
447 940 701 1010 peccatis,
741 946 799 994 et
839 952 1060 1008 regnum
1102 937 1188 989 ubi
1234 934 1567 1004 permanebit
1589 933 1705 987 sine
1734 932 1966 1002 peccatis

372 1040 585 1098 sancta,
613 1046 732 1100 qua:
749 1044 888 1085 nunc
917 1027 1220 1093 mandatur,
1243 1025 1502 1093 Ecclesia,
1529 1025 1682 1091 satis,
1707 1031 1963 1096 quantum

371 1122 646 1182 existimo,
675 1126 915 1189 apparet.

445 1210 678 1268 CAPUT
716 1209 857 1266 Xlll.
880 1237 955 1251 --
979 1207 1073 1266 29.
1116 1206 1316 1262 Deinde
1346 1205 1551 1276 objecta
1579 1213 1703 1259 sunt
1729 1203 1798 1260 de
1827 1203 1965 1259 libro

372 1307 636 1373 Caelestii,
665 1304 793 1376 quid
820 1304 875 1359 in
898 1316 1214 1373 unoquoque
1238 1300 1469 1371 capitulo
1488 1298 1773 1364 contineat,
1798 1296 1966 1368 magis

373 1397 676 1454 secundum
698 1410 937 1462 sensum,
965 1410 1121 1464 quam
1142 1390 1436 1448 secundum
1460 1392 1620 1446 verba
1654 1409 1666 1443 :
1702 1405 1821 1461 quae
1849 1390 1966 1459 qui-

373 1489 497 1543 dem
529 1489 622 1543 ille
649 1488 808 1543 latius
830 1485 1171 1556 exsequitur;
1198 1483 1293 1539 sed
1320 1492 1445 1538 tunc
1475 1482 1738 1551 subjicere
1763 1480 1962 1546 omnia,

373 1582 466 1650 qui
511 1579 752 1635 libellum
784 1577 1042 1633 adversus
1086 1575 1357 1645 Pelagium
1400 1573 1698 1639 dederunt,
1754 1588 1813 1629 so
1858 1588 1964 1628 non

375 1669 616 1738 potuisse
640 1668 909 1723 dixerunt.
941 1666 1082 1737 Ergo
1118 1665 1170 1719 in
1216 1665 1386 1734 primo
1424 1664 1655 1733 capitulo
1693 1664 1810 1718 libri
1847 1664 1967 1719 Cte-

373 1760 519 1815 lestii
549 1760 649 1813 hoc
679 1758 934 1828 scriptum
974 1771 1094 1813 esse
1130 1764 1419 1826 posuerunt
1448 1772 1460 1807 ε
1498 1772 1516 1806 ι
1544 1754 1805 1821 Quoniam
1847 1755 1964 1824 plus

376 1850 621 1914 facimus,
642 1864 801 1919 quam
829 1849 884 1903 in
910 1847 1050 1917 Lege
1074 1855 1128 1902 et
1157 1845 1443 1916 Evangelia
1466 1844 1673 1915 jussum
1701 1853 1800 1898 est.
1830 1865 1848 1897 ι
1885 1845 1963 1900 Ad

372 1940 519 2011 quod
560 1939 804 2008 Pelagius
837 1937 1111 2006 respondit
1141 1954 1157 1992 :
1193 1954 1213 1989 ι
1244 1936 1355 1992 lloc
1395 1936 1543 2006 quasi
1590 1944 1826 1990 nostrum
1867 1951 1960 2006 p0-

374 2041 603 2088 suerunt
632 2051 648 2087 :
674 2031 874 2086 dictum
894 2039 977 2086 est
1005 2044 1133 2085 vero
1165 2044 1196 2084 a
1236 2028 1390 2084 nobis
1414 2028 1704 2085 secundum
1740 2030 1967 2099 Aposto—

374 2127 487 2181 lum
525 2125 596 2180 de
628 2125 945 2196 virginitate,
976 2122 1046 2179 de
1077 2136 1183 2194 qua
1227 2121 1424 2177 Paulus
1461 2119 1611 2188 dicit,
1653 2119 1965 2190 Prteeepuan

378 2219 587 2273 Domini
612 2235 713 2273 non
734 2216 910 2273 habeo.
943 2236 963 2271 ι
995 2214 1244 2287 Synodus
1262 2214 1396 2270 dixit
1425 2232 1437 2269 :
1475 2233 1493 2267 ι
1518 2215 1630 2271 lloc
1650 2225 1702 2268 et
1726 2214 1961 2269 Ecclesia

374 2310 586 2379 recipit.
625 2328 647 2361 ι
693 2308 819 2379 Legi
863 2322 982 2379 ego,
1024 2321 1130 2378 quo
1156 2321 1318 2361 sensu
1344 2305 1395 2361 id
1425 2304 1706 2361 leestius
1744 2305 1796 2359 in
1829 2304 1963 2372 libro

376 2417 478 2462 suo
511 2400 786 2470 posuerit:
815 2398 870 2454 si
902 2408 1078 2458 tamen
1121 2412 1245 2454 eum
1286 2412 1442 2475 suum
1486 2412 1605 2452 esse
1640 2411 1744 2450 non
1784 2404 1961 2464 negat.

377 2492 521 2548 Dixit
545 2491 688 2546 enim
711 2490 832 2555 hoc,
858 2504 965 2560 quo
984 2488 1232 2545 videlicet
1260 2486 1622 2557 persuaderet,
1647 2494 1842 2541 lautam
1868 2485 1964 2540 nos

378 2582 577 2636 habere
603 2595 701 2650 per
726 2589 969 2634 naturain
1001 2579 1154 2634 liberi
1181 2577 1390 2634 arbitrii
1422 2592 1523 2632 non
1551 2576 1804 2649 peccandi
1837 2590 1961 2644 pns-

376 2672 704 2737 sibilitatem,
740 2679 797 2736 ut
828 2671 946 2742 plus
972 2672 1130 2726 etiam
1159 2684 1316 2741 quam
1343 2680 1667 2740 praeceptum
1693 2678 1777 2724 est
1802 2668 1962 2722 facia-

377 2779 531 2829 mus;
563 2763 813 2832 quoniam
844 2771 1096 2833 perpetua
1128 2771 1372 2817 servatur
1399 2776 1431 2816 a
1459 2761 1726 2831 plerisque
1750 2760 1967 2830 virgini-

381 2868 482 2922 tas,
504 2871 622 2926 qua:
652 2864 916 2925 prmcepta
954 2869 1063 2910 non
1099 2862 1201 2918 est,
1239 2868 1361 2908 cum
1391 2852 1457 2907 ad
1497 2868 1602 2907 non
1639 2850 1964 2921 peccandum

382 2938 648 3017 praecepta
678 2946 902 3016 implere
926 2946 1170 3001 sufﬁciat.
1192 2944 1343 3012 Quod
1368 2953 1547 2999 autem
1579 2957 1610 2997 a
1646 2942 1858 3012 Pelagio
1882 2957 1967 2997 re-

377 3053 634 3106 sponsum
656 3046 759 3103 est,
789 3046 849 3092 ιιι
870 3036 1225 3107 approbarent
1254 3035 1482 3106 indices,
1510 3049 1615 3088 non
1643 3033 1723 3088 sic
1745 3048 1968 3102 accepe-

379 3138 538 3192 runt,
586 3136 837 3197 tanquam
882 3126 1059 3181 omnia
1094 3125 1250 3196 chis
1293 3133 1348 3181 et
1389 3123 1663 3194 Evangelii
1704 3131 1966 3193 prazcepta

377 3220 703 3287 custodiant,
734 3219 823 3289 qui
854 3218 1243 3289 virginitatem,
1288 3232 1408 3288 quae
1437 3225 1699 3287 prmeepta
1729 3230 1836 3268 non
1860 3221 1962 3279 est,

376 3314 599 3380 insuper
637 3317 883 3369 servant;
928 3308 1024 3367 sed
1056 3308 1123 3363 ad
1164 3307 1266 3363 hoc
1309 3315 1531 3372 tantum,
1558 3305 1698 3377 quod
1730 3304 1848 3376 plus
1883 3314 1968 3361 est

383 3402 663 3473 virginitas
680 3415 799 3470 quae
828 3414 933 3455 non
960 3411 1042 3455 est
1064 3407 1345 3469 praecepta,
1372 3412 1528 3468 quam
1560 3394 1851 3466 conjugalis
1873 3410 1970 3466 pu-

377 3492 561 3548 dicitia
589 3507 712 3563 qua:
741 3498 1003 3562 pmcepta
1032 3500 1109 3546 est
1129 3531 1145 3556 ,
1189 3499 1243 3545 et
1280 3487 1548 3544 custodire
1576 3487 1731 3542 istam
1750 3527 1768 3551 ,
1810 3502 1967 3556 quam

380 3582 527 3638 illam
548 3623 565 3650 ,
613 3583 795 3652 utique
830 3568 946 3651 plus
974 3590 1056 3637 est
1081 3597 1097 3636 :
1125 3595 1247 3635 cum
1278 3586 1454 3635 tamen
1500 3586 1748 3633 neutrum
1783 3592 1968 3633 eorum

379 3672 646 3728 habeatur
667 3673 782 3731 sine
808 3673 977 3743 gratia
1003 3671 1128 3735 Dei;
1149 3669 1576 3741 quandoquidem
1599 3668 1882 3739 Apostolus
1901 3667 1971 3724 de

378 3762 485 3818 hac
510 3779 568 3818 re
589 3763 813 3833 loquens
831 3763 924 3829 ait,
956 3760 1080 3816 Volo
1100 3770 1267 3816 autem
1284 3776 1456 3815 omnes
1480 3760 1704 3815 homines
1724 3774 1828 3814 esse
1842 3758 1971 3815 sicut

380 3871 464 3909 me
497 3855 710 3925 ipsum:
733 3853 825 3909 sed
857 3853 1196 3924 unusquisque
1233 3850 1493 3922 prapriunt
1535 3850 1726 3905 donum
1754 3849 1901 3905 habet
1936 3865 1970 3903 a

382 3946 494 4000 Deo
517 3961 538 3999 :
564 3945 695 4001 alius
719 3945 812 4011 sic,
848 3944 982 4000 alius
1004 3953 1171 4001 autem
1196 3943 1268 3998 sic
1297 3940 1353 4016 (ι
1381 3939 1500 3997 Cor.
1529 3957 1626 4009 vn,
1654 3940 1745 4008 25,
1777 3939 1869 4021 7η),
1901 3941 1972 3998 Ει

380 4037 483 4107 ipsi
530 4036 756 4091 Domino
784 4049 908 4091 cum
937 4035 1197 4093 dixissent
1232 4033 1500 4102 discipuli,
1525 4032 1585 4088 Si
1616 4033 1722 4088 hace
1748 4033 1968 4090 hominis

381 4137 459 4181 est
488 4143 643 4181 causa
662 4142 786 4181 cum.
804 4141 978 4191 uxore,
1011 4141 1112 4179 non
1130 4124 1328 4196 expedit
1358 4124 1696 4193 nubere,vcl,
1720 4124 1860 4194 quod
1893 4125 1968 4181 la-

382 4218 497 4271 tine
518 4217 710 4271 melius
732 4215 946 4282 dicitur,
978 4232 1078 4269 non
1110 4215 1311 4286 expedit
1334 4216 1515 4269 ducere
1541 4230 1560 4269 :
1591 4213 1712 4271 Non
1731 4257 1745 4279 ,
1776 4215 1963 4295 inquit,

381 4326 563 4363 omnes
579 4309 784 4379 capiunt
804 4307 1133 4372 verbumhoc,
1154 4306 1243 4362 sed
1259 4307 1441 4379 quibus
1461 4307 1637 4369 datum
1657 4317 1728 4363 est
1753 4307 1963 4377 (Matth.

384 4416 505 4468 xix,
546 4399 627 4464 10,
660 4397 768 4469 tt).
800 4398 911 4453 lloc
942 4412 1072 4468 ergo
1110 4398 1346 4467 episcOpi
1389 4397 1686 4455 Ecclesiam
1729 4398 1968 4468 recipere

383 4492 817 4560 pronuntiarunt,
847 4490 986 4564 quod
1035 4489 1150 4560 plus
1180 4490 1250 4545 sit
1285 4489 1556 4560 virginitas
1586 4505 1964 4559 perseverans,

380 4599 504 4652 qum
532 4590 793 4651 prmcepla
821 4598 923 4635 non
949 4588 1051 4644 est,
1074 4595 1231 4655 quam
1257 4579 1556 4649 nuptiarum
1587 4582 1821 4646 castitas,
1850 4597 1969 4651 qute

382 4684 645 4746 pracepta
674 4683 776 4729 est.
806 4674 923 4744 Quo
961 4681 1138 4729 autem
1180 4688 1343 4731 sensu
1370 4671 1498 4728 illud
1525 4672 1767 4744 Pelagius
1791 4713 1808 4741 ,
1857 4674 1971 4730 site

378 4767 668 4825 Cant-snas
697 4764 922 4828 dixerit,
946 4763 1155 4834 judices
1184 4764 1508 4819 nescierunt.

456 4880 683 4940 CAPUT
714 4879 853 4935 XN.
878 4910 953 4922 -—-
987 4879 1077 4936 50.
1112 4879 1244 4934 Hinc
1266 4879 1378 4949 jam
1406 4879 1730 4951 objiciuntur
1753 4860 1970 4951 Pelagio

380 4973 495 5029 alia
522 4971 758 5030 Calestii
797 4970 1025 5041 capitula
1066 4971 1343 5041 capitalia,
1389 4979 1445 5027 et
1489 4971 1607 5027 sine
1643 4971 1970 5028 dubitatione

379 5064 686 5118 daiunaada
714 5104 728 5126 ,
761 5078 879 5133 qua:
906 5063 1006 5116 nisi
1042 5062 1558 5129 anathematizasset,
1599 5077 1723 5119 cum
1751 5063 1833 5119 bis
1854 5063 1970 5119 sine

380 5156 550 5209 dubia
573 5154 936 5212 damnaretur.
978 5155 1036 5219 In
1073 5154 1233 5210 tertio
1257 5156 1497 5225 capitulo
1533 5156 1813 5226 scripsisse
1840 5155 1970 5212 (ἔων

385 5246 635 5313 testium,
672 5244 903 5300 Gratiam
946 5244 1042 5300 Dei
1071 5255 1114 5300 et
1140 5246 1453 5316 adjutorium
1497 5263 1597 5301 non
1638 5246 1707 5299 ad
1745 5247 1970 5317 singulos

381 5346 532 5391 actus
554 5337 688 5405 dari,
716 5336 807 5391 sed
831 5336 1316 5417 inliberoqarbritrio
1335 5353 1462 5406 esse,
1487 5338 1564 5392 uel
1581 5338 1634 5392 in
1663 5338 1768 5409 lege
1787 5344 1845 5392 a‘c
1873 5339 1968 5393 do-

383 5431 570 5484 ctrina.
599 5430 665 5485 Et
691 5430 881 5486 iterum
903 5471 918 5498 ,
953 5430 1043 5485 Dei
1068 5432 1280 5501 gratiam
1305 5432 1577 5486 secundum
1597 5434 1773 5487 merita
1800 5442 1971 5489 nostra

384 5520 505 5573 dari
525 5561 541 5585 ,
574 5522 691 5591 quia
733 5523 776 5575 si
819 5523 1158 5592 peccatoribus
1200 5523 1344 5577 illam
1373 5523 1454 5577 det
1477 5565 1491 5589 ,
1532 5523 1725 5577 videtur
1751 5540 1857 5580 esse
1894 5526 1972 5579 in-

386 5615 536 5680 iquus
563 5628 581 5665 :
600 5621 653 5666 et
682 5613 764 5668 bis
791 5613 966 5669 verbis
999 5614 1236 5669 intulisse
1259 5655 1273 5677 ,
1313 5612 1585 5685 PrOpterea
1609 5624 1655 5668 et
1675 5615 1784 5684 ipsa
1810 5616 1973 5685 gratia

383 5704 442 5754 in
468 5719 579 5755 mea
605 5704 857 5758 voluntate
882 5706 1043 5774 posita
1069 5714 1160 5765 est,
1194 5707 1294 5758 sive
1315 5706 1500 5775 dignus
1524 5705 1738 5773 fuerim;
1766 5707 1866 5760 sive
1893 5707 1973 5759 in-

383 5795 596 5861 diguus.
640 5796 698 5853 Si
725 5798 855 5853 enim
898 5816 985 5869 per
1014 5799 1227 5868 gratiam
1273 5798 1440 5851 onmia
1481 5798 1733 5864 facimus;
1776 5800 1977 5868 quando

1788 355 1985 410 LlltEll
2032 355 2229 419 UNUS.

3559 369 3666 426 338

2072 473 2319 528 vincimur
2338 493 2369 530 a
2397 486 2628 546 peccato,
2673 494 2772 533 non
2804 496 2893 533 nos
2920 482 3166 536 vincimur
3184 522 3200 549 ,
3228 484 3317 538 sed
3342 483 3437 539 Dei
3456 493 3621 557 gratia
3642 528 3658 551 ,

2071 582 2185 635 quin
2207 566 2361 622 voluit
2389 586 2477 622 nos
2502 571 2744 639 adjuvare
2772 572 2907 626 aulai
2943 573 3092 629 modo
3116 618 3128 638 ,
3160 584 3207 630 et
3236 592 3334 630 non
3379 577 3560 649 potuit.
3594 577 3663 636 Et

2053 656 2264 713 .iterum
2289 661 2365 714 ait
2394 677 2406 714 :
2438 660 2500 715 Si
2522 657 2687 732 gratia
2708 662 2802 717 Dei
2827 674 2919 728 est,
2943 667 3145 734 quando
3167 668 3407 723 vincimus
3428 678 3656 740 peccata;

2071 763 2188 817 ergo
2216 749 2325 817 ipse
2345 751 2361 781 ί
2379 761 2449 804 est
2471 753 2521 805 in
2548 753 2717 823 culpa,
2740 754 2944 824 quando
2969 771 3000 807 a
3026 765 3230 826 peccato
3258 759 3519 825 vincimur,
3542 759 3660 828 quia

2072 839 2275 893 omnino
2294 843 2545 897 custodire
2563 860 2653 898 nos
2672 853 2759 897 aut
2784 862 2884 900 non
2911 848 3093 916 potuit,
3122 858 3208 901 aut
3233 850 3416 903 noluit.
3448 849 3527 903 Ad
3559 851 3662 906 ista

2071 928 2315 1000 Pelagius
2344 934 2615 1001 respondit
2638 951 2652 987 :
2680 933 2806 989 Iltec
2834 946 3001 990 utrum
3017 936 3230 998 leeslii
3247 939 3369 1005 sint,
3400 941 3499 1010 ipsi
3518 939 3660 996 vitle-

2070 1018 2175 1072 rint
2214 1021 2299 1090 qui
2339 1022 2510 1076 dicunt
2540 1040 2598 1077 ea
2628 1024 2844 1080 Cazlestii
2870 1042 3013 1091 esse;
3041 1044 3130 1097 ego
3161 1045 3275 1084 vero
3307 1046 3562 1103 tamquam
3587 1032 3663 1086 sic

2071 1113 2208 1165 tenui
2225 1152 2241 1177 ,
2279 1113 2369 1166 sed
2396 1115 2766 1170 anathematizo
2794 1118 2880 1183 qui
2915 1119 2987 1172 sic
3015 1130 3165 1174 tenet.
3206 1120 3455 1193 Synodus
3480 1122 3615 1180 dixit
3642 1142 3655 1177 :

2072 1199 2270 1271 Reripit
2306 1210 2354 1257 te
2376 1214 2550 1259 sancta
2579 1205 2854 1277 Synodus,
2891 1209 2963 1263 ita
2987 1210 3133 1265 verba
3161 1213 3375 1282 reprobo
3416 1216 3656 1269 condem—

2071 1300 2292 1345 nantem.
2320 1292 2394 1348 De
2418 1292 2503 1348 bis
2527 1306 2673 1355 certe
2697 1298 2945 1355 nuntietis
2965 1338 2982 1365 ,
3016 1311 3069 1355 et
3096 1300 3293 1372 Pelagii
3317 1302 3501 1357 eadem
3533 1320 3659 1359 ana-

2070 1380 2462 1438 thematizantis
2504 1385 2784 1447 manifesta
2826 1392 3104 1460 responsio
3144 1401 3260 1460 est,
3291 1403 3346 1449 et
3382 1393 3660 1466 episc0po-

2070 1488 2188 1527 rum
2216 1473 2313 1529 ista
2343 1475 2706 1533 damnantium
2729 1481 3125 1538 absolutissima
3160 1483 3438 1554 iudicatio.
3469 1485 3657 1542 Utrum

2069 1579 2132 1620 ea
2174 1565 2414 1637 Pelagius
2432 1607 2448 1633 ,
2483 1584 2553 1624 an
2576 1569 2860 1628 Caelestius
2879 1614 2895 1639 ,
2917 1589 2983 1629 an
3008 1583 3233 1647 uterque
3256 1620 3270 1643 ,
3295 1592 3364 1632 an
3392 1586 3579 1651 neuter
3606 1579 3661 1634 il-

2070 1656 2273 1723 lorum,
2312 1673 2380 1713 an
2407 1659 2496 1714 alii
2521 1662 2635 1718 sive
2659 1678 2780 1719 cum
2806 1665 2967 1737 ipsis,
2999 1666 3115 1723 sive
3151 1666 3252 1722 sub
3294 1667 3513 1725 nomine
3551 1668 3660 1724 illo-

2068 1765 2186 1807 rum
2214 1756 2508 1820 senserint,
2542 1754 2654 1810 sive
2681 1754 2857 1811 adhuc
2902 1757 3172 1824 sentiant,
3218 1761 3288 1813 sit
3325 1757 3544 1815 dubium
3575 1760 3659 1815 vel

2068 1844 2335 1903 occultum
2365 1863 2379 1899 :
2405 1846 2533 1902 satis
2566 1856 2740 1902 tamen
2786 1845 2889 1902 hoc
2925 1847 3127 1917 judicio
3160 1848 3491 1911 declaratum
3538 1861 3655 1917 est,

2067 1947 2188 1989 esse
2212 1935 2458 1991 damnata
2482 1975 2497 2000 ,
2526 1944 2580 1990 et
2607 1935 2873 2007 Pelagium
2899 1938 3056 1992 simul
3083 1936 3245 1995 fuisse
3271 1938 3652 2003 damnandum,

2069 2024 2170 2080 nisi
2215 2025 2330 2081 haec
2372 2027 2532 2083 etiam
2578 2028 2692 2099 ipse
2715 2028 3014 2086 damnaret.
3043 2030 3196 2086 Nunc
3234 2043 3379 2089 certe
3409 2043 3526 2104 post
3553 2033 3652 2088 hoc

2061 2114 2354 2186 judicium,
2386 2117 2594 2187 quando
2638 2128 2822 2175 contra
2866 2119 3170 2191 hujusmodi
3212 2125 3510 2187 sententias
3536 2124 3650 2181 dis-

2064 2214 2344 2276 putamus,
2374 2208 2630 2263 adversus
2673 2208 2976 2266 damnatam
3015 2210 3261 2269 ltazresim
3295 2211 3650 2283 disputamus.

2138 2298 2226 2354 5L
2260 2299 2440 2355 Dicam
2479 2300 2637 2357 etiam
2677 2301 2875 2373 aliquid
2900 2303 3134 2359 lzetius'.
3169 2302 3424 2374 Superius
3462 2313 3657 2360 metue-

2067 2387 2188 2445 bam
2211 2387 2408 2461 (Supra
2427 2431 2442 2457 ,
2470 2406 2523 2443 ιι.
2553 2388 2645 2462 20)
2669 2432 2684 2457 ,
2710 2405 2830 2445 cum
2853 2392 3054 2447 diceret
3082 2392 3325 2466 Pelagius
3344 2436 3359 2460 ,
3388 2395 3659 2467 adjuvantc

2067 2482 2233 2552 gratia
2258 2481 2357 2536 Dei
2389 2498 2534 2553 posse
2562 2499 2671 2538 esse
2706 2484 2958 2539 hominem
2996 2486 3103 2540 sine
3129 2500 3334 2557 peccato
3355 2531 3368 2553 ,
3409 2504 3477 2543 ne
3518 2489 3659 2545 torte

2067 2573 2311 2631 eamdem
2333 2575 2557 2644 gratiam
2588 2576 2989 2645 possibilitatem
3020 2580 3225 2637 diceret
3248 2595 3367 2639 esse
3397 2592 3599 2637 natura:
3627 2602 3656 2637 a

2068 2663 2180 2719 Deo
2207 2664 2436 2720 conditae
2461 2681 2583 2721 cum
2623 2666 2793 2722 libero
2821 2669 3042 2735 arbitrio
3062 2710 3076 2734 ,
3107 2671 3239 2726 sicut
3291 2672 3343 2726 in
3387 2673 3524 2728 libro
3566 2675 3658 2729 illa

2068 2766 2184 2822 est,
2213 2772 2370 2829 quem
2400 2768 2666 2829 tanquam.
2678 2760 2794 2830 ejus
2823 2762 3002 2830 accepi
3026 2762 3151 2835 ,(a),
3177 2764 3260 2819 cui
3294 2765 3576 2835 respondi,
3603 2777 3660 2821 et

2068 2864 2134 2907 eo
2163 2847 2322 2903 modo
2348 2848 2650 2906 nescientes
2672 2850 2882 2920 judiees
2907 2850 3115 2911 falleret
3157 2870 3171 2907 :
3211 2869 3351 2908 nunc
3382 2870 3506 2911 vero
3534 2871 3654 2911 cum

2068 2938 2485 2997 anathematizat
2525 2954 2620 2995 eos
2658 2942 2747 3011 qui
2770 2942 2986 3013 gratiam
3012 2942 3108 2999 Dei
3146 2955 3192 2998 et
3220 2947 3531 3016 adjutorium
3558 2965 3657 3003 non

2067 3031 2135 3084 ad
2153 3029 2380 3101 singulos
2402 3040 2547 3087 actus
2569 3032 2743 3093 dicunt
2772 3033 2907 3099 dari,
2930 3033 3018 3088 sed
3040 3035 3091 3089 in
3121 3036 3278 3090 libero
3298 3036 3505 3092 arbitrio
3527 3055 3654 3104 esse,

2068 3122 2146 3177 vel
2171 3122 2226 3177 in
2245 3121 2353 3193 lege
2371 3132 2520 3194 atque
2543 3124 2799 3190 doctrina;
2818 3126 2947 3181 satis
2971 3126 3248 3184 evidenter
3275 3140 3514 3201 apparet,
3536 3146 3653 3185 eam

2071 3214 2219 3270 illum
2245 3214 2424 3272 dicere
2444 3217 2666 3286 gratiam
2692 3259 2708 3284 ,
2739 3233 2859 3288 qua:
2888 3219 2941 3273 in
2970 3219 3167 3276 Christi
3195 3222 3428 3279 Ecclesia
3458 3225 3654 3293 praedi—

2070 3313 2241 3371 catur,
2270 3321 2389 3377 quae
2411 3306 2903 3367 subministratione
2926 3310 3096 3367 sancti
3128 3309 3357 3383 Spiritus
3383 3312 3541 3369 datur
3558 3356 3574 3381 ,
3598 3326 3651 3369 ιιι

2070 3395 2139 3452 ad
2169 3407 2378 3461 nostros
2394 3405 2548 3454 actus
2566 3398 2805 3470 singulos
2827 3400 3142 3472 adjuvemur
3164 3419 3179 3456 :
3204 3403 3344 3459 unde
3363 3413 3415 3460 et
3438 3419 3660 3461 oramus.

2070 3488 2625 3558 sempergadjutorium
2652 3500 3030 3560 opportunum,
3047 3508 3116 3548 ne
3144 3493 3433 3550 inl'eramur
3459 3495 3513 3550 in
3542 3505 3654 3553 ten-

2073 3582 2346 3643 tatiouem.
2375 3580 2487 3639 Nec
2513 3581 2643 3637 illud
2678 3582 2789 3654 jam
2817 3592 3030 3651 metuo,
3076 3600 3145 3640 ne
3187 3584 3324 3644 forte
3358 3586 3445 3642 ubi
3484 3587 3653 3652 dixit,

2073 3671 2195 3728 Non
2208 3689 2362 3744 posse
2383 3689 2488 3730 esse
2512 3675 2620 3729 sine
2637 3684 2839 3745 peccato
2858 3717 2875 3744 ,
2900 3676 2998 3731 nisi
3016 3677 3103 3749 qui
3128 3678 3387 3733 scientiam
3420 3677 3545 3751 legis
3564 3679 3655 3733 ha-

2073 3764 2257 3829 buerit,
2289 3774 2449 3837 atque
2478 3766 2530 3822 id
2558 3767 2627 3822 ita
2658 3768 2940 3838 exposuit,
2967 3778 3024 3823 ut
3052 3769 3119 3823 ad
3140 3787 3241 3824 non
3264 3771 3574 3842 peccandum
3601 3773 3654 3825 in

2071 3855 2197 3928 legis
2216 3857 2481 3915 scientiam
2510 3866 2712 3926 poneret
2736 3856 3045 3929 adjutorium
3076 3859 3301 3932 (Supra,
3330 3877 3382 3914 n.
3411 3859 3489 3934 2),
3513 3876 3656 3916 eain-

2071 3949 2194 4005 dem
2226 3950 2357 4021 legis
2381 3951 2780 4009 scientiamDei
2822 3953 3048 4023 gratiam
3072 3953 3201 4010 velit
3244 3954 3486 4026 intelligi.
3518 3956 3679 4017 Ecce.

2071 4041 2483 4098 anathematizat
2526 4043 2618 4113 qui
2661 4042 2764 4098 hoc
2805 4044 3044 4099 sentiunt
3070 4062 3086 4100 :
3112 4060 3238 4112 ecce
3285 4059 3384 4106 nee
3412 4054 3663 4103 naturam

2071 4132 2226 4188 liberi
2253 4132 2489 4201 arbitrii,
2522 4149 2621 4190 nec
2647 4134 2818 4205 legem
2856 4143 3015 4206 atque
3043 4134 3340 4201 doctrinam
3368 4138 3483 4194 vult
3508 4138 3657 4196 intel-

2072 4221 2160 4293 ligi
2184 4222 2409 4293 gratiam
2426 4264 2441 4289 ,
2474 4239 2578 4293 qua
2604 4238 2699 4294 per
2726 4233 2874 4280 actus
2899 4225 3145 4296 singulos.
3160 4225 3492 4297 adiuvamur.
3519 4228 3654 4296 Quid

2071 4330 2200 4387 ergo
2225 4323 2427 4379 restat,
2457 4316 2557 4371 nisi
2586 4325 2643 4370 ut
2666 4331 2784 4372 eam
2808 4316 3238 4389 intelligatquam
3268 4318 3398 4377 dicit
3421 4322 3653 4390 Aposto-

2072 4405 2184 4473 lus,
2207 4406 2697 4467 subministratione
2724 4406 2952 4478 Spiritus
2976 4394 3285 4475 sanctidari
3310 4409 3567 4485 (Philipp.
3601 4429 3615 4468 ι
3638 4456 3653 4474 .

2073 4496 2207 4569 l9)?
2228 4496 2298 4551 de
2318 4512 2438 4568 .qua
2463 4496 2593 4553 dicit
2627 4498 2911 4564 Dominus,
2943 4497 3117 4563 Nolite
3143 4502 3363 4573 cogitare
3403 4504 3653 4573 quomodo

2071 4595 2158 4640 aut
2175 4585 2296 4657 quid
2310 4587 2631 4654 loquamini;
2659 4587 2861 4643 dabitur
2887 4591 3019 4645 enim
3040 4591 3174 4645 vobis
3200 4592 3251 4646 in
3277 4593 3366 4646 illa
3392 4593 3517 4648 hora
3539 4595 3658 4660 quid

2071 4676 2343 4747 loquamini
2372 4693 2391 4732 :
2412 4694 2512 4733 non
2538 4679 2669 4732 enim
2690 4694 2774 4733 vos
2795 4680 2910 4735 estis
2935 4680 3020 4748 qui
3039 4680 3334 4750 loquimini,
3364 4682 3453 4737 scd
3478 4682 3661 4752 Spiriu

2073 4776 2153 4822 tus
2174 4766 2345 4828 Patris
2361 4770 2507 4829 vestri
2526 4771 2612 4840 qui
2631 4770 2853 4840 loquitur
2881 4770 2933 4825 in
2954 4771 3089 4825 vobis
3112 4769 3324 4843 (Matth.
3350 4788 3404 4838 ι,
3430 4772 3516 4840 19,
3539 4773 3655 4843 20).

2071 4856 2181 4913 Nec
2204 4857 2339 4921 illud,
2360 4859 2701 4914 metuendum
2728 4869 2829 4928 est,
2863 4876 2928 4915 ne
2955 4859 3090 4925 forte
3111 4861 3198 4917 ubi
3228 4863 3302 4916 ait
3320 4904 3335 4929 ,
3363 4860 3547 4918 Omnes
3573 4881 3659 4919 vo-

2074 4950 2263 5005 luntate
2302 4952 2510 5022 propria
2537 4953 2682 5022 regi;
2712 4951 2873 5023 idque
2906 4952 3183 5022 exposuit,
3214 4952 3328 5008 ideo
3356 4970 3409 5008 se
3429 4955 3619 5010 dixisse
3641 4999 3657 5023 ,

2075 5051 2277 5113 propter
2301 5042 2510 5099 liberant
2531 5044 2820 5111 arbitrium,
2848 5044 2929 5097 cui
2957 5043 3096 5099 Deus
3119 5045 3324 5116 adjutar
3348 5054 3420 5100 est
3458 5047 3663 5119 eligenti

2073 5133 2205 5187 bona
2231 5132 2461 5205 (Supra,
2493 5152 2545 5189 η.
2573 5134 2650 5207 5),
2677 5135 2835 5190 etiam
2857 5134 2943 5190 hic
2962 5150 3055 5205 per
3081 5143 3320 5192 naturam
3344 5136 3497 5194 liberi
3528 5139 3663 5194 arbi-

2074 5226 2162 5281 trii
2196 5235 2248 5281 et
2285 5240 2381 5297 per
2408 5226 2701 5282 doctrinam
2744 5226 2875 5297 legis
2914 5227 3209 5297 adjutorem
3236 5228 3257 5260 ³
3286 5229 3499 5285 dixerit.
3527 5227 3661 5286 Cum

2074 5316 2217 5372 enim
2249 5325 2393 5375 recte
2428 5316 2952 5374 auathematizaverit
2991 5332 3085 5374 eos
3113 5320 3199 5383 qui
3233 5320 3406 5375 dicunt
3448 5324 3664 5395 gratiam

2142 5497 2156 5527 ¹
2190 5494 2492 5558 Colbertinus
2510 5502 2609 5554 ιτς»,
2642 5506 2764 5558 ipsa.

2140 5557 2161 5588 ι
2195 5557 2328 5623 mliti,
2355 5553 2511 5606 nisa.
2536 5553 2793 5606 nainanum
2818 5556 3071 5623 eremplar
3107 5560 3263 5623 magis
3287 5562 3544 5620 concinne,
3584 5559 3666 5611 (re.

2079 5620 2173 5671 tius
2201 5632 2218 5668 :
2245 5618 2289 5666 id
2317 5626 2411 5681 est,
2435 5633 2532 5681 qua
2557 5626 2718 5668 metus
2734 5626 2784 5681 et
2795 5617 3077 5681 sollicitudo
3108 5617 3220 5672 mea
3250 5617 3581 5673 removeatur.

2148 5684 2167 5713 ³
2202 5679 2418 5729 Munnlli
2445 5678 2507 5743 ex
2533 5681 2693 5741 editis,
2718 5678 3034 5743 atljutorium.

2144 5743 2216 5807 (τι)
2242 5749 2252 5788 ι
2272 5743 2378 5807 ibet~
2396 5742 2571 5804 Pelagii
2590 5755 2617 5790 a
2634 5742 2805 5793 tacebo
2827 5751 2877 5793 et
2892 5743 3096 5795 'I'imasio
3114 5744 3356 5806 acceptus,
3371 5744 3446 5795 eui
3464 5754 3670 5807 respon-

2085 5806 2148 5854 dit
2177 5805 2260 5853 lib.
2283 5804 2345 5855 de
2366 5814 2533 5855 satura
2557 5813 2605 5854 el
2629 5807 2799 5855 Gratia.
