4002 6178
394 359 498 416 339

397 471 495 530 Del
522 483 568 530 et
587 472 894 543 adjutorium
916 487 1014 526 non
1045 468 1114 524 ad
1137 468 1364 541 singulos
1391 478 1534 524 actus
1557 468 1676 524 dari
1692 509 1709 536 ,
1731 469 1822 526 sed
1841 469 1891 523 in
1918 467 1982 522 fi-

395 567 513 622 ἄστη
536 561 742 620 arbitrio
777 581 885 620 esse
901 605 915 626 ,
941 559 1024 618 vel
1041 562 1094 617 in
1124 562 1234 633 lege
1253 579 1313 615 ac
1335 560 1564 616 doctrina
1584 577 1605 616 :
1627 558 1862 632 profecto
1892 561 1980 617 Dei

395 658 560 730 gratia
605 657 690 712 vel
733 655 1054 726 adjutorium
1097 653 1164 708 ad
1203 655 1443 725 singulos
1469 663 1619 709 actus
1645 652 1836 717 datur,
1881 667 1982 707 ex-

395 759 552 821 cepto
576 748 746 804 lihero
765 744 986 802 arbitrio
1005 786 1020 809 ,
1051 744 1134 800 vel
1165 744 1279 815 lege
1307 752 1466 814 atque
1496 743 1770 802 doctrina:
1800 757 1862 799 ac
1888 755 1984 811 per

395 842 498 896 hoc
534 855 630 910 per
656 837 892 907 singulos
918 847 1068 892 actus
1093 852 1122 890 a
1153 835 1262 891 Deo
1296 836 1565 906 regimur,
1596 833 1809 904 quando
1839 842 1982 888 recte

393 933 631 1006 agimus;
664 947 761 987 nec
792 931 986 986 fruStra
1013 939 1226 984 orantes
1253 928 1481 984 dicimus
1503 969 1517 994 ,
1547 925 1737 982 Itinera
1767 943 1875 981 mea
1904 927 1984 978 di-

393 1028 500 1096 rige
519 1023 796 1080 secundum
826 1021 1028 1078 uerbum
1056 1031 1198 1075 tuum
1221 1061 1234 1083 ,
1265 1035 1328 1072 ne
1352 1017 1636 1072 dominetur
1669 1017 1791 1070 mihi
1819 1017 1982 1071 omnis

392 1117 632 1191 iniquitas
664 1113 835 1188 (Psal.
866 1129 1023 1173 cxvtu
1045 1155 1060 1177 ,
1095 1112 1242 1184 15⁸5).

464 1207 555 1266 52.
595 1205 701 1264 Sed
726 1203 867 1277 quod
895 1205 990 1259 ista
1019 1204 1284 1275 sequitur,
1337 1217 1424 1256 me
1467 1214 1678 1255 rursum
1708 1197 1983 1254 sollicitat.

393 1299 526 1356 Cum
556 1298 699 1354 enim
720 1295 790 1353 de
816 1295 1001 1366 quinto
1025 1282 1256 1363 capitulo
1285 1291 1401 1348 libri
1431 1289 1666 1346 ερρωμαι
1701 1288 1821 1344 huic
1851 1287 1982 1343 fuis-

395 1400 479 1449 set
503 1390 793 1460 objectum,
823 1385 964 1458 quod
999 1403 1018 1437 ι
1054 1383 1324 1440 affirtnent
1353 1393 1782 1450 unumquemque
1809 1378 1980 1432 homi-

395 1497 516 1540 nem
532 1495 718 1538 omnes
735 1479 956 1534 virtutes
972 1491 1127 1546 posse
1149 1475 1344 1529 habere
1361 1481 1416 1528 et
1432 1474 1650 1543 gratias,
1669 1479 1720 1526 et
1740 1469 1984 1525 auferant

393 1571 752 1628 diversitatem
775 1569 1082 1648 gratiarum,
1111 1579 1268 1637 quam
1295 1563 1581 1634 Apostolus
1603 1562 1757 1617 docet
1781 1579 1794 1616 :
1835 1581 1852 1612 ι
1883 1561 1983 1615 Pe-

393 1665 562 1736 lagius
583 1661 879 1742 respondit,
917 1679 936 1712 ‹
975 1659 1184 1714 Dictum
1202 1665 1285 1713 est
1303 1673 1332 1710 a
1361 1655 1532 1722 nobis,
1565 1655 1658 1709 sed
1681 1651 1908 1725 maligne
1928 1661 1984 1740 et

393 1755 636 1829 imperite
661 1750 1132 1824 reprehenderunt.
1164 1747 1278 1804 Non
1305 1748 1448 1804 enim
1471 1744 1760 1802 auferimus
1784 1744 1983 1814 gratia-

394 1861 511 1903 runt
545 1845 907 1902 diversitatem
941 1860 955 1896 :
987 1841 1081 1896 sed
1121 1841 1349 1896 dicimus
1390 1839 1592 1894 donare
1615 1838 1781 1892 Deum
1805 1837 1856 1893 ei
1891 1837 1983 1907 qui

395 1935 553 1992 fuerit
597 1935 788 2006 dignus
833 1932 1097 2002 accipere,
1147 1946 1332 1984 omnes
1377 1928 1592 2000 gratias,
1642 1928 1780 1982 sicut
1821 1927 1983 1982 Paulo

393 2025 634 2096 apostolo
654 2024 890 2080 donavit.
930 2020 1062 2097 t'ftd
1100 2022 1200 2078 hoc
1229 2019 1476 2092 Syttodtts
1503 2018 1636 2072 dixit
1668 2036 1681 2071 :
1719 2033 1738 2068 t
1774 2015 1978 2072 Conse-

392 2123 620 2187 quenter
641 2124 697 2178 et
720 2113 1082 2173 ecclesiastico
1108 2125 1267 2166 sensu
1297 2118 1352 2165 et
1380 2109 1493 2181 ipse
1515 2109 1728 2165 sensisti
1748 2109 1816 2164 de
1841 2107 1984 2164 dono

391 2208 706 2278 gratiarum,
730 2221 848 2278 quae
873 2205 925 2260 in
947 2210 1133 2260 sancto
1158 2201 1414 2272 Apostolo
1437 2200 1796 2255 continentur.
1835 2215 1856 2251 ι
1887 2198 1984 2255 Βία

393 2299 536 2354 dicet
559 2297 752 2368 aliquis
771 2313 784 2349 :
802 2295 940 2363 Quid
963 2309 1093 2364 ergo
1116 2291 1404 2348 sollicitat?
1430 2291 1512 2346 An
1542 2299 1596 2344 tu
1621 2289 1838 2360 negabis
1861 2305 1979 2345 om-

393 2408 490 2448 nes
514 2393 740 2449 virtutes
777 2397 830 2443 et
854 2387 1052 2458 gratias
1092 2384 1254 2440 fuisse
1281 2384 1337 2438 in
1363 2381 1654 2452 Apostoloi
1683 2383 1796 2452 Ego
1831 2397 1980 2448 vero,

395 2483 439 2538 si
458 2481 564 2538 illa;
587 2477 915 2550 accipiantur
933 2489 1143 2540 omnes,
1164 2487 1298 2556 quas
1323 2487 1429 2528 uno
1449 2470 1680 2543 quodam
1700 2471 1815 2542 ipse
1837 2473 1982 2543 Apo-

394 2575 568 2632 stolus
608 2569 1048 2630 commemoravit
1083 2567 1222 2632 loco,
1271 2580 1404 2636 quas
1442 2574 1494 2620 et
1519 2563 1796 2640 episcopos
1824 2563 1982 2618 intel-

397 2667 589 2728 lexisse
609 2665 860 2729 arbitror,
889 2671 948 2716 ut
975 2661 1077 2716 hoc
1103 2659 1478 2731 approbarent,
1501 2666 1556 2712 et
1581 2655 1986 2728 pronuntiarent

401 2779 421 2814 ι
455 2773 620 2818 sensu
653 2756 1016 2815 ecclesiastico
1052 2753 1255 2809 dictum
1276 2793 1291 2816 ,
1333 2771 1351 2803 ι
1389 2765 1492 2806 non
1532 2764 1624 2804 cas
1659 2749 1846 2806 dubito
1885 2750 1982 2803 ha-

395 2852 578 2912 buisse
617 2848 916 2921 apostolum
964 2844 1204 2902 Paulum.
1256 2845 1343 2898 Ait
1373 2843 1516 2899 enim
1564 2858 1577 2894 :
1623 2839 1692 2896 Et
1736 2842 1985 2913 quaedam

393 2943 594 3014 quidem
643 2942 810 3012 posuit
854 2937 994 2992 Deus
1043 2937 1097 2990 in
1157 2933 1382 2991 Ecclesia
1404 2975 1420 3000 ,
1477 2934 1642 3006 primo
1685 2937 1945 3004 apostolos
1963 2974 1980 3002 ,

360 3082 366 3091 .
397 3031 618 3088 secundo
659 3030 932 3101 pmpItetas
953 3069 970 3099 ,
1011 3027 1160 3082 tertio
1207 3026 1438 3080 doctores
1461 3067 1475 3092 ,
1522 3024 1980 3094 deinderirtntes,

395 3123 578 3178 (itinde
631 3123 928 3188 donationes
967 3119 1273 3180 sanitatum,
1319 3117 1607 3190 adiutorio,
1655 3116 1982 3189 gubernatio-

395 3233 504 3279 nes,
534 3231 716 3287 genera
757 3212 1048 3284 linguarum
1079 3208 1132 3282 (l
1173 3207 1292 3265 Cor.
1335 3224 1445 3274 xu,
1474 3207 1604 3281 28).
1648 3207 1786 3278 Quid
1815 3208 1983 3280 ergo?

393 3291 634 3361 dicemus
655 3303 794 3374 quod
823 3303 938 3359 hate
963 3300 1140 3359 omnia
1169 3315 1273 3355 non
1297 3299 1536 3354 habuerit
1558 3305 1828 3368 apostolus
1847 3299 1984 3357 Pau-

397 3397 519 3452 lus?-
538 3395 666 3466 Quis
698 3394 801 3451 hoc
827 3393 1019 3450 audeat
1037 3390 1254 3449 dicere?
1284 3391 1411 3445 Nam
1447 3404 1513 3446 eo
1545 3389 1662 3460 ipso
1685 3389 1828 3461 quod
1853 3404 1982 3461 apo-

395 3493 562 3546 stolus
589 3499 727 3554 erat,
757 3488 982 3544 habebat
1012 3486 1195 3558 utique
1222 3483 1596 3556 apostolatnm.
1623 3482 1730 3539 Sed
1753 3483 1982 3540 habebat

393 3594 448 3638 et
477 3580 831 3660 prophetiam.
875 3581 957 3634 An
1001 3567 1414 3648 uon'prophetia
1443 3574 1561 3644 ejus
1603 3573 1724 3629 est?
1754 3574 1980 3646 Spiritus

392 3675 534 3731 enim
559 3660 824 3743 manifeste
841 3671 981 3739 dicit,
1003 3670 1122 3740 quia
1139 3670 1193 3724 in
1216 3668 1497 3724 novissimis
1521 3667 1826 3738 temporibus
1844 3683 1980 3724 rece-

393 3768 516 3822 dent
539 3766 746 3846 quidam
769 3781 802 3818 α
825 3763 928 3836 ﬁde
944 3805 959 3830 ,
982 3763 1292 3818 intendentes
1328 3761 1587 3832 spiritibus
1611 3760 1976 3828 seductoribus,

392 3859 635 3914 doctrinis
673 3857 1037 3913 dmuoniorum
1085 3852 1140 3926 (1
1198 3853 1328 3909 Tim.
1374 3869 1446 3918 tv,
1499 3853 1589 3925 1').
1617 3852 1733 3923 Ipse
1771 3863 1888 3910 erat
1927 3863 1981 3911 et

392 3953 563 4004 doctor
587 3948 818 4003 Gentium
841 3947 893 4002 in
921 3947 1025 4017 [ide
1049 3955 1098 4000 et
1124 3946 1330 4001 raritate
1348 3945 1459 4010 (Μ.
1494 3961 1550 4008 tt,
1581 3945 1644 4016 7)
1671 3962 1684 3998 :
1714 3954 1768 4000 et
1789 3961 1978 4014 opera-

392 4047 547 4098 batur
583 4042 802 4098 \irtutc-s
827 4054 879 4097 et
909 4040 1196 4103 sanitates;
1229 4055 1350 4092 nam
1380 4037 1710 4093 mordentem
1745 4038 1980 4110 viperam

392 4151 552 4189 nam:
577 4136 812 4203 excussit
841 4132 1004 4187 illmsa
1033 4130 1169 4202 (Act.
1207 4145 1406 4196 xxvut,
1433 4129 1528 4200 5),
1577 4137 1632 4186 et
1659 4129 1980 4200 paralyticos

389 4227 453 4278 ad
483 4225 700 4280 verbum
727 4223 841 4292 ejus
870 4221 1111 4279 restituta
1139 4221 1394 4277 continuo
1423 4223 1592 4278 salute
1612 4221 1841 4276 surrexit
1863 4220 1974 4288 (id.

393 4333 505 4379 xiv.
538 4316 627 4386 9).
657 4315 932 4386 Adju‘toria
955 4330 1073 4386 qua:
1093 4313 1255 4380 dicat,
1278 4313 1562 4376 obscurum
1591 4323 1674 4372 est
1691 4331 1710 4388 ς,
1727 4313 1978 4384 quoniam

387 4409 468 4461 vis
513 4407 672 4477 hujus
701 4405 845 4462 verbi
878 4407 981 4460 late
1009 4415 1152 4487 patet
1179 4422 1192 4458 :
1221 4405 1339 4474 quis
1371 4412 1548 4468 tamen
1587 4405 1708 4460 huic
1740 4413 1794 4460 et
1823 4404 1978 4460 istam

391 4499 616 4563 gratiam
652 4496 886 4552 defuisse
925 4495 1100 4562 dicat,
1129 4510 1225 4565 per
1285 4494 1438 4566 cujus
1466 4495 1700 4551 laborem
1751 4497 1977 4553 salutem

395 4591 670 4658 hominum
701 4590 779 4645 sic
798 4596 1008 4645 constat
1032 4587 1311 4654 adiutam?
1336 4587 1471 4657 Quid
1495 4604 1624 4644 vero
1648 4590 1765 4660 ejus
1789 4595 1981 4662 guber-

393 4684 608 4738 natione
637 4679 964 4754 prmclarins,
991 4681 1204 4752 quando
1223 4689 1278 4736 et
1303 4695 1397 4752 per
1424 4696 1546 4737 eum
1570 4681 1827 4740 Dominus
1854 4692 1979 4740 tunc

391 4787 470 4832 tot
505 4775 774 4834 Ecclesias
801 4773 1140 4847 gubernatit,
1171 4784 1224 4830 et
1267 4791 1362 4845 per
1389 4775 1504 4845 ejus
1533 4773 1800 4846 Epistolas
1837 4793 1980 4834 nunc

387 4868 683 4940 gubernat?
705 4867 824 4924 Jam
844 4881 1042 4945 genera
1071 4866 1390 4939 linguarum,
1413 4884 1530 4936 quas
1560 4869 1634 4924 illi
1665 4871 1853 4926 deesse
1881 4887 1977 4952 po-

393 4967 642 5025 tuerunt,
674 4973 794 5021 cum
827 4959 940 5028 ipse
964 4955 1136 5026 dicat,
1175 4955 1380 5023 Gratias
1414 4957 1550 5021 Deo,
1594 4961 1730 5030 quod
1753 4963 1979 5017 omnium

391 5062 606 5106 vostrum
645 5050 823 5123 lingua
861 5047 1041 5120 loquor
1083 5047 1137 5120 (1
1185 5047 1305 5104 Cor.
1362 5064 1470 5114 xiv,
1521 5047 1666 5118 l8)?
1689 5049 1821 5130 Quia
1850 5066 1979 5134 ergo

392 5144 616 5198 istorum
643 5142 881 5198 omnium
922 5140 1052 5197 nihil
1095 5139 1341 5210 apostolo
1384 5140 1547 5210 Paulo
1589 5140 1820 5196 defuisse
1858 5156 1978 5198 cre-

391 5233 621 5288 dendum
647 5243 749 5298 est,
791 5243 1070 5304 propterea
1119 5231 1518 5301 responsionem
1550 5231 1766 5302 Pelagii,
1801 5250 1820 5284 ‹
1857 5249 1976 5287 ont-

393 5341 491 5381 nes
518 5329 716 5396 gratias
743 5311 1044 5382 ci'donaias
1071 5341 1190 5380 esse
1217 5309 1244 5377 ἰ
1275 5323 1520 5388 dicentis,
1547 5323 1753 5394 judices
1781 5341 1972 5394 appro-

394 5421 458 5473 ba
470 5430 676 5474 verunt.
703 5419 808 5475 Sed
835 5429 958 5474 sunt
986 5429 1040 5473 et
1067 5417 1185 5473 aliae
1217 5418 1404 5488 gratite
1423 5457 1438 5481 ,
1473 5430 1595 5486 qum
1620 5414 1707 5472 hic
1737 5429 1976 5474 comme-

395 5520 615 5566 moram:
645 5524 750 5567 non
777 5521 918 5566 sunt.
944 5510 1126 5581 Neque
1147 5510 1312 5574 enim,
1335 5509 1580 5580 quamvis
1603 5517 1748 5564 esset
1765 5518 1979 5579 aposto-

395 5606 478 5672 lus
524 5603 719 5659 Paulus
773 5601 995 5657 multum
1057 5601 1329 5657 excellens
1385 5599 1682 5656 membrum
1735 5600 1978 5670 corporis

394 5695 616 5762 Christi,
661 5693 840 5752 nullas
875 5693 1056 5762 plures
1098 5701 1150 5745 ct
1193 5691 1482 5762 ampliores
1530 5691 1730 5762 gratias
1774 5691 1978 5761 accepit

396 5790 571 5864 ipsum
615 5788 772 5848 totius
819 5784 1058 5857 corporis
1097 5793 1274 5852 caput,
1317 5781 1429 5837 sive
1460 5783 1510 5838 in
1545 5798 1724 5846 carne,
1766 5783 1880 5842 sivo
1922 5785 1974 5837 in

1433 351 1522 410 DE
1563 351 1805 413 GESTIS
1849 347 2244 438 PELACllpS.
2285 353 2651 414 AUGCS'IINI

3559 361 3667 420 330

2090 469 2264 522 anima
2299 469 2564 540 hominis,
2595 489 2752 543 quam
2783 485 3081 532 creaturam
3121 487 3283 535 suam‘
3312 479 3542 541 Verbum
3578 483 3669 542 Μ

2091 560 2143 614 in
2174 563 2425 618 unitatem
2453 581 2692 634 personat
2722 582 2852 630 suae.
2887 579 2944 623 ut
2969 578 3208 626 nostrum
3234 581 3392 642 caput
3431 584 3596 638 esset,
3615 583 3668 630 et

2087 664 2284 720 corpus
2331 653 2446 724 ejus
2491 669 2752 720 essemus,
2797 660 3102 728 assumpsit.
3134 657 3200 714 Et
3245 675 3430 717 revera
3466 665 3510 717 si
3551 677 3671 720 esse

2089 753 2304 812 possent
2328 744 2382 799 in
2411 745 2636 817 singulis
2660 751 2858 816 omnia,
2889 749 3082 806 frustra
3110 751 3178 808 de
3203 753 3459 808 membris
3481 769 3648 823 corpo

2089 833 2162 890 ris
2210 839 2382 892 nostri
2423 839 2491 894 ad
2536 841 2671 896 hanc
2710 857 2822 896 rem
2873 843 2992 898 data
3041 845 3333 900 similitudo
3379 845 3672 903 videretur.

2086 925 2408 984 Sunt‘enim
2463 932 2704 1002 quietiam
2753 937 3057 991 communia
3103 937 3350 994 omnibus
3393 939 3670 1003 membris,

2087 1017 2222 1073 sicut
2252 1021 2468 1087 sanitas,
2503 1023 2639 1078 sicut
2666 1024 2770 1080 vita
2799 1036 2958 1082 :sunt
2984 1036 3159 1082 autem
3187 1029 3288 1082 alia
3309 1029 3470 1084 etiam
3497 1029 3676 1100 singu-

2095 1109 2162 1174 lis
2186 1113 2421 1192 propria,
2452 1116 2592 1172 unde
2627 1133 2724 1172 nec
2749 1119 2890 1172 auris
2919 1121 3079 1174 sentit
3105 1121 3338 1188 colores,
3361 1137 3459 1178 nec
3489 1122 3678 1178 oculus

2087 1215 2276 1268 voces;
2303 1215 2520 1274 propter
2543 1209 2686 1277 quod
2715 1207 2928 1274 dicitur,
2965 1209 3027 1266 Si
3055 1221 3213 1265 totum
3251 1229 3435 1284 corpus
3473 1217 3673 1280 oculus,

2088 1292 2174 1348 ubi
2195 1295 2399 1352 auditus
2415 1297 2441 1352 .’
2457 1296 2520 1354 Si
2539 1309 2699 1354 totum
2721 1302 2944 1368 auditus,
2967 1304 3052 1358 ubi
3079 1304 3322 1359 odoratus
3355 1304 3397 1375 (Ι
3423 1304 3542 1360 Cor.
3574 1322 3674 1371 xu.

2090 1382 2228 1456 l7)?
2257 1385 2406 1452 Quod
2433 1388 2646 1456 quidem
2679 1404 2782 1444 non
2811 1389 2879 1445 ita
2907 1391 3121 1458 dicitur,
3147 1403 3398 1472 tauquam
3425 1395 3674 1465 impossi-

2090 1473 2194 1528 bile
2227 1474 2335 1529 l)eo
2375 1475 2466 1536 sit,
2499 1486 2552 1531 et
2581 1479 2799 1534 auribus
2825 1489 3078 1550 praestare
3101 1496 3314 1537 sensum
3346 1482 3592 1552 videndi,
3623 1495 3678 1540 et

2087 1562 2260 1617 oculis
2282 1565 2551 1621 audiendi.
2583 1567 2724 1634 Quid
2757 1579 2936 1626 tamen
2970 1569 3130 1626 faciat
3158 1571 3210 1627 in
3235 1573 3429 1628 Christi
3449 1589 3678 1646 corpore

2087 1652 2228 1722 quod
2248 1664 2331 1708 est
2359 1655 2617 1724 Ecclesia,
2642 1668 2694 1714 et
2715 1675 2871 1730 quam
2893 1659 3253 1718 diversitatem
3275 1664 3634 1723 Ecclesiarum
3655 1668 3674 1700 ⁸

2089 1741 2234 1796 velut
2273 1759 2370 1811 per
2397 1747 2632 1802 membra
2647 1749 2877 1822 diversa
2911 1759 2973 1806 ut
3000 1763 3179 1808 essent
3205 1753 3344 1810 dona
3371 1756 3530 1810 etiam
3561 1757 3675 1812 sin-

2086 1833 2224 1904 gulis
2261 1838 2494 1906 propria,
2545 1841 2924 1911 significaverit
2960 1845 3267 1913 Apostolus,
3299 1858 3502 1903 certum
3535 1853 3672 1906 cst'.

2086 1923 2440 1996 Quapropter,
2455 1939 2507 1983 ct
2519 1945 2619 2000 qna
2642 1945 2801 1988 causa
2820 1932 2873 1987 hi
2890 1935 2978 2003 qui
2993 1935 3465 2006 illudohjeeerunt,
3480 1941 3674 1995 auferri

2089 2017 2354 2071 uoluerint
2374 2017 2678 2076 distantiam
2704 2023 3015 2092 gratiarum,
3045 2034 3101 2080 et
3127 2028 3229 2097 (pta
3257 2043 3415 2084 causa
3437 2031 3675 2102 episcopi

2087 2117 2304 2178 propter
2333 2109 2550 2166 Paulum
2579 2113 2904 2182 apostolum,
2937 2115 2990 2170 in
3019 2131 3130 2187 quo
3158 2118 3296 2173 dona
3327 2124 3526 2187 omnia,
3555 2137 3679 2192 qua:

2089 2200 2208 2259 loco
2246 2216 2352 2254 uno
2393 2207 2829 2260 commemoravit
2855 2249 2869 2272 ,
2899 2209 3236 2278 agnoscimus
3259 2252 3274 2276 ,
3311 2211 3366 2264 id
3405 2213 3545 2282 quod
3587 2207 3699 2268 re?

2086 2291 2302 2362 spondit
2324 2291 2566 2364 Pelagius
2589 2296 2856 2365 potuerint
2874 2299 3192 2369 approbare.
3207 2301 3315 2369 jam
3339 2303 3541 2358 clarum
3569 2318 3672 2360 est.

2158 2380 2249 2436 53.
2273 2380 2409 2450 Quid
2436 2393 2518 2438 est
2541 2399 2692 2456 ergo,
2720 2386 2862 2442 unde
2891 2402 2977 2443 me
2997 2387 3066 2443 de
3094 2388 3195 2444 huc
3221 2391 3454 2462 capitulo
3475 2393 3675 2449 sollici-

2088 2478 2200 2525 tum
2229 2471 2423 2527 factum
2448 2484 2569 2529 esse
2595 2476 2858 2545 pnedixi?
2879 2477 2992 2534 lloc
3017 2479 3284 2545 videlicet,
3315 2483 3456 2552 quod
3484 2484 3558 2538 ait
3578 2483 3679 2540 Pe-

2087 2562 2278 2632 lagius,
2317 2582 2336 2614 ι
2370 2565 2582 2622 Douare
2611 2567 2774 2622 Deum
2805 2570 2874 2634 ei,
2904 2570 2994 2639 qui
3016 2571 3170 2626 fuerit
3197 2571 3392 2644 dignus
3412 2575 3675 2644 accipere.

2091 2667 2280 2709 omnes
2309 2656 2530 2724 gratias.
2563 2658 2702 2715 sicut
2734 2659 2899 2714 Paulo
2935 2661 3178 2730 apostolo
3205 2662 3369 2718 donat
3383 2666 3442 2720 it.
3482 2684 3502 2719 ι
3533 2665 3680 2724 Nihil

2089 2756 2264 2798 essem
2305 2743 2374 2800 de
2414 2744 2516 2802 hac
2541 2746 2660 2818 ejus
2701 2751 3054 2820 responsione
3079 2753 3372 2824 sollicitus,
3408 2757 3508 2812 nisi
3533 2763 3680 2830 quod

2098 2831 2294 2888 attinet
2315 2833 2381 2888 ad
2418 2833 2557 2892 hanc
2584 2851 2820 2903 causam,
2858 2841 3012 2912 cujus
3035 2843 3263 2899 maxime
3291 2861 3417 2901 cura
3443 2851 3676 2920 gerenda

2091 2934 2197 2993 est,
2229 2942 2298 2982 ne
2325 2927 2526 2985 scilicet
2551 2931 2720 3000 gratia
2753 2932 2867 2997 Dei,
2892 2934 3046 2989 nobis
3077 2939 3370 2994 tacentibus
3397 2951 3452 2996 et
3473 2949 3678 2998 tantum:

2090 3018 2290 3074 malum
2321 3020 2815 3096 dissimuhtntibus,
2859 3039 3214 3098 Oppugnctur.
3251 3031 3382 3086 Cum
3419 3048 3546 3104 ergo
3570 3049 3678 3098 non

2086 3111 2180 3174 ait,
2238 3111 2447 3168 Donare
2497 3113 2664 3170 Deum
2719 3115 2808 3171 cui
2855 3118 3116 3182 voluerit;
3162 3120 3255 3176 sed
3293 3123 3384 3186 ait,
3413 3142 3433 3175 ι
3467 3124 3680 3183 unum

2091 3202 2258 3260 Deum
2283 3205 2354 3273 ei,
2378 3207 2468 3277 qui
2495 3206 2656 3264 fuerit
2677 3209 2866 3280 dignus
2887 3213 3150 3282 accipere,
3178 3229 3364 3270 omnes
3381 3218 3610 3286 gratias;
3652 3241 3676 3283 ι,

2085 3309 2192 3350 non
2215 3298 2385 3366 potui,
2404 3313 2524 3352 cum
2550 3301 2804 3370 legerem,
2829 3319 2935 3358 non
2957 3319 3078 3360 esse
3097 3306 3472 3378 suspiciosus'.
3498 3309 3678 3380 Ipsum

2085 3387 2282 3459 quippe
2306 3389 2492 3458 gratia:
2521 3407 2717 3447 nomen
2756 3402 2810 3448 ct
2849 3395 2964 3464 ejus
2995 3398 3226 3454 nominis
3253 3400 3554 3459 intellectus
3581 3419 3681 3460 au-

2086 3477 2274 3546 fertur,
2322 3481 2500 3535 sinon
2529 3483 2698 3553 gratis
2742 3483 2918 3550 datur,
2951 3487 3044 3542 sed
3085 3503 3201 3543 eam
3238 3489 3328 3560 qui
3370 3491 3558 3562 dignus
3595 3507 3678 3549 est

2083 3569 2299 3640 accipit.
2333 3571 2414 3626 An
2448 3571 2583 3630 forte
2611 3573 2732 3644 quis
2750 3574 2912 3640 dicet,
2943 3579 3202 3648 Apostolo
3227 3595 3314 3636 me
3342 3581 3518 3638 facere
3537 3583 3684 3654 inju-

2089 3659 2244 3726 riam,
2270 3661 2393 3730 quia
2433 3675 2554 3716 eum
2585 3664 2756 3734 gratia
2781 3665 2998 3736 dignum
3028 3667 3188 3724 fuisse
3225 3683 3331 3724 non
3367 3669 3525 3727 dico?
3563 3675 3684 3728 lum

2087 3758 2214 3806 tunc
2253 3750 2390 3805 facio
2429 3761 2484 3806 et
2512 3752 2587 3808 illi
2630 3754 2898 3824 iujuriam,
2931 3766 2984 3811 et
3013 3758 3142 3812 mihi
3183 3773 3414 3828 pmnam,
3451 3762 3496 3816 si
3531 3767 3679 3833 quod

2085 3841 2199 3912 ipse
2221 3841 2370 3908 dicit,
2399 3858 2504 3899 non
2547 3845 2728 3900 credo.
2758 3847 2838 3916 An
2871 3848 2958 3904 ille
2978 3849 3202 3919 gratiam
3247 3865 3353 3905 non
3387 3851 3457 3908 ita
3479 3853 3681 3908 delini-

2089 3933 2182 3995 vit.
2234 3941 2296 3987 ut
2339 3949 2457 3989 eam
2503 3935 2598 4000 sic,
2655 3937 2796 4006 quod
2850 3937 3068 3994 daretur
3114 3941 3302 4012 gratis,
3355 3945 3677 4014 appellatam

2083 4021 2434 4078 ostenderet?
2460 4023 2662 4096 Nempe
2693 4027 2806 4097 ipse
2834 4028 2962 4082 dixit
2995 4044 3015 4083 :
3052 4027 3116 4086 Si
3148 4041 3314 4086 autem
3341 4034 3535 4106 gratia,
3556 4036 3680 4108 jam

2082 4129 2183 4185 non
2229 4131 2293 4170 ea:
2333 4117 2600 4198 operibus:
2646 4118 2874 4192 alioquin
2920 4123 3084 4193 gratia
3114 4125 3228 4194 jam
3260 4142 3362 4189 nou
3399 4137 3471 4182 cst
3507 4131 3680 4199 gratiis

2085 4203 2259 4276 (Rom.
2290 4191 2468 4278 stall).
2503 4207 2654 4264 Unde
2681 4191 2806 4264 item
2828 4191 2963 4266 dixit
2989 4231 3003 4268 :
3031 4212 3095 4267 Ei
3116 4191 3283 4269 autem
3308 4217 3394 4287 qui
3411 4191 3672 4288 operatio,

2090 4311 2279 4351 merces
2302 4313 2402 4351 non
2429 4297 2712 4370 imputatur
2730 4301 3004 4356 secundum
3027 4305 3262 4376 gratiam,
3294 4307 3382 4364 sed
3399 4310 3678 4363 secundum

2085 4388 2306 4442 debitum
2335 4387 2446 4459 (Id.
2470 4405 2547 4458 Iv,
2571 4389 2650 4462 4).
2673 4392 2926 4464 Quisquis
2943 4409 3072 4466 ergo
3093 4395 3284 4468 dignus
3304 4407 3408 4467 est,
3431 4399 3676 4456 debitum

2083 4488 2167 4536 est
2195 4481 2282 4546 ei;
2313 4479 2363 4536 si
2399 4491 2578 4538 autem
2606 4482 2842 4540 debitum
2873 4495 2957 4540 est
2977 4527 2994 4553 ,
3019 4488 3186 4558 gratia
3215 4504 3322 4545 non
3349 4500 3431 4546 est
3457 4507 3473 4546 :
3501 4493 3676 4562 gratia

2082 4571 2278 4642 quippe
2305 4574 2560 4640 donatur,
2591 4573 2832 4629 debitum
2861 4577 3120 4634 redditur.
3149 4579 3328 4636 Gratia
3353 4596 3482 4654 ergo
3503 4582 3681 4640 dona-

2086 4671 2172 4718 tur
2200 4663 2453 4734 indignis,
2485 4674 2542 4720 ut
2570 4665 2824 4723 reddatur
2849 4667 3086 4724 debitum
3113 4670 3286 4742 dignis
3310 4689 3326 4727 :
3357 4673 3469 4744 ipse
3490 4685 3677 4730 autem

2085 4751 2211 4810 facit
2231 4765 2281 4808 ut
2309 4753 2540 4812 habeant
2558 4772 2909 4830 qumcumque
2936 4760 3239 4816 redditurus
3260 4773 3339 4818 est
3363 4763 3555 4835 dignis,
3581 4772 3680 4838 qui

2083 4861 2145 4904 ea
2170 4863 2289 4915 qua:
2321 4863 2424 4901 non
2459 4847 2723 4904 habebant
2750 4848 2966 4905 donavit
2997 4851 3244 4922 indignis.

2155 4939 2245 4996 δι.
2277 4939 2387 4994 Iloc
2409 4938 2546 4996 forte
2571 4939 2748 4996 dicet:
2777 4941 2892 5012 Ego
2917 4958 3022 4997 non
3061 4960 3126 5000 ea
3167 4945 3438 5014 operibus,
3471 4945 3570 5003 sed
3607 4965 3680 5004 ex

2085 5028 2189 5083 fide
2212 5029 2320 5084 dixi
2349 5031 2665 5100 Apostolus]:
2686 5031 2903 5104 dignum
2927 5033 3110 5098 fuisse,
3133 5037 3220 5092 cui
3246 5045 3405 5092 tanta
3431 5038 3539 5093 ιιιω
3563 5055 3686 5108 gra-

2087 5127 2174 5176 tia:
2195 5119 2556 5186 donarentur;
2586 5136 2693 5179 non
2715 5123 2860 5182 enim
2885 5119 3220 5198 opera,'qu:n
3249 5127 3385 5182 bona
3413 5138 3538 5184 ante
3566 5147 3684 5184 tum

2084 5211 2289 5272 habuit.
2314 5210 2614 5276 sed_tam.en
2646 5212 2779 5269 lldcs
2793 5213 2913 5284 ejus
2937 5215 3037 5272 hoc
3075 5219 3288 5274 meruit.
3316 5217 3450 5286 Quid
3484 5220 3675 5280 enim:

2087 5311 2334 5373 pommus
2356 5303 2499 5372 quod
2527 5301 2660 5358 ﬁdes
2679 5318 2786 5360 non
2811 5306 3105 5376 eperctur?
3135 5307 3250 5363 lmo
3278 5307 3390 5379 ipsa
3411 5311 3678 5366 veraciter

2084 5401 2352 5460 operatur,
2382 5406 2500 5463 qua:
2529 5407 2625 5464 per
2651 5391 2990 5460 dilectionem
3017 5407 3270 5466 operatur
3301 5395 3570 5468 (Gatnt.v,
3595 5400 3681 5454 6:.

2151 5545 2165 5609 ξ
2190 5550 2347 5609 Forte,
2367 5545 2654 5609 gratiarum.

2147 5605 2169 5638 ³
2205 5605 2511 5669 Apud‘s'uar.,
2531 5607 2767 5662 incertum
2783 5618 2871 5664 est.

2149 5669 2168 5740 ξ
2195 5668 2618 5740 faith-suspectus.
2647 5680 2794 5740 Bene,
2827 5678 3065 5740 siquidem
3107 5688 3252 5740 stitit-tt
3286 5676 3558 5740 legeretur.
3583 5689 3688 5729 non

2195 5703 2311 5718 ηιμ-ιρι
2355 5703 2618 5733 υκσμοι-νυοο
2647 5703 2794 5732 ncnc,
2828 5703 3065 5734 mnu-unu-
3107 5703 3252 5738 συξη-ιι
3286 5703 3558 5740 ιτδσυ-ιιιη
3585 5703 3685 5729 ηυνξ

2085 5729 2233 5798 potuit
2256 5743 2272 5778 :
2291 5703 2499 5800 alioquin
2527 5734 2807 5800 legentum,
2827 5735 3052 5801 saturitas
3067 5757 3084 5810 ί
3100 5739 3330 5808 atttjuxta
3352 5737 3687 5789 solbs-mnum

2089 5801 2189 5854 κδ..
2205 5793 2309 5850 ἐπεὶ
2325 5793 2517 5854 idaeus,
