4002 6178
278 367 375 423 ςιι
834 412 867 447 ⁸

277 475 678 550 Quantumlibrt
688 483 865 530 autem
875 466 1342 541 operainlldeliom
1359 461 1730 536 pro-dicentur,
1745 460 1882 530 ejus-

275 571 399 626 dem
430 566 656 638 apostoli
696 563 1016 620 sententiam
1048 574 1225 615 veram
1251 555 1496 612 novimus
1520 561 1576 607 et
1604 550 1877 615 invictam,

278 666 445 718 Omtte
469 659 617 732 quod
636 674 736 712 non
759 665 830 711 est
872 670 935 709 ex
972 652 1107 722 ﬁde,
1139 657 1396 721 peccatum
1437 655 1506 699 est
1537 643 1720 715 (llam.
1767 656 1877 705 stv,

273 754 404 820 23).
435 753 560 807 Ideo
576 764 705 806 vero
720 761 863 817 stupe
881 744 1030 809 dicit,
1050 757 1154 795 non
1173 755 1238 795 ex
1256 737 1527 806 operibus,
1549 733 1644 788 sed
1665 747 1728 788 ex
1752 732 1874 793 lide.

272 865 290 902 ι
314 846 436 902 obis
458 842 723 914 justitiam
747 836 1014 908 deputari.
1041 848 1162 888 cum
1182 830 1353 901 potius
1376 827 1505 882 lides
1528 841 1622 896 per
1641 823 1880 879 dilectio-

277 954 401 992 nem
431 913 715 1005 oreretur,
748 944 814 984 ne
841 928 1121 998 qui-quant
1145 922 1407 979 existimet
1434 918 1500 972 ad
1529 918 1696 987 ipsam
1719 913 1873 968 lidem

276 1004 495 1083 meritis
524 1038 748 1095 operum
778 1017 1068 1090 perveniri.
1095 1029 1217 1069 cum
1245 1013 1355 1080 ipsa
1385 1011 1449 1063 sit
1482 1008 1707 1071 initium,
1738 1004 1878 1058 unde

282 1120 424 1176 bona
450 1094 617 1186 opera
646 1112 943 1180 incipiunt;
977 1105 1250 1175 quoniam,
1286 1112 1340 1155 ut
1370 1101 1567 1155 dictum
1603 1106 1706 1162 est,
1739 1094 1879 1165 quod

278 1228 350 1268 ex
378 1211 493 1280 ipsa
526 1222 630 1262 non
655 1212 759 1271 est,
791 1203 1064 1274 peccatum
1094 1208 1195 1253 est.
1226 1196 1359 1251 llinc
1388 1204 1435 1249 et
1469 1191 1718 1248 Ecclesia:
1751 1189 1881 1244 diei-

280 1315 373 1358 tur
392 1303 444 1355 in
475 1298 707 1354 Cantica
733 1295 1085 1354 canticorum,
1124 1288 1320 1346 Venias.
1353 1301 1398 1340 et
1420 1284 1633 1338 transire
1653 1281 1882 1336 alrinitio

230 1426 249 1429 -
282 1390 613 1464 fideilCant.
659 1405 730 1452 tv,
777 1387 833 1453 8,
873 1402 974 1440 sec.
1017 1380 1218 1450 ωωι).
1256 1380 1596 1448 thpropter
1637 1371 1884 1444 quamvis

282 1490 422 1541 bene
455 1480 717 1554 Operaudi
744 1480 969 1549 gratiam
1017 1475 1151 1530 ﬁdes
1189 1474 1437 1541 impetret
1468 1485 1485 1523 :
1525 1468 1690 1539 ip‘atn
1737 1473 1885 1521 certe

284 1577 447 1632 fidem
481 1583 543 1630 ut
562 1572 901 1630 haberemus.
927 1566 1071 1623 nulla
1103 1565 1205 1620 ΙὶιΙθ
1248 1561 1568 1626 meruimus,
1600 1556 1695 1614 sed
1738 1558 1790 1611 in
1819 1571 1881 1611 ea

282 1667 443 1722 nobis
468 1663 666 1726 danda,
712 1662 765 1716 in
803 1674 906 1731 qua
935 1657 1217 1713 Dominum
1263 1666 1626 1721 sequeremur,
1673 1646 1884 1703 miseri-

283 1756 474 1813 cordia
498 1755 618 1825 ejus
651 1750 911 1825 prterenit
945 1764 1043 1804 nos
1078 1747 1250 1819 (Psal.
1282 1760 1427 1810 um,
1459 1745 1569 1812 11).
1600 1743 1680 1795 Au
1713 1740 1883 1809 ipsam

284 1850 443 1904 nobis
469 1862 567 1903 nos
592 1844 860 1910 dedimus,
892 1851 946 1897 et
972 1840 1073 1912 ipsi
1105 1853 1203 1893 nos
1237 1840 1379 1907 ipsos
1408 1834 1591 1889 ﬁdeles
1617 1830 1886 1888 fecimus?

286 1942 521 1995 Prorsus
546 1937 707 1992 etiam
736 1933 823 1989 hic
857 1931 1124 1997 clamabo,
1160 1929 1280 1998 Ipse
1307 1928 1425 1999 fecit
1447 1940 1558 1992 nos,
1589 1931 1634 1978 et
1655 1939 1756 1977 non
1790 1922 1888 1993 ipsi

285 2047 380 2085 nos
406 2027 582 2100 (Psal.
615 2042 761 2091 seu,
786 2025 866 2097 5).
888 2022 1032 2079 Nihil
1056 2036 1182 2076 vero
1208 2019 1353 2073 aliud
1378 2017 1665 2087 apostolica
1688 2013 1887 2069 doctri-

284 2139 354 2174 na
379 2117 743 2175 commendat.
772 2116 859 2170 tibi
885 2115 958 2168 ait
989 2131 1003 2167 :
1040 2111 1166 2166 Dico
1191 2119 1360 2164 autem
1390 2124 1479 2177 per
1515 2106 1737 2179 gratiam
1769 2101 1881 2170 Dei,

290 2227 400 2280 quae
420 2211 542 2264 data
570 2218 645 2263 est
667 2207 811 2274 milii,
839 2205 1070 2260 omnibus
1108 2203 1201 2270 qui
1228 2210 1346 2255 sunt
1373 2200 1427 2253 in
1457 2198 1612 2261 vobis,
1639 2212 1741 2250 non
1773 2194 1888 2266 plus

289 2319 487 2375 sapere,
524 2317 676 2371 quant
715 2308 908 2369 Oportet
933 2294 1265 2368 sapere,_sed
1292 2307 1469 2363 sapere
1505 2290 1573 2344 ad
1597 2304 1886 2360 temperau-

291 2398 435 2457 tim
463 2396 595 2449 sicut
617 2392 886 2462 unicuique
914 2388 1054 2444 Deus
1094 2388 1310 2459 partitus
1332 2394 1407 2440 est
1445 2399 1730 2438 mensuram
1768 2380 1889 2451 ﬁdei

294 2486 473 2557 (Rom.
503 2500 602 2551 xu,
634 2485 711 2553 3).
746 2482 883 2543 Hinc
921 2488 1016 2535 est
1050 2479 1246 2550 quippe
1287 2485 1343 2532 et
1381 2473 1506 2530 illud
1541 2490 1555 2528 :
1596 2473 1732 2539 Quid
1755 2473 1889 2546 enim

293 2577 443 2632 babes
459 2575 597 2646 quod
626 2591 726 2629 non
755 2571 990 2643 accepisti
1017 2568 1074 2644 (ι
1101 2570 1218 2624 Cor.
1244 2584 1317 2635 tv,
1340 2565 1434 2638 7)?
1454 2563 1677 2633 Quando
1700 2572 1755 2619 et
1786 2563 1888 2618 hoc

293 2669 620 2739 accepimus,
648 2665 791 2721 unde
833 2663 1019 2735 incipit
1057 2661 1311 2734 quidquid
1358 2660 1409 2715 in
1458 2658 1655 2714 nostris
1680 2656 1887 2711 actibus

295 2759 551 2815 habemus
577 2758 723 2812 boui.

364 2852 458 2908 55.
490 2849 632 2919 Quid
649 2855 731 2904 est
755 2861 886 2918 ergo
900 2844 1041 2917 quod
1058 2844 1197 2902 idem
1218 2843 1347 2899 dicit
1374 2841 1666 2911 apostolus,
1691 2839 1890 2895 Bonum

296 2950 548 2996 certamen
577 2938 785 3002 certavi,
808 2953 1020 2991 cursum
1039 2932 1402 2998 consummari,
1428 2933 1582 3001 ﬁdem
1601 2929 1812 2996 servari;
1829 2928 1892 2983 de

296 3041 725 3103 κατακείρεται
749 3029 874 3083 mihi
907 3044 1094 3083 corona
1115 3025 1353 3098 justitiw,
1384 3040 1536 3093 quam
1567 3020 1740 3076 reddet
1768 3019 1892 3074 mihi

301 3125 627 3181 Dominus-in
648 3122 739 3178 illo
773 3122 857 3176 die
882 3122 1052 3193 justus
1075 3119 1236 3190 judea:
1261 3116 1337 3190 (11
1364 3115 1501 3189 Tim.
1525 3131 1598 3180 tv,
1624 3115 1677 3180 7,
1710 3112 1809 3183 8);
1846 3112 1890 3167 si

299 3220 416 3275 hac
452 3234 562 3274 non
612 3216 905 3273 redduntur
945 3212 1139 3282 dignis,
1185 3211 1278 3265 sed
1315 3209 1581 3264 donantur
1626 3204 1893 3276 indignis?

301 3311 419 3366 lioc
434 3310 531 3379 qui
562 3307 714 3375 dicit,
755 3320 941 3377 parum
969 3302 1272 3358 considerat
1307 3313 1561 3355 coronam
1599 3296 1748 3352 reddi
1784 3311 1893 3351 non

303 3403 544 3474 potuisse
580 3400 765 3470 digno,
815 3397 917 3453 nisi
958 3395 1128 3468 gratia
1182 3393 1303 3448 data
1347 3400 1490 3447 esset
1529 3390 1764 3457 indigno.
1807 3388 1894 3443 Ait

302 3496 466 3559 enim,
515 3491 717 3546 Bonum
754 3498 1006 3543 certamen
1054 3484 1236 3539 σενιαυὶ
1263 3499 1282 3538 :
1311 3482 1403 3537 sed
1455 3482 1591 3536 idem
1642 3480 1756 3550 ipse
1797 3478 1891 3544 ait,

301 3586 508 3644 Gratias
542 3583 671 3649 Deo,
701 3581 785 3653 qui
816 3579 954 3635 dedit
994 3577 1136 3633 nobis
1178 3575 1437 3630 victoriam
1485 3589 1575 3644 per
1618 3570 1894 3625 Dominum

301 3688 532 3733 nostrum
553 3672 732 3728 Jesunt
756 3671 1034 3726 Christrum
1057 3666 1245 3740 (lCor.
1275 3680 1367 3727 xv,
1390 3665 1512 3734 57,).
1540 3663 1653 3726 Ait,
1684 3660 1897 3715 Cursum

303 3765 652 3824 consmnmavi
680 3778 700 3819 :
724 3763 817 3819 sed
846 3762 960 3833 ipse
985 3757 1221 3817 idem,ait
1240 3799 1254 3819 .
1289 3755 1410 3810 Non
1446 3754 1655 3810 volentis
1674 3795 1690 3819 ,
1739 3767 1897 3821 neque

304 3859 574 3923 cut-remis,
602 3855 691 3911 sed
716 3853 997 3910 misereutis
1021 3860 1094 3906 est
1125 3848 1220 3904 Dei
1264 3847 1453 3921 (Rom.
1487 3863 1562 3912 ις,
1615 3847 1680 3900 lli
1704 3844 1745 3916 ).
1788 3844 1896 3908 Ait,

310 3953 494 4010 Fidem
521 3951 712 4008 servavi
735 3967 756 4006 :
785 3949 1031 4019 sedsipse
1058 3946 1198 4004 idem
1224 3944 1317 4008 ait,
1351 3942 1473 3999 Scio
1492 3940 1629 3995 enim
1665 3940 1749 3993 cui
1789 3954 1898 3992 crc-

307 4046 439 4111 didi,
488 4053 536 4099 et
582 4051 749 4101 certus
793 4056 905 4096 sum
937 4039 1055 4111 quia
1087 4046 1263 4108 potens
1307 4042 1380 4088 est
1416 4032 1698 4111 depositum
1733 4046 1900 4083 meum

308 4105 512 4195 servare
533 4139 586 4192 in
607 4137 753 4191 illum
780 4135 911 4189 diem
928 4105 993 4204 (ll
1018 4105 1153 4185 Tim.
1176 4145 1211 4194 t,
1234 4127 1339 4198 12),
1362 4126 1412 4182 id
1437 4134 1540 4191 est,
1563 4105 1901 4180 commenda-

309 4242 423 4287 tom
450 4244 630 4289 meum
661 4246 676 4282 :
709 4240 834 4283 nam
860 4225 1075 4281 codices
1099 4220 1339 4278 nonnulli
1371 4233 1475 4275 non
1499 4217 1714 4281 habent,
1742 4214 1899 4284 depoo

309 4325 466 4379 situm
486 4321 629 4387 ;_sed
654 4320 798 4392 quod
821 4327 905 4375 est
928 4316 1134 4387 planius
1150 4356 1167 4381 ,
1205 4311 1625 4369 comttumdutum.
1650 4306 1785 4376 Quid
1811 4321 1929 4360 au-..

310 4423 424 4471 tem
445 4410 888 4469 commendamus
918 4409 1046 4473 Deo,
1077 4404 1180 4460 nisi
1199 4403 1350 4474 qtttn‘
1372 4414 1591 4456 oramus
1617 4407 1675 4453 ut
1702 4404 1901 4461 servet,

309 4509 365 4565 in
395 4506 591 4578 quibus
624 4512 683 4560 et
709 4502 822 4573 ipsa
856 4510 939 4557 est
977 4498 1110 4557 lides
1156 4495 1374 4552 nostra?
1414 4492 1547 4549 Nam
1593 4490 1719 4563 quid
1761 4487 1927 4544 aliud.

310 4596 557 4667 apostolo
579 4595 657 4665 (α)
679 4593 838 4648 Petro
854 4590 1109 4645 Dominus
1123 4580 1747 4644 commendavitorandu,
1767 4578 1913 4635 unde
1931 4617 1934 4621 η

313 4688 390 4745 illi
419 4689 515 4755 ait,
543 4685 655 4758 Ego
681 4684 854 4755 rogavi
878 4697 970 4755 pro
999 4691 1046 4735 te
1064 4721 1080 4747 ,
1127 4678 1293 4745 Petra,
1331 4693 1392 4731 ne
1430 4675 1629 4745 deﬁciat
1654 4673 1780 4742 fides
1819 4680 1905 4724 tua

311 4778 481 4849 (Luc.
512 4792 643 4840 χχιι,
675 4775 745 4830 52
762 4774 813 4846 );
857 4773 955 4828 nisi
981 4780 1039 4827 ut
1062 4769 1180 4843 ejus
1205 4769 1344 4825 Deus
1367 4771 1607 4821 servaret
1632 4762 1813 4828 tidem,
1841 4777 1908 4816 ne

312 4869 596 4927 tentatioui
612 4864 855 4924 cedendo
874 4864 1125 4919 deficeret
1139 4863 1165 4913 ?
1178 4857 1456 4926 Quocirca.
1475 4872 1508 4909 o
1525 4856 1677 4909 beate
1700 4852 1904 4915 Puule’,

314 4980 509 5034 magno
544 4942 749 5034 gratias
770 4957 1112 5029 prindicator,
1140 4953 1345 5019 dicam,
1373 4965 1472 5006 nec
1511 4948 1726 5005 timeam
1753 4945 1908 5019 (quis

313 5060 462 5116 enim
488 5056 619 5111 mihi
659 5053 833 5109 minus
871 5046 1211 5105 succenscbit
1252 5046 1352 5100 ista
1386 5041 1789 5111 dicenti,.qnam
1829 5046 1905 5102 tu,

312 5150 407 5219 qui
430 5160 499 5202 ea
521 5143 753 5201 dicenda
786 5140 965 5198 dixisti
995 5149 1050 5195 et
1095 5135 1334 5194 docenda
1376 5132 1674 5203 docuisti?)
1702 5129 1908 5191 dicam.

312 5244 536 5308 inquam
559 5279 573 5298 ,
609 5251 707 5290 nec
738 5236 953 5289 timeam
1001 5248 1016 5286 :
1063 5229 1304 5286 redditur.
1331 5225 1543 5298 quidem
1575 5221 1781 5278 meritis
1808 5220 1912 5276 tuis

312 5345 518 5387 corona
537 5342 654 5388 sua.
678 5327 773 5382 sed
800 5326 892 5380 Dei
915 5324 1053 5379 dona
1074 5328 1198 5377 sunt
1229 5319 1415 5375 merita
1437 5325 1545 5373 tua.

391 5423 485 5480 '56.
512 5420 776 5479 Redditur
803 5434 943 5491 ergo
960 5416 1198 5473 debitum
1229 5412 1508 5484 prtemium
1546 5407 1803 5479 Apostolo
1828 5405 1880 5459 di
1897 5438 1915 5451 υ

312 5529 432 5588 goo
459 5533 475 5567 :
503 5511 597 5569 sed
624 5514 797 5583 ipsum
816 5508 1170 5577 apostolatum
1198 5504 1488 5560 indebitum
1506 5501 1674 5573 gratia
1699 5499 1719 5530 ³
1747 5497 1911 5556 dona-

389 5630 407 5692 ξ
435 5630 503 5674 Ita
518 5624 648 5675 Cotb.
673 5629 741 5673 Its
781 5630 835 5692 at
858 5619 995 5692 editi,
1014 5616 1098 5692 qui
1116 5630 1133 5679 ;
1153 5623 1267 5692 naut,
1292 5614 1437 5680 quod.

384 5688 410 5721 ⁸
443 5693 547 5737 mo
577 5692 706 5744 Μ..
725 5696 755 5735 ο
776 5680 1210 5744 benedicteruule.

387 5749 411 5781 ³
442 5732 557 5798 id?“
570 5732 1016 5861 ῥῆιεξρνοιίιιν.
1028 5742 1329 5790 mlta-rimus
1340 5737 1491 5788 mles
1507 5745 1558 5784 et
1567 5746 1720 5793 Suae.
1735 5732 1909 5797 gratia.

388 5809 466 5861 to)
500 5815 652 5861 ινσιιθ.
727 5821 739 5840 ν
760 5805 984 5861 (ιτιοτιοιυ.

355 5817 361 5822 ’
388 5809 466 5871 to)
500 5805 652 5871 Forte,
676 5805 739 5861 de
760 5805 984 5870 opor‘tolo.

1702 343 1901 401 LIBER
1945 344 2123 402 UNUS

1983 462 2061 513 vit
2099 458 2333 531 indigno.
2379 462 2459 515 An
2504 461 2608 517 hoc
2646 477 2735 517 me
2775 463 2974 518 distsse
3014 454 3328 534 panitebitl
3369 465 3518 520 Absit
3552 481 3562 515 :

1984 566 2101 619 ejus
2151 551 2291 607 enim
2350 553 2652 609 testimonio
2702 553 2770 610 ab
2818 553 2917 612 hac
2967 557 3161 613 invidia
3208 556 3567 624 defensabor,

1986 657 2084 697 nec
2122 660 2209 697 me
2236 643 2511 715 quisquam
2559 645 2766 700 vorabit
2792 646 3078 715 audacem,
3127 650 3229 706 nisi
3276 653 3365 723 qui
3410 653 3567 710 fuerit

1985 750 2146 789 ausus
2174 736 2343 806 ipsum
2373 753 2564 793 Vocare
2590 737 2922 794 mendacem.
2954 740 3072 811 Ipse
3098 743 3318 809 clamat,
3346 745 3462 815 ipse
3492 759 3565 802 tc-

1986 834 2177 890 statur,
2225 827 2336 895 ipse
2364 834 2421 881 ut
2453 828 2506 882 in
2534 843 2593 883 se
2623 828 2714 883 Dei
2737 831 2873 886 dona
2911 834 3269 902 commendet,
3293 853 3393 893 nec
3424 837 3477 893 in
3505 854 3564 891 si-

1989 916 2134 984 ipso,
2178 917 2271 972 sed
2319 918 2370 971 in
2412 918 2633 973 Domino
2649 921 2904 989 glorietur
2931 923 2948 956 ⁸
2976 923 3025 995 (l
3053 922 3174 981 Cor.
3207 943 3223 981 ι
3252 970 3267 995 ,
3293 928 3355 984 51
3380 932 3434 1002 ),
3462 947 3568 986 non

1987 1005 2159 1096 solum
2190 1007 2327 1061 nulla
2354 1024 2412 1064 se
2434 1009 2681 1096 habuisse
2705 1012 2832 1068 dicit
2859 1015 3046 1070 merita
3076 1017 3210 1073 bona
3231 1062 3247 1087 ,
3274 1031 3330 1077 ut
3354 1035 3567 1094 aposto.

1987 1095 2068 1150 ills
2110 1098 2293 1161 li-eret;
2325 1099 2419 1155 sed
2461 1103 2620 1156 etiam
2650 1103 2787 1157 mala
2820 1106 3007 1162 merita
3041 1122 3137 1163 sua
3172 1109 3335 1177 dicit,
3378 1123 3434 1169 ut
3476 1115 3568 1170 Dri

1986 1192 2207 1260 gratiam
2232 1193 2531 1249 manilcstet
2557 1204 2609 1250 et
2633 1195 2899 1266 praedicet.
2925 1197 3045 1255 Non
3066 1217 3200 1269 sum,
3230 1202 3436 1273 inquit,
3459 1206 3571 1262 ido-

1986 1300 2108 1338 neus
2153 1301 2317 1339 vocari
2355 1286 2615 1356 apostolus
2652 1290 2833 1359 :quod
2873 1292 2999 1361 quid
3037 1303 3118 1349 est
3159 1295 3337 1361 aliud,
3373 1314 3568 1367 quam.

1986 1374 2102 1432 Non
2132 1394 2250 1433 sum
2276 1377 2502 1449 dignus?
2527 1397 2645 1434 nam
2673 1381 2776 1436 hoc
2800 1383 3036 1454 plerique
3062 1386 3211 1441 latini
3233 1388 3446 1445 codices
3478 1391 3570 1444 Ita-

1986 1466 2132 1522 bcnt.
2175 1468 2286 1522 lloc
2319 1476 2403 1524 est
2444 1485 2636 1540 nempe
2676 1472 3144 1544 quodqumrimus
3184 1493 3421 1550 :nempe
3465 1481 3569 1536 ἰείη
3656 1496 3671 1515 κ

1989 1572 2210 1613 munere
2252 1561 2581 1631 apostolatus
2626 1563 2729 1617 illa:
2773 1580 2958 1619 omnes
2995 1567 3180 1636 gratia:
3207 1570 3567 1627 continentur.

1986 1650 2103 1707 Non
2145 1652 2285 1708 enim
2318 1652 2541 1709 decebat
2565 1665 2657 1708 aut
2694 1657 2973 1726 oportebat
3005 1659 3305 1729 apostolum
3345 1678 3449 1718 non
3480 1662 3573 1717 lia-

1989 1743 2116 1799 bere
2168 1744 2496 1814 prophetiam
2521 1788 2536 1811 ,
2583 1757 2673 1800 aut
2714 1763 2817 1801 non
2863 1764 2984 1804 esse
3017 1750 3314 1821 doctorem,
3340 1765 3433 1809 aut
3460 1771 3567 1811 non

1988 1834 2285 1891 clarescere
2314 1835 2594 1892 virtutibus
2624 1837 3108 1912 donationibusqtu:
3132 1843 3418 1899 sanitatum
3440 1887 3453 1912 ,
3479 1860 3571 1901 aut

1988 1929 2249 1998 adjutoria
2277 1946 2381 1985 non
2406 1933 2642 2000 praebere
2660 1974 2674 1997 ,
2704 1945 2795 1988 aut
2823 1934 3090 1990 Ecclesias
3121 1952 3225 1992 non
3253 1938 3570 2009 gubernare.

1989 2021 2412 2092 aut~linguarum
2455 2025 2741 2094 generibus
2782 2040 2893 2079 non
2914 2027 3198 2082 excellere.
3236 2028 3423 2084 Omnia
3458 2027 3571 2086 hare
3616 2034 3617 2037 “

1990 2128 2151 2168 unum
2194 2129 2389 2169 nomen
2427 2117 2755 2185 apostolatus
2788 2117 3141 2186 amplectitur.
3192 2119 3366 2190 Ipsum
3416 2122 3574 2191 igitur

1989 2201 2366 2265 consulamus;
2402 2203 2572 2271 ipsum
2613 2204 2787 2273 potius
2828 2203 3153 2260 audiamus:
3196 2206 3437 2263 dicamus
3482 2210 3569 2272 ei.

1989 2291 2185 2350 Sancte
2220 2294 2382 2349 Paule
2426 2293 2688 2364 apostolo,
2718 2294 2962 2366 Pelagius
2978 2297 3272 2352 monachus
3289 2297 3505 2368 dignum
3523 2310 3576 2353 to

1990 2386 2117 2442 dicit
2142 2385 2328 2451 fuisse,
2358 2385 2449 2457 qui
2477 2387 2748 2458 acciperes
2777 2402 2965 2443 omnes
3004 2388 3202 2460 gratias
3244 2391 3571 2461 apostolatus

1993 2480 2101 2547 tui;
2141 2489 2195 2535 tu
2249 2481 2362 2550 ipse
2405 2479 2534 2552 quid
2576 2480 2768 2536 dicis?
2802 2479 2923 2535 Non
2949 2499 3090 2546 sum,
3146 2483 3350 2553 inquit,
3395 2484 3576 2556 dignus

1992 2575 2160 2629 vocari
2192 2572 2452 2645 apostolus
2482 2574 2509 2629 2
2534 2573 2708 2642 Itane,
2740 2581 2798 2628 ut
2820 2572 3056 2629 deferant
3093 2572 3349 2629 honorem
3380 2575 3571 2637 Paulo,

1992 2665 2206 2738 Pelagio
2231 2667 2397 2737 magis
2416 2665 2486 2721 de
2512 2665 2675 2720 Paulo
2697 2665 2919 2721 credere
2935 2664 3163 2732 audebo,
3186 2681 3344 2737 quam
3369 2664 3532 2721 Paulo
3554 2668 3579 2720 1'

1994 2758 2107 2813 Non
2133 2757 2322 2812 faciam
2353 2775 2369 2812 :
2402 2771 2488 2811 me
2516 2768 2753 2825 eantque
2769 2756 2944 2825 potius
2962 2757 3225 2823 onerabo,
3246 2773 3402 2827 quam
3430 2757 3576 2814 illum

1994 2848 2299 2911 honorabo,
2327 2847 2371 2901 si
2396 2847 2604 2904 iecero.
2651 2845 2946 2903 Audiamus
2973 2844 3157 2913 etiam,
3204 2862 3302 2903 cur
3352 2863 3465 2903 non
3510 2847 3575 2903 sit

1992 2939 2185 3011 dignus
2221 2939 2397 2997 vocari
2427 2939 2699 3007 miostolus
2724 2956 2737 2993 :
2771 2937 2902 3006 Quia
2925 2950 3212 3010 persecutus
3231 2956 3366 3006 sum,
3387 2939 3575 3010 inquit.

1997 3031 2274 3087 Ecclesium
2297 3029 2413 3085 Dei.
2447 3030 2503 3085 Si
2532 3045 2748 3086 sensum
2774 3032 3275 3101 sequeremur,quis
3296 3046 3399 3085 non
3422 3031 3578 3085 istum

1995 3139 2024 3179 a
2040 3124 2252 3180 Christo
2264 3122 2620 3179 damnandum
2633 3132 2874 3180 censeret
2887 3123 3062 3193 potius
3074 3139 3231 3194 quam
3245 3124 3539 3179 vocandum
3558 3126 3581 3177 2

1995 3216 2126 3285 Quis
2154 3217 2222 3272 ita
2251 3216 2432 3286 diligat
2459 3215 2859 3286 przedicatorem
2878 3254 2897 3282 ,
2923 3224 2982 3283 ut
3011 3230 3115 3269 non
3138 3213 3434 3271 detestetur
3456 3232 3574 3286 per-

1996 3316 2296 3365 secutorem
2311 3305 2561 3377 ?Optime
2573 3321 2701 3378 ergo
2717 3306 2831 3376 ipse
2845 3315 3003 3381 atque
3019 3306 3299 3372 veraciter,
3318 3304 3370 3367 Ν
3372 3322 3435 3360 οη
3448 3323 3578 3370 sum,

1998 3400 2185 3472 inquit,
2207 3399 2389 3471 dignus
2405 3397 2579 3455 vocari
2595 3395 2875 3469 apostolus,
2897 3397 3024 3468 quia
3039 3407 3326 3467 persecutus
3354 3413 3464 3451 sum
3484 3396 3582 3455 Ec-

1999 3492 2204 3547 clesimn
2229 3489 2341 3544 Dei.
2357 3489 2583 3553 Faciens
2605 3489 2765 3559 igitur
2785 3497 2987 3543 tantum
3006 3488 3152 3554 mali,
3177 3488 3580 3544 undemeruisti

2001 3592 2202 3645 tantum
2233 3583 2353 3637 boni
2378 3582 2402 3635 7
2428 3580 2658 3636 Audiant
2691 3579 3101 3648 respondentem
3142 3595 3329 3635 omnes
3351 3589 3538 3650 gentes
3570 3598 3581 3630 :

2003 3675 2109 3732 Sed
2134 3675 2295 3746 gratia
2328 3671 2422 3733 Dei
2444 3688 2555 3726 sum
2588 3670 2643 3724 id
2686 3670 2821 3738 quod
2864 3687 2997 3725 sunt.
3020 3670 3284 3741 Numquid
3328 3672 3482 3726 aliter
3506 3681 3586 3730 est

2002 3770 2164 3841 gratia
2195 3764 2598 3831 commendata,
2630 3764 2733 3818 nisi
2774 3764 2893 3834 quia
2938 3773 3020 3820 est
3049 3763 3265 3835 indigno
3307 3763 3428 3824 data
3464 3762 3488 3817 ‘l
3523 3763 3586 3817 lit

2003 3862 2166 3932 gratia
2210 3860 2351 3930 ejus,
2406 3857 2607 3929 inquit,
2649 3857 2702 3911 in
2747 3872 2826 3912 me
2864 3872 3021 3912 vacua
3067 3871 3171 3915 non
3213 3856 3328 3927 fuit.
3374 3856 3485 3912 lloc
3534 3868 3587 3910 et

2005 3956 2124 4010 aliis
2150 3953 2407 4025 prwcipit,
2439 3963 2495 4007 ut
2524 3953 2683 4008 etiam
2711 3951 2987 4006 arbitrium
3011 3949 3293 4005 voluntatis
3322 3949 3581 4011 ostendat,

2008 4050 2094 4106 ubi
2124 4047 2218 4117 ait,
2246 4045 2605 4114 I’razeipientes
2634 4051 2804 4096 autem
2842 4050 2889 4095 et
2914 4056 3152 4112 rogamus
3174 4083 3186 4103 ,
3210 4055 3273 4094 ne
3295 4040 3346 4093 in
3377 4055 3587 4095 vacuum

2006 4144 2223 4218 gratiam
2271 4138 2364 4195 Dei
2389 4138 2674 4207 suscipiatis
2700 4133 2778 4209 (11
2806 4134 2927 4189 Cor.
2969 4148 3043 4197 γι,
3091 4133 3112 4186 1
3145 4132 3184 4204 ).
3225 4130 3376 4188 Unde
3414 4140 3589 4186 autem

2010 4239 2197 4311 probat
2220 4234 2360 4307 quod
2387 4231 2550 4304 gratia
2586 4231 2703 4301 ejus
2736 4231 2788 4284 in
2828 4244 2891 4284 eo
2914 4242 3076 4283 vacua
3100 4242 3205 4282 non
3233 4225 3329 4281 fuit
3352 4268 3369 4292 ,
3397 4226 3496 4281 nisi
3524 4240 3588 4279 ex

2008 4345 2084 4387 eo.
2123 4328 2279 4399 quod,
2308 4325 2568 4395 sequitur,
2590 4381 2598 4384 έ
2620 4320 2725 4377 Sed
2750 4320 2867 4393 plus
2885 4319 3117 4374 omnibus
3158 4319 3263 4373 illis
3316 4317 3538 4372 laborari
3568 4316 3594 4369 .’

2008 4418 2246 4481 Proinde.
2267 4431 2373 4472 non
2400 4412 2655 4469 laboravit
2684 4410 2984 4482 utgratiam
3013 4410 3298 4481 acciperet,
3316 4406 3413 4462 sed
3440 4422 3592 4463 acce-

2011 4516 2088 4587 pit
2113 4523 2166 4568 ut
2194 4509 2461 4569 laboraret
2487 4520 2504 4559 :
2540 4502 2818 4574 atqueita,
2840 4500 2981 4561 unde
3000 4500 3068 4555 ad
3088 4498 3393 4571 accipienda
3421 4497 3596 4554 debita

2013 4606 2227 4679 prmmia
2249 4603 2404 4659 lleret
2416 4600 2627 4670 dignus,
2646 4596 2867 4666 gratiam
2897 4595 3062 4666 gratis
3087 4595 3294 4664 accepit
3321 4591 3590 4662 indignus.

2009 4701 2120 4758 Nec
2149 4699 2320 4770 ipsum
2342 4707 2471 4749 sane
2498 4689 2735 4746 laborem
2757 4686 2854 4743 sibi
2876 4701 3037 4741 ausus
3056 4695 3139 4741 est
3156 4699 3434 4754 arrogare.
3461 4682 3593 4738 Cum

2013 4792 2152 4848 enim
2186 4789 2441 4854 ditisset,
2487 4781 2613 4839 Plus
2648 4778 2879 4838 omnibus
2911 4779 3012 4833 illis
3047 4775 3270 4831 laboravi
3287 4790 3309 4840 ;
3341 4772 3596 4828 continuo

2013 4884 2256 4954 subjecit,
2292 4881 2412 4936 Non
2453 4897 2575 4952 ego,
2604 4878 2691 4934 sed
2716 4874 2881 4949 gratia
2921 4869 3018 4924 Dei
3046 4882 3237 4922 mecum
3263 4865 3316 4938 (I
3348 4861 3466 4919 Cor.
3499 4878 3589 4926 xv,

2015 4977 2077 5043 9r
2101 4976 2221 5047 10).
2242 4974 2288 5031 0
2304 4986 2556 5044 magnum
2574 4968 2757 5040 gratim
2774 4970 3152 5036 prmoeptorem
3169 5001 3185 5024 ,
3207 4955 3593 5015 confessorem.

2014 5043 2419 5143 prtedicatorem
2436 5066 2449 5120 ε
2468 5062 2604 5135 Quid
2617 5070 2700 5117 est
2716 5059 2838 5125 hoc,
2849 5054 2976 5111 Plus
2986 5050 3225 5113 laboravi,
3242 5066 3341 5104 non
3353 5063 3445 5119 ego
3456 5048 3482 5101 7
3494 5043 3599 5105 Ubi

2017 5139 2135 5217 sese
2163 5159 2351 5215 extulit
2379 5158 2703 5226 aliquantum
2723 5150 2990 5210 voluntas,
3010 5144 3077 5198 ibi
3095 5141 3350 5198 continuo
3364 5139 3597 5212 vigilavit.

2019 5253 2205 5323 pietas,
2234 5259 2289 5305 et
2315 5247 2528 5303 tremuit
2543 5242 2830 5305 humilitas,
2850 5238 2969 5308 quia
2992 5252 3050 5307 se
3066 5233 3568 5305 agnovitinllrmitas
3587 5272 3599 5285 .

2090 5346 2180 5401 57.
2213 5342 2417 5402 Merito.
2435 5336 2577 5411 quod
2604 5344 2751 5408 gesta
2770 5331 3024 5398 iudicant,
3050 5332 3209 5384 etiam
3236 5326 3338 5383 hoc
3365 5339 3493 5381 usus
3514 5335 3596 5379 est

2021 5434 2321 5493 testimonio
2369 5440 2583 5488 sanctus
2619 5428 2852 5484 Joannes
2885 5421 3340 5499 Jerosolymitanm
3381 5419 3601 5474 antistes

2023 5527 2297 5589 Ecclesiae,
2327 5524 2461 5579 sicut
2510 5522 2867 5589 interrogatus
2883 5531 3001 5586 quae
3027 5512 3164 5583 apud
3196 5512 3343 5566 illum
3370 5520 3493 5565 ante
3506 5510 3594 5577 ju-

2024 5798 2043 5842 1
2084 5730 2109 5762 τ’
2138 5727 2378 5779 muleens
2397 5725 2635 5790 quadam,
2659 5719 2818 5775 mlh
2836 5734 2885 5773 se
2899 5717 3022 5781 ipso,
3047 5715 3131 5768 sed
3144 5714 3194 5767 in
3218 5721 3413 5765 Domum
3433 5707 3604 5775 ρωπίαν

2046 5804 2118 5842 lll’.

2046 5804 2118 5842 ur.

3459 342 3565 397 Μ
3651 321 3655 325 ,
