4002 6178
433 342 542 398 355

435 449 629 505 dicium
659 458 806 519 gesta
849 449 1036 504 iuerint
1067 448 1140 521 (η)
1161 491 1176 515 ,
1203 450 1533 522 coepiscopis
1564 449 1759 506 nostris
1783 490 1800 517 ,
1827 447 1915 518 qui
1945 447 2019 500 si-

437 539 544 593 mul
565 541 616 594 in
632 540 724 612 illo
738 539 938 609 judicio
955 537 1331 610 pnesidebanl,
1355 540 1466 610 ipse.
1484 542 1733 595 narravit.
1755 539 2014 605 Aitenim,

439 641 563 685 nine
601 630 912 701 quihusdam
948 631 1369 698 susurrantibus,
1407 641 1462 688 et
1504 632 1803 688 dicentibus
1825 674 1841 698 ,
1872 631 2014 702 quod

441 742 458 773 ι
495 721 611 776 sine
641 720 732 776 Dei
763 719 929 792 gratia
960 740 980 774 ι
1007 721 1208 777 diceret
1233 723 1474 794 Pelagius
1505 740 1526 775 ι
1565 737 1718 792 posse
1745 721 2016 780 hominem

437 811 639 882 perlici,
678 830 696 864 ›
729 812 780 866 id
809 822 913 880 est,
939 812 1080 882 quod
1107 814 1352 884 superius
1379 813 1588 869 dixerat
1609 855 1624 879 ,
1657 831 1676 864 α
1695 803 1832 868 esse
1863 827 2022 882 posse

439 905 704 957 hominem
733 902 850 956 sine
885 913 1140 972 peccato:
1167 903 1400 974 Culpans
1431 905 1448 936 ¹
1469 945 1485 970 ,
1516 923 1536 956 ι
1566 903 1770 974 inquit,
1805 921 1824 954 ι
1861 917 2022 971 super

439 999 539 1049 hoc
577 997 736 1048 etiam
789 994 961 1058 intuli,
1010 994 1132 1064 quia
1175 1003 1228 1049 et
1255 994 1526 1064 apostolus
1567 993 1760 1048 Paulus
1798 992 2019 1049 multum

438 1086 684 1142 laborans
713 1127 729 1149 ,
754 1097 849 1141 sed
881 1100 985 1139 non
1011 1084 1302 1148 secundum
1331 1101 1478 1139 suam
1507 1085 1751 1143 virtutem
1771 1125 1786 1150 ,
1813 1083 1906 1138 sed
1932 1099 2020 1138 se-

437 1178 670 1236 cundum
693 1175 917 1248 gratiam
949 1175 1064 1235 Dei,
1087 1175 1219 1232 dixit
1250 1194 1265 1231 :
1298 1176 1527 1246 Amplius
1552 1176 1781 1232 omnibus
1805 1175 1911 1229 illis
1937 1173 2021 1227 lu-

438 1268 647 1332 boravi,‘
689 1283 787 1321 non
814 1281 905 1337 ego
931 1276 1096 1319 autem
1120 1306 1134 1331 ,
1165 1266 1253 1320 sed
1278 1267 1442 1338 gratia
1473 1265 1564 1320 Dei
1585 1281 1814 1330 merum;
1841 1276 1894 1320 et
1920 1265 2021 1322 ile-

438 1377 556 1415 rnm
580 1401 594 1424 ,
631 1359 752 1414 Non
787 1369 857 1412 est
889 1357 1124 1424 volentis,
1151 1375 1306 1429 neque
1330 1357 1575 1412 currentis
1593 1399 1608 1420 ,
1635 1357 1725 1412 sed
1749 1357 2022 1414 miserantis

440 1449 540 1505 Dei
566 1451 749 1522 (Rom.
783 1465 857 1518 ix,
892 1449 1026 1522 16);
1053 1459 1109 1504 et
1133 1448 1261 1510 illud
1282 1491 1297 1515 ,
1329 1447 1448 1506 Nisi
1473 1447 1718 1502 Dominus
1740 1445 2020 1516 adiﬁcan-

441 1545 504 1597 ril
533 1544 739 1597 domum
757 1584 774 1610 ,
813 1543 865 1597 in
895 1560 1076 1599 vanum
1102 1543 1453 1599 laboraverunt
1497 1539 1585 1610 qui
1611 1539 1868 1607 adi/icon!
1910 1553 2022 1592 eam

440 1634 459 1706 (
483 1633 621 1689 Psal.
655 1649 842 1701 cxxvn,
879 1637 904 1690 1
930 1632 985 1708 λς
1011 1643 1068 1690 et
1105 1634 1204 1694 alia
1236 1633 1400 1689 multa
1427 1630 1624 1686 similia
1649 1629 1880 1690 diximus
1901 1629 2025 1696 ,in—

439 1723 573 1795 quit,
604 1723 670 1779 de
694 1723 980 1795 Scriptor-is
1005 1725 1224 1779 sanctis.
1251 1723 1363 1778 Illis
1391 1731 1566 1777 autem
1591 1737 1697 1775 non
1724 1719 2022 1791 suscipien-

443 1814 581 1868 tibus
601 1830 717 1884 qua-
742 1814 1053 1871 dicebantur
1068 1831 1100 1870 a
1119 1814 1273 1870 nobis
1297 1813 1365 1870 de
1385 1813 1583 1868 sanctis
1603 1811 1908 1881 Scripturis,
1928 1809 2021 1865 sed

442 1905 616 1961 adhuc
633 1907 1052 1971 susurrantibus,
1069 1906 1203 1960 dixit
1229 1905 1490 1976 Pelagius.
1517 1903 1585 1958 Et
1611 1917 1709 1973 ego
1725 1902 1805 1956 sic
1825 1899 1986 1956 credo
2005 1917 2018 1953 :

441 1998 723 2052 anathema
765 2001 834 2053 sit
875 1999 963 2069 qui
1003 1995 1132 2053 dicit
1173 1997 1374 2067 absque
1410 1995 1672 2065 adjutorio
1725 1993 1818 2048 Dei
1868 2007 2024 2063 posse

444 2091 710 2146 hominem
755 2090 829 2150 ad.
867 2089 1158 2161 profectum
1201 2075 1438 2146 omnium
1482 2086 1663 2142 venire
1687 2086 1958 2140 virtutum.
1997 2103 2017 2138 ι

512 2181 737 2239 CAPUT
766 2181 881 2243 XV.
912 2211 986 2223 —
1008 2181 1097 2238 58.
1131 2181 1256 2236 Haec
1281 2177 1516 2234 narravit
1546 2177 1828 2248 episcopus
1854 2175 2021 2230 Joan-

443 2289 559 2338 nes,
604 2273 853 2329 audieute
895 2273 1104 2344 Pelagio
1127 2315 1143 2338 ,
1173 2273 1264 2342 qui
1306 2271 1486 2342 utique
1515 2279 1695 2342 posset
1734 2269 2025 2324 honoriﬁce

446 2366 626 2420 dicere
657 2383 670 2420 :
699 2365 922 2426 Fallitur
959 2365 1226 2420 Sanctitas
1253 2372 1361 2427 tua,
1391 2378 1496 2417 non
1537 2362 1675 2418 bene
1712 2359 2022 2425 meministi,

446 2470 550 2508 non
575 2453 685 2511 dixi
708 2452 774 2510 ad
803 2453 901 2507 ista
925 2452 1231 2512 testimonia
1252 2467 1370 2522 qum
1396 2451 1462 2504 de
1483 2451 1770 2520 Scripturis
1786 2463 2024 2506 comme-

447 2544 663 2598 tnorasti
689 2585 704 2608 ,
740 2561 764 2596 ι
794 2543 906 2615 Ego
931 2543 1010 2598 sic
1046 2543 1207 2598 credo
1237 2560 1252 2598 ε
1284 2561 1304 2594 ι
1333 2541 1582 2611 quoniam
1610 2556 1713 2594 non
1749 2555 1810 2598 ea
1837 2539 1916 2594 sic
1939 2541 2024 2594 in-

445 2638 627 2706 telligo
649 2679 668 2704 ,
695 2635 836 2708 quod
865 2635 1031 2707 gratia
1075 2635 1166 2690 Dei
1209 2635 1286 2689 sic
1312 2633 1517 2687 laboret
1541 2647 1660 2686 cum
1693 2630 1904 2687 homine
1926 2673 1940 2697 ,
1970 2641 2028 2686 ut

446 2727 588 2799 quod
618 2745 722 2782 non
753 2731 974 2797 peccat,
1004 2741 1110 2781 non
1143 2723 1568 2798 volentispieque
1595 2723 1861 2779 currentis
1885 2763 1903 2789 ,
1932 2721 2025 2780 sed

447 2819 750 2876 miserantis
774 2817 844 2873 sit
873 2817 986 2872 Dei.

515 2907 739 2965 CAPUT
763 2905 902 2963 XVI.
930 2937 1001 2948 —-
1023 2905 1112 2964 59.
1138 2906 1274 2962 Sunt
1298 2907 1440 2962 enim
1469 2904 1711 2976 quirdam
1735 2903 2028 2974 expositioe

450 2976 544 3054 nes
573 2997 824 3070 Epistulae
850 2996 1034 3064 Pauli,
1061 3012 1179 3066 qua:
1207 2995 1458 3050 scribitur
1485 2995 1550 3048 ad
1577 2994 1846 3048 Romanos
1868 3035 1883 3060 ,
1910 3009 2027 3064 qum

449 3087 618 3160 ipsius
650 3087 846 3156 Pelagii
883 3101 1005 3142 esse
1045 3085 1330 3152 dicuntur,
1364 3083 1451 3139 ubi
1473 3083 1575 3140 hoe
1601 3083 1741 3154 quod
1771 3085 2026 3154 scriptum

447 3187 566 3245 est,
600 3176 984 3244 Nontvolrntis,
1012 3193 1170 3249 neque
1208 3176 1453 3232 currentis
1474 3217 1488 3240 ,
1520 3174 1608 3230 sed
1635 3175 1912 3230 miserearis
1957 3183 2031 3230 est

457 3269 550 3324 Dei
573 3284 593 3324 :
622 3287 642 3321 ι
675 3284 781 3324 non
811 3284 879 3324 ex
918 3283 1143 3340 persona
1174 3265 1321 3323 Pauli
1358 3285 1377 3320 ι
1409 3266 1598 3322 asserit
1626 3283 1646 3318 ι
1678 3263 1910 3328 dictum;
1934 3265 2028 3321 sed

450 3375 570 3414 eum
597 3373 728 3416 voce
765 3359 1139 3429 interrogantis
1165 3365 1220 3416 et
1249 3356 1612 3428 redargueutis
1653 3369 1806 3410 usum
1845 3355 2026 3422 fuisse,

452 3465 572 3506 cum
601 3449 704 3504 hoc
731 3449 948 3516 diceret,
977 3458 1226 3521 tanquam
1254 3447 1358 3505 hoc
1402 3447 1506 3503 dici
1534 3447 1715 3520 utique
1739 3463 1843 3502 non
1865 3447 2030 3504 debe-

454 3551 555 3599 ret.
591 3561 613 3596 ι
651 3542 768 3598 Non
803 3557 954 3613 ergo,
983 3557 1102 3598 cum
1135 3541 1415 3612 episcopus
1434 3539 1671 3596 Joannes
1698 3540 1854 3610 plane
1873 3540 2030 3598 istam

453 3635 769 3691 sententiam
820 3649 940 3690 esse
988 3635 1009 3665 ¹
1063 3633 1303 3702 Apostoli
1355 3631 1586 3702 agnovit,
1645 3645 1869 3702 eamque
1912 3631 2032 3686 ideo

453 3723 910 3786 commemoravit,
941 3739 1009 3778 ne
1035 3722 1278 3794 Pelagius
1299 3722 1416 3778 sine
1452 3721 1546 3777 Dei
1575 3722 1745 3793 gratia
1771 3737 1876 3776 non
1905 3737 2030 3792 pec-

453 3831 575 3870 c.ire
614 3827 932 3885 quemquam
977 3822 1208 3884 putaret,
1247 3821 1302 3866 et
1341 3811 1474 3866 dixit
1509 3811 1848 3881 respondisse
1877 3811 2032 3868 Pela-

453 3905 595 3974 gium
616 3946 631 3968 ,
667 3922 688 3956 ι
719 3903 785 3965 Et
809 3918 908 3974 ego
933 3904 1011 3958 sic
1038 3903 1230 3968 credo;
1260 3920 1282 3954 ι
1313 3917 1482 3972 neque
1509 3917 1632 3964 cum
1671 3904 1772 3958 hoc
1799 3917 2035 3980 praesens

456 3995 683 4060 audiret,
721 3993 1016 4064 respondit,
1058 3993 1173 4052 Non
1201 3993 1279 4047 sic
1321 3991 1501 4048 credo.
1533 3991 1756 4062 Oportet
1793 4002 1851 4048 ut
1891 3994 2032 4048 illam

455 4085 838 4155 espositionem
865 4095 1168 4154 perverSam
1193 4123 1208 4150 ,
1238 4082 1326 4138 ubi
1365 4082 1467 4139 hoc
1498 4099 1601 4137 non
1640 4085 1869 4140 sensisse
1897 4086 2038 4157 Apo-

457 4177 672 4244 stolum,
721 4175 814 4232 sed
859 4174 1035 4246 potius
1077 4172 1414 4245 redarguisse
1461 4172 1678 4245 intelligi
1717 4175 1899 4232 voluit.
1945 4187 2036 4230 aut

459 4282 609 4322 suam
639 4275 793 4336 neget
816 4307 832 4330 ,
863 4275 954 4320 aut
978 4265 1248 4335 corrigere
1287 4273 1448 4336 atque
1474 4265 1761 4320 emendare
1789 4281 1894 4320 non
1935 4267 2035 4320 dn-

460 4358 609 4410 bitet.
639 4357 770 4411 Nam
795 4355 1047 4426 quidquid
1075 4355 1208 4410 dixit
1243 4357 1523 4425 episcopus
1564 4355 1796 4413 Joannes
1824 4356 1891 4411 de
1910 4358 2031 4413 abs-

460 4447 672 4499 entibus
701 4445 946 4502 h-atribus
976 4446 1193 4509 nostris,
1237 4446 1349 4500 sive
1375 4447 1707 4518 coepiscopis
1736 4446 1934 4504 llerote
1974 4465 2038 4502 ac

463 4539 682 4598 Lazaro,
713 4536 826 4592 sive
846 4538 912 4590 de
939 4537 1252 4610 presbytero
1277 4536 1469 4592 Oresio
1491 4580 1505 4603 ,
1538 4537 1652 4593 sive
1677 4539 1742 4594 de
1764 4539 1880 4594 aliis
1903 4555 2036 4610 quo-

461 4644 579 4684 rum
611 4629 679 4682 ibi
712 4643 818 4684 non
849 4636 974 4680 sunt
1012 4627 1226 4682 nomina
1256 4640 1507 4695 expressa
1550 4627 1657 4698 (ὁ),
1701 4632 1862 4684 credo
1897 4630 2038 4699 quod

465 4718 722 4789 intelligat
750 4716 814 4772 ad
839 4731 1025 4775 eorum
1055 4715 1420 4788 pra-judicium
1453 4731 1557 4770 non
1595 4717 1792 4773 valere.
1815 4717 1872 4774 Si
1896 4719 2038 4777 enim

464 4820 752 4884 praesentes
775 4817 952 4866 essent
972 4851 986 4876 ,
1017 4813 1235 4878 possent
1263 4822 1386 4864 eum
1421 4806 1652 4864 fortasse
1674 4850 1689 4875 ,
1719 4809 1854 4865 absit
1885 4811 2040 4868 utdi-

526 4992 544 5021 ⁸
577 4988 696 5038 ωἱιί
717 4989 1016 5044 constanter,
1039 4981 1249 5048 culpam.
1268 4983 1546 5047 Corrigendi
1571 4996 1638 5034 ex
1657 4983 1756 5036 illis
1783 4985 1966 5047 verbis,
1986 4999 2038 5037 n.

461 5051 560 5118 55}
580 5049 739 5118 ibeo
757 5061 815 5098 se
837 5044 1259 5118 dixeritgul'pgse
1279 5044 1505 5118 Joannes.
1519 5062 1552 5118 _n
1770 5105 1782 5118 .

523 5113 544 5144 ⁸
579 5112 818 5173 ιὺῠὶιίοηεε
837 5109 918 5159 hic
937 5107 1300 5173 omittunt,_esse
1318 5119 1337 5157 :
1359 5113 1412 5156 et
1427 5114 1597 5173 postea
1612 5107 1814 5173 agnouit,
1838 5113 2040 5173 mutant,

462 5174 540 5230 In,
564 5170 791 5236 cognovit.
830 5170 1078 5236 mendari
1121 5169 1309 5220 debent
1342 5167 1628 5236 auctoritate
1643 5167 1920 5222 'coibertini
1937 5167 2040 5236 his,

462 5243 516 5282 ut
560 5230 784 5283 nimirum
829 5231 1160 5295 intelligatur,
1191 5231 1496 5295 sententiam
1548 5230 1710 5291 illam,
1753 5243 1865 5295 non
1889 5230 2045 5295 uolar-

463 5295 543 5350 tis,
567 5302 683 5352 etc.,
696 5307 724 5344 a
741 5299 924 5344 Joanne
949 5292 1174 5356 episeopo
1190 5293 1400 5344 habitam
1423 5304 1536 5342 esse
1551 5305 1639 5356 pro
1655 5292 1900 5344 sententia
1913 5293 2046 5345 Pauli

465 5357 710 5418 loquentis
731 5369 795 5404 ex
821 5357 1017 5418 propria
1032 5365 1256 5417 persona.

527 5370 710 5406 uenus
731 5370 795 5404 ex
821 5370 1008 5418 propria
1032 5370 1256 5417 persona.

483 5370 874 5480 0‘ioiCouventu
920 5417 1108 5480 scilicet
1148 5413 1456 5480 ierosolymis
1499 5416 1681 5480 habito
1705 5415 1755 5466 in
1809 5414 1906 5480 line
1938 5415 2045 5478 julii

466 5477 708 5542 motus,
729 5489 881 5542 quem
903 5477 1137 5542 describit
1157 5477 1350 5526 Orosius
1371 5478 1748 5542 inspologetieo
1770 5491 1783 5527 :
1809 5477 2046 5529 bunc’ba-

467 5539 702 5602 brsiut'ra
726 5537 772 5588 in
789 5537 1002 5602 secunda
1024 5545 1162 5602 parte
1185 5537 1488 5602 Appendicisi

530 5598 602 5671 (ιι)
638 5601 771 5649 Avito
796 5600 1013 5671 forsitan,
1024 5598 1279 5671 't'asserio,
1289 5606 1344 5671 et
1367 5602 1564 5671 ς)οωὶηο
1586 5615 1650 5650 ex
1669 5600 1816 5660 duce,
1839 5614 2046 5662 quorum

467 5659 660 5712 nouiina
683 5661 864 5725 quiuis
889 5663 1044 5722 gestis
1078 5659 1412 5725 Diospolitanis
1457 5675 1689 5725 enipi-essu
1735 5659 1832 5713 non
1858 5659 2045 5722 'eraut,

467 5720 716 5832 ωηιωὲεέ
735 5721 856 5772 inira
879 5720 910 5781 ,θ
937 5720 1151 5784 Append.
1188 5720 1326 5782 parte
1365 5720 1395 5770 2
1414 5758 1427 5774 .
1462 5720 1841 5787 in'Ajmlogetico
1872 5720 2044 5783 Orosii,

467 5796 570 5832 (an.
632 5823 643 5832 .

1484 337 1572 392 DE
1609 334 1848 392 GESTIS
1888 330 2177 399 PELAGll,
2219 333 2276 388 S.
2318 333 2686 391 AUGUSTIM

3603 341 3704 394 ὅθι

2122 459 2262 512 eam,
2291 447 2608 503 convincere
2637 449 2704 504 de
2735 447 3014 506 mendacio
3035 493 3048 516 ,
3080 451 3172 507 sed
3205 453 3342 507 forte
3367 468 3700 509 commemo-

2121 550 2261 600 rare,
2289 537 2416 606 quid
2449 537 2588 596 forte
2609 539 2797 595 fuisset
2820 541 3038 606 oblitus,
3065 551 3156 595 aut
3185 541 3236 597 in
3260 557 3368 613 quo
3393 560 3516 600 eum
3545 543 3700 600 fefel-

2121 624 2237 679 lerit
2268 627 2461 682 latinus
2481 627 2760 699 interpres,
2781 631 2880 686 etsi
2901 646 3004 685 non
3022 632 3198 687 studio
3215 633 3522 698 mentiendi,
3551 645 3708 691 certe

2123 715 2310 772 aliena:
2336 717 2526 788 lingua:
2557 720 2734 778 minus
2763 719 3044 776 intellecta:
3071 723 3320 777 nonnulla
3343 723 3656 778 difﬁcultate
3685 741 3699 778 τ

2121 809 2413 874 prmsertim
2436 809 2558 879 quia
2581 826 2684 864 non
2708 811 2943 882 ingestis
2958 813 3211 883 agebatur
3233 815 3274 880 ',
3295 829 3435 884 mne,
3465 815 3694 884 improbi

2123 911 2188 950 ne
2217 899 2542 953 mentiantur
2564 946 2578 968 ,
2611 901 2734 956 boni
2763 909 2942 958 θυι-ω
2971 919 3034 956 ne
3067 904 3264 973 aliquid
3287 905 3702 968 obliviscantur,

2124 987 2327 1045 utiliter
2369 989 2604 1074 ipstituta
2645 1000 2787 1046 sunt.
2815 993 2872 1047 Si
2909 994 3028 1063 quis
3053 1003 3228 1049 autem
3269 996 3576 1050 memoratis
3601 995 3708 1050 ira-

2125 1078 2298 1133 ttibus
2323 1081 2519 1137 nostris
2544 1098 2610 1136 ex
2638 1083 2737 1137 hoc
2761 1083 2957 1154 aliquid
2983 1085 3288 1154 qtnrstionis
3309 1085 3562 1153 intulerit,
3585 1101 3710 1142 eos-

2121 1183 2226 1240 que
2252 1169 2318 1224 ad
2342 1169 2596 1240 judicium
2625 1175 2928 1243 episcopale
2955 1177 3221 1230 vocaverit
3247 1178 3296 1241 ',
3326 1177 3428 1232 sibi
3467 1187 3523 1231 ut
3551 1187 3708 1247 pote-

2123 1269 2268 1326 runt,
2317 1261 2579 1317 aderunt:
2627 1264 2782 1320 nobis
2829 1264 2915 1325 hic
2956 1265 3200 1322 laborare
3245 1268 3372 1338 quid
3403 1283 3536 1338 opus
3584 1280 3701 1334 est;

2121 1350 2335 1419 quando
2371 1368 2439 1406 ne
2481 1354 2580 1423 ipsi
2614 1356 2826 1426 quidem
2869 1356 3094 1426 judices,
3133 1367 3256 1428 post
3279 1361 3578 1432 coepiscopi
3605 1379 3706 1416 uo-

2119 1443 2218 1496 5tri
2267 1444 2622 1502 narrationem
2650 1487 2667 1512 ,
2708 1447 2905 1518 aliquid
2943 1447 3068 1502 inde
3122 1451 3465 1519 pronuntiare
3515 1452 3706 1508 volue-

2122 1532 2282 1603 runt?

2191 1622 2428 1681 CAPU'I‘
2447 1624 2606 1686 XVII.
2635 1656 2708 1666 —
2733 1627 2821 1685 40.
2853 1627 2985 1686 Cum
3023 1645 3150 1702 ergo
3170 1631 3414 1702 Pelagius
3438 1649 3702 1704 praesens,

2123 1713 2190 1768 ad
2212 1714 2299 1769 illa
2334 1717 2632 1772 testimonia
2655 1718 3047 1790 Scripturarum
3077 1721 3276 1780 dixisse
3299 1737 3359 1778 se
3386 1725 3460 1784 ita
3481 1724 3714 1782 credere

2123 1805 2312 1860 tacitus
2343 1808 2652 1877 agnoverit,
2691 1812 2960 1880 quomodo
3003 1813 3131 1870 illud
3175 1815 3414 1885 Apostuli
3464 1817 3706 1879 testium.-

2123 1898 2266 1952 nium
2329 1900 2487 1970 paulo
2534 1903 2776 1972 superius
2829 1905 3104 1970 recolens,
3162 1913 3220 1961 et
3264 1907 3536 1962 inveniens
3581 1924 3704 1962 eum

2123 1987 2320 2042 dixisse
2340 2029 2356 2055 ,
2391 1987 2511 2044 Non
2537 2007 2647 2044 sum
2675 1993 2856 2063 dignus
2880 1995 3050 2049 vocari
3072 1996 3331 2064 apostolus
3350 2038 3365 2064 ,
3395 1999 3513 2067 quia
3539 2015 3707 2066 perse-

2122 2088 2268 2134 culus
2301 2097 2412 2133 sum
2459 2079 2741 2136 Ecclesium
2767 2081 2864 2138 Dei
2883 2125 2898 2150 ,
2924 2084 3014 2140 sed
3038 2087 3200 2156 gratia
3229 2085 3321 2139 Dei
3356 2105 3467 2140 sum
3497 2088 3549 2141 id
3571 2089 3708 2158 quod

2122 2185 2273 2234 sum;
2295 2185 2396 2224 ι.ο;ι
2429 2171 2579 2238 vidit,
2611 2189 2714 2226 non
2747 2189 2808 2230 se
2826 2174 3004 2230 dicere
3030 2177 3294 2243 debuisse,
3317 2195 3436 2233 cum
3459 2192 3708 2250 ageretur

2124 2259 2190 2315 de
2214 2261 2532 2322 abundantia
2580 2267 2868 2333 gratiarum
2891 2309 2905 2332 ,
2933 2285 3064 2339 quas
3097 2270 3234 2324 idem
3265 2273 3468 2342 accepit
3494 2285 3706 2344 aposto-

2125 2351 2228 2420 lus,
2267 2372 2288 2406 ι
2323 2353 2536 2424 dignum
2558 2356 2720 2414 fuisse
2747 2359 2838 2428 qui
2864 2360 3158 2429 acciperet;
3193 2381 3212 2414 ι
3245 2377 3362 2416 cum
3391 2364 3500 2434 ipse
3517 2379 3580 2420 se
3599 2380 3710 2428 non.

2129 2444 2304 2523 solum
2332 2445 2545 2511 dixerit,
2574 2446 2674 2510 sed,
2696 2459 2751 2504 et
2768 2449 2924 2505 aliam
2946 2467 3160 2506 causam
3189 2453 3439 2522 reddens,
3470 2456 3709 2525 probarit

2126 2533 2397 2606 indignum
2420 2578 2434 2600 ,
2457 2546 2507 2591 et
2533 2555 2599 2593 eo
2626 2540 2742 2609 ipso
2777 2542 3000 2610 gratiam
3027 2559 3152 2599 vere
3179 2547 3400 2615 gratiam
3429 2562 3705 2606 commen-

2125 2626 2361 2682 daverit?
2383 2629 2487 2684 Sed
2519 2629 2564 2684 si
2585 2630 2720 2687 forte
2743 2632 2866 2686 illud
2891 2633 3202 2702 jamdudum
3233 2653 3262 2690 a
3301 2648 3485 2706 sancto
3503 2640 3708 2700 Joanne

2127 2731 2423 2788 narratum,
2455 2723 2687 2794 cogitare
2713 2725 2794 2779 vel
2823 2727 3126 2781 meminisse
3154 2743 3256 2783 non
3279 2732 3480 2800 potuit;
3517 2747 3704 2789 recen-

2129 2811 2384 2870 tissimam
2403 2829 2550 2867 suam
2579 2814 2976 2884 responsionem
2997 2819 3306 2886 respiceret,
3327 2829 3382 2877 et
3402 2837 3518 2890 qua:
3541 2824 3697 2892 paulo

2128 2914 2254 2958 ante
2296 2905 2364 2959 de
2392 2903 2647 2962 leestio
2695 2906 3024 2978 sibi'objecla
3055 2911 3581 2969 anathematizaverit
3607 2916 3705 2976 ad-

2129 3006 2375 3052 Verteret.
2405 2997 2608 3068 Nempe
2648 2999 2810 3055 etiam
2839 2999 2976 3054 inter
3000 3001 3090 3054 illa
3110 3011 3227 3070 est,
3258 3003 3402 3073 quod
3438 3004 3706 3075 objectunt

2129 3092 2212 3139 est
2240 3084 2437 3142 dixisse
2458 3085 2764 3141 leestium
2797 3129 2812 3152 ,
2850 3107 2872 3142 ι
2909 3088 3004 3144 Dei
3028 3091 3251 3159 gratiam
3281 3092 3570 3149 secundum
3593 3110 3705 3149 me-

2129 3175 2228 3229 rita
2273 3183 2453 3229 nostra
2503 3175 2639 3230 dari.
2670 3194 2690 3228 ι
2749 3176 2806 3231 Si
2840 3194 2968 3248 ergo
3005 3182 3266 3236 veraciter
3316 3181 3418 3237 huc
3467 3183 3709 3255 Pelagius

2128 3264 2614 3333 anathematizavit,
2659 3267 2784 3338 quid
2813 3279 2895 3323 est
2941 3269 3082 3339 quod
3109 3271 3272 3335 dicit,
3298 3274 3492 3342 gratias
3516 3289 3710 3334 omnes

2129 3356 2385 3425 Apostolo
2433 3357 2724 3412 secundum
2767 3358 3014 3416 meritmn
3065 3360 3249 3416 datas?
3303 3366 3382 3428 An
3433 3365 3577 3420 aliud
3625 3377 3711 3431 est

2128 3445 2344 3516 dignum
2360 3461 2481 3504 esse
2492 3447 2762 3518 accipere;
2783 3449 2950 3515 aliud,
2969 3451 3258 3506 secundum
3285 3454 3530 3511 meritum
3557 3457 3706 3511 acci-

2136 3538 2296 3608 pere?
2324 3545 2380 3594 et
2409 3547 2580 3608 potest
2601 3541 2775 3611 aliqua
2811 3542 3101 3604 subtilitate
3129 3544 3502 3614 disputationis
3525 3557 3709 3604 osten-

2131 3628 2281 3695 dere,
2310 3629 2524 3699 dignum
2550 3643 2671 3686 esse
2699 3630 2954 3700 aliquem,
2985 3632 3084 3687 sed
3111 3650 3214 3688 non
3241 3632 3466 3690 mereri?
3501 3637 3714 3693 Verum-

2135 3727 2308 3772 tamen
2343 3718 2658 3788 Cu-lestius,
2693 3720 2779 3774 vel
2821 3721 2942 3791 quis
2966 3723 3122 3791 alius,
3161 3722 3310 3794 cujus
3335 3742 3520 3781 omnes
3545 3741 3712 3797 supe-

2132 3807 2303 3862 riores
2327 3809 2791 3865 anathematizavit
2824 3811 3117 3866 sententias
3139 3853 3156 3878 ,
3184 3828 3280 3868 nec
3319 3813 3386 3869 de
3414 3814 3516 3870 hoc
3548 3819 3714 3872 verbo

2133 3915 2254 3954 eum
2281 3900 2503 3956 nebulas
2537 3901 2826 3956 obtendere
2863 3912 3018 3972 atque
3057 3903 3106 3964 in
3137 3903 3216 3956 eis
3242 3904 3407 3964 latere
3434 3909 3710 3976 permittit.

2133 3990 2297 4062 Urget
2330 3992 2472 4046 enim
2503 4001 2558 4046 et
2593 3991 2722 4050 dicit
2752 4010 2764 4045 :
2801 4011 2820 4038 α
2854 3991 2916 4048 Et
2960 3993 3074 4064 ipsa
3104 3997 3269 4064 gratia
3301 3998 3351 4050 in
3380 4013 3495 4052 mea
3522 4000 3712 4072 Volun-

2136 4092 2242 4143 tate
2269 4084 2441 4156 posita
2463 4093 2565 4151 est,
2593 4085 2705 4140 sive
2721 4084 2911 4155 dignus
2933 4071 3122 4144 luerim
3147 4128 3163 4152 ,
3185 4090 3295 4142 sive
3317 4089 3577 4164 indignus.
3618 4111 3637 4145 ι
3658 4071 3712 4148 Si

2135 4191 2262 4246 ergo
2289 4187 2435 4230 recte
2471 4175 2570 4228 hoc
2592 4190 2620 4228 a
2647 4174 2860 4246 Pelagio
2888 4178 3253 4250 veraciterqne
3275 4180 3579 4234 danmatum
3608 4193 3712 4243 est.

2138 4266 2224 4328 ubi
2254 4266 2465 4333 dicitur,
2502 4284 2522 4318 ε
2561 4267 2649 4320 Dei
2674 4268 2900 4336 gratiam
2923 4270 3213 4324 secundum
3243 4274 3426 4326 merita
3458 4281 3513 4328 et
3535 4273 3712 4346 dignis

2137 4355 2250 4409 dari
2285 4374 2298 4410 :
2329 4373 2348 4408 ι
2379 4371 2485 4426 quo
2519 4356 2682 4412 corde
2707 4357 2976 4428 Cogitavit,
3011 4375 3184 4429 quove
3213 4378 3306 4416 ore
3333 4362 3548 4431 protulit
3573 4367 3712 4436 quod

2139 4444 2244 4509 ait,
2281 4463 2300 4496 ί
2349 4443 2582 4502 Dicimus
2619 4445 2820 4501 donare
2863 4447 3027 4502 Deum
3079 4449 3150 4516 ei,
3189 4451 3276 4523 qui
3313 4450 3470 4508 fuerit
3524 4453 3718 4525 dignus

2139 4536 2400 4605 accipere,
2439 4552 2627 4592 onmes
2650 4537 2880 4608 gratias?
2917 4537 3047 4607 Quis
3088 4556 3193 4594 non
3218 4541 3316 4598 ista
3341 4542 3386 4600 si
3433 4543 3717 4614 diligenter

2139 4627 2466 4694 adverterit,
2508 4627 2600 4683 ttat
2623 4628 2692 4684 de
2727 4629 2872 4685 illius
2903 4631 3250 4706 responsione
3293 4634 3375 4691 vel
3409 4633 3720 4694 defensione

2140 4719 2430 4774 sollicitus?

2212 4811 2300 4866 ιι.
2332 4809 2440 4864 Cur
2465 4825 2592 4881 ergo
2619 4854 2633 4878 ,
2661 4812 2730 4866 ait
2766 4811 2989 4882 aliquis,
3025 4811 3127 4868 hoc
3158 4813 3364 4884 iudices
3388 4817 3722 4888 approbave-

2143 4902 2302 4957 runt?
2336 4901 2530 4956 Fateor
2551 4945 2565 4968 ,
2599 4902 2718 4957 ideo
2753 4903 2861 4974 jam
2896 4903 3009 4973 ipse
3035 4906 3244 4976 ambigo
3274 4923 3289 4962 :
3321 4907 3414 4965 sed
3446 4909 3723 4974 nimirum,

2142 5000 2236 5044 aut
2259 4995 2425 5049 breve
2469 4991 2669 5046 dictum
2714 5007 2896 5049 eorum
2925 4993 3253 5050 audientiam
3282 5004 3334 5050 et
3375 4996 3725 5053 intentionem

2043 5073 2058 5092 ’
2144 5081 2294 5136 ΙὶσιρὶΙο
2319 5080 2652 5152 sub'erl‘ugit,
2687 5092 2778 5136 aut
2803 5082 2869 5140 ali
2890 5099 2979 5152 luo
3007 5085 3166 5138 modo
3196 5085 3247 5141 id
3281 5095 3424 5141 recte
3451 5102 3610 5157 posse
3633 5107 3715 5143 ae-

2143 5172 2244 5242 cipi
2273 5173 2657 5239 existimantes,
2680 5175 2834 5242 cujus
2859 5174 2926 5229 de
2957 5175 3056 5230 hac
3089 5193 3146 5232 re
3173 5177 3537 5234 confessiones
3567 5181 3724 5250 liqui-

2144 5264 2239 5319 das
2264 5266 2363 5319 sibi
2400 5264 2596 5320 habere
2625 5267 2959 5331 videbantur,
2993 5283 3127 5348 pene
3158 5268 3225 5324 de
3248 5286 3352 5323 uno
3381 5272 3566 5339 verbo,
3595 5274 3728 5328 nihil

2211 5417 2501 5492 ‘_pl(!l'iqlle,
2523 5429 2632 5492 non_
2660 5418 2713 5492 in
2753 5417 3155 5492 (μείζω(λείπειτιιιινἶ
3179 5422 3350 5473 verius
3389 5429 3610 5492 Susr.__et
3629 5425 3731 5474 Col-

2145 5480 2503 5552 bertiuus_§ts._,
2527 5480 2782 5552 agebatur}.
2813 5480 3260 5552 Fouelegendum,
3301 5483 3594 5552 Magonis

2148 5539 2318 5602 batur,-
2354 5539 2518 5604 deleta
2543 5539 2880 5604 p'rzeposltione
2897 5579 2911 5601 ,
2938 5541 2988 5592 in
3006 5539 3101 5601 ,‘ut
3124 5539 3264 5604 inira,
3302 5557 3350 5592 n.
3393 5539 3474 5595 53.
3499 5547 3620 5596 Dicit
3637 5539 3728 5597 Ᾰίι-

2147 5605 2371 5670 Sltstinus
2390 5602 2455 5651 de
2478 5602 2668 5666 iisquae
2689 5603 3066 5670 apudloannem
3090 5602 3366 5670 episcopum
3407 5607 3456 5656 in
3492 5612 3728 5670 Jerosolv-

2148 5667 2326 5718 mitano
2348 5665 2581 5729 consessu
2601 5673 2715 5714 ante
2730 5665 2961 5729 judigeitun
2984 5665 3356 5727 piospolitarium
3388 5674 3492 5726 acta
3518 5665 3728 5729 inerant,

2149 5734 2200 5774 ut
2225 5726 2529 5786 perspicuum
2552 5731 2628 5774 est
2653 5739 2713 5774 ex
2739 5726 2788 5774 n.
2811 5727 2888 5778 57.

2213 5789 2232 5816 ί
2267 5795 2417 5843 suam,
2442 5786 2746 5843 rrrorareril.
