  <div class='ocr_page' id='page_1' title='image "/cluster/home/n/w/nwhite01/storage/ocr_20150623/44/hvd.32044069687945/178.png"; bbox 0 0 4002 6178; ppageno 0'>
   <div class='ocr_carea' id='block_1_1' title="bbox 225 362 330 417">
    <p class='ocr_par' dir='ltr' id='par_1_1' title="bbox 225 362 330 417">
     <span class='ocr_line' id='line_1_1' title="bbox 225 362 330 417; baseline -0.01 0"><span class='ocrx_word' id='word_1_1' title='bbox 225 362 330 417; x_wconf 65' lang='grc'><strong>513</strong></span> 
     </span>
    </p>
   </div>
   <div class='ocr_carea' id='block_1_2' title="bbox 228 458 1819 534">
    <p class='ocr_par' dir='ltr' id='par_1_2' title="bbox 228 458 1819 534">
     <span class='ocr_line' id='line_1_2' title="bbox 228 458 1819 534; baseline -0.01 -5"><span class='ocrx_word' id='word_1_2' title='bbox 228 477 273 529; x_wconf 74' lang='grc' dir='ltr'><strong>ιιι</strong></span> <span class='ocrx_word' id='word_1_3' title='bbox 316 471 697 528; x_wconf 68' lang='lat' dir='ltr'><strong>controversia:</strong></span> <span class='ocrx_word' id='word_1_4' title='bbox 745 466 1063 523; x_wconf 83' lang='lat' dir='ltr'><strong>movendum</strong></span> <span class='ocrx_word' id='word_1_5' title='bbox 1114 472 1379 534; x_wconf 84' lang='lat' dir='ltr'><strong>putarunt.</strong></span> <span class='ocrx_word' id='word_1_6' title='bbox 1410 461 1560 531; x_wconf 82' lang='lat' dir='ltr'><strong>Qiod</strong></span> <span class='ocrx_word' id='word_1_7' title='bbox 1587 470 1640 516; x_wconf 92' lang='lat' dir='ltr'><strong>et</strong></span> <span class='ocrx_word' id='word_1_8' title='bbox 1667 458 1819 514; x_wconf 77' lang='lat' dir='ltr'><strong>nobis</strong></span> 
     </span>
    </p>
   </div>
   <div class='ocr_carea' id='block_1_3' title="bbox 228 554 1821 632">
    <p class='ocr_par' dir='ltr' id='par_1_3' title="bbox 228 554 1821 632">
     <span class='ocr_line' id='line_1_3' title="bbox 228 554 1821 632; baseline -0.008 -12"><span class='ocrx_word' id='word_1_9' title='bbox 228 565 454 621; x_wconf 81' lang='lat' dir='ltr'><strong>forsitan</strong></span> <span class='ocrx_word' id='word_1_10' title='bbox 476 563 808 632; x_wconf 70' lang='lat' dir='ltr'><strong>contigisset,</strong></span> <span class='ocrx_word' id='word_1_11' title='bbox 841 561 884 614; x_wconf 89' lang='lat' dir='ltr'><strong>si</strong></span> <span class='ocrx_word' id='word_1_12' title='bbox 912 575 1032 613; x_wconf 86' lang='lat' dir='ltr'><strong>cum</strong></span> <span class='ocrx_word' id='word_1_13' title='bbox 1057 559 1136 612; x_wconf 88' lang='lat' dir='ltr'><strong>eis</strong></span> <span class='ocrx_word' id='word_1_14' title='bbox 1165 558 1215 611; x_wconf 89' lang='lat' dir='ltr'><strong>in</strong></span> <span class='ocrx_word' id='word_1_15' title='bbox 1245 557 1336 611; x_wconf 88' lang='lat' dir='ltr'><strong>illo</strong></span> <span class='ocrx_word' id='word_1_16' title='bbox 1355 555 1557 626; x_wconf 81' lang='lat' dir='ltr'><strong>judicio</strong></span> <span class='ocrx_word' id='word_1_17' title='bbox 1587 554 1821 610; x_wconf 88' lang='lat' dir='ltr'><strong>sedisse-</strong></span> 
     </span>
    </p>
   </div>
   <div class='ocr_carea' id='block_1_4' title="bbox 223 644 1826 722">
    <p class='ocr_par' dir='ltr' id='par_1_4' title="bbox 223 644 1826 722">
     <span class='ocr_line' id='line_1_4' title="bbox 223 644 1826 722; baseline -0.007 -14"><span class='ocrx_word' id='word_1_18' title='bbox 223 670 367 719; x_wconf 82' lang='lat' dir='ltr'><strong>tnus.</strong></span> <span class='ocrx_word' id='word_1_19' title='bbox 398 655 456 708; x_wconf 81' lang='lat' dir='ltr'><strong>Si</strong></span> <span class='ocrx_word' id='word_1_20' title='bbox 477 654 621 708; x_wconf 89' lang='lat' dir='ltr'><strong>enim</strong></span> <span class='ocrx_word' id='word_1_21' title='bbox 646 668 739 722; x_wconf 87' lang='lat' dir='ltr'><strong>pro</strong></span> <span class='ocrx_word' id='word_1_22' title='bbox 766 666 833 705; x_wconf 89' lang='lat' dir='ltr'><strong>en</strong></span> <span class='ocrx_word' id='word_1_23' title='bbox 861 649 1003 719; x_wconf 88' lang='lat' dir='ltr'><strong>quod</strong></span> <span class='ocrx_word' id='word_1_24' title='bbox 1043 648 1274 720; x_wconf 88' lang='lat' dir='ltr'><strong>positum</strong></span> <span class='ocrx_word' id='word_1_25' title='bbox 1302 655 1383 701; x_wconf 79' lang='lat' dir='ltr'><strong>est</strong></span> <span class='ocrx_word' id='word_1_26' title='bbox 1414 647 1608 716; x_wconf 79' lang='lat' dir='ltr'><strong>Dignus</strong></span> <span class='ocrx_word' id='word_1_27' title='bbox 1635 687 1651 712; x_wconf 94' lang='lat'><strong>,</strong></span> <span class='ocrx_word' id='word_1_28' title='bbox 1682 644 1826 714; x_wconf 88' lang='lat' dir='ltr'><strong>posi-</strong></span> 
     </span>
    </p>
   </div>
   <div class='ocr_carea' id='block_1_5' title="bbox 222 736 1823 810">
    <p class='ocr_par' dir='ltr' id='par_1_5' title="bbox 222 736 1823 810">
     <span class='ocr_line' id='line_1_5' title="bbox 222 736 1823 810; baseline -0.007 -9"><span class='ocrx_word' id='word_1_29' title='bbox 222 758 339 801; x_wconf 81' lang='lat' dir='ltr'><strong>tum</strong></span> <span class='ocrx_word' id='word_1_30' title='bbox 363 755 505 802; x_wconf 85' lang='lat' dir='ltr'><strong>esset</strong></span> <span class='ocrx_word' id='word_1_31' title='bbox 547 744 982 805; x_wconf 73' lang='lat' dir='ltr'><strong>I’ncdestinatus,</strong></span> <span class='ocrx_word' id='word_1_32' title='bbox 1010 740 1094 795; x_wconf 88' lang='lat' dir='ltr'><strong>vel</strong></span> <span class='ocrx_word' id='word_1_33' title='bbox 1120 737 1315 810; x_wconf 85' lang='lat' dir='ltr'><strong>aliquid</strong></span> <span class='ocrx_word' id='word_1_34' title='bbox 1336 736 1660 808; x_wconf 87' lang='lat' dir='ltr'><strong>hujusmodi,</strong></span> <span class='ocrx_word' id='word_1_35' title='bbox 1692 736 1823 791; x_wconf 81' lang='lat' dir='ltr'><strong>nihil</strong></span> 
     </span>
    </p>
   </div>
   <div class='ocr_carea' id='block_1_6' title="bbox 221 828 1826 906">
    <p class='ocr_par' dir='ltr' id='par_1_6' title="bbox 221 828 1826 906">
     <span class='ocr_line' id='line_1_6' title="bbox 221 828 1826 906; baseline -0.009 -11"><span class='ocrx_word' id='word_1_36' title='bbox 221 848 376 895; x_wconf 78' lang='lat' dir='ltr'><strong>certe</strong></span> <span class='ocrx_word' id='word_1_37' title='bbox 427 837 666 906; x_wconf 91' lang='lat' dir='ltr'><strong>scrupuli</strong></span> <span class='ocrx_word' id='word_1_38' title='bbox 718 843 957 904; x_wconf 84' lang='lat' dir='ltr'><strong>tangeret</strong></span> <span class='ocrx_word' id='word_1_39' title='bbox 993 843 1152 903; x_wconf 87' lang='lat' dir='ltr'><strong>atque</strong></span> <span class='ocrx_word' id='word_1_40' title='bbox 1195 838 1416 898; x_wconf 77' lang='lat' dir='ltr'><strong>angeret</strong></span> <span class='ocrx_word' id='word_1_41' title='bbox 1461 828 1698 882; x_wconf 87' lang='lat' dir='ltr'><strong>animum</strong></span> <span class='ocrx_word' id='word_1_42' title='bbox 1731 836 1826 881; x_wconf 88' lang='lat' dir='ltr'><strong>:et</strong></span> 
     </span>
    </p>
   </div>
   <div class='ocr_carea' id='block_1_7' title="bbox 224 919 1825 996">
    <p class='ocr_par' dir='ltr' id='par_1_7' title="bbox 224 919 1825 996">
     <span class='ocr_line' id='line_1_7' title="bbox 224 919 1825 996; baseline -0.007 -12"><span class='ocrx_word' id='word_1_43' title='bbox 224 941 410 991; x_wconf 76' lang='lat' dir='ltr'><strong>tamen</strong></span> <span class='ocrx_word' id='word_1_44' title='bbox 440 932 484 984; x_wconf 87' lang='lat' dir='ltr'><strong>si</strong></span> <span class='ocrx_word' id='word_1_45' title='bbox 515 930 748 993; x_wconf 75' lang='lat' dir='ltr'><strong>dicatur,</strong></span> <span class='ocrx_word' id='word_1_46' title='bbox 782 943 903 981; x_wconf 92' lang='lat' dir='ltr'><strong>eum</strong></span> <span class='ocrx_word' id='word_1_47' title='bbox 945 925 1033 996; x_wconf 86' lang='lat' dir='ltr'><strong>qui</strong></span> <span class='ocrx_word' id='word_1_48' title='bbox 1063 941 1160 994; x_wconf 91' lang='lat' dir='ltr'><strong>per</strong></span> <span class='ocrx_word' id='word_1_49' title='bbox 1184 922 1504 977; x_wconf 87' lang='lat' dir='ltr'><strong>electionem</strong></span> <span class='ocrx_word' id='word_1_50' title='bbox 1529 921 1714 991; x_wconf 76' lang='lat' dir='ltr'><strong>gratia:</strong></span> <span class='ocrx_word' id='word_1_51' title='bbox 1733 919 1825 988; x_wconf 90' lang='lat' dir='ltr'><strong>ju-</strong></span> 
     </span>
    </p>
   </div>
   <div class='ocr_carea' id='block_1_8' title="bbox 222 1010 1822 1088">
    <p class='ocr_par' dir='ltr' id='par_1_8' title="bbox 222 1010 1822 1088">
     <span class='ocr_line' id='line_1_8' title="bbox 222 1010 1822 1088; baseline -0.01 -10"><span class='ocrx_word' id='word_1_52' title='bbox 222 1022 517 1086; x_wconf 80' lang='lat' dir='ltr'><strong>stificatur,</strong></span> <span class='ocrx_word' id='word_1_53' title='bbox 541 1020 702 1074; x_wconf 91' lang='lat' dir='ltr'><strong>nullis</strong></span> <span class='ocrx_word' id='word_1_54' title='bbox 719 1018 935 1088; x_wconf 81' lang='lat' dir='ltr'><strong>quidem</strong></span> <span class='ocrx_word' id='word_1_55' title='bbox 961 1013 1388 1086; x_wconf 61' lang='lat' dir='ltr'><strong>praecedentibus</strong></span> <span class='ocrx_word' id='word_1_56' title='bbox 1416 1011 1621 1066; x_wconf 87' lang='lat' dir='ltr'><strong>meritis</strong></span> <span class='ocrx_word' id='word_1_57' title='bbox 1644 1010 1822 1076; x_wconf 83' lang='lat' dir='ltr'><strong>bonis,</strong></span> 
     </span>
    </p>
   </div>
   <div class='ocr_carea' id='block_1_9' title="bbox 224 1103 1823 1179">
    <p class='ocr_par' dir='ltr' id='par_1_9' title="bbox 224 1103 1823 1179">
     <span class='ocr_line' id='line_1_9' title="bbox 224 1103 1823 1179; baseline -0.011 -10"><span class='ocrx_word' id='word_1_58' title='bbox 224 1111 325 1169; x_wconf 85' lang='lat' dir='ltr'><strong>sed</strong></span> <span class='ocrx_word' id='word_1_59' title='bbox 343 1111 705 1166; x_wconf 70' lang='lat' dir='ltr'><strong>destinatione</strong></span> <span class='ocrx_word' id='word_1_60' title='bbox 723 1108 940 1179; x_wconf 85' lang='lat' dir='ltr'><strong>dignum</strong></span> <span class='ocrx_word' id='word_1_61' title='bbox 968 1104 1167 1169; x_wconf 88' lang='lat' dir='ltr'><strong>vocari,</strong></span> <span class='ocrx_word' id='word_1_62' title='bbox 1193 1103 1333 1157; x_wconf 87' lang='lat' dir='ltr'><strong>sicut</strong></span> <span class='ocrx_word' id='word_1_63' title='bbox 1359 1104 1564 1157; x_wconf 89' lang='lat' dir='ltr'><strong>electus</strong></span> <span class='ocrx_word' id='word_1_64' title='bbox 1584 1108 1823 1167; x_wconf 75' lang='lat' dir='ltr'><strong>vocatur,</strong></span> 
     </span>
    </p>
   </div>
   <div class='ocr_carea' id='block_1_10' title="bbox 226 1189 1829 1268">
    <p class='ocr_par' dir='ltr' id='par_1_10' title="bbox 226 1189 1829 1268">
     <span class='ocr_line' id='line_1_10' title="bbox 226 1189 1829 1268; baseline -0.009 -10"><span class='ocrx_word' id='word_1_65' title='bbox 226 1213 411 1268; x_wconf 77' lang='lat' dir='ltr'><strong>utrum</strong></span> <span class='ocrx_word' id='word_1_66' title='bbox 445 1202 531 1256; x_wconf 86' lang='lat' dir='ltr'><strong>vel</strong></span> <span class='ocrx_word' id='word_1_67' title='bbox 574 1209 742 1263; x_wconf 84' lang='lat' dir='ltr'><strong>certe,</strong></span> <span class='ocrx_word' id='word_1_68' title='bbox 775 1199 859 1254; x_wconf 89' lang='lat' dir='ltr'><strong>vel</strong></span> <span class='ocrx_word' id='word_1_69' title='bbox 888 1197 1105 1252; x_wconf 87' lang='lat' dir='ltr'><strong>minima</strong></span> <span class='ocrx_word' id='word_1_70' title='bbox 1131 1194 1426 1249; x_wconf 85' lang='lat' dir='ltr'><strong>offensione</strong></span> <span class='ocrx_word' id='word_1_71' title='bbox 1465 1189 1829 1261; x_wconf 66' lang='lat' dir='ltr'><strong>intelligentiae</strong></span> 
     </span>
    </p>
   </div>
   <div class='ocr_carea' id='block_1_11' title="bbox 224 1283 1830 1365">
    <p class='ocr_par' dir='ltr' id='par_1_11' title="bbox 224 1283 1830 1365">
     <span class='ocr_line' id='line_1_11' title="bbox 224 1283 1830 1365; baseline -0.008 -15"><span class='ocrx_word' id='word_1_72' title='bbox 224 1298 335 1362; x_wconf 75' lang='lat' dir='ltr'><strong>diei</strong></span> <span class='ocrx_word' id='word_1_73' title='bbox 368 1296 557 1365; x_wconf 56' lang='lat'><strong>[055“,</strong></span> <span class='ocrx_word' id='word_1_74' title='bbox 612 1293 827 1348; x_wconf 77' lang='lat' dir='ltr'><strong>difﬁcile</strong></span> <span class='ocrx_word' id='word_1_75' title='bbox 864 1291 1150 1361; x_wconf 89' lang='lat' dir='ltr'><strong>judicatur.</strong></span> <span class='ocrx_word' id='word_1_76' title='bbox 1199 1288 1332 1343; x_wconf 80' lang='lat' dir='ltr'><strong>Nam</strong></span> <span class='ocrx_word' id='word_1_77' title='bbox 1359 1293 1614 1355; x_wconf 87' lang='lat' dir='ltr'><strong>quantum</strong></span> <span class='ocrx_word' id='word_1_78' title='bbox 1646 1283 1713 1337; x_wconf 90' lang='lat' dir='ltr'><strong>ad</strong></span> <span class='ocrx_word' id='word_1_79' title='bbox 1742 1297 1830 1338; x_wconf 90' lang='lat' dir='ltr'><strong>me</strong></span> 
     </span>
    </p>
   </div>
   <div class='ocr_carea' id='block_1_12' title="bbox 225 1374 1831 1445">
    <p class='ocr_par' dir='ltr' id='par_1_12' title="bbox 225 1374 1831 1445">
     <span class='ocr_line' id='line_1_12' title="bbox 225 1374 1831 1445; baseline -0.011 0"><span class='ocrx_word' id='word_1_80' title='bbox 225 1388 445 1445; x_wconf 75' lang='lat' dir='ltr'><strong>attinet.</strong></span> <span class='ocrx_word' id='word_1_81' title='bbox 474 1387 545 1439; x_wconf 88' lang='lat' dir='ltr'><strong>ab</strong></span> <span class='ocrx_word' id='word_1_82' title='bbox 574 1386 676 1439; x_wconf 84' lang='lat' dir='ltr'><strong>hoc</strong></span> <span class='ocrx_word' id='word_1_83' title='bbox 704 1384 869 1437; x_wconf 88' lang='lat' dir='ltr'><strong>verbo</strong></span> <span class='ocrx_word' id='word_1_84' title='bbox 913 1381 1062 1436; x_wconf 79' lang='lat' dir='ltr'><strong>facile</strong></span> <span class='ocrx_word' id='word_1_85' title='bbox 1091 1379 1378 1434; x_wconf 85' lang='lat' dir='ltr'><strong>transirem</strong></span> <span class='ocrx_word' id='word_1_86' title='bbox 1401 1417 1415 1440; x_wconf 93' lang='lat'><strong>,</strong></span> <span class='ocrx_word' id='word_1_87' title='bbox 1447 1375 1548 1432; x_wconf 88' lang='lat' dir='ltr'><strong>nisi</strong></span> <span class='ocrx_word' id='word_1_88' title='bbox 1579 1390 1663 1430; x_wconf 90' lang='lat' dir='ltr'><strong>me</strong></span> <span class='ocrx_word' id='word_1_89' title='bbox 1694 1374 1831 1428; x_wconf 90' lang='lat' dir='ltr'><strong>liber</strong></span> 
     </span>
    </p>
   </div>
   <div class='ocr_carea' id='block_1_13' title="bbox 226 1466 1827 1547">
    <p class='ocr_par' dir='ltr' id='par_1_13' title="bbox 226 1466 1827 1547">
     <span class='ocr_line' id='line_1_13' title="bbox 226 1466 1827 1547; baseline -0.011 -15"><span class='ocrx_word' id='word_1_90' title='bbox 226 1479 342 1542; x_wconf 60' lang='lat' dir='ltr'><strong>ille,</strong></span> <span class='ocrx_word' id='word_1_91' title='bbox 367 1477 457 1532; x_wconf 87' lang='lat' dir='ltr'><strong>cui</strong></span> <span class='ocrx_word' id='word_1_92' title='bbox 474 1476 744 1547; x_wconf 85' lang='lat' dir='ltr'><strong>respondi.</strong></span> <span class='ocrx_word' id='word_1_93' title='bbox 763 1475 848 1528; x_wconf 82' lang='lat' dir='ltr'><strong>tibi</strong></span> <span class='ocrx_word' id='word_1_94' title='bbox 868 1473 1085 1526; x_wconf 91' lang='lat' dir='ltr'><strong>omnino</strong></span> <span class='ocrx_word' id='word_1_95' title='bbox 1101 1470 1298 1524; x_wconf 90' lang='lat' dir='ltr'><strong>nullam</strong></span> <span class='ocrx_word' id='word_1_96' title='bbox 1322 1468 1449 1522; x_wconf 88' lang='lat' dir='ltr'><strong>dicit</strong></span> <span class='ocrx_word' id='word_1_97' title='bbox 1466 1466 1558 1521; x_wconf 85' lang='lat' dir='ltr'><strong>Dei</strong></span> <span class='ocrx_word' id='word_1_98' title='bbox 1580 1466 1827 1536; x_wconf 82' lang='lat' dir='ltr'><strong>gratiam,</strong></span> 
     </span>
    </p>
   </div>
   <div class='ocr_carea' id='block_1_14' title="bbox 227 1557 1834 1634">
    <p class='ocr_par' dir='ltr' id='par_1_14' title="bbox 227 1557 1834 1634">
     <span class='ocr_line' id='line_1_14' title="bbox 227 1557 1834 1634; baseline -0.011 -11"><span class='ocrx_word' id='word_1_99' title='bbox 227 1569 334 1634; x_wconf 75' lang='lat' dir='ltr'><strong>ni~i</strong></span> <span class='ocrx_word' id='word_1_100' title='bbox 351 1577 599 1622; x_wconf 82' lang='lat' dir='ltr'><strong>naturam</strong></span> <span class='ocrx_word' id='word_1_101' title='bbox 620 1574 856 1625; x_wconf 82' lang='lat' dir='ltr'><strong>nostram</strong></span> <span class='ocrx_word' id='word_1_102' title='bbox 871 1578 990 1618; x_wconf 88' lang='lat' dir='ltr'><strong>cum</strong></span> <span class='ocrx_word' id='word_1_103' title='bbox 1010 1562 1175 1616; x_wconf 89' lang='lat' dir='ltr'><strong>libero</strong></span> <span class='ocrx_word' id='word_1_104' title='bbox 1187 1560 1429 1625; x_wconf 88' lang='lat' dir='ltr'><strong>arbitrio,</strong></span> <span class='ocrx_word' id='word_1_105' title='bbox 1446 1557 1671 1628; x_wconf 79' lang='lat' dir='ltr'><strong>gratiam</strong></span> <span class='ocrx_word' id='word_1_106' title='bbox 1688 1570 1834 1611; x_wconf 87' lang='lat' dir='ltr'><strong>crea-</strong></span> 
     </span>
    </p>
   </div>
   <div class='ocr_carea' id='block_1_15' title="bbox 229 1646 1834 1726">
    <p class='ocr_par' dir='ltr' id='par_1_15' title="bbox 229 1646 1834 1726">
     <span class='ocr_line' id='line_1_15' title="bbox 229 1646 1834 1726; baseline -0.007 -15"><span class='ocrx_word' id='word_1_107' title='bbox 229 1669 406 1711; x_wconf 89' lang='lat' dir='ltr'><strong>turam</strong></span> <span class='ocrx_word' id='word_1_108' title='bbox 432 1659 472 1723; x_wconf 80' lang='grc'><strong>⁸,</strong></span> <span class='ocrx_word' id='word_1_109' title='bbox 488 1656 556 1711; x_wconf 89' lang='lat' dir='ltr'><strong>de</strong></span> <span class='ocrx_word' id='word_1_110' title='bbox 578 1655 742 1726; x_wconf 80' lang='lat' dir='ltr'><strong>ipsius</strong></span> <span class='ocrx_word' id='word_1_111' title='bbox 765 1652 959 1723; x_wconf 79' lang='lat' dir='ltr'><strong>Pelagii</strong></span> <span class='ocrx_word' id='word_1_112' title='bbox 982 1666 1142 1707; x_wconf 88' lang='lat' dir='ltr'><strong>sensu</strong></span> <span class='ocrx_word' id='word_1_113' title='bbox 1164 1649 1448 1704; x_wconf 88' lang='lat' dir='ltr'><strong>sollicitum</strong></span> <span class='ocrx_word' id='word_1_114' title='bbox 1475 1646 1746 1709; x_wconf 86' lang='lat' dir='ltr'><strong>redderet,</strong></span> <span class='ocrx_word' id='word_1_115' title='bbox 1765 1659 1834 1699; x_wconf 90' lang='lat' dir='ltr'><strong>ne</strong></span> 
     </span>
    </p>
   </div>
   <div class='ocr_carea' id='block_1_16' title="bbox 230 1734 1834 1810">
    <p class='ocr_par' dir='ltr' id='par_1_16' title="bbox 230 1734 1834 1810">
     <span class='ocr_line' id='line_1_16' title="bbox 230 1734 1834 1810; baseline -0.011 -4"><span class='ocrx_word' id='word_1_116' title='bbox 230 1747 374 1806; x_wconf 72' lang='lat' dir='ltr'><strong>forte</strong></span> <span class='ocrx_word' id='word_1_117' title='bbox 405 1749 507 1799; x_wconf 89' lang='lat' dir='ltr'><strong>hoe</strong></span> <span class='ocrx_word' id='word_1_118' title='bbox 555 1745 774 1803; x_wconf 80' lang='lat' dir='ltr'><strong>verbum</strong></span> <span class='ocrx_word' id='word_1_119' title='bbox 805 1758 908 1799; x_wconf 90' lang='lat' dir='ltr'><strong>non</strong></span> <span class='ocrx_word' id='word_1_120' title='bbox 937 1741 1007 1797; x_wconf 88' lang='lat' dir='ltr'><strong>de</strong></span> <span class='ocrx_word' id='word_1_121' title='bbox 1030 1739 1345 1810; x_wconf 87' lang='lat' dir='ltr'><strong>negligentia</strong></span> <span class='ocrx_word' id='word_1_122' title='bbox 1380 1735 1667 1792; x_wconf 86' lang='lat' dir='ltr'><strong>locutionis</strong></span> <span class='ocrx_word' id='word_1_123' title='bbox 1687 1775 1704 1801; x_wconf 90' lang='lat'><strong>,</strong></span> <span class='ocrx_word' id='word_1_124' title='bbox 1736 1734 1834 1789; x_wconf 87' lang='lat' dir='ltr'><strong>sed</strong></span> 
     </span>
    </p>
   </div>
   <div class='ocr_carea' id='block_1_17' title="bbox 229 1830 1833 1908">
    <p class='ocr_par' dir='ltr' id='par_1_17' title="bbox 229 1830 1833 1908">
     <span class='ocr_line' id='line_1_17' title="bbox 229 1830 1833 1908; baseline -0.01 -13"><span class='ocrx_word' id='word_1_125' title='bbox 229 1842 302 1895; x_wconf 87' lang='lat' dir='ltr'><strong>de</strong></span> <span class='ocrx_word' id='word_1_126' title='bbox 336 1839 618 1908; x_wconf 71' lang='lat' dir='ltr'><strong>diligentia</strong></span> <span class='ocrx_word' id='word_1_127' title='bbox 664 1835 928 1906; x_wconf 80' lang='lat' dir='ltr'><strong>dogmatis</strong></span> <span class='ocrx_word' id='word_1_128' title='bbox 972 1833 1171 1897; x_wconf 85' lang='lat' dir='ltr'><strong>curarit</strong></span> <span class='ocrx_word' id='word_1_129' title='bbox 1197 1834 1457 1887; x_wconf 73' lang='lat' dir='ltr'><strong>inserere.</strong></span> <span class='ocrx_word' id='word_1_130' title='bbox 1480 1830 1598 1885; x_wconf 86' lang='lat' dir='ltr'><strong>Jam</strong></span> <span class='ocrx_word' id='word_1_131' title='bbox 1625 1843 1686 1883; x_wconf 83' lang='lat' dir='ltr'><strong>ea</strong></span> <span class='ocrx_word' id='word_1_132' title='bbox 1713 1841 1833 1897; x_wconf 65' lang='lat' dir='ltr'><strong>qua:</strong></span> 
     </span>
    </p>
   </div>
   <div class='ocr_carea' id='block_1_18' title="bbox 232 1925 1836 1994">
    <p class='ocr_par' dir='ltr' id='par_1_18' title="bbox 232 1925 1836 1994">
     <span class='ocr_line' id='line_1_18' title="bbox 232 1925 1836 1994; baseline -0.005 -15"><span class='ocrx_word' id='word_1_133' title='bbox 232 1939 443 1993; x_wconf 42' lang='lat' dir='ltr'><strong>nsunt,</strong></span> <span class='ocrx_word' id='word_1_134' title='bbox 477 1928 763 1982; x_wconf 86' lang='lat' dir='ltr'><strong>novissima</strong></span> <span class='ocrx_word' id='word_1_135' title='bbox 784 1969 798 1992; x_wconf 90' lang='lat'><strong>,</strong></span> <span class='ocrx_word' id='word_1_136' title='bbox 828 1926 899 1987; x_wconf 84' lang='lat' dir='ltr'><strong>ita</strong></span> <span class='ocrx_word' id='word_1_137' title='bbox 926 1925 1134 1994; x_wconf 82' lang='lat' dir='ltr'><strong>judices</strong></span> <span class='ocrx_word' id='word_1_138' title='bbox 1159 1929 1587 1988; x_wconf 89' lang='lat' dir='ltr'><strong>commoverunt,</strong></span> <span class='ocrx_word' id='word_1_139' title='bbox 1616 1928 1674 1975; x_wconf 91' lang='lat' dir='ltr'><strong>ut</strong></span> <span class='ocrx_word' id='word_1_140' title='bbox 1711 1926 1836 1973; x_wconf 89' lang='lat' dir='ltr'><strong>ante</strong></span> 
     </span>
    </p>
   </div>
   <div class='ocr_carea' id='block_1_19' title="bbox 232 2016 1512 2094">
    <p class='ocr_par' dir='ltr' id='par_1_19' title="bbox 232 2016 1512 2094">
     <span class='ocr_line' id='line_1_19' title="bbox 232 2016 1512 2094; baseline -0.011 -13"><span class='ocrx_word' id='word_1_141' title='bbox 232 2022 647 2094; x_wconf 58' lang='lat' dir='ltr'><strong>respwnsionem</strong></span> <span class='ocrx_word' id='word_1_142' title='bbox 670 2019 865 2089; x_wconf 77' lang='lat' dir='ltr'><strong>Pelagii</strong></span> <span class='ocrx_word' id='word_1_143' title='bbox 890 2016 1189 2075; x_wconf 86' lang='lat' dir='ltr'><strong>damnanda</strong></span> <span class='ocrx_word' id='word_1_144' title='bbox 1211 2023 1512 2075; x_wconf 88' lang='lat' dir='ltr'><strong>censerent.</strong></span> 
     </span>
    </p>
   </div>
   <div class='ocr_carea' id='block_1_20' title="bbox 309 2103 1834 2175">
    <p class='ocr_par' dir='ltr' id='par_1_20' title="bbox 309 2103 1834 2175">
     <span class='ocr_line' id='line_1_20' title="bbox 309 2103 1834 2175; baseline -0.009 -3"><span class='ocrx_word' id='word_1_145' title='bbox 309 2114 540 2172; x_wconf 77' lang='lat' dir='ltr'><strong>CAPUT</strong></span> <span class='ocrx_word' id='word_1_146' title='bbox 578 2112 763 2173; x_wconf 73' lang='lat' dir='ltr'><strong>XVIII.</strong></span> <span class='ocrx_word' id='word_1_147' title='bbox 810 2140 865 2150; x_wconf 91' lang='lat'><strong><em>—</em></strong></span> <span class='ocrx_word' id='word_1_148' title='bbox 903 2110 993 2167; x_wconf 72' lang='grc'><strong>42.</strong></span> <span class='ocrx_word' id='word_1_149' title='bbox 1032 2109 1166 2164; x_wconf 85' lang='lat' dir='ltr'><strong>Nam</strong></span> <span class='ocrx_word' id='word_1_150' title='bbox 1188 2108 1241 2163; x_wconf 89' lang='lat' dir='ltr'><strong>in</strong></span> <span class='ocrx_word' id='word_1_151' title='bbox 1267 2115 1418 2162; x_wconf 75' lang='lat' dir='ltr'><strong>sexto</strong></span> <span class='ocrx_word' id='word_1_152' title='bbox 1446 2106 1681 2175; x_wconf 88' lang='lat' dir='ltr'><strong>capitulo</strong></span> <span class='ocrx_word' id='word_1_153' title='bbox 1706 2103 1834 2159; x_wconf 77' lang='lat' dir='ltr'><strong>Cm-</strong></span> 
     </span>
    </p>
   </div>
   <div class='ocr_carea' id='block_1_21' title="bbox 236 2196 1836 2275">
    <p class='ocr_par' dir='ltr' id='par_1_21' title="bbox 236 2196 1836 2275">
     <span class='ocr_line' id='line_1_21' title="bbox 236 2196 1836 2275; baseline -0.01 -10"><span class='ocrx_word' id='word_1_154' title='bbox 236 2208 378 2265; x_wconf 86' lang='lat' dir='ltr'><strong>ieslii</strong></span> <span class='ocrx_word' id='word_1_155' title='bbox 410 2207 532 2262; x_wconf 91' lang='lat' dir='ltr'><strong>libri</strong></span> <span class='ocrx_word' id='word_1_156' title='bbox 552 2206 781 2275; x_wconf 88' lang='lat' dir='ltr'><strong>positum</strong></span> <span class='ocrx_word' id='word_1_157' title='bbox 807 2198 1072 2272; x_wconf 82' lang='lat' dir='ltr'><strong>objectum</strong></span> <span class='ocrx_word' id='word_1_158' title='bbox 1105 2208 1207 2267; x_wconf 85' lang='lat' dir='ltr'><strong>est,</strong></span> <span class='ocrx_word' id='word_1_159' title='bbox 1239 2216 1258 2250; x_wconf 74' lang='grc' dir='ltr'><strong>ι</strong></span> <span class='ocrx_word' id='word_1_160' title='bbox 1282 2197 1446 2254; x_wconf 86' lang='lat' dir='ltr'><strong>Filios</strong></span> <span class='ocrx_word' id='word_1_161' title='bbox 1470 2196 1560 2252; x_wconf 90' lang='lat' dir='ltr'><strong>Dei</strong></span> <span class='ocrx_word' id='word_1_162' title='bbox 1582 2212 1685 2249; x_wconf 88' lang='lat' dir='ltr'><strong>non</strong></span> <span class='ocrx_word' id='word_1_163' title='bbox 1711 2210 1836 2264; x_wconf 82' lang='lat' dir='ltr'><strong>pos-</strong></span> 
     </span>
    </p>
   </div>
   <div class='ocr_carea' id='block_1_22' title="bbox 243 2284 1836 2362">
    <p class='ocr_par' dir='ltr' id='par_1_22' title="bbox 243 2284 1836 2362">
     <span class='ocr_line' id='line_1_22' title="bbox 243 2284 1836 2362; baseline -0.011 -8"><span class='ocrx_word' id='word_1_164' title='bbox 243 2316 307 2354; x_wconf 80' lang='lat' dir='ltr'><strong>se</strong></span> <span class='ocrx_word' id='word_1_165' title='bbox 344 2297 562 2362; x_wconf 84' lang='lat' dir='ltr'><strong>vocari,</strong></span> <span class='ocrx_word' id='word_1_166' title='bbox 600 2296 700 2350; x_wconf 88' lang='lat' dir='ltr'><strong>nisi</strong></span> <span class='ocrx_word' id='word_1_167' title='bbox 746 2293 891 2348; x_wconf 84' lang='lat' dir='ltr'><strong>tmtni</strong></span> <span class='ocrx_word' id='word_1_168' title='bbox 932 2291 1092 2347; x_wconf 85' lang='lat' dir='ltr'><strong>modo</strong></span> <span class='ocrx_word' id='word_1_169' title='bbox 1133 2290 1336 2360; x_wconf 82' lang='lat' dir='ltr'><strong>absque</strong></span> <span class='ocrx_word' id='word_1_170' title='bbox 1378 2296 1597 2358; x_wconf 88' lang='lat' dir='ltr'><strong>peccato</strong></span> <span class='ocrx_word' id='word_1_171' title='bbox 1640 2284 1836 2341; x_wconf 76' lang='lat' dir='ltr'><strong>fuerint</strong></span> 
     </span>
    </p>
   </div>
   <div class='ocr_carea' id='block_1_23' title="bbox 243 2378 1839 2451">
    <p class='ocr_par' dir='ltr' id='par_1_23' title="bbox 243 2378 1839 2451">
     <span class='ocr_line' id='line_1_23' title="bbox 243 2378 1839 2451; baseline -0.011 -6"><span class='ocrx_word' id='word_1_172' title='bbox 243 2390 476 2450; x_wconf 68' lang='lat' dir='ltr'><strong>edet-ti.»</strong></span> <span class='ocrx_word' id='word_1_173' title='bbox 518 2387 669 2442; x_wconf 84' lang='lat' dir='ltr'><strong>Unde</strong></span> <span class='ocrx_word' id='word_1_174' title='bbox 704 2383 994 2440; x_wconf 89' lang='lat' dir='ltr'><strong>secundum</strong></span> <span class='ocrx_word' id='word_1_175' title='bbox 1041 2382 1212 2451; x_wconf 73' lang='lat' dir='ltr'><strong>ipsum</strong></span> <span class='ocrx_word' id='word_1_176' title='bbox 1260 2378 1459 2434; x_wconf 88' lang='lat' dir='ltr'><strong>dictum</strong></span> <span class='ocrx_word' id='word_1_177' title='bbox 1511 2387 1615 2443; x_wconf 85' lang='lat' dir='ltr'><strong>est,</strong></span> <span class='ocrx_word' id='word_1_178' title='bbox 1667 2390 1839 2443; x_wconf 88' lang='lat' dir='ltr'><strong>neque</strong></span> 
     </span>
    </p>
   </div>
   <div class='ocr_carea' id='block_1_24' title="bbox 243 2463 1839 2553">
    <p class='ocr_par' dir='ltr' id='par_1_24' title="bbox 243 2463 1839 2553">
     <span class='ocr_line' id='line_1_24' title="bbox 243 2463 1839 2553; baseline -0.011 -19"><span class='ocrx_word' id='word_1_179' title='bbox 243 2482 546 2553; x_wconf 74' lang='lat' dir='ltr'><strong>apostolum</strong></span> <span class='ocrx_word' id='word_1_180' title='bbox 600 2477 819 2532; x_wconf 88' lang='lat' dir='ltr'><strong>Paulum</strong></span> <span class='ocrx_word' id='word_1_181' title='bbox 856 2488 974 2529; x_wconf 86' lang='lat' dir='ltr'><strong>esse</strong></span> <span class='ocrx_word' id='word_1_182' title='bbox 1010 2473 1172 2527; x_wconf 84' lang='lat' dir='ltr'><strong>filium</strong></span> <span class='ocrx_word' id='word_1_183' title='bbox 1220 2470 1336 2534; x_wconf 89' lang='lat' dir='ltr'><strong>Dei,</strong></span> <span class='ocrx_word' id='word_1_184' title='bbox 1369 2469 1459 2539; x_wconf 89' lang='lat' dir='ltr'><strong>qui</strong></span> <span class='ocrx_word' id='word_1_185' title='bbox 1510 2467 1664 2533; x_wconf 80' lang='lat' dir='ltr'><strong>dixit,</strong></span> <span class='ocrx_word' id='word_1_186' title='bbox 1717 2463 1839 2518; x_wconf 85' lang='lat' dir='ltr'><strong>Non</strong></span> 
     </span>
    </p>
   </div>
   <div class='ocr_carea' id='block_1_25' title="bbox 243 2555 1843 2645">
    <p class='ocr_par' dir='ltr' id='par_1_25' title="bbox 243 2555 1843 2645">
     <span class='ocr_line' id='line_1_25' title="bbox 243 2555 1843 2645; baseline -0.011 -19"><span class='ocrx_word' id='word_1_187' title='bbox 243 2574 380 2641; x_wconf 73' lang='lat' dir='ltr'><strong>qiwd</strong></span> <span class='ocrx_word' id='word_1_188' title='bbox 398 2574 513 2645; x_wconf 85' lang='lat' dir='ltr'><strong>jam</strong></span> <span class='ocrx_word' id='word_1_189' title='bbox 546 2568 841 2638; x_wconf 73' lang='lat' dir='ltr'><strong>acceperim,</strong></span> <span class='ocrx_word' id='word_1_190' title='bbox 869 2575 956 2618; x_wconf 87' lang='lat' dir='ltr'><strong>aut</strong></span> <span class='ocrx_word' id='word_1_191' title='bbox 981 2566 1116 2633; x_wconf 82' lang='lat' dir='ltr'><strong>quod</strong></span> <span class='ocrx_word' id='word_1_192' title='bbox 1137 2565 1248 2635; x_wconf 73' lang='lat' dir='ltr'><strong>jam</strong></span> <span class='ocrx_word' id='word_1_193' title='bbox 1280 2561 1528 2631; x_wconf 75' lang='lat' dir='ltr'><strong>perfectus</strong></span> <span class='ocrx_word' id='word_1_194' title='bbox 1560 2559 1658 2613; x_wconf 79' lang='lat' dir='ltr'><strong>sint</strong></span> <span class='ocrx_word' id='word_1_195' title='bbox 1689 2555 1843 2631; x_wconf 82' lang='grc' dir='ltr'><strong>(ΡΙιὶ-</strong></span> 
     </span>
    </p>
   </div>
   <div class='ocr_carea' id='block_1_26' title="bbox 246 2651 1843 2736">
    <p class='ocr_par' dir='ltr' id='par_1_26' title="bbox 246 2651 1843 2736">
     <span class='ocr_line' id='line_1_26' title="bbox 246 2651 1843 2736; baseline -0.01 -17"><span class='ocrx_word' id='word_1_196' title='bbox 246 2668 378 2736; x_wconf 69' lang='lat' dir='ltr'><strong>(ipp.</strong></span> <span class='ocrx_word' id='word_1_197' title='bbox 435 2681 513 2725; x_wconf 87' lang='lat' dir='ltr'><strong>tn,</strong></span> <span class='ocrx_word' id='word_1_198' title='bbox 560 2660 670 2731; x_wconf 71' lang='lat'><strong>12).</strong></span> <span class='ocrx_word' id='word_1_199' title='bbox 712 2659 766 2713; x_wconf 90' lang='lat' dir='ltr'><strong>In</strong></span> <span class='ocrx_word' id='word_1_200' title='bbox 814 2657 1043 2728; x_wconf 83' lang='lat' dir='ltr'><strong>septimo</strong></span> <span class='ocrx_word' id='word_1_201' title='bbox 1083 2654 1336 2725; x_wconf 88' lang='lat' dir='ltr'><strong>capitulo,</strong></span> <span class='ocrx_word' id='word_1_202' title='bbox 1375 2671 1393 2705; x_wconf 87' lang='grc'><em>‹</em></span> <span class='ocrx_word' id='word_1_203' title='bbox 1417 2651 1748 2707; x_wconf 84' lang='lat' dir='ltr'><strong>Oblivionem</strong></span> <span class='ocrx_word' id='word_1_204' title='bbox 1787 2655 1843 2704; x_wconf 88' lang='lat' dir='ltr'><strong>et</strong></span> 
     </span>
    </p>
   </div>
   <div class='ocr_carea' id='block_1_27' title="bbox 247 2747 1843 2829">
    <p class='ocr_par' dir='ltr' id='par_1_27' title="bbox 247 2747 1843 2829">
     <span class='ocr_line' id='line_1_27' title="bbox 247 2747 1843 2829; baseline -0.007 -19"><span class='ocrx_word' id='word_1_205' title='bbox 247 2756 602 2829; x_wconf 73' lang='lat' dir='ltr'><strong>ignorantiam</strong></span> <span class='ocrx_word' id='word_1_206' title='bbox 628 2770 735 2809; x_wconf 91' lang='lat' dir='ltr'><strong>non</strong></span> <span class='ocrx_word' id='word_1_207' title='bbox 762 2753 1037 2821; x_wconf 85' lang='lat' dir='ltr'><strong>subjact-re</strong></span> <span class='ocrx_word' id='word_1_208' title='bbox 1073 2757 1311 2820; x_wconf 86' lang='lat' dir='ltr'><strong>peccato,</strong></span> <span class='ocrx_word' id='word_1_209' title='bbox 1334 2747 1582 2817; x_wconf 87' lang='lat' dir='ltr'><strong>quoniam</strong></span> <span class='ocrx_word' id='word_1_210' title='bbox 1622 2760 1728 2799; x_wconf 93' lang='lat' dir='ltr'><strong>non</strong></span> <span class='ocrx_word' id='word_1_211' title='bbox 1752 2758 1843 2799; x_wconf 88' lang='lat' dir='ltr'><strong>se-</strong></span> 
     </span>
    </p>
   </div>
   <div class='ocr_carea' id='block_1_28' title="bbox 251 2836 1846 2911">
    <p class='ocr_par' dir='ltr' id='par_1_28' title="bbox 251 2836 1846 2911">
     <span class='ocr_line' id='line_1_28' title="bbox 251 2836 1846 2911; baseline -0.009 -7"><span class='ocrx_word' id='word_1_212' title='bbox 251 2847 484 2911; x_wconf 85' lang='lat' dir='ltr'><strong>cundum</strong></span> <span class='ocrx_word' id='word_1_213' title='bbox 515 2847 844 2902; x_wconf 78' lang='lat' dir='ltr'><strong>voluntatem</strong></span> <span class='ocrx_word' id='word_1_214' title='bbox 869 2844 1143 2908; x_wconf 88' lang='lat' dir='ltr'><strong>eveniunt,</strong></span> <span class='ocrx_word' id='word_1_215' title='bbox 1173 2841 1263 2897; x_wconf 88' lang='lat' dir='ltr'><strong>sed</strong></span> <span class='ocrx_word' id='word_1_216' title='bbox 1291 2837 1582 2896; x_wconf 90' lang='lat' dir='ltr'><strong>secundum</strong></span> <span class='ocrx_word' id='word_1_217' title='bbox 1604 2836 1846 2891; x_wconf 62' lang='grc' dir='ltr'><strong>περιξεδί-</strong></span> 
     </span>
    </p>
   </div>
   <div class='ocr_carea' id='block_1_29' title="bbox 257 2928 1847 3001">
    <p class='ocr_par' dir='ltr' id='par_1_29' title="bbox 257 2928 1847 3001">
     <span class='ocr_line' id='line_1_29' title="bbox 257 2928 1847 3001; baseline -0.01 -7"><span class='ocrx_word' id='word_1_218' title='bbox 257 2949 440 2994; x_wconf 87' lang='lat' dir='ltr'><strong>tatem.</strong></span> <span class='ocrx_word' id='word_1_219' title='bbox 472 2956 493 2989; x_wconf 77' lang='grc' dir='ltr'><strong>ι</strong></span> <span class='ocrx_word' id='word_1_220' title='bbox 523 2937 657 2991; x_wconf 89' lang='lat' dir='ltr'><strong>Cum</strong></span> <span class='ocrx_word' id='word_1_221' title='bbox 686 2933 848 2989; x_wconf 87' lang='lat' dir='ltr'><strong>David</strong></span> <span class='ocrx_word' id='word_1_222' title='bbox 874 2933 1055 2995; x_wconf 88' lang='lat' dir='ltr'><strong>dicat,</strong></span> <span class='ocrx_word' id='word_1_223' title='bbox 1090 2930 1283 2985; x_wconf 77' lang='lat' dir='ltr'><strong>Delicta</strong></span> <span class='ocrx_word' id='word_1_224' title='bbox 1303 2928 1584 3001; x_wconf 79' lang='lat' dir='ltr'><strong>juventutis</strong></span> <span class='ocrx_word' id='word_1_225' title='bbox 1620 2940 1743 2980; x_wconf 77' lang='lat' dir='ltr'><strong>mea:</strong></span> <span class='ocrx_word' id='word_1_226' title='bbox 1783 2941 1847 2979; x_wconf 84' lang='lat' dir='ltr'><strong>ne</strong></span> 
     </span>
    </p>
   </div>
   <div class='ocr_carea' id='block_1_30' title="bbox 250 3018 1845 3099">
    <p class='ocr_par' dir='ltr' id='par_1_30' title="bbox 250 3018 1845 3099">
     <span class='ocr_line' id='line_1_30' title="bbox 250 3018 1845 3099; baseline -0.008 -14"><span class='ocrx_word' id='word_1_227' title='bbox 250 3030 537 3085; x_wconf 75' lang='lat' dir='ltr'><strong>memineris</strong></span> <span class='ocrx_word' id='word_1_228' title='bbox 565 3036 611 3082; x_wconf 84' lang='lat' dir='ltr'><strong>et</strong></span> <span class='ocrx_word' id='word_1_229' title='bbox 641 3026 940 3099; x_wconf 66' lang='lat' dir='ltr'><strong>ignorantia!</strong></span> <span class='ocrx_word' id='word_1_230' title='bbox 978 3041 1100 3080; x_wconf 79' lang='lat' dir='ltr'><strong>mea:</strong></span> <span class='ocrx_word' id='word_1_231' title='bbox 1124 3023 1295 3096; x_wconf 78' lang='lat' dir='ltr'><strong>(Psal.</strong></span> <span class='ocrx_word' id='word_1_232' title='bbox 1322 3034 1472 3089; x_wconf 74' lang='lat' dir='ltr'><strong>utv,</strong></span> <span class='ocrx_word' id='word_1_233' title='bbox 1497 3018 1554 3095; x_wconf 81' lang='lat'><strong>7)</strong></span> <span class='ocrx_word' id='word_1_234' title='bbox 1588 3037 1602 3074; x_wconf 90' lang='lat'><strong>:</strong></span> <span class='ocrx_word' id='word_1_235' title='bbox 1631 3028 1687 3074; x_wconf 90' lang='lat' dir='ltr'><strong>et</strong></span> <span class='ocrx_word' id='word_1_236' title='bbox 1723 3033 1845 3074; x_wconf 90' lang='lat' dir='ltr'><strong>cum</strong></span> 
     </span>
    </p>
   </div>
   <div class='ocr_carea' id='block_1_31' title="bbox 252 3107 1844 3191">
    <p class='ocr_par' dir='ltr' id='par_1_31' title="bbox 252 3107 1844 3191">
     <span class='ocr_line' id='line_1_31' title="bbox 252 3107 1844 3191; baseline -0.008 -15"><span class='ocrx_word' id='word_1_237' title='bbox 252 3122 304 3177; x_wconf 90' lang='lat' dir='ltr'><strong>in</strong></span> <span class='ocrx_word' id='word_1_238' title='bbox 330 3122 446 3191; x_wconf 82' lang='lat' dir='ltr'><strong>lege</strong></span> <span class='ocrx_word' id='word_1_239' title='bbox 474 3118 736 3174; x_wconf 73' lang='lat' dir='ltr'><strong>sacriﬁcia</strong></span> <span class='ocrx_word' id='word_1_240' title='bbox 766 3132 863 3187; x_wconf 89' lang='lat' dir='ltr'><strong>pro</strong></span> <span class='ocrx_word' id='word_1_241' title='bbox 891 3114 1182 3186; x_wconf 77' lang='lat' dir='ltr'><strong>ignorantia</strong></span> <span class='ocrx_word' id='word_1_242' title='bbox 1213 3115 1350 3169; x_wconf 85' lang='lat' dir='ltr'><strong>sicut</strong></span> <span class='ocrx_word' id='word_1_243' title='bbox 1385 3128 1481 3182; x_wconf 88' lang='lat' dir='ltr'><strong>pro</strong></span> <span class='ocrx_word' id='word_1_244' title='bbox 1515 3117 1734 3182; x_wconf 86' lang='lat' dir='ltr'><strong>peccato</strong></span> <span class='ocrx_word' id='word_1_245' title='bbox 1760 3107 1844 3164; x_wconf 83' lang='lat' dir='ltr'><strong>of-</strong></span> 
     </span>
    </p>
   </div>
   <div class='ocr_carea' id='block_1_32' title="bbox 253 3198 1847 3281">
    <p class='ocr_par' dir='ltr' id='par_1_32' title="bbox 253 3198 1847 3281">
     <span class='ocr_line' id='line_1_32' title="bbox 253 3198 1847 3281; baseline -0.006 -15"><span class='ocrx_word' id='word_1_246' title='bbox 253 3212 491 3267; x_wconf 77' lang='lat' dir='ltr'><strong>ferantur</strong></span> <span class='ocrx_word' id='word_1_247' title='bbox 519 3207 703 3281; x_wconf 77' lang='lat' dir='ltr'><strong>(Levit.</strong></span> <span class='ocrx_word' id='word_1_248' title='bbox 725 3206 827 3279; x_wconf 84' lang='lat' dir='ltr'><strong>tv).</strong></span> <span class='ocrx_word' id='word_1_249' title='bbox 850 3206 906 3261; x_wconf 88' lang='lat' dir='ltr'><strong>in</strong></span> <span class='ocrx_word' id='word_1_250' title='bbox 926 3205 1134 3261; x_wconf 83' lang='lat' dir='ltr'><strong>decimo</strong></span> <span class='ocrx_word' id='word_1_251' title='bbox 1161 3203 1415 3275; x_wconf 87' lang='lat' dir='ltr'><strong>capitulo,</strong></span> <span class='ocrx_word' id='word_1_252' title='bbox 1449 3221 1467 3255; x_wconf 79' lang='grc' dir='ltr'><strong>ι</strong></span> <span class='ocrx_word' id='word_1_253' title='bbox 1487 3201 1604 3258; x_wconf 83' lang='lat' dir='ltr'><strong>Non</strong></span> <span class='ocrx_word' id='word_1_254' title='bbox 1628 3214 1750 3257; x_wconf 88' lang='lat' dir='ltr'><strong>esse</strong></span> <span class='ocrx_word' id='word_1_255' title='bbox 1776 3198 1847 3257; x_wconf 90' lang='lat' dir='ltr'><strong>li-</strong></span> 
     </span>
    </p>
   </div>
   <div class='ocr_carea' id='block_1_33' title="bbox 254 3290 1846 3366">
    <p class='ocr_par' dir='ltr' id='par_1_33' title="bbox 254 3290 1846 3366">
     <span class='ocr_line' id='line_1_33' title="bbox 254 3290 1846 3366; baseline -0.009 -7"><span class='ocrx_word' id='word_1_256' title='bbox 254 3303 442 3359; x_wconf 84' lang='lat' dir='ltr'><strong>berum</strong></span> <span class='ocrx_word' id='word_1_257' title='bbox 467 3300 769 3363; x_wconf 83' lang='lat' dir='ltr'><strong>arbitrium,</strong></span> <span class='ocrx_word' id='word_1_258' title='bbox 798 3298 843 3353; x_wconf 91' lang='lat' dir='ltr'><strong>si</strong></span> <span class='ocrx_word' id='word_1_259' title='bbox 872 3296 965 3352; x_wconf 90' lang='lat' dir='ltr'><strong>Dei</strong></span> <span class='ocrx_word' id='word_1_260' title='bbox 994 3296 1230 3366; x_wconf 78' lang='lat' dir='ltr'><strong>indigeat</strong></span> <span class='ocrx_word' id='word_1_261' title='bbox 1253 3294 1477 3360; x_wconf 78' lang='lat' dir='ltr'><strong>auxilio,</strong></span> <span class='ocrx_word' id='word_1_262' title='bbox 1501 3292 1751 3361; x_wconf 89' lang='lat' dir='ltr'><strong>quoniam</strong></span> <span class='ocrx_word' id='word_1_263' title='bbox 1793 3290 1846 3345; x_wconf 92' lang='lat' dir='ltr'><strong>in</strong></span> 
     </span>
    </p>
   </div>
   <div class='ocr_carea' id='block_1_34' title="bbox 255 3369 1843 3464">
    <p class='ocr_par' dir='ltr' id='par_1_34' title="bbox 255 3369 1843 3464">
     <span class='ocr_line' id='line_1_34' title="bbox 255 3369 1843 3464; baseline -0.009 -15"><span class='ocrx_word' id='word_1_264' title='bbox 255 3394 467 3464; x_wconf 88' lang='lat' dir='ltr'><strong>propria</strong></span> <span class='ocrx_word' id='word_1_265' title='bbox 483 3392 758 3451; x_wconf 78' lang='lat' dir='ltr'><strong>voluntate</strong></span> <span class='ocrx_word' id='word_1_266' title='bbox 774 3387 1308 3458; x_wconf 84' lang='lat' dir='ltr'><strong>habetunnsquisque</strong></span> <span class='ocrx_word' id='word_1_267' title='bbox 1319 3393 1409 3440; x_wconf 90' lang='lat' dir='ltr'><strong>aut</strong></span> <span class='ocrx_word' id='word_1_268' title='bbox 1431 3369 1843 3453; x_wconf 31' lang='lat' dir='ltr'><strong>facereAaliquid,</strong></span> 
     </span>
    </p>
   </div>
   <div class='ocr_carea' id='block_1_35' title="bbox 255 3473 1847 3551">
    <p class='ocr_par' dir='ltr' id='par_1_35' title="bbox 255 3473 1847 3551">
     <span class='ocr_line' id='line_1_35' title="bbox 255 3473 1847 3551; baseline -0.009 -10"><span class='ocrx_word' id='word_1_269' title='bbox 255 3495 345 3542; x_wconf 81' lang='lat' dir='ltr'><strong>aut</strong></span> <span class='ocrx_word' id='word_1_270' title='bbox 372 3500 480 3540; x_wconf 88' lang='lat' dir='ltr'><strong>non</strong></span> <span class='ocrx_word' id='word_1_271' title='bbox 512 3482 714 3538; x_wconf 86' lang='lat' dir='ltr'><strong>facere.</strong></span> <span class='ocrx_word' id='word_1_272' title='bbox 752 3501 773 3535; x_wconf 78' lang='grc' dir='ltr'><strong>ι</strong></span> <span class='ocrx_word' id='word_1_273' title='bbox 806 3481 864 3536; x_wconf 86' lang='lat' dir='ltr'><strong>lu</strong></span> <span class='ocrx_word' id='word_1_274' title='bbox 890 3479 1207 3551; x_wconf 88' lang='lat' dir='ltr'><strong>duodecimo</strong></span> <span class='ocrx_word' id='word_1_275' title='bbox 1233 3476 1484 3547; x_wconf 87' lang='lat' dir='ltr'><strong>capitulo,</strong></span> <span class='ocrx_word' id='word_1_276' title='bbox 1514 3494 1533 3526; x_wconf 75' lang='grc' dir='ltr'><strong>ι</strong></span> <span class='ocrx_word' id='word_1_277' title='bbox 1558 3473 1847 3531; x_wconf 78' lang='lat' dir='ltr'><strong>Victoriam</strong></span> 
     </span>
    </p>
   </div>
   <div class='ocr_carea' id='block_1_36' title="bbox 256 3565 1851 3647">
    <p class='ocr_par' dir='ltr' id='par_1_36' title="bbox 256 3565 1851 3647">
     <span class='ocr_line' id='line_1_36' title="bbox 256 3565 1851 3647; baseline -0.008 -15"><span class='ocrx_word' id='word_1_278' title='bbox 256 3586 492 3647; x_wconf 79' lang='lat' dir='ltr'><strong>nostram</strong></span> <span class='ocrx_word' id='word_1_279' title='bbox 517 3591 623 3630; x_wconf 92' lang='lat' dir='ltr'><strong>non</strong></span> <span class='ocrx_word' id='word_1_280' title='bbox 651 3590 720 3629; x_wconf 80' lang='lat' dir='ltr'><strong>ex</strong></span> <span class='ocrx_word' id='word_1_281' title='bbox 748 3574 841 3629; x_wconf 85' lang='lat' dir='ltr'><strong>Dei</strong></span> <span class='ocrx_word' id='word_1_282' title='bbox 863 3587 982 3629; x_wconf 85' lang='lat' dir='ltr'><strong>esse</strong></span> <span class='ocrx_word' id='word_1_283' title='bbox 1006 3570 1292 3641; x_wconf 82' lang='lat' dir='ltr'><strong>adjutorio,</strong></span> <span class='ocrx_word' id='word_1_284' title='bbox 1316 3569 1409 3624; x_wconf 88' lang='lat' dir='ltr'><strong>sed</strong></span> <span class='ocrx_word' id='word_1_285' title='bbox 1426 3584 1492 3631; x_wconf 74' lang='lat' dir='ltr'><strong>ex</strong></span> <span class='ocrx_word' id='word_1_286' title='bbox 1510 3567 1679 3622; x_wconf 87' lang='lat' dir='ltr'><strong>libero</strong></span> <span class='ocrx_word' id='word_1_287' title='bbox 1705 3565 1851 3620; x_wconf 83' lang='lat' dir='ltr'><strong>arbi-</strong></span> 
     </span>
    </p>
   </div>
   <div class='ocr_carea' id='block_1_37' title="bbox 259 3656 1879 3737">
    <p class='ocr_par' dir='ltr' id='par_1_37' title="bbox 259 3656 1879 3737">
     <span class='ocr_line' id='line_1_37' title="bbox 259 3656 1879 3737; baseline -0.006 -17"><span class='ocrx_word' id='word_1_288' title='bbox 259 3667 361 3727; x_wconf 85' lang='lat' dir='ltr'><strong>trio</strong></span> <span class='ocrx_word' id='word_1_289' title='bbox 391 3684 407 3722; x_wconf 91' lang='lat'><strong>:</strong></span> <span class='ocrx_word' id='word_1_290' title='bbox 445 3686 465 3718; x_wconf 86' lang='grc' dir='ltr'><strong>ι</strong></span> <span class='ocrx_word' id='word_1_291' title='bbox 496 3665 638 3737; x_wconf 88' lang='lat' dir='ltr'><strong>quod</strong></span> <span class='ocrx_word' id='word_1_292' title='bbox 661 3663 859 3720; x_wconf 85' lang='lat' dir='ltr'><strong>inferre</strong></span> <span class='ocrx_word' id='word_1_293' title='bbox 884 3663 1057 3718; x_wconf 90' lang='lat' dir='ltr'><strong>dictus</strong></span> <span class='ocrx_word' id='word_1_294' title='bbox 1085 3674 1164 3717; x_wconf 91' lang='lat' dir='ltr'><strong>est</strong></span> <span class='ocrx_word' id='word_1_295' title='bbox 1182 3661 1265 3715; x_wconf 92' lang='lat' dir='ltr'><strong>his</strong></span> <span class='ocrx_word' id='word_1_296' title='bbox 1286 3659 1483 3724; x_wconf 81' lang='lat' dir='ltr'><strong>verbis,</strong></span> <span class='ocrx_word' id='word_1_297' title='bbox 1512 3676 1531 3709; x_wconf 77' lang='grc' dir='ltr'><strong>ι</strong></span> <span class='ocrx_word' id='word_1_298' title='bbox 1549 3656 1741 3713; x_wconf 86' lang='lat' dir='ltr'><strong>Nostra</strong></span> <span class='ocrx_word' id='word_1_299' title='bbox 1769 3664 1879 3721; x_wconf 90' lang='lat' dir='ltr'><strong>est_</strong></span> 
     </span>
    </p>
   </div>
   <div class='ocr_carea' id='block_1_38' title="bbox 258 3746 1851 3826">
    <p class='ocr_par' dir='ltr' id='par_1_38' title="bbox 258 3746 1851 3826">
     <span class='ocr_line' id='line_1_38' title="bbox 258 3746 1851 3826; baseline -0.006 -17"><span class='ocrx_word' id='word_1_300' title='bbox 258 3756 507 3822; x_wconf 81' lang='lat' dir='ltr'><strong>victoria,</strong></span> <span class='ocrx_word' id='word_1_301' title='bbox 560 3755 810 3826; x_wconf 86' lang='lat' dir='ltr'><strong>quoniam</strong></span> <span class='ocrx_word' id='word_1_302' title='bbox 850 3753 1061 3824; x_wconf 87' lang='lat' dir='ltr'><strong>propria</strong></span> <span class='ocrx_word' id='word_1_303' title='bbox 1108 3751 1378 3806; x_wconf 88' lang='lat' dir='ltr'><strong>voluntate</strong></span> <span class='ocrx_word' id='word_1_304' title='bbox 1418 3763 1568 3803; x_wconf 84' lang='lat' dir='ltr'><strong>arma</strong></span> <span class='ocrx_word' id='word_1_305' title='bbox 1612 3746 1851 3816; x_wconf 84' lang='lat' dir='ltr'><strong>suscepi-</strong></span> 
     </span>
    </p>
   </div>
   <div class='ocr_carea' id='block_1_39' title="bbox 259 3837 1849 3912">
    <p class='ocr_par' dir='ltr' id='par_1_39' title="bbox 259 3837 1849 3912">
     <span class='ocr_line' id='line_1_39' title="bbox 259 3837 1849 3912; baseline -0.006 -13"><span class='ocrx_word' id='word_1_306' title='bbox 259 3860 412 3912; x_wconf 81' lang='lat' dir='ltr'><strong>mus;</strong></span> <span class='ocrx_word' id='word_1_307' title='bbox 442 3846 582 3900; x_wconf 90' lang='lat' dir='ltr'><strong>sicut</strong></span> <span class='ocrx_word' id='word_1_308' title='bbox 604 3861 636 3899; x_wconf 92' lang='lat' dir='ltr'><strong>e</strong></span> <span class='ocrx_word' id='word_1_309' title='bbox 664 3845 933 3901; x_wconf 88' lang='lat' dir='ltr'><strong>contrario</strong></span> <span class='ocrx_word' id='word_1_310' title='bbox 950 3851 1192 3897; x_wconf 85' lang='lat' dir='ltr'><strong>nostrum</strong></span> <span class='ocrx_word' id='word_1_311' title='bbox 1221 3851 1305 3896; x_wconf 91' lang='lat' dir='ltr'><strong>est</strong></span> <span class='ocrx_word' id='word_1_312' title='bbox 1332 3838 1546 3909; x_wconf 84' lang='lat' dir='ltr'><strong>quando</strong></span> <span class='ocrx_word' id='word_1_313' title='bbox 1570 3837 1849 3904; x_wconf 89' lang='lat' dir='ltr'><strong>vincimur,</strong></span> 
     </span>
    </p>
   </div>
   <div class='ocr_carea' id='block_1_40' title="bbox 258 3929 1855 4008">
    <p class='ocr_par' dir='ltr' id='par_1_40' title="bbox 258 3929 1855 4008">
     <span class='ocr_line' id='line_1_40' title="bbox 258 3929 1855 4008; baseline -0.004 -18"><span class='ocrx_word' id='word_1_314' title='bbox 258 3937 512 4008; x_wconf 87' lang='lat' dir='ltr'><strong>quoniam</strong></span> <span class='ocrx_word' id='word_1_315' title='bbox 542 3936 737 3990; x_wconf 85' lang='lat' dir='ltr'><strong>armari</strong></span> <span class='ocrx_word' id='word_1_316' title='bbox 763 3935 974 4005; x_wconf 86' lang='lat' dir='ltr'><strong>propria</strong></span> <span class='ocrx_word' id='word_1_317' title='bbox 997 3934 1265 3988; x_wconf 89' lang='lat' dir='ltr'><strong>voluntate</strong></span> <span class='ocrx_word' id='word_1_318' title='bbox 1289 3930 1761 4001; x_wconf 65' lang='lat' dir='ltr'><strong>contempsimus.»</strong></span> <span class='ocrx_word' id='word_1_319' title='bbox 1790 3929 1855 3983; x_wconf 87' lang='lat' dir='ltr'><strong>Et</strong></span> 
     </span>
    </p>
   </div>
   <div class='ocr_carea' id='block_1_41' title="bbox 259 4020 1854 4097">
    <p class='ocr_par' dir='ltr' id='par_1_41' title="bbox 259 4020 1854 4097">
     <span class='ocr_line' id='line_1_41' title="bbox 259 4020 1854 4097; baseline -0.006 -12"><span class='ocrx_word' id='word_1_320' title='bbox 259 4028 329 4085; x_wconf 87' lang='lat' dir='ltr'><strong>de</strong></span> <span class='ocrx_word' id='word_1_321' title='bbox 364 4026 611 4097; x_wconf 84' lang='lat' dir='ltr'><strong>apostolo</strong></span> <span class='ocrx_word' id='word_1_322' title='bbox 642 4026 806 4082; x_wconf 90' lang='lat' dir='ltr'><strong>Petro</strong></span> <span class='ocrx_word' id='word_1_323' title='bbox 845 4025 1024 4096; x_wconf 87' lang='lat' dir='ltr'><strong>posuit</strong></span> <span class='ocrx_word' id='word_1_324' title='bbox 1072 4023 1455 4090; x_wconf 81' lang='lat' dir='ltr'><strong>testiinonium,</strong></span> <span class='ocrx_word' id='word_1_325' title='bbox 1484 4040 1503 4074; x_wconf 82' lang='grc' dir='ltr'><strong>ι</strong></span> <span class='ocrx_word' id='word_1_326' title='bbox 1527 4020 1718 4075; x_wconf 62' lang='lat' dir='ltr'><strong>divinae</strong></span> <span class='ocrx_word' id='word_1_327' title='bbox 1752 4036 1854 4077; x_wconf 89' lang='lat' dir='ltr'><strong>nos</strong></span> 
     </span>
    </p>
   </div>
   <div class='ocr_carea' id='block_1_42' title="bbox 259 4113 1856 4190">
    <p class='ocr_par' dir='ltr' id='par_1_42' title="bbox 259 4113 1856 4190">
     <span class='ocr_line' id='line_1_42' title="bbox 259 4113 1856 4190; baseline -0.005 -14"><span class='ocrx_word' id='word_1_328' title='bbox 259 4135 383 4176; x_wconf 89' lang='lat' dir='ltr'><strong>esse</strong></span> <span class='ocrx_word' id='word_1_329' title='bbox 434 4128 720 4175; x_wconf 79' lang='lat' dir='ltr'><strong>consortes</strong></span> <span class='ocrx_word' id='word_1_330' title='bbox 754 4128 957 4174; x_wconf 80' lang='lat' dir='ltr'><strong>natura:</strong></span> <span class='ocrx_word' id='word_1_331' title='bbox 991 4136 1011 4170; x_wconf 83' lang='grc' dir='ltr'><strong>ι</strong></span> <span class='ocrx_word' id='word_1_332' title='bbox 1048 4116 1113 4190; x_wconf 85' lang='lat' dir='ltr'><strong>(ll</strong></span> <span class='ocrx_word' id='word_1_333' title='bbox 1142 4115 1288 4171; x_wconf 65' lang='lat' dir='ltr'><strong>Patr.</strong></span> <span class='ocrx_word' id='word_1_334' title='bbox 1330 4132 1368 4179; x_wconf 87' lang='grc' dir='ltr'>ι,</span> <span class='ocrx_word' id='word_1_335' title='bbox 1422 4115 1502 4187; x_wconf 76' lang='grc'><strong>4).</strong></span> <span class='ocrx_word' id='word_1_336' title='bbox 1539 4115 1604 4170; x_wconf 86' lang='lat' dir='ltr'><strong>Et</strong></span> <span class='ocrx_word' id='word_1_337' title='bbox 1640 4113 1856 4186; x_wconf 85' lang='lat' dir='ltr'><strong>syllogi-</strong></span> 
     </span>
    </p>
   </div>
   <div class='ocr_carea' id='block_1_43' title="bbox 258 4207 1858 4278">
    <p class='ocr_par' dir='ltr' id='par_1_43' title="bbox 258 4207 1858 4278">
     <span class='ocr_line' id='line_1_43' title="bbox 258 4207 1858 4278; baseline -0.003 -13"><span class='ocrx_word' id='word_1_338' title='bbox 258 4227 437 4267; x_wconf 85' lang='lat' dir='ltr'><strong>smum</strong></span> <span class='ocrx_word' id='word_1_339' title='bbox 476 4209 655 4265; x_wconf 86' lang='lat' dir='ltr'><strong>facere</strong></span> <span class='ocrx_word' id='word_1_340' title='bbox 682 4210 912 4265; x_wconf 89' lang='lat' dir='ltr'><strong>dicitur:</strong></span> <span class='ocrx_word' id='word_1_341' title='bbox 948 4228 967 4263; x_wconf 76' lang='grc' dir='ltr'><strong>ι</strong></span> <span class='ocrx_word' id='word_1_342' title='bbox 990 4209 1248 4278; x_wconf 76' lang='lat' dir='ltr'><strong>Quoniam</strong></span> <span class='ocrx_word' id='word_1_343' title='bbox 1273 4208 1320 4263; x_wconf 91' lang='lat' dir='ltr'><strong>si</strong></span> <span class='ocrx_word' id='word_1_344' title='bbox 1348 4207 1522 4262; x_wconf 87' lang='lat' dir='ltr'><strong>anima</strong></span> <span class='ocrx_word' id='word_1_345' title='bbox 1552 4222 1654 4261; x_wconf 91' lang='lat' dir='ltr'><strong>non</strong></span> <span class='ocrx_word' id='word_1_346' title='bbox 1683 4214 1858 4277; x_wconf 90' lang='lat' dir='ltr'><strong>potest</strong></span> 
     </span>
    </p>
   </div>
   <div class='ocr_carea' id='block_1_44' title="bbox 260 4299 1854 4372">
    <p class='ocr_par' dir='ltr' id='par_1_44' title="bbox 260 4299 1854 4372">
     <span class='ocr_line' id='line_1_44' title="bbox 260 4299 1854 4372; baseline -0.004 -13"><span class='ocrx_word' id='word_1_347' title='bbox 260 4319 384 4359; x_wconf 87' lang='lat' dir='ltr'><strong>esse</strong></span> <span class='ocrx_word' id='word_1_348' title='bbox 430 4303 550 4357; x_wconf 73' lang='lat' dir='ltr'><strong>sine</strong></span> <span class='ocrx_word' id='word_1_349' title='bbox 590 4312 828 4372; x_wconf 86' lang='lat' dir='ltr'><strong>peccato,</strong></span> <span class='ocrx_word' id='word_1_350' title='bbox 860 4315 990 4372; x_wconf 87' lang='lat' dir='ltr'><strong>ergo</strong></span> <span class='ocrx_word' id='word_1_351' title='bbox 1037 4309 1093 4356; x_wconf 90' lang='lat' dir='ltr'><strong>et</strong></span> <span class='ocrx_word' id='word_1_352' title='bbox 1140 4301 1278 4356; x_wconf 90' lang='lat' dir='ltr'><strong>Deus</strong></span> <span class='ocrx_word' id='word_1_353' title='bbox 1329 4299 1569 4368; x_wconf 85' lang='lat' dir='ltr'><strong>subjacet</strong></span> <span class='ocrx_word' id='word_1_354' title='bbox 1615 4307 1854 4369; x_wconf 66' lang='lat' dir='ltr'><strong>peceato,</strong></span> 
     </span>
    </p>
   </div>
   <div class='ocr_carea' id='block_1_45' title="bbox 262 4390 1853 4464">
    <p class='ocr_par' dir='ltr' id='par_1_45' title="bbox 262 4390 1853 4464">
     <span class='ocr_line' id='line_1_45' title="bbox 262 4390 1853 4464; baseline -0.003 -16"><span class='ocrx_word' id='word_1_355' title='bbox 262 4396 417 4463; x_wconf 74' lang='lat' dir='ltr'><strong>Cujus</strong></span> <span class='ocrx_word' id='word_1_356' title='bbox 454 4407 600 4463; x_wconf 81' lang='lat' dir='ltr'><strong>pars,</strong></span> <span class='ocrx_word' id='word_1_357' title='bbox 629 4393 732 4448; x_wconf 88' lang='lat' dir='ltr'><strong>hoc</strong></span> <span class='ocrx_word' id='word_1_358' title='bbox 757 4402 839 4447; x_wconf 84' lang='lat' dir='ltr'><strong>est</strong></span> <span class='ocrx_word' id='word_1_359' title='bbox 866 4393 1039 4446; x_wconf 87' lang='lat' dir='ltr'><strong>anima</strong></span> <span class='ocrx_word' id='word_1_360' title='bbox 1064 4432 1077 4458; x_wconf 94' lang='lat'><strong>,</strong></span> <span class='ocrx_word' id='word_1_361' title='bbox 1111 4400 1331 4464; x_wconf 80' lang='lat' dir='ltr'><strong>peccato</strong></span> <span class='ocrx_word' id='word_1_362' title='bbox 1353 4391 1585 4447; x_wconf 78' lang='lat' dir='ltr'><strong>obnoxia</strong></span> <span class='ocrx_word' id='word_1_363' title='bbox 1609 4401 1710 4446; x_wconf 87' lang='lat' dir='ltr'><strong>est.</strong></span> <span class='ocrx_word' id='word_1_364' title='bbox 1746 4409 1763 4442; x_wconf 75' lang='grc' dir='ltr'><strong>ι</strong></span> <span class='ocrx_word' id='word_1_365' title='bbox 1799 4390 1853 4445; x_wconf 86' lang='lat' dir='ltr'><strong>ln</strong></span> 
     </span>
    </p>
   </div>
   <div class='ocr_carea' id='block_1_46' title="bbox 263 4481 1853 4553">
    <p class='ocr_par' dir='ltr' id='par_1_46' title="bbox 263 4481 1853 4553">
     <span class='ocr_line' id='line_1_46' title="bbox 263 4481 1853 4553; baseline -0.002 -14"><span class='ocrx_word' id='word_1_366' title='bbox 263 4486 425 4540; x_wconf 87' lang='lat' dir='ltr'><strong>tertio</strong></span> <span class='ocrx_word' id='word_1_367' title='bbox 450 4485 661 4540; x_wconf 89' lang='lat' dir='ltr'><strong>decimo</strong></span> <span class='ocrx_word' id='word_1_368' title='bbox 687 4483 920 4552; x_wconf 88' lang='lat' dir='ltr'><strong>capitulo</strong></span> <span class='ocrx_word' id='word_1_369' title='bbox 944 4483 1093 4549; x_wconf 88' lang='lat' dir='ltr'><strong>dicit,</strong></span> <span class='ocrx_word' id='word_1_370' title='bbox 1124 4502 1142 4536; x_wconf 78' lang='grc' dir='ltr'><strong>ι</strong></span> <span class='ocrx_word' id='word_1_371' title='bbox 1180 4482 1438 4551; x_wconf 87' lang='lat' dir='ltr'><strong>Quoniam</strong></span> <span class='ocrx_word' id='word_1_372' title='bbox 1469 4481 1853 4553; x_wconf 70' lang='lat' dir='ltr'><strong>pinnitentibus</strong></span> 
     </span>
    </p>
   </div>
   <div class='ocr_carea' id='block_1_47' title="bbox 263 4576 1857 4647">
    <p class='ocr_par' dir='ltr' id='par_1_47' title="bbox 263 4576 1857 4647">
     <span class='ocr_line' id='line_1_47' title="bbox 263 4576 1857 4647; baseline 0 -18"><span class='ocrx_word' id='word_1_373' title='bbox 263 4577 420 4632; x_wconf 72' lang='lat' dir='ltr'><strong>venia</strong></span> <span class='ocrx_word' id='word_1_374' title='bbox 442 4592 549 4632; x_wconf 90' lang='lat' dir='ltr'><strong>non</strong></span> <span class='ocrx_word' id='word_1_375' title='bbox 591 4578 748 4632; x_wconf 88' lang='lat' dir='ltr'><strong>datur</strong></span> <span class='ocrx_word' id='word_1_376' title='bbox 776 4576 1067 4632; x_wconf 88' lang='lat' dir='ltr'><strong>secundum</strong></span> <span class='ocrx_word' id='word_1_377' title='bbox 1097 4577 1318 4647; x_wconf 77' lang='lat' dir='ltr'><strong>gratiam</strong></span> <span class='ocrx_word' id='word_1_378' title='bbox 1340 4586 1403 4632; x_wconf 86' lang='lat' dir='ltr'><strong>et</strong></span> <span class='ocrx_word' id='word_1_379' title='bbox 1438 4576 1857 4631; x_wconf 73' lang='lat' dir='ltr'><strong>misericordiam</strong></span> 
     </span>
    </p>
   </div>
   <div class='ocr_carea' id='block_1_48' title="bbox 264 4668 1860 4738">
    <p class='ocr_par' dir='ltr' id='par_1_48' title="bbox 264 4668 1860 4738">
     <span class='ocr_line' id='line_1_48' title="bbox 264 4668 1860 4738; baseline -0.003 -12"><span class='ocrx_word' id='word_1_380' title='bbox 264 4670 386 4738; x_wconf 83' lang='lat' dir='ltr'><strong>Dei,</strong></span> <span class='ocrx_word' id='word_1_381' title='bbox 416 4670 512 4726; x_wconf 86' lang='lat' dir='ltr'><strong>sed</strong></span> <span class='ocrx_word' id='word_1_382' title='bbox 539 4670 833 4725; x_wconf 86' lang='lat' dir='ltr'><strong>secundum</strong></span> <span class='ocrx_word' id='word_1_383' title='bbox 857 4669 1044 4724; x_wconf 88' lang='lat' dir='ltr'><strong>merita</strong></span> <span class='ocrx_word' id='word_1_384' title='bbox 1076 4678 1129 4724; x_wconf 90' lang='lat' dir='ltr'><strong>et</strong></span> <span class='ocrx_word' id='word_1_385' title='bbox 1146 4669 1379 4724; x_wconf 85' lang='lat' dir='ltr'><strong>laborem</strong></span> <span class='ocrx_word' id='word_1_386' title='bbox 1409 4674 1628 4734; x_wconf 79' lang='lat' dir='ltr'><strong>eorum;</strong></span> <span class='ocrx_word' id='word_1_387' title='bbox 1646 4668 1736 4738; x_wconf 90' lang='lat' dir='ltr'><strong>qui</strong></span> <span class='ocrx_word' id='word_1_388' title='bbox 1768 4683 1860 4736; x_wconf 76' lang='lat' dir='ltr'><strong>per</strong></span> 
     </span>
    </p>
   </div>
   <div class='ocr_carea' id='block_1_49' title="bbox 262 4758 1487 4833">
    <p class='ocr_par' dir='ltr' id='par_1_49' title="bbox 262 4758 1487 4833">
     <span class='ocr_line' id='line_1_49' title="bbox 262 4758 1487 4833; baseline -0.003 -18"><span class='ocrx_word' id='word_1_389' title='bbox 262 4763 636 4833; x_wconf 65' lang='lat' dir='ltr'><strong>paenitentiam</strong></span> <span class='ocrx_word' id='word_1_390' title='bbox 658 4761 803 4828; x_wconf 78' lang='lat' dir='ltr'><strong>digni</strong></span> <span class='ocrx_word' id='word_1_391' title='bbox 834 4759 1027 4814; x_wconf 86' lang='lat' dir='ltr'><strong>fuerint</strong></span> <span class='ocrx_word' id='word_1_392' title='bbox 1049 4758 1430 4833; x_wconf 72' lang='lat' dir='ltr'><strong>misericordia.</strong></span> <span class='ocrx_word' id='word_1_393' title='bbox 1470 4777 1487 4811; x_wconf 82' lang='grc' dir='ltr'><strong>ι</strong></span> 
     </span>
    </p>
   </div>
   <div class='ocr_carea' id='block_1_50' title="bbox 339 4848 1856 4921">
    <p class='ocr_par' dir='ltr' id='par_1_50' title="bbox 339 4848 1856 4921">
     <span class='ocr_line' id='line_1_50' title="bbox 339 4848 1856 4921; baseline -0.004 -13"><span class='ocrx_word' id='word_1_394' title='bbox 339 4851 569 4908; x_wconf 81' lang='lat' dir='ltr'><strong>CAPUT</strong></span> <span class='ocrx_word' id='word_1_395' title='bbox 611 4851 755 4906; x_wconf 80' lang='lat' dir='ltr'><strong>XIX.</strong></span> <span class='ocrx_word' id='word_1_396' title='bbox 794 4880 867 4892; x_wconf 89' lang='lat'><strong>——</strong></span> <span class='ocrx_word' id='word_1_397' title='bbox 901 4851 992 4906; x_wconf 72' lang='grc'><strong>45.</strong></span> <span class='ocrx_word' id='word_1_398' title='bbox 1035 4850 1127 4906; x_wconf 91' lang='lat' dir='ltr'><strong>llis</strong></span> <span class='ocrx_word' id='word_1_399' title='bbox 1154 4850 1388 4903; x_wconf 84' lang='lat' dir='ltr'><strong>recitatis</strong></span> <span class='ocrx_word' id='word_1_400' title='bbox 1413 4848 1662 4921; x_wconf 88' lang='lat' dir='ltr'><strong>Synodns</strong></span> <span class='ocrx_word' id='word_1_401' title='bbox 1685 4848 1856 4903; x_wconf 78' lang='lat' dir='ltr'><strong>dixit:</strong></span> 
     </span>
    </p>
   </div>
   <div class='ocr_carea' id='block_1_51' title="bbox 267 4940 1860 5012">
    <p class='ocr_par' dir='ltr' id='par_1_51' title="bbox 267 4940 1860 5012">
     <span class='ocr_line' id='line_1_51' title="bbox 267 4940 1860 5012; baseline 0.002 -19"><span class='ocrx_word' id='word_1_402' title='bbox 267 4962 288 4993; x_wconf 76' lang='grc' dir='ltr'><strong>σ</strong></span> <span class='ocrx_word' id='word_1_403' title='bbox 308 4940 469 5011; x_wconf 73' lang='grc' dir='ltr'><strong>’ρυίᾶ</strong></span> <span class='ocrx_word' id='word_1_404' title='bbox 501 4943 567 4997; x_wconf 90' lang='lat' dir='ltr'><strong>ad</strong></span> <span class='ocrx_word' id='word_1_405' title='bbox 605 4942 721 4998; x_wconf 51' lang='lat' dir='ltr'><strong>haec</strong></span> <span class='ocrx_word' id='word_1_406' title='bbox 745 4957 864 5012; x_wconf 78' lang='lat' dir='ltr'><strong>quae</strong></span> <span class='ocrx_word' id='word_1_407' title='bbox 889 4940 1024 4997; x_wconf 87' lang='lat' dir='ltr'><strong>lecta</strong></span> <span class='ocrx_word' id='word_1_408' title='bbox 1063 4950 1183 4995; x_wconf 91' lang='lat' dir='ltr'><strong>sunt</strong></span> <span class='ocrx_word' id='word_1_409' title='bbox 1209 4940 1438 5011; x_wconf 88' lang='lat' dir='ltr'><strong>capitula</strong></span> <span class='ocrx_word' id='word_1_410' title='bbox 1464 4940 1592 4995; x_wconf 88' lang='lat' dir='ltr'><strong>dicit</strong></span> <span class='ocrx_word' id='word_1_411' title='bbox 1620 4954 1860 5010; x_wconf 79' lang='lat' dir='ltr'><strong>praesens</strong></span> 
     </span>
    </p>
   </div>
   <div class='ocr_carea' id='block_1_52' title="bbox 258 5032 1862 5105">
    <p class='ocr_par' dir='ltr' id='par_1_52' title="bbox 258 5032 1862 5105">
     <span class='ocr_line' id='line_1_52' title="bbox 258 5032 1862 5105; baseline -0.001 -16"><span class='ocrx_word' id='word_1_412' title='bbox 258 5035 516 5104; x_wconf 78' lang='lat' dir='ltr'><strong>Pelagius</strong></span> <span class='ocrx_word' id='word_1_413' title='bbox 540 5033 877 5088; x_wconf 88' lang='lat' dir='ltr'><strong>monachus?</strong></span> <span class='ocrx_word' id='word_1_414' title='bbox 896 5032 1007 5087; x_wconf 85' lang='lat' dir='ltr'><strong>Hoc</strong></span> <span class='ocrx_word' id='word_1_415' title='bbox 1032 5033 1173 5087; x_wconf 90' lang='lat' dir='ltr'><strong>enim</strong></span> <span class='ocrx_word' id='word_1_416' title='bbox 1202 5032 1451 5102; x_wconf 87' lang='lat' dir='ltr'><strong>reprobat</strong></span> <span class='ocrx_word' id='word_1_417' title='bbox 1478 5042 1659 5088; x_wconf 87' lang='lat' dir='ltr'><strong>sancta</strong></span> <span class='ocrx_word' id='word_1_418' title='bbox 1687 5032 1862 5105; x_wconf 80' lang='lat' dir='ltr'><strong>Syno-</strong></span> 
     </span>
    </p>
   </div>
   <div class='ocr_carea' id='block_1_53' title="bbox 254 5121 1863 5193">
    <p class='ocr_par' dir='ltr' id='par_1_53' title="bbox 254 5121 1863 5193">
     <span class='ocr_line' id='line_1_53' title="bbox 254 5121 1863 5193; baseline 0 -13"><span class='ocrx_word' id='word_1_419' title='bbox 254 5126 369 5180; x_wconf 87' lang='lat' dir='ltr'><strong>dus</strong></span> <span class='ocrx_word' id='word_1_420' title='bbox 391 5167 406 5191; x_wconf 95' lang='lat'><strong>,</strong></span> <span class='ocrx_word' id='word_1_421' title='bbox 438 5132 495 5179; x_wconf 88' lang='lat' dir='ltr'><strong>et</strong></span> <span class='ocrx_word' id='word_1_422' title='bbox 516 5132 699 5179; x_wconf 86' lang='lat' dir='ltr'><strong>sancta</strong></span> <span class='ocrx_word' id='word_1_423' title='bbox 731 5123 822 5179; x_wconf 90' lang='lat' dir='ltr'><strong>Dei</strong></span> <span class='ocrx_word' id='word_1_424' title='bbox 864 5123 1123 5179; x_wconf 87' lang='lat' dir='ltr'><strong>catholica</strong></span> <span class='ocrx_word' id='word_1_425' title='bbox 1155 5121 1412 5179; x_wconf 83' lang='lat' dir='ltr'><strong>Ecclesia.</strong></span> <span class='ocrx_word' id='word_1_426' title='bbox 1443 5141 1463 5177; x_wconf 80' lang='grc' dir='ltr'><strong>ι</strong></span> <span class='ocrx_word' id='word_1_427' title='bbox 1493 5122 1735 5193; x_wconf 76' lang='lat' dir='ltr'><strong>Pelagius</strong></span> <span class='ocrx_word' id='word_1_428' title='bbox 1777 5138 1863 5180; x_wconf 87' lang='lat' dir='ltr'><strong>re-</strong></span> 
     </span>
    </p>
   </div>
   <div class='ocr_carea' id='block_1_54' title="bbox 253 5213 1857 5289">
    <p class='ocr_par' dir='ltr' id='par_1_54' title="bbox 253 5213 1857 5289">
     <span class='ocr_line' id='line_1_54' title="bbox 253 5213 1857 5289; baseline -0.003 -15"><span class='ocrx_word' id='word_1_429' title='bbox 253 5216 487 5289; x_wconf 86' lang='lat' dir='ltr'><strong>spondit</strong></span> <span class='ocrx_word' id='word_1_430' title='bbox 520 5234 534 5270; x_wconf 88' lang='lat'><strong>:</strong></span> <span class='ocrx_word' id='word_1_431' title='bbox 572 5214 809 5271; x_wconf 73' lang='lat' dir='ltr'><strong>alterum</strong></span> <span class='ocrx_word' id='word_1_432' title='bbox 839 5214 957 5270; x_wconf 91' lang='lat' dir='ltr'><strong>dico</strong></span> <span class='ocrx_word' id='word_1_433' title='bbox 997 5215 1117 5285; x_wconf 87' lang='lat' dir='ltr'><strong>quia</strong></span> <span class='ocrx_word' id='word_1_434' title='bbox 1149 5215 1261 5271; x_wconf 73' lang='lat' dir='ltr'><strong>lucc</strong></span> <span class='ocrx_word' id='word_1_435' title='bbox 1287 5223 1340 5271; x_wconf 91' lang='lat' dir='ltr'><strong>et</strong></span> <span class='ocrx_word' id='word_1_436' title='bbox 1377 5213 1669 5269; x_wconf 86' lang='lat' dir='ltr'><strong>secundum</strong></span> <span class='ocrx_word' id='word_1_437' title='bbox 1715 5215 1857 5284; x_wconf 91' lang='lat' dir='ltr'><strong>ipso-</strong></span> 
     </span>
    </p>
   </div>
   <div class='ocr_carea' id='block_1_55' title="bbox 257 5308 1857 5378">
    <p class='ocr_par' dir='ltr' id='par_1_55' title="bbox 257 5308 1857 5378">
     <span class='ocr_line' id='line_1_55' title="bbox 257 5308 1857 5378; baseline -0.003 -13"><span class='ocrx_word' id='word_1_438' title='bbox 257 5327 392 5366; x_wconf 90' lang='lat' dir='ltr'><strong>rum</strong></span> <span class='ocrx_word' id='word_1_439' title='bbox 418 5308 785 5364; x_wconf 86' lang='lat' dir='ltr'><strong>testimoninm</strong></span> <span class='ocrx_word' id='word_1_440' title='bbox 815 5323 922 5362; x_wconf 92' lang='lat' dir='ltr'><strong>non</strong></span> <span class='ocrx_word' id='word_1_441' title='bbox 950 5315 1077 5371; x_wconf 85' lang='lat' dir='ltr'><strong>sunt</strong></span> <span class='ocrx_word' id='word_1_442' title='bbox 1105 5323 1256 5374; x_wconf 85' lang='lat' dir='ltr'><strong>mea;</strong></span> <span class='ocrx_word' id='word_1_443' title='bbox 1286 5322 1383 5378; x_wconf 92' lang='lat' dir='ltr'><strong>pro</strong></span> <span class='ocrx_word' id='word_1_444' title='bbox 1410 5308 1633 5377; x_wconf 88' lang='lat' dir='ltr'><strong>quibus,</strong></span> <span class='ocrx_word' id='word_1_445' title='bbox 1655 5318 1711 5363; x_wconf 91' lang='lat' dir='ltr'><strong>ut</strong></span> <span class='ocrx_word' id='word_1_446' title='bbox 1731 5308 1857 5374; x_wconf 80' lang='lat' dir='ltr'><strong>dixi,</strong></span> 
     </span>
    </p>
   </div>
   <div class='ocr_carea' id='block_1_56' title="bbox 248 5398 1860 5469">
    <p class='ocr_par' dir='ltr' id='par_1_56' title="bbox 248 5398 1860 5469">
     <span class='ocr_line' id='line_1_56' title="bbox 248 5398 1860 5469; baseline -0.004 -12"><span class='ocrx_word' id='word_1_447' title='bbox 248 5400 693 5457; x_wconf 75' lang='lat' dir='ltr'><strong>satisfactionem</strong></span> <span class='ocrx_word' id='word_1_448' title='bbox 719 5415 826 5453; x_wconf 90' lang='lat' dir='ltr'><strong>non</strong></span> <span class='ocrx_word' id='word_1_449' title='bbox 869 5398 1078 5454; x_wconf 85' lang='lat' dir='ltr'><strong>debeo:</strong></span> <span class='ocrx_word' id='word_1_450' title='bbox 1109 5414 1227 5469; x_wconf 72' lang='lat' dir='ltr'><strong>qua:</strong></span> <span class='ocrx_word' id='word_1_451' title='bbox 1269 5414 1397 5455; x_wconf 85' lang='lat' dir='ltr'><strong>vero</strong></span> <span class='ocrx_word' id='word_1_452' title='bbox 1426 5414 1542 5454; x_wconf 90' lang='lat' dir='ltr'><strong>mea</strong></span> <span class='ocrx_word' id='word_1_453' title='bbox 1576 5413 1696 5454; x_wconf 86' lang='lat' dir='ltr'><strong>esse</strong></span> <span class='ocrx_word' id='word_1_454' title='bbox 1730 5413 1860 5453; x_wconf 88' lang='lat' dir='ltr'><strong>con-</strong></span> 
     </span>
    </p>
   </div>
   <div class='ocr_carea' id='block_1_57' title="bbox 252 5490 1862 5562">
    <p class='ocr_par' dir='ltr' id='par_1_57' title="bbox 252 5490 1862 5562">
     <span class='ocr_line' id='line_1_57' title="bbox 252 5490 1862 5562; baseline -0.003 -12"><span class='ocrx_word' id='word_1_455' title='bbox 252 5495 451 5550; x_wconf 82' lang='lat' dir='ltr'><strong>fessus</strong></span> <span class='ocrx_word' id='word_1_456' title='bbox 481 5507 622 5555; x_wconf 85' lang='lat' dir='ltr'><strong>sum,</strong></span> <span class='ocrx_word' id='word_1_457' title='bbox 656 5490 770 5546; x_wconf 76' lang='lat' dir='ltr'><strong>iure</strong></span> <span class='ocrx_word' id='word_1_458' title='bbox 798 5500 941 5546; x_wconf 88' lang='lat' dir='ltr'><strong>recta</strong></span> <span class='ocrx_word' id='word_1_459' title='bbox 972 5506 1092 5546; x_wconf 89' lang='lat' dir='ltr'><strong>esse</strong></span> <span class='ocrx_word' id='word_1_460' title='bbox 1122 5492 1330 5548; x_wconf 86' lang='lat' dir='ltr'><strong>aflirmo</strong></span> <span class='ocrx_word' id='word_1_461' title='bbox 1362 5507 1375 5542; x_wconf 87' lang='lat'><strong><em>:</em></strong></span> <span class='ocrx_word' id='word_1_462' title='bbox 1402 5506 1521 5562; x_wconf 77' lang='lat' dir='ltr'><strong>qua:</strong></span> <span class='ocrx_word' id='word_1_463' title='bbox 1550 5500 1724 5546; x_wconf 88' lang='lat' dir='ltr'><strong>autem</strong></span> <span class='ocrx_word' id='word_1_464' title='bbox 1753 5491 1862 5545; x_wconf 83' lang='lat' dir='ltr'><strong>dixi</strong></span> 
     </span>
    </p>
   </div>
   <div class='ocr_carea' id='block_1_58' title="bbox 252 5581 1864 5658">
    <p class='ocr_par' dir='ltr' id='par_1_58' title="bbox 252 5581 1864 5658">
     <span class='ocr_line' id='line_1_58' title="bbox 252 5581 1864 5658; baseline -0.004 -17"><span class='ocrx_word' id='word_1_465' title='bbox 252 5602 381 5641; x_wconf 88' lang='lat' dir='ltr'><strong>non</strong></span> <span class='ocrx_word' id='word_1_466' title='bbox 415 5599 536 5638; x_wconf 88' lang='lat' dir='ltr'><strong>esse</strong></span> <span class='ocrx_word' id='word_1_467' title='bbox 564 5598 707 5651; x_wconf 85' lang='lat' dir='ltr'><strong>mea,</strong></span> <span class='ocrx_word' id='word_1_468' title='bbox 736 5581 1029 5637; x_wconf 87' lang='lat' dir='ltr'><strong>secundum</strong></span> <span class='ocrx_word' id='word_1_469' title='bbox 1056 5582 1310 5651; x_wconf 85' lang='lat' dir='ltr'><strong>judicium</strong></span> <span class='ocrx_word' id='word_1_470' title='bbox 1353 5590 1556 5637; x_wconf 76' lang='lat' dir='ltr'><strong>sanctte</strong></span> <span class='ocrx_word' id='word_1_471' title='bbox 1610 5582 1864 5658; x_wconf 50' lang='lat' dir='ltr'><strong>Ecclesiae</strong></span> 
     </span>
    </p>
   </div>
   <div class='ocr_carea' id='block_1_59' title="bbox 250 5671 1866 5747">
    <p class='ocr_par' dir='ltr' id='par_1_59' title="bbox 250 5671 1866 5747">
     <span class='ocr_line' id='line_1_59' title="bbox 250 5671 1866 5747; baseline -0.001 -19"><span class='ocrx_word' id='word_1_472' title='bbox 250 5676 529 5747; x_wconf 67' lang='lat' dir='ltr'><strong>reprobo,</strong></span> <span class='ocrx_word' id='word_1_473' title='bbox 584 5671 865 5727; x_wconf 81' lang='lat' dir='ltr'><strong>anathema</strong></span> <span class='ocrx_word' id='word_1_474' title='bbox 914 5672 1097 5727; x_wconf 85' lang='lat' dir='ltr'><strong>dicens</strong></span> <span class='ocrx_word' id='word_1_475' title='bbox 1142 5674 1285 5729; x_wconf 80' lang='lat' dir='ltr'><strong>omni</strong></span> <span class='ocrx_word' id='word_1_476' title='bbox 1340 5672 1759 5730; x_wconf 82' lang='lat' dir='ltr'><strong>contravenicnti</strong></span> <span class='ocrx_word' id='word_1_477' title='bbox 1813 5682 1866 5727; x_wconf 83' lang='lat' dir='ltr'><strong>et</strong></span> 
     </span>
    </p>
   </div>
   <div class='ocr_carea' id='block_1_60' title="bbox 330 5825 978 5890">
    <p class='ocr_par' dir='ltr' id='par_1_60' title="bbox 330 5825 978 5890">
     <span class='ocr_line' id='line_1_60' title="bbox 330 5825 978 5890; baseline 0.006 -17"><span class='ocrx_word' id='word_1_478' title='bbox 330 5826 347 5873; x_wconf 65' lang='grc' dir='ltr'>ἓ</span> <span class='ocrx_word' id='word_1_479' title='bbox 388 5825 550 5887; x_wconf 68' lang='lat' dir='ltr'><strong>forte,</strong></span> <span class='ocrx_word' id='word_1_480' title='bbox 576 5826 728 5890; x_wconf 70' lang='lat' dir='ltr'><strong>armis</strong></span> <span class='ocrx_word' id='word_1_481' title='bbox 750 5832 978 5880; x_wconf 78' lang='lat' dir='ltr'><strong>crcutmn.</strong></span> 
     </span>
    </p>
   </div>
   <div class='ocr_carea' id='block_1_61' title="bbox 1672 344 2103 403">
    <p class='ocr_par' dir='ltr' id='par_1_61' title="bbox 1672 344 2103 403">
     <span class='ocr_line' id='line_1_61' title="bbox 1672 344 2103 403; baseline 0.009 -5"><span class='ocrx_word' id='word_1_482' title='bbox 1672 345 1868 399; x_wconf 71' lang='lat' dir='ltr'><strong>LIULB</strong></span> <span class='ocrx_word' id='word_1_483' title='bbox 1911 344 2103 403; x_wconf 67' lang='lat' dir='ltr'><strong>LNLS.</strong></span> 
     </span>
    </p>
   </div>
   <div class='ocr_carea' id='block_1_62' title="bbox 3410 350 3515 409">
    <p class='ocr_par' dir='ltr' id='par_1_62' title="bbox 3410 350 3515 409">
     <span class='ocr_line' id='line_1_62' title="bbox 3410 350 3515 409; baseline 0.029 -3"><span class='ocrx_word' id='word_1_484' title='bbox 3410 350 3515 409; x_wconf 63' lang='lat' dir='ltr'><strong>3M5</strong></span> 
     </span>
    </p>
   </div>
   <div class='ocr_carea' id='block_1_63' title="bbox 1925 476 3510 533">
    <p class='ocr_par' dir='ltr' id='par_1_63' title="bbox 1925 476 3510 533">
     <span class='ocr_line' id='line_1_63' title="bbox 1925 476 3510 533; baseline 0 -3"><span class='ocrx_word' id='word_1_485' title='bbox 1925 476 2304 532; x_wconf 83' lang='lat' dir='ltr'><strong>contradicenti</strong></span> <span class='ocrx_word' id='word_1_486' title='bbox 2344 484 2541 532; x_wconf 70' lang='lat' dir='ltr'><strong>sancta:</strong></span> <span class='ocrx_word' id='word_1_487' title='bbox 2590 477 2863 532; x_wconf 75' lang='lat' dir='ltr'><strong>catholicae</strong></span> <span class='ocrx_word' id='word_1_488' title='bbox 2916 477 3176 533; x_wconf 69' lang='lat' dir='ltr'><strong>Ecclesiae</strong></span> <span class='ocrx_word' id='word_1_489' title='bbox 3231 476 3510 532; x_wconf 78' lang='lat' dir='ltr'><strong>doctrinis.</strong></span> 
     </span>
    </p>
   </div>
   <div class='ocr_carea' id='block_1_64' title="bbox 1928 567 3515 638">
    <p class='ocr_par' dir='ltr' id='par_1_64' title="bbox 1928 567 3515 638">
     <span class='ocr_line' id='line_1_64' title="bbox 1928 567 3515 638; baseline 0.001 -16"><span class='ocrx_word' id='word_1_490' title='bbox 1928 568 2041 638; x_wconf 89' lang='lat' dir='ltr'><strong>Ego</strong></span> <span class='ocrx_word' id='word_1_491' title='bbox 2069 568 2210 622; x_wconf 90' lang='lat' dir='ltr'><strong>enim</strong></span> <span class='ocrx_word' id='word_1_492' title='bbox 2234 569 2285 622; x_wconf 92' lang='lat' dir='ltr'><strong>in</strong></span> <span class='ocrx_word' id='word_1_493' title='bbox 2328 569 2486 624; x_wconf 89' lang='lat' dir='ltr'><strong>unius</strong></span> <span class='ocrx_word' id='word_1_494' title='bbox 2531 569 2836 623; x_wconf 75' lang='lat' dir='ltr'><strong>substantia:</strong></span> <span class='ocrx_word' id='word_1_495' title='bbox 2869 568 3182 624; x_wconf 84' lang='lat' dir='ltr'><strong>Trinitatem</strong></span> <span class='ocrx_word' id='word_1_496' title='bbox 3218 567 3401 634; x_wconf 90' lang='lat' dir='ltr'><strong>credo,</strong></span> <span class='ocrx_word' id='word_1_497' title='bbox 3461 578 3515 624; x_wconf 89' lang='lat' dir='ltr'><strong>et</strong></span> 
     </span>
    </p>
   </div>
   <div class='ocr_carea' id='block_1_65' title="bbox 1927 656 3508 714">
    <p class='ocr_par' dir='ltr' id='par_1_65' title="bbox 1927 656 3508 714">
     <span class='ocr_line' id='line_1_65' title="bbox 1927 656 3508 714; baseline 0.002 -4"><span class='ocrx_word' id='word_1_498' title='bbox 1927 657 2103 712; x_wconf 90' lang='lat' dir='ltr'><strong>omnia</strong></span> <span class='ocrx_word' id='word_1_499' title='bbox 2128 659 2418 714; x_wconf 91' lang='lat' dir='ltr'><strong>secundum</strong></span> <span class='ocrx_word' id='word_1_500' title='bbox 2456 659 2751 713; x_wconf 76' lang='lat' dir='ltr'><strong>doctrinam</strong></span> <span class='ocrx_word' id='word_1_501' title='bbox 2788 668 2985 714; x_wconf 84' lang='lat' dir='ltr'><strong>sanctae</strong></span> <span class='ocrx_word' id='word_1_502' title='bbox 3014 659 3290 713; x_wconf 58' lang='lat' dir='ltr'><strong>catholica!</strong></span> <span class='ocrx_word' id='word_1_503' title='bbox 3320 656 3508 713; x_wconf 73' lang='lat' dir='ltr'><strong>Eccle-</strong></span> 
     </span>
    </p>
   </div>
   <div class='ocr_carea' id='block_1_66' title="bbox 1927 749 3512 821">
    <p class='ocr_par' dir='ltr' id='par_1_66' title="bbox 1927 749 3512 821">
     <span class='ocr_line' id='line_1_66' title="bbox 1927 749 3512 821; baseline -0.001 -16"><span class='ocrx_word' id='word_1_504' title='bbox 1927 751 2058 806; x_wconf 65' lang='lat' dir='ltr'><strong>siae:</strong></span> <span class='ocrx_word' id='word_1_505' title='bbox 2088 752 2131 805; x_wconf 90' lang='lat' dir='ltr'><strong>si</strong></span> <span class='ocrx_word' id='word_1_506' title='bbox 2185 753 2304 821; x_wconf 90' lang='lat' dir='ltr'><strong>quis</strong></span> <span class='ocrx_word' id='word_1_507' title='bbox 2356 767 2483 806; x_wconf 88' lang='lat' dir='ltr'><strong>vero</strong></span> <span class='ocrx_word' id='word_1_508' title='bbox 2535 751 2707 806; x_wconf 88' lang='lat' dir='ltr'><strong>aliena</strong></span> <span class='ocrx_word' id='word_1_509' title='bbox 2759 750 2826 806; x_wconf 87' lang='lat' dir='ltr'><strong>ab</strong></span> <span class='ocrx_word' id='word_1_510' title='bbox 2881 749 2981 805; x_wconf 89' lang='lat' dir='ltr'><strong>hac</strong></span> <span class='ocrx_word' id='word_1_511' title='bbox 3026 751 3185 821; x_wconf 86' lang='lat' dir='ltr'><strong>sapit,</strong></span> <span class='ocrx_word' id='word_1_512' title='bbox 3230 749 3512 803; x_wconf 87' lang='lat' dir='ltr'><strong>anathema</strong></span> 
     </span>
    </p>
   </div>
   <div class='ocr_carea' id='block_1_67' title="bbox 1929 844 2065 899">
    <p class='ocr_par' dir='ltr' id='par_1_67' title="bbox 1929 844 2065 899">
     <span class='ocr_line' id='line_1_67' title="bbox 1929 844 2065 899; baseline 0 -1"><span class='ocrx_word' id='word_1_513' title='bbox 1929 844 2015 899; x_wconf 91' lang='lat' dir='ltr'><strong>sit.</strong></span> <span class='ocrx_word' id='word_1_514' title='bbox 2047 864 2065 898; x_wconf 78' lang='grc' dir='ltr'><strong>ι</strong></span> 
     </span>
    </p>
   </div>
   <div class='ocr_carea' id='block_1_68' title="bbox 2002 928 3517 1008">
    <p class='ocr_par' dir='ltr' id='par_1_68' title="bbox 2002 928 3517 1008">
     <span class='ocr_line' id='line_1_68' title="bbox 2002 928 3517 1008; baseline -0.005 -17"><span class='ocrx_word' id='word_1_515' title='bbox 2002 936 2223 993; x_wconf 83' lang='lat' dir='ltr'><strong>CAPUT</strong></span> <span class='ocrx_word' id='word_1_516' title='bbox 2256 936 2373 991; x_wconf 80' lang='lat' dir='ltr'><strong>XX.</strong></span> <span class='ocrx_word' id='word_1_517' title='bbox 2412 966 2486 977; x_wconf 95' lang='lat'><strong>—</strong></span> <span class='ocrx_word' id='word_1_518' title='bbox 2520 937 2610 991; x_wconf 70' lang='grc'><strong>44.</strong></span> <span class='ocrx_word' id='word_1_519' title='bbox 2651 935 2899 1008; x_wconf 86' lang='lat' dir='ltr'><strong>Synodus</strong></span> <span class='ocrx_word' id='word_1_520' title='bbox 2941 934 3114 989; x_wconf 84' lang='lat' dir='ltr'><strong>dixit:</strong></span> <span class='ocrx_word' id='word_1_521' title='bbox 3144 953 3164 987; x_wconf 85' lang='grc'><strong><em>‹</em></strong></span> <span class='ocrx_word' id='word_1_522' title='bbox 3188 929 3338 989; x_wconf 84' lang='lat' dir='ltr'><strong>Nune</strong></span> <span class='ocrx_word' id='word_1_523' title='bbox 3386 928 3517 1003; x_wconf 88' lang='lat' dir='ltr'><strong>quo-</strong></span> 
     </span>
    </p>
   </div>
   <div class='ocr_carea' id='block_1_69' title="bbox 1930 1026 3516 1097">
    <p class='ocr_par' dir='ltr' id='par_1_69' title="bbox 1930 1026 3516 1097">
     <span class='ocr_line' id='line_1_69' title="bbox 1930 1026 3516 1097; baseline -0.005 -10"><span class='ocrx_word' id='word_1_524' title='bbox 1930 1034 2073 1087; x_wconf 89' lang='lat' dir='ltr'><strong>niam</strong></span> <span class='ocrx_word' id='word_1_525' title='bbox 2102 1029 2431 1084; x_wconf 82' lang='lat' dir='ltr'><strong>satisfactum</strong></span> <span class='ocrx_word' id='word_1_526' title='bbox 2475 1039 2555 1084; x_wconf 90' lang='lat' dir='ltr'><strong>est</strong></span> <span class='ocrx_word' id='word_1_527' title='bbox 2602 1029 2754 1083; x_wconf 90' lang='lat' dir='ltr'><strong>nobis</strong></span> <span class='ocrx_word' id='word_1_528' title='bbox 2786 1026 3242 1097; x_wconf 77' lang='lat' dir='ltr'><strong>prosecutionibus</strong></span> <span class='ocrx_word' id='word_1_529' title='bbox 3284 1041 3516 1095; x_wconf 57' lang='lat' dir='ltr'><strong>pricsen-</strong></span> 
     </span>
    </p>
   </div>
   <div class='ocr_carea' id='block_1_70' title="bbox 1931 1117 3515 1194">
    <p class='ocr_par' dir='ltr' id='par_1_70' title="bbox 1931 1117 3515 1194">
     <span class='ocr_line' id='line_1_70' title="bbox 1931 1117 3515 1194; baseline -0.007 -14"><span class='ocrx_word' id='word_1_530' title='bbox 1931 1125 2001 1180; x_wconf 91' lang='lat' dir='ltr'><strong>tis</strong></span> <span class='ocrx_word' id='word_1_531' title='bbox 2018 1123 2215 1194; x_wconf 87' lang='lat' dir='ltr'><strong>Pelagii</strong></span> <span class='ocrx_word' id='word_1_532' title='bbox 2245 1120 2616 1190; x_wconf 86' lang='lat' dir='ltr'><strong>monaclti,qui</strong></span> <span class='ocrx_word' id='word_1_533' title='bbox 2644 1119 2856 1190; x_wconf 85' lang='lat' dir='ltr'><strong>quidem</strong></span> <span class='ocrx_word' id='word_1_534' title='bbox 2888 1119 2986 1188; x_wconf 92' lang='lat' dir='ltr'><strong>piis</strong></span> <span class='ocrx_word' id='word_1_535' title='bbox 3005 1117 3260 1172; x_wconf 85' lang='lat' dir='ltr'><strong>doctrinis</strong></span> <span class='ocrx_word' id='word_1_536' title='bbox 3289 1132 3515 1171; x_wconf 80' lang='lat' dir='ltr'><strong>consen-</strong></span> 
     </span>
    </p>
   </div>
   <div class='ocr_carea' id='block_1_71' title="bbox 1932 1208 3597 1281">
    <p class='ocr_par' dir='ltr' id='par_1_71' title="bbox 1932 1208 3597 1281">
     <span class='ocr_line' id='line_1_71' title="bbox 1932 1208 3597 1281; baseline -0.007 -11"><span class='ocrx_word' id='word_1_537' title='bbox 1932 1215 2014 1281; x_wconf 88' lang='lat' dir='ltr'><strong>tit,</strong></span> <span class='ocrx_word' id='word_1_538' title='bbox 2042 1213 2307 1269; x_wconf 84' lang='lat' dir='ltr'><strong>contraria</strong></span> <span class='ocrx_word' id='word_1_539' title='bbox 2337 1227 2462 1266; x_wconf 89' lang='lat' dir='ltr'><strong>vero</strong></span> <span class='ocrx_word' id='word_1_540' title='bbox 2500 1210 2759 1265; x_wconf 68' lang='lat' dir='ltr'><strong>Ecclesiae</strong></span> <span class='ocrx_word' id='word_1_541' title='bbox 2794 1209 2914 1263; x_wconf 79' lang='lat' dir='ltr'><strong>ﬁdei</strong></span> <span class='ocrx_word' id='word_1_542' title='bbox 2947 1209 2963 1241; x_wconf 73' lang='grc' dir='ltr'>ί</span> <span class='ocrx_word' id='word_1_543' title='bbox 2988 1208 3237 1276; x_wconf 90' lang='lat' dir='ltr'><strong>reprobat</strong></span> <span class='ocrx_word' id='word_1_544' title='bbox 3281 1217 3335 1261; x_wconf 91' lang='lat' dir='ltr'><strong>et</strong></span> <span class='ocrx_word' id='word_1_545' title='bbox 3385 1222 3513 1259; x_wconf 81' lang='lat' dir='ltr'><strong>ana-</strong></span> <span class='ocrx_word' id='word_1_546' title='bbox 3586 1230 3597 1235; x_wconf 89' lang='lat'><em>-</em></span> 
     </span>
    </p>
   </div>
   <div class='ocr_carea' id='block_1_72' title="bbox 1933 1298 3519 1369">
    <p class='ocr_par' dir='ltr' id='par_1_72' title="bbox 1933 1298 3519 1369">
     <span class='ocr_line' id='line_1_72' title="bbox 1933 1298 3519 1369; baseline -0.008 -9"><span class='ocrx_word' id='word_1_547' title='bbox 1933 1304 2259 1369; x_wconf 87' lang='lat' dir='ltr'><strong>thematizat,</strong></span> <span class='ocrx_word' id='word_1_548' title='bbox 2287 1301 2680 1358; x_wconf 90' lang='lat' dir='ltr'><strong>communionis</strong></span> <span class='ocrx_word' id='word_1_549' title='bbox 2707 1298 3086 1355; x_wconf 70' lang='lat' dir='ltr'><strong>ecclesiastica:</strong></span> <span class='ocrx_word' id='word_1_550' title='bbox 3131 1309 3253 1352; x_wconf 90' lang='lat' dir='ltr'><strong>eum</strong></span> <span class='ocrx_word' id='word_1_551' title='bbox 3301 1311 3422 1351; x_wconf 86' lang='lat' dir='ltr'><strong>esse</strong></span> <span class='ocrx_word' id='word_1_552' title='bbox 3467 1305 3519 1349; x_wconf 89' lang='lat' dir='ltr'><strong>et</strong></span> 
     </span>
    </p>
   </div>
   <div class='ocr_carea' id='block_1_73' title="bbox 1932 1394 2621 1452">
    <p class='ocr_par' dir='ltr' id='par_1_73' title="bbox 1932 1394 2621 1452">
     <span class='ocr_line' id='line_1_73' title="bbox 1932 1394 2621 1452; baseline -0.012 0"><span class='ocrx_word' id='word_1_553' title='bbox 1932 1397 2205 1452; x_wconf 71' lang='lat' dir='ltr'><strong>catholica:</strong></span> <span class='ocrx_word' id='word_1_554' title='bbox 2227 1394 2562 1450; x_wconf 85' lang='lat' dir='ltr'><strong>confitemur.</strong></span> <span class='ocrx_word' id='word_1_555' title='bbox 2602 1411 2621 1444; x_wconf 76' lang='grc' dir='ltr'><strong>ι</strong></span> 
     </span>
    </p>
   </div>
   <div class='ocr_carea' id='block_1_74' title="bbox 2002 1474 3519 1549">
    <p class='ocr_par' dir='ltr' id='par_1_74' title="bbox 2002 1474 3519 1549">
     <span class='ocr_line' id='line_1_74' title="bbox 2002 1474 3519 1549; baseline -0.01 -6"><span class='ocrx_word' id='word_1_556' title='bbox 2002 1487 2229 1543; x_wconf 72' lang='grc' dir='ltr'><strong>ΟΑΙἪΤ</strong></span> <span class='ocrx_word' id='word_1_557' title='bbox 2269 1485 2411 1540; x_wconf 80' lang='lat' dir='ltr'><strong>XXI.</strong></span> <span class='ocrx_word' id='word_1_558' title='bbox 2450 1513 2523 1524; x_wconf 95' lang='lat'><strong><em>—</em></strong></span> <span class='ocrx_word' id='word_1_559' title='bbox 2562 1483 2652 1538; x_wconf 71' lang='grc'><strong>45.</strong></span> <span class='ocrx_word' id='word_1_560' title='bbox 2692 1481 2747 1537; x_wconf 90' lang='lat' dir='ltr'><strong>Si</strong></span> <span class='ocrx_word' id='word_1_561' title='bbox 2798 1481 2897 1535; x_wconf 90' lang='lat' dir='ltr'><strong>ista</strong></span> <span class='ocrx_word' id='word_1_562' title='bbox 2940 1479 3045 1534; x_wconf 89' lang='lat' dir='ltr'><strong>sint</strong></span> <span class='ocrx_word' id='word_1_563' title='bbox 3091 1486 3238 1549; x_wconf 88' lang='lat' dir='ltr'><strong>gesta</strong></span> <span class='ocrx_word' id='word_1_564' title='bbox 3255 1479 3298 1542; x_wconf 77' lang='lat'><strong>&#39;,</strong></span> <span class='ocrx_word' id='word_1_565' title='bbox 3326 1474 3519 1546; x_wconf 79' lang='lat' dir='ltr'><strong>quibus</strong></span> 
     </span>
    </p>
   </div>
   <div class='ocr_carea' id='block_1_75' title="bbox 1934 1562 3519 1647">
    <p class='ocr_par' dir='ltr' id='par_1_75' title="bbox 1934 1562 3519 1647">
     <span class='ocr_line' id='line_1_75' title="bbox 1934 1562 3519 1647; baseline -0.008 -17"><span class='ocrx_word' id='word_1_566' title='bbox 1934 1577 2091 1632; x_wconf 88' lang='lat' dir='ltr'><strong>amici</strong></span> <span class='ocrx_word' id='word_1_567' title='bbox 2118 1562 2568 1647; x_wconf 76' lang='lat' dir='ltr'><strong>Pelagiigaudent</strong></span> <span class='ocrx_word' id='word_1_568' title='bbox 2595 1588 2714 1627; x_wconf 89' lang='lat' dir='ltr'><strong>eum</strong></span> <span class='ocrx_word' id='word_1_569' title='bbox 2743 1586 2860 1627; x_wconf 88' lang='lat' dir='ltr'><strong>esse</strong></span> <span class='ocrx_word' id='word_1_570' title='bbox 2889 1578 3166 1641; x_wconf 86' lang='lat' dir='ltr'><strong>purgatum</strong></span> <span class='ocrx_word' id='word_1_571' title='bbox 3194 1585 3207 1621; x_wconf 91' lang='lat'><strong>:</strong></span> <span class='ocrx_word' id='word_1_572' title='bbox 3236 1581 3519 1636; x_wconf 80' lang='lat' dir='ltr'><strong>nus,quo-</strong></span> 
     </span>
    </p>
   </div>
   <div class='ocr_carea' id='block_1_76' title="bbox 1935 1659 3523 1739">
    <p class='ocr_par' dir='ltr' id='par_1_76' title="bbox 1935 1659 3523 1739">
     <span class='ocr_line' id='line_1_76' title="bbox 1935 1659 3523 1739; baseline -0.007 -14"><span class='ocrx_word' id='word_1_573' title='bbox 1935 1671 2077 1725; x_wconf 90' lang='lat' dir='ltr'><strong>niam</strong></span> <span class='ocrx_word' id='word_1_574' title='bbox 2127 1685 2250 1739; x_wconf 83' lang='lat' dir='ltr'><strong>erga</strong></span> <span class='ocrx_word' id='word_1_575' title='bbox 2291 1685 2349 1723; x_wconf 85' lang='lat' dir='ltr'><strong>se</strong></span> <span class='ocrx_word' id='word_1_576' title='bbox 2400 1677 2634 1722; x_wconf 88' lang='lat' dir='ltr'><strong>nostram</strong></span> <span class='ocrx_word' id='word_1_577' title='bbox 2680 1679 2891 1736; x_wconf 87' lang='lat' dir='ltr'><strong>quoque</strong></span> <span class='ocrx_word' id='word_1_578' title='bbox 2951 1662 3259 1727; x_wconf 87' lang='lat' dir='ltr'><strong>amicitiam,</strong></span> <span class='ocrx_word' id='word_1_579' title='bbox 3304 1659 3523 1730; x_wconf 77' lang='lat' dir='ltr'><strong>prolatis</strong></span> 
     </span>
    </p>
   </div>
   <div class='ocr_carea' id='block_1_77' title="bbox 1935 1750 3521 1827">
    <p class='ocr_par' dir='ltr' id='par_1_77' title="bbox 1935 1750 3521 1827">
     <span class='ocr_line' id='line_1_77' title="bbox 1935 1750 3521 1827; baseline -0.008 -10"><span class='ocrx_word' id='word_1_580' title='bbox 1935 1762 2095 1817; x_wconf 88' lang='lat' dir='ltr'><strong>etiam</strong></span> <span class='ocrx_word' id='word_1_581' title='bbox 2126 1759 2474 1814; x_wconf 69' lang='lat' dir='ltr'><strong>familiaribus</strong></span> <span class='ocrx_word' id='word_1_582' title='bbox 2499 1757 2737 1827; x_wconf 81' lang='lat' dir='ltr'><strong>epistolis</strong></span> <span class='ocrx_word' id='word_1_583' title='bbox 2763 1755 2995 1817; x_wconf 88' lang='lat' dir='ltr'><strong>nostris,</strong></span> <span class='ocrx_word' id='word_1_584' title='bbox 3027 1763 3185 1823; x_wconf 87' lang='lat' dir='ltr'><strong>atque</strong></span> <span class='ocrx_word' id='word_1_585' title='bbox 3213 1753 3264 1806; x_wconf 92' lang='lat' dir='ltr'><strong>in</strong></span> <span class='ocrx_word' id='word_1_586' title='bbox 3302 1752 3402 1806; x_wconf 88' lang='lat' dir='ltr'><strong>hoc</strong></span> <span class='ocrx_word' id='word_1_587' title='bbox 3433 1750 3521 1820; x_wconf 87' lang='lat' dir='ltr'><strong>ju-</strong></span> 
     </span>
    </p>
   </div>
   <div class='ocr_carea' id='block_1_78' title="bbox 1935 1842 3525 1918">
    <p class='ocr_par' dir='ltr' id='par_1_78' title="bbox 1935 1842 3525 1918">
     <span class='ocr_line' id='line_1_78' title="bbox 1935 1842 3525 1918; baseline -0.008 -11"><span class='ocrx_word' id='word_1_588' title='bbox 1935 1852 2076 1907; x_wconf 90' lang='lat' dir='ltr'><strong>dicio</strong></span> <span class='ocrx_word' id='word_1_589' title='bbox 2123 1850 2379 1915; x_wconf 85' lang='lat' dir='ltr'><strong>recitatis,</strong></span> <span class='ocrx_word' id='word_1_590' title='bbox 2421 1864 2554 1918; x_wconf 85' lang='lat' dir='ltr'><strong>quas</strong></span> <span class='ocrx_word' id='word_1_591' title='bbox 2593 1848 2823 1901; x_wconf 86' lang='lat' dir='ltr'><strong>insertas</strong></span> <span class='ocrx_word' id='word_1_592' title='bbox 2869 1844 3144 1899; x_wconf 67' lang='lat' dir='ltr'><strong>continent</strong></span> <span class='ocrx_word' id='word_1_593' title='bbox 3185 1850 3355 1913; x_wconf 86' lang='lat' dir='ltr'><strong>gesta,</strong></span> <span class='ocrx_word' id='word_1_594' title='bbox 3393 1842 3525 1897; x_wconf 85' lang='lat' dir='ltr'><strong>satis</strong></span> 
     </span>
    </p>
   </div>
   <div class='ocr_carea' id='block_1_79' title="bbox 1938 1932 3527 2014">
    <p class='ocr_par' dir='ltr' id='par_1_79' title="bbox 1938 1932 3527 2014">
     <span class='ocr_line' id='line_1_79' title="bbox 1938 1932 3527 2014; baseline -0.009 -15"><span class='ocrx_word' id='word_1_595' title='bbox 1938 1944 2164 2014; x_wconf 81' lang='lat' dir='ltr'><strong>probare</strong></span> <span class='ocrx_word' id='word_1_596' title='bbox 2188 1941 2411 2007; x_wconf 87' lang='lat' dir='ltr'><strong>curavit,</strong></span> <span class='ocrx_word' id='word_1_597' title='bbox 2440 1940 2662 1993; x_wconf 88' lang='lat' dir='ltr'><strong>salutem</strong></span> <span class='ocrx_word' id='word_1_598' title='bbox 2686 1936 2899 2008; x_wconf 87' lang='lat' dir='ltr'><strong>quidem</strong></span> <span class='ocrx_word' id='word_1_599' title='bbox 2927 1936 3043 2004; x_wconf 85' lang='lat' dir='ltr'><strong>ejus</strong></span> <span class='ocrx_word' id='word_1_600' title='bbox 3070 1935 3121 1988; x_wconf 92' lang='lat' dir='ltr'><strong>in</strong></span> <span class='ocrx_word' id='word_1_601' title='bbox 3144 1933 3356 1988; x_wconf 81' lang='lat' dir='ltr'><strong>Christo</strong></span> <span class='ocrx_word' id='word_1_602' title='bbox 3377 1932 3527 2002; x_wconf 88' lang='lat' dir='ltr'><strong>cupi-</strong></span> 
     </span>
    </p>
   </div>
   <div class='ocr_carea' id='block_1_80' title="bbox 1938 2026 3523 2103">
    <p class='ocr_par' dir='ltr' id='par_1_80' title="bbox 1938 2026 3523 2103">
     <span class='ocr_line' id='line_1_80' title="bbox 1938 2026 3523 2103; baseline -0.01 -12"><span class='ocrx_word' id='word_1_603' title='bbox 1938 2051 2060 2092; x_wconf 89' lang='lat' dir='ltr'><strong>mus</strong></span> <span class='ocrx_word' id='word_1_604' title='bbox 2096 2046 2148 2090; x_wconf 93' lang='lat' dir='ltr'><strong>et</strong></span> <span class='ocrx_word' id='word_1_605' title='bbox 2172 2041 2449 2103; x_wconf 88' lang='lat' dir='ltr'><strong>optamus;</strong></span> <span class='ocrx_word' id='word_1_606' title='bbox 2479 2031 2545 2086; x_wconf 87' lang='lat' dir='ltr'><strong>de</strong></span> <span class='ocrx_word' id='word_1_607' title='bbox 2570 2030 2669 2085; x_wconf 91' lang='lat' dir='ltr'><strong>ista</strong></span> <span class='ocrx_word' id='word_1_608' title='bbox 2714 2042 2846 2084; x_wconf 88' lang='lat' dir='ltr'><strong>vero</strong></span> <span class='ocrx_word' id='word_1_609' title='bbox 2872 2027 2989 2097; x_wconf 85' lang='lat' dir='ltr'><strong>ejus</strong></span> <span class='ocrx_word' id='word_1_610' title='bbox 3026 2026 3351 2096; x_wconf 85' lang='lat' dir='ltr'><strong>purgatione,</strong></span> <span class='ocrx_word' id='word_1_611' title='bbox 3405 2038 3523 2092; x_wconf 77' lang='lat' dir='ltr'><strong>qua:</strong></span> 
     </span>
    </p>
   </div>
   <div class='ocr_carea' id='block_1_81' title="bbox 1937 2113 3526 2197">
    <p class='ocr_par' dir='ltr' id='par_1_81' title="bbox 1937 2113 3526 2197">
     <span class='ocr_line' id='line_1_81' title="bbox 1937 2113 3526 2197; baseline -0.01 -15"><span class='ocrx_word' id='word_1_612' title='bbox 1937 2127 2106 2197; x_wconf 87' lang='lat' dir='ltr'><strong>magis</strong></span> <span class='ocrx_word' id='word_1_613' title='bbox 2149 2123 2383 2181; x_wconf 83' lang='lat' dir='ltr'><strong>creditur</strong></span> <span class='ocrx_word' id='word_1_614' title='bbox 2402 2165 2418 2190; x_wconf 95' lang='lat'><strong>,</strong></span> <span class='ocrx_word' id='word_1_615' title='bbox 2446 2137 2604 2193; x_wconf 88' lang='lat' dir='ltr'><strong>quam</strong></span> <span class='ocrx_word' id='word_1_616' title='bbox 2632 2118 2831 2190; x_wconf 83' lang='lat' dir='ltr'><strong>liquido</strong></span> <span class='ocrx_word' id='word_1_617' title='bbox 2852 2118 3269 2177; x_wconf 86' lang='lat' dir='ltr'><strong>demonstratur,</strong></span> <span class='ocrx_word' id='word_1_618' title='bbox 3290 2113 3526 2184; x_wconf 86' lang='lat' dir='ltr'><strong>gaudere</strong></span> 
     </span>
    </p>
   </div>
   <div class='ocr_carea' id='block_1_82' title="bbox 1938 2205 3524 2281">
    <p class='ocr_par' dir='ltr' id='par_1_82' title="bbox 1938 2205 3524 2281">
     <span class='ocr_line' id='line_1_82' title="bbox 1938 2205 3524 2281; baseline -0.011 -7"><span class='ocrx_word' id='word_1_619' title='bbox 1938 2230 2136 2274; x_wconf 88' lang='lat' dir='ltr'><strong>temere</strong></span> <span class='ocrx_word' id='word_1_620' title='bbox 2165 2232 2268 2271; x_wconf 84' lang='lat' dir='ltr'><strong>non</strong></span> <span class='ocrx_word' id='word_1_621' title='bbox 2297 2214 2574 2270; x_wconf 86' lang='lat' dir='ltr'><strong>debemus.</strong></span> <span class='ocrx_word' id='word_1_622' title='bbox 2610 2211 2789 2281; x_wconf 85' lang='lat' dir='ltr'><strong>Neque</strong></span> <span class='ocrx_word' id='word_1_623' title='bbox 2811 2208 2915 2263; x_wconf 86' lang='lat' dir='ltr'><strong>hoc</strong></span> <span class='ocrx_word' id='word_1_624' title='bbox 2939 2208 3144 2270; x_wconf 89' lang='lat' dir='ltr'><strong>dicens,</strong></span> <span class='ocrx_word' id='word_1_625' title='bbox 3170 2205 3406 2275; x_wconf 88' lang='lat' dir='ltr'><strong>judicum</strong></span> <span class='ocrx_word' id='word_1_626' title='bbox 3432 2219 3524 2258; x_wconf 88' lang='lat' dir='ltr'><strong>ar-</strong></span> 
     </span>
    </p>
   </div>
   <div class='ocr_carea' id='block_1_83' title="bbox 1938 2296 3524 2380">
    <p class='ocr_par' dir='ltr' id='par_1_83' title="bbox 1938 2296 3524 2380">
     <span class='ocr_line' id='line_1_83' title="bbox 1938 2296 3524 2380; baseline -0.007 -19"><span class='ocrx_word' id='word_1_627' title='bbox 1938 2325 2042 2380; x_wconf 85' lang='lat' dir='ltr'><strong>guo</strong></span> <span class='ocrx_word' id='word_1_628' title='bbox 2072 2307 2151 2361; x_wconf 90' lang='lat' dir='ltr'><strong>vel</strong></span> <span class='ocrx_word' id='word_1_629' title='bbox 2180 2304 2571 2376; x_wconf 77' lang='lat' dir='ltr'><strong>negligentiam,</strong></span> <span class='ocrx_word' id='word_1_630' title='bbox 2600 2302 2683 2358; x_wconf 90' lang='lat' dir='ltr'><strong>vel</strong></span> <span class='ocrx_word' id='word_1_631' title='bbox 2709 2300 3125 2362; x_wconf 89' lang='lat' dir='ltr'><strong>conniventiam,</strong></span> <span class='ocrx_word' id='word_1_632' title='bbox 3159 2297 3261 2362; x_wconf 90' lang='lat' dir='ltr'><strong>vel,</strong></span> <span class='ocrx_word' id='word_1_633' title='bbox 3289 2296 3430 2366; x_wconf 85' lang='lat' dir='ltr'><strong>quod</strong></span> <span class='ocrx_word' id='word_1_634' title='bbox 3455 2298 3524 2350; x_wconf 89' lang='lat' dir='ltr'><strong>ab</strong></span> 
     </span>
    </p>
   </div>
   <div class='ocr_carea' id='block_1_84' title="bbox 1940 2387 3526 2468">
    <p class='ocr_par' dir='ltr' id='par_1_84' title="bbox 1940 2387 3526 2468">
     <span class='ocr_line' id='line_1_84' title="bbox 1940 2387 3526 2468; baseline -0.009 -14"><span class='ocrx_word' id='word_1_635' title='bbox 1940 2401 2019 2454; x_wconf 92' lang='lat' dir='ltr'><strong>eis</strong></span> <span class='ocrx_word' id='word_1_636' title='bbox 2049 2399 2205 2468; x_wconf 82' lang='lat' dir='ltr'><strong>longe</strong></span> <span class='ocrx_word' id='word_1_637' title='bbox 2241 2396 2532 2451; x_wconf 87' lang='lat' dir='ltr'><strong>abhorrere</strong></span> <span class='ocrx_word' id='word_1_638' title='bbox 2568 2393 2924 2449; x_wconf 84' lang='lat' dir='ltr'><strong>certissimum</strong></span> <span class='ocrx_word' id='word_1_639' title='bbox 2953 2399 3055 2455; x_wconf 88' lang='lat' dir='ltr'><strong>est,</strong></span> <span class='ocrx_word' id='word_1_640' title='bbox 3089 2390 3368 2459; x_wconf 87' lang='lat' dir='ltr'><strong>impiorum</strong></span> <span class='ocrx_word' id='word_1_641' title='bbox 3394 2387 3526 2456; x_wconf 83' lang='lat' dir='ltr'><strong>dog-</strong></span> 
     </span>
    </p>
   </div>
   <div class='ocr_carea' id='block_1_85' title="bbox 1942 2479 3533 2550">
    <p class='ocr_par' dir='ltr' id='par_1_85' title="bbox 1942 2479 3533 2550">
     <span class='ocr_line' id='line_1_85' title="bbox 1942 2479 3533 2550; baseline -0.01 -5"><span class='ocrx_word' id='word_1_642' title='bbox 1942 2499 2143 2545; x_wconf 91' lang='lat' dir='ltr'><strong>matum</strong></span> <span class='ocrx_word' id='word_1_643' title='bbox 2193 2484 2571 2543; x_wconf 86' lang='lat' dir='ltr'><strong>conscientiam</strong></span> <span class='ocrx_word' id='word_1_644' title='bbox 2601 2482 2739 2538; x_wconf 76' lang='lat' dir='ltr'><strong>:-sed</strong></span> <span class='ocrx_word' id='word_1_645' title='bbox 2766 2496 2951 2536; x_wconf 91' lang='lat' dir='ltr'><strong>eorum</strong></span> <span class='ocrx_word' id='word_1_646' title='bbox 2994 2480 3194 2550; x_wconf 87' lang='lat' dir='ltr'><strong>judicio</strong></span> <span class='ocrx_word' id='word_1_647' title='bbox 3220 2494 3314 2548; x_wconf 87' lang='lat' dir='ltr'><strong>pro</strong></span> <span class='ocrx_word' id='word_1_648' title='bbox 3343 2479 3533 2531; x_wconf 87' lang='lat' dir='ltr'><strong>merito</strong></span> 
     </span>
    </p>
   </div>
   <div class='ocr_carea' id='block_1_86' title="bbox 1941 2568 3534 2652">
    <p class='ocr_par' dir='ltr' id='par_1_86' title="bbox 1941 2568 3534 2652">
     <span class='ocr_line' id='line_1_86' title="bbox 1941 2568 3534 2652; baseline -0.008 -17"><span class='ocrx_word' id='word_1_649' title='bbox 1941 2580 2234 2652; x_wconf 84' lang='lat' dir='ltr'><strong>approbato</strong></span> <span class='ocrx_word' id='word_1_650' title='bbox 2262 2587 2419 2649; x_wconf 89' lang='lat' dir='ltr'><strong>atque</strong></span> <span class='ocrx_word' id='word_1_651' title='bbox 2460 2575 2696 2643; x_wconf 87' lang='lat' dir='ltr'><strong>laudato,</strong></span> <span class='ocrx_word' id='word_1_652' title='bbox 2750 2573 2993 2645; x_wconf 84' lang='lat' dir='ltr'><strong>Pelagius</strong></span> <span class='ocrx_word' id='word_1_653' title='bbox 3036 2580 3212 2626; x_wconf 89' lang='lat' dir='ltr'><strong>tamen</strong></span> <span class='ocrx_word' id='word_1_654' title='bbox 3248 2568 3387 2639; x_wconf 85' lang='lat' dir='ltr'><strong>apud</strong></span> <span class='ocrx_word' id='word_1_655' title='bbox 3439 2584 3534 2622; x_wconf 85' lang='lat' dir='ltr'><strong>eos</strong></span> 
     </span>
    </p>
   </div>
   <div class='ocr_carea' id='block_1_87' title="bbox 1942 2660 3535 2744">
    <p class='ocr_par' dir='ltr' id='par_1_87' title="bbox 1942 2660 3535 2744">
     <span class='ocr_line' id='line_1_87' title="bbox 1942 2660 3535 2744; baseline -0.008 -19"><span class='ocrx_word' id='word_1_656' title='bbox 1942 2673 2134 2744; x_wconf 87' lang='lat' dir='ltr'><strong>quibus</strong></span> <span class='ocrx_word' id='word_1_657' title='bbox 2162 2671 2386 2740; x_wconf 83' lang='lat' dir='ltr'><strong>amplius</strong></span> <span class='ocrx_word' id='word_1_658' title='bbox 2417 2668 2720 2738; x_wconf 82' lang='lat' dir='ltr'><strong>certiusque</strong></span> <span class='ocrx_word' id='word_1_659' title='bbox 2746 2677 2902 2721; x_wconf 90' lang='lat' dir='ltr'><strong>notus</strong></span> <span class='ocrx_word' id='word_1_660' title='bbox 2928 2675 3011 2720; x_wconf 88' lang='lat' dir='ltr'><strong>est</strong></span> <span class='ocrx_word' id='word_1_661' title='bbox 3035 2664 3075 2731; x_wconf 85' lang='grc'><em>³,</em></span> <span class='ocrx_word' id='word_1_662' title='bbox 3106 2679 3208 2718; x_wconf 88' lang='lat' dir='ltr'><strong>non</strong></span> <span class='ocrx_word' id='word_1_663' title='bbox 3237 2661 3363 2716; x_wconf 87' lang='lat' dir='ltr'><strong>mihi</strong></span> <span class='ocrx_word' id='word_1_664' title='bbox 3385 2660 3535 2714; x_wconf 87' lang='lat' dir='ltr'><strong>vidc-</strong></span> 
     </span>
    </p>
   </div>
   <div class='ocr_carea' id='block_1_88' title="bbox 1946 2750 3534 2832">
    <p class='ocr_par' dir='ltr' id='par_1_88' title="bbox 1946 2750 3534 2832">
     <span class='ocr_line' id='line_1_88' title="bbox 1946 2750 3534 2832; baseline -0.009 -13"><span class='ocrx_word' id='word_1_665' title='bbox 1946 2774 2033 2819; x_wconf 90' lang='lat' dir='ltr'><strong>tur</strong></span> <span class='ocrx_word' id='word_1_666' title='bbox 2056 2779 2173 2817; x_wconf 88' lang='lat' dir='ltr'><strong>esse</strong></span> <span class='ocrx_word' id='word_1_667' title='bbox 2203 2771 2475 2832; x_wconf 82' lang='lat' dir='ltr'><strong>purgatus.</strong></span> <span class='ocrx_word' id='word_1_668' title='bbox 2509 2758 2586 2813; x_wconf 86' lang='lat' dir='ltr'><strong>Illi</strong></span> <span class='ocrx_word' id='word_1_669' title='bbox 2628 2758 2769 2813; x_wconf 92' lang='lat' dir='ltr'><strong>enim</strong></span> <span class='ocrx_word' id='word_1_670' title='bbox 2801 2768 3050 2825; x_wconf 89' lang='lat' dir='ltr'><strong>tanquam</strong></span> <span class='ocrx_word' id='word_1_671' title='bbox 3082 2754 3150 2809; x_wconf 91' lang='lat' dir='ltr'><strong>de</strong></span> <span class='ocrx_word' id='word_1_672' title='bbox 3185 2754 3362 2823; x_wconf 87' lang='lat' dir='ltr'><strong>ignoto</strong></span> <span class='ocrx_word' id='word_1_673' title='bbox 3386 2750 3534 2821; x_wconf 87' lang='lat' dir='ltr'><strong>judi-</strong></span> 
     </span>
    </p>
   </div>
   <div class='ocr_carea' id='block_1_89' title="bbox 1944 2845 3534 2921">
    <p class='ocr_par' dir='ltr' id='par_1_89' title="bbox 1944 2845 3534 2921">
     <span class='ocr_line' id='line_1_89' title="bbox 1944 2845 3534 2921; baseline -0.011 -10"><span class='ocrx_word' id='word_1_674' title='bbox 1944 2866 2149 2921; x_wconf 87' lang='lat' dir='ltr'><strong>cantes,</strong></span> <span class='ocrx_word' id='word_1_675' title='bbox 2199 2853 2283 2907; x_wconf 90' lang='lat' dir='ltr'><strong>bis</strong></span> <span class='ocrx_word' id='word_1_676' title='bbox 2332 2850 2627 2921; x_wconf 71' lang='lat' dir='ltr'><strong>prmsertim</strong></span> <span class='ocrx_word' id='word_1_677' title='bbox 2669 2847 2982 2903; x_wconf 89' lang='lat' dir='ltr'><strong>absentibus</strong></span> <span class='ocrx_word' id='word_1_678' title='bbox 3037 2845 3123 2914; x_wconf 89' lang='lat' dir='ltr'><strong>qui</strong></span> <span class='ocrx_word' id='word_1_679' title='bbox 3177 2852 3359 2898; x_wconf 88' lang='lat' dir='ltr'><strong>contra</strong></span> <span class='ocrx_word' id='word_1_680' title='bbox 3410 2854 3534 2896; x_wconf 89' lang='lat' dir='ltr'><strong>eum</strong></span> 
     </span>
    </p>
   </div>
   <div class='ocr_carea' id='block_1_90' title="bbox 1946 2936 3534 3009">
    <p class='ocr_par' dir='ltr' id='par_1_90' title="bbox 1946 2936 3534 3009">
     <span class='ocr_line' id='line_1_90' title="bbox 1946 2936 3534 3009; baseline -0.009 -6"><span class='ocrx_word' id='word_1_681' title='bbox 1946 2947 2181 3003; x_wconf 87' lang='lat' dir='ltr'><strong>libellum</strong></span> <span class='ocrx_word' id='word_1_682' title='bbox 2207 2944 2487 3009; x_wconf 89' lang='lat' dir='ltr'><strong>dederant,</strong></span> <span class='ocrx_word' id='word_1_683' title='bbox 2530 2941 2801 2995; x_wconf 84' lang='lat' dir='ltr'><strong>hominem</strong></span> <span class='ocrx_word' id='word_1_684' title='bbox 2833 2938 3047 3009; x_wconf 89' lang='lat' dir='ltr'><strong>quidem</strong></span> <span class='ocrx_word' id='word_1_685' title='bbox 3070 2936 3377 3006; x_wconf 86' lang='lat' dir='ltr'><strong>diligentius</strong></span> <span class='ocrx_word' id='word_1_686' title='bbox 3403 2950 3534 2989; x_wconf 80' lang='lat' dir='ltr'><strong>exa-</strong></span> 
     </span>
    </p>
   </div>
   <div class='ocr_carea' id='block_1_91' title="bbox 1947 3026 3535 3103">
    <p class='ocr_par' dir='ltr' id='par_1_91' title="bbox 1947 3026 3535 3103">
     <span class='ocr_line' id='line_1_91' title="bbox 1947 3026 3535 3103; baseline -0.009 -11"><span class='ocrx_word' id='word_1_687' title='bbox 1947 3039 2151 3093; x_wconf 88' lang='lat' dir='ltr'><strong>minare</strong></span> <span class='ocrx_word' id='word_1_688' title='bbox 2170 3035 2389 3091; x_wconf 91' lang='lat' dir='ltr'><strong>minime</strong></span> <span class='ocrx_word' id='word_1_689' title='bbox 2420 3038 2705 3103; x_wconf 88' lang='lat' dir='ltr'><strong>potuerunt</strong></span> <span class='ocrx_word' id='word_1_690' title='bbox 2733 3049 2747 3085; x_wconf 89' lang='lat'><strong>:</strong></span> <span class='ocrx_word' id='word_1_691' title='bbox 2779 3028 3022 3084; x_wconf 70' lang='lat' dir='ltr'><strong>haeresim</strong></span> <span class='ocrx_word' id='word_1_692' title='bbox 3049 3037 3226 3082; x_wconf 89' lang='lat' dir='ltr'><strong>tamen</strong></span> <span class='ocrx_word' id='word_1_693' title='bbox 3262 3026 3428 3096; x_wconf 89' lang='lat' dir='ltr'><strong>ipsam</strong></span> <span class='ocrx_word' id='word_1_694' title='bbox 3451 3067 3464 3089; x_wconf 94' lang='lat'><strong>,</strong></span> <span class='ocrx_word' id='word_1_695' title='bbox 3490 3027 3535 3079; x_wconf 85' lang='lat' dir='ltr'><strong>si</strong></span> 
     </span>
    </p>
   </div>
   <div class='ocr_carea' id='block_1_92' title="bbox 1946 3116 3538 3196">
    <p class='ocr_par' dir='ltr' id='par_1_92' title="bbox 1946 3116 3538 3196">
     <span class='ocr_line' id='line_1_92' title="bbox 1946 3116 3538 3196; baseline -0.01 -11"><span class='ocrx_word' id='word_1_696' title='bbox 1946 3143 2131 3185; x_wconf 86' lang='lat' dir='ltr'><strong>eorum</strong></span> <span class='ocrx_word' id='word_1_697' title='bbox 2173 3133 2460 3196; x_wconf 85' lang='lat' dir='ltr'><strong>sequantur</strong></span> <span class='ocrx_word' id='word_1_698' title='bbox 2482 3122 2741 3194; x_wconf 86' lang='lat' dir='ltr'><strong>judicium</strong></span> <span class='ocrx_word' id='word_1_699' title='bbox 2778 3120 2867 3191; x_wconf 89' lang='lat' dir='ltr'><strong>qui</strong></span> <span class='ocrx_word' id='word_1_700' title='bbox 2899 3133 2996 3190; x_wconf 91' lang='lat' dir='ltr'><strong>pro</strong></span> <span class='ocrx_word' id='word_1_701' title='bbox 3039 3119 3155 3188; x_wconf 90' lang='lat' dir='ltr'><strong>ejus</strong></span> <span class='ocrx_word' id='word_1_702' title='bbox 3188 3116 3538 3187; x_wconf 82' lang='lat' dir='ltr'><strong>perversitate</strong></span> 
     </span>
    </p>
   </div>
   <div class='ocr_carea' id='block_1_93' title="bbox 1948 3208 3543 3289">
    <p class='ocr_par' dir='ltr' id='par_1_93' title="bbox 1948 3208 3543 3289">
     <span class='ocr_line' id='line_1_93' title="bbox 1948 3208 3543 3289; baseline -0.01 -12"><span class='ocrx_word' id='word_1_703' title='bbox 1948 3220 2244 3284; x_wconf 77' lang='lat' dir='ltr'><strong>certabant,</strong></span> <span class='ocrx_word' id='word_1_704' title='bbox 2288 3208 2504 3289; x_wconf 85' lang='lat' dir='ltr'><strong>penitus</strong></span> <span class='ocrx_word' id='word_1_705' title='bbox 2542 3220 2904 3285; x_wconf 88' lang='lat' dir='ltr'><strong>peremerunt.</strong></span> <span class='ocrx_word' id='word_1_706' title='bbox 2935 3210 3017 3265; x_wconf 92' lang='lat' dir='ltr'><strong>llli</strong></span> <span class='ocrx_word' id='word_1_707' title='bbox 3059 3218 3235 3264; x_wconf 91' lang='lat' dir='ltr'><strong>autem</strong></span> <span class='ocrx_word' id='word_1_708' title='bbox 3280 3208 3370 3279; x_wconf 87' lang='lat' dir='ltr'><strong>qui</strong></span> <span class='ocrx_word' id='word_1_709' title='bbox 3406 3208 3543 3262; x_wconf 87' lang='lat' dir='ltr'><strong>bene</strong></span> 
     </span>
    </p>
   </div>
   <div class='ocr_carea' id='block_1_94' title="bbox 1950 3299 3541 3379">
    <p class='ocr_par' dir='ltr' id='par_1_94' title="bbox 1950 3299 3541 3379">
     <span class='ocr_line' id='line_1_94' title="bbox 1950 3299 3541 3379; baseline -0.011 -12"><span class='ocrx_word' id='word_1_710' title='bbox 1950 3311 2126 3366; x_wconf 87' lang='lat' dir='ltr'><strong>sciunt</strong></span> <span class='ocrx_word' id='word_1_711' title='bbox 2176 3323 2296 3379; x_wconf 80' lang='lat' dir='ltr'><strong>quae</strong></span> <span class='ocrx_word' id='word_1_712' title='bbox 2335 3306 2580 3378; x_wconf 84' lang='lat' dir='ltr'><strong>Pelagius</strong></span> <span class='ocrx_word' id='word_1_713' title='bbox 2606 3305 2805 3360; x_wconf 86' lang='lat' dir='ltr'><strong>docere</strong></span> <span class='ocrx_word' id='word_1_714' title='bbox 2845 3301 3140 3364; x_wconf 90' lang='lat' dir='ltr'><strong>consuevit,</strong></span> <span class='ocrx_word' id='word_1_715' title='bbox 3165 3300 3279 3355; x_wconf 90' lang='lat' dir='ltr'><strong>sive</strong></span> <span class='ocrx_word' id='word_1_716' title='bbox 3314 3301 3402 3371; x_wconf 90' lang='lat' dir='ltr'><strong>qui</strong></span> <span class='ocrx_word' id='word_1_717' title='bbox 3425 3299 3541 3369; x_wconf 82' lang='lat' dir='ltr'><strong>ejus</strong></span> 
     </span>
    </p>
   </div>
   <div class='ocr_carea' id='block_1_95' title="bbox 1949 3391 3544 3471">
    <p class='ocr_par' dir='ltr' id='par_1_95' title="bbox 1949 3391 3544 3471">
     <span class='ocr_line' id='line_1_95' title="bbox 1949 3391 3544 3471; baseline -0.008 -14"><span class='ocrx_word' id='word_1_718' title='bbox 1949 3399 2396 3471; x_wconf 78' lang='lat' dir='ltr'><strong>diSputationibus</strong></span> <span class='ocrx_word' id='word_1_719' title='bbox 2414 3398 2741 3458; x_wconf 85' lang='lat' dir='ltr'><strong>restiterunt,</strong></span> <span class='ocrx_word' id='word_1_720' title='bbox 2774 3394 2887 3450; x_wconf 84' lang='lat' dir='ltr'><strong>sive</strong></span> <span class='ocrx_word' id='word_1_721' title='bbox 2919 3393 3008 3463; x_wconf 89' lang='lat' dir='ltr'><strong>qui</strong></span> <span class='ocrx_word' id='word_1_722' title='bbox 3044 3407 3109 3447; x_wconf 85' lang='lat' dir='ltr'><strong>ex</strong></span> <span class='ocrx_word' id='word_1_723' title='bbox 3138 3391 3253 3462; x_wconf 91' lang='lat' dir='ltr'><strong>ipso</strong></span> <span class='ocrx_word' id='word_1_724' title='bbox 3282 3404 3465 3445; x_wconf 90' lang='lat' dir='ltr'><strong>errore</strong></span> <span class='ocrx_word' id='word_1_725' title='bbox 3482 3405 3544 3444; x_wconf 85' lang='lat' dir='ltr'><strong>se</strong></span> 
     </span>
    </p>
   </div>
   <div class='ocr_carea' id='block_1_96' title="bbox 1952 3481 3543 3558">
    <p class='ocr_par' dir='ltr' id='par_1_96' title="bbox 1952 3481 3543 3558">
     <span class='ocr_line' id='line_1_96' title="bbox 1952 3481 3543 3558; baseline -0.007 -11"><span class='ocrx_word' id='word_1_726' title='bbox 1952 3492 2210 3548; x_wconf 88' lang='lat' dir='ltr'><strong>liberatos</strong></span> <span class='ocrx_word' id='word_1_727' title='bbox 2254 3504 2375 3544; x_wconf 89' lang='lat' dir='ltr'><strong>esse</strong></span> <span class='ocrx_word' id='word_1_728' title='bbox 2424 3487 2776 3558; x_wconf 84' lang='lat' dir='ltr'><strong>gratulantur,</strong></span> <span class='ocrx_word' id='word_1_729' title='bbox 2826 3481 3095 3553; x_wconf 87' lang='lat' dir='ltr'><strong>quomodo</strong></span> <span class='ocrx_word' id='word_1_730' title='bbox 3145 3489 3368 3551; x_wconf 86' lang='lat' dir='ltr'><strong>possunt</strong></span> <span class='ocrx_word' id='word_1_731' title='bbox 3418 3495 3543 3536; x_wconf 84' lang='lat' dir='ltr'><strong>eum</strong></span> 
     </span>
    </p>
   </div>
   <div class='ocr_carea' id='block_1_97' title="bbox 1950 3571 3539 3648">
    <p class='ocr_par' dir='ltr' id='par_1_97' title="bbox 1950 3571 3539 3648">
     <span class='ocr_line' id='line_1_97' title="bbox 1950 3571 3539 3648; baseline -0.009 -10"><span class='ocrx_word' id='word_1_732' title='bbox 1950 3597 2057 3638; x_wconf 86' lang='lat' dir='ltr'><strong>non</strong></span> <span class='ocrx_word' id='word_1_733' title='bbox 2110 3582 2309 3636; x_wconf 87' lang='lat' dir='ltr'><strong>habere</strong></span> <span class='ocrx_word' id='word_1_734' title='bbox 2354 3588 2679 3648; x_wconf 80' lang='lat' dir='ltr'><strong>suSpectum,</strong></span> <span class='ocrx_word' id='word_1_735' title='bbox 2716 3574 2928 3646; x_wconf 87' lang='lat' dir='ltr'><strong>quando</strong></span> <span class='ocrx_word' id='word_1_736' title='bbox 2960 3575 3076 3643; x_wconf 83' lang='lat' dir='ltr'><strong>ejus</strong></span> <span class='ocrx_word' id='word_1_737' title='bbox 3112 3589 3215 3628; x_wconf 91' lang='lat' dir='ltr'><strong>non</strong></span> <span class='ocrx_word' id='word_1_738' title='bbox 3245 3571 3539 3642; x_wconf 88' lang='lat' dir='ltr'><strong>simplicem</strong></span> 
     </span>
    </p>
   </div>
   <div class='ocr_carea' id='block_1_98' title="bbox 1948 3661 3541 3740">
    <p class='ocr_par' dir='ltr' id='par_1_98' title="bbox 1948 3661 3541 3740">
     <span class='ocr_line' id='line_1_98' title="bbox 1948 3661 3541 3740; baseline -0.009 -10"><span class='ocrx_word' id='word_1_739' title='bbox 1948 3673 2346 3730; x_wconf 78' lang='lat' dir='ltr'><strong>confessionem</strong></span> <span class='ocrx_word' id='word_1_740' title='bbox 2374 3668 2636 3740; x_wconf 77' lang='lat' dir='ltr'><strong>praeterita</strong></span> <span class='ocrx_word' id='word_1_741' title='bbox 2670 3673 2844 3722; x_wconf 89' lang='lat' dir='ltr'><strong>errata</strong></span> <span class='ocrx_word' id='word_1_742' title='bbox 2860 3665 3199 3719; x_wconf 86' lang='lat' dir='ltr'><strong>damnantem</strong></span> <span class='ocrx_word' id='word_1_743' title='bbox 3223 3704 3237 3729; x_wconf 95' lang='lat'><strong>,</strong></span> <span class='ocrx_word' id='word_1_744' title='bbox 3263 3661 3358 3716; x_wconf 80' lang='lat' dir='ltr'><strong>sed</strong></span> <span class='ocrx_word' id='word_1_745' title='bbox 3383 3661 3541 3715; x_wconf 89' lang='lat' dir='ltr'><strong>talem</strong></span> 
     </span>
    </p>
   </div>
   <div class='ocr_carea' id='block_1_99' title="bbox 1952 3751 3540 3829">
    <p class='ocr_par' dir='ltr' id='par_1_99' title="bbox 1952 3751 3540 3829">
     <span class='ocr_line' id='line_1_99' title="bbox 1952 3751 3540 3829; baseline -0.012 -7"><span class='ocrx_word' id='word_1_746' title='bbox 1952 3760 2611 3829; x_wconf 68' lang='lat' dir='ltr'><strong>confessionem‘legunt,</strong></span> <span class='ocrx_word' id='word_1_747' title='bbox 2650 3755 2801 3827; x_wconf 83' lang='lat' dir='ltr'><strong>quasi</strong></span> <span class='ocrx_word' id='word_1_748' title='bbox 2842 3769 3110 3824; x_wconf 89' lang='lat' dir='ltr'><strong>nunquam</strong></span> <span class='ocrx_word' id='word_1_749' title='bbox 3150 3751 3306 3806; x_wconf 84' lang='lat' dir='ltr'><strong>aliter</strong></span> <span class='ocrx_word' id='word_1_750' title='bbox 3350 3764 3540 3804; x_wconf 87' lang='lat' dir='ltr'><strong>sense-</strong></span> 
     </span>
    </p>
   </div>
   <div class='ocr_carea' id='block_1_100' title="bbox 1955 3841 3541 3925">
    <p class='ocr_par' dir='ltr' id='par_1_100' title="bbox 1955 3841 3541 3925">
     <span class='ocr_line' id='line_1_100' title="bbox 1955 3841 3541 3925; baseline -0.011 -15"><span class='ocrx_word' id='word_1_751' title='bbox 1955 3856 2044 3922; x_wconf 92' lang='lat' dir='ltr'><strong>rit,</strong></span> <span class='ocrx_word' id='word_1_752' title='bbox 2070 3868 2232 3925; x_wconf 87' lang='lat' dir='ltr'><strong>quam</strong></span> <span class='ocrx_word' id='word_1_753' title='bbox 2258 3849 2583 3923; x_wconf 86' lang='lat' dir='ltr'><strong>istojndicio</strong></span> <span class='ocrx_word' id='word_1_754' title='bbox 2603 3849 2662 3903; x_wconf 83' lang='lat' dir='ltr'><strong>in</strong></span> <span class='ocrx_word' id='word_1_755' title='bbox 2701 3848 2816 3918; x_wconf 85' lang='lat' dir='ltr'><strong>ejus</strong></span> <span class='ocrx_word' id='word_1_756' title='bbox 2851 3853 2934 3902; x_wconf 87' lang='lat' dir='ltr'><strong>est</strong></span> <span class='ocrx_word' id='word_1_757' title='bbox 2974 3841 3409 3915; x_wconf 82' lang='lat' dir='ltr'><strong>responsionibus</strong></span> <span class='ocrx_word' id='word_1_758' title='bbox 3444 3855 3541 3911; x_wconf 82' lang='lat' dir='ltr'><strong>ap-</strong></span> 
     </span>
    </p>
   </div>
   <div class='ocr_carea' id='block_1_101' title="bbox 1956 3944 2280 4017">
    <p class='ocr_par' dir='ltr' id='par_1_101' title="bbox 1956 3944 2280 4017">
     <span class='ocr_line' id='line_1_101' title="bbox 1956 3944 2280 4017; baseline -0.019 -15"><span class='ocrx_word' id='word_1_759' title='bbox 1956 3946 2235 4017; x_wconf 86' lang='lat' dir='ltr'><strong>probatum</strong></span> <span class='ocrx_word' id='word_1_760' title='bbox 2256 3944 2280 3996; x_wconf 86' lang='lat'><strong>?</strong></span> 
     </span>
    </p>
   </div>
   <div class='ocr_carea' id='block_1_102' title="bbox 2025 4021 3542 4094">
    <p class='ocr_par' dir='ltr' id='par_1_102' title="bbox 2025 4021 3542 4094">
     <span class='ocr_line' id='line_1_102' title="bbox 2025 4021 3542 4094; baseline -0.012 -2"><span class='ocrx_word' id='word_1_761' title='bbox 2025 4034 2250 4091; x_wconf 82' lang='lat' dir='ltr'><strong>CAPUT</strong></span> <span class='ocrx_word' id='word_1_762' title='bbox 2288 4031 2453 4087; x_wconf 76' lang='lat' dir='ltr'><strong>XXII.</strong></span> <span class='ocrx_word' id='word_1_763' title='bbox 2492 4059 2565 4073; x_wconf 87' lang='lat'><strong>--</strong></span> <span class='ocrx_word' id='word_1_764' title='bbox 2598 4030 2687 4084; x_wconf 76' lang='grc'><strong>46.</strong></span> <span class='ocrx_word' id='word_1_765' title='bbox 2727 4027 2859 4083; x_wconf 82' lang='lat' dir='ltr'><strong>Nam</strong></span> <span class='ocrx_word' id='word_1_766' title='bbox 2880 4070 2894 4091; x_wconf 92' lang='lat'><strong>,</strong></span> <span class='ocrx_word' id='word_1_767' title='bbox 2922 4034 2978 4080; x_wconf 92' lang='lat' dir='ltr'><strong>ut</strong></span> <span class='ocrx_word' id='word_1_768' title='bbox 3014 4025 3081 4080; x_wconf 91' lang='lat' dir='ltr'><strong>de</strong></span> <span class='ocrx_word' id='word_1_769' title='bbox 3110 4039 3194 4079; x_wconf 90' lang='lat' dir='ltr'><strong>me</strong></span> <span class='ocrx_word' id='word_1_770' title='bbox 3229 4024 3345 4094; x_wconf 90' lang='lat' dir='ltr'><strong>ipso</strong></span> <span class='ocrx_word' id='word_1_771' title='bbox 3376 4021 3542 4090; x_wconf 84' lang='lat' dir='ltr'><strong>potis-</strong></span> 
     </span>
    </p>
   </div>
   <div class='ocr_carea' id='block_1_103' title="bbox 1955 4111 3541 4194">
    <p class='ocr_par' dir='ltr' id='par_1_103' title="bbox 1955 4111 3541 4194">
     <span class='ocr_line' id='line_1_103' title="bbox 1955 4111 3541 4194; baseline -0.013 -9"><span class='ocrx_word' id='word_1_772' title='bbox 1955 4130 2150 4188; x_wconf 88' lang='lat' dir='ltr'><strong>simum</strong></span> <span class='ocrx_word' id='word_1_773' title='bbox 2202 4127 2398 4191; x_wconf 89' lang='lat' dir='ltr'><strong>dicam,</strong></span> <span class='ocrx_word' id='word_1_774' title='bbox 2452 4124 2602 4194; x_wconf 88' lang='lat' dir='ltr'><strong>prius</strong></span> <span class='ocrx_word' id='word_1_775' title='bbox 2646 4119 2883 4176; x_wconf 87' lang='lat' dir='ltr'><strong>absentis</strong></span> <span class='ocrx_word' id='word_1_776' title='bbox 2935 4127 2989 4172; x_wconf 87' lang='lat' dir='ltr'><strong>et</strong></span> <span class='ocrx_word' id='word_1_777' title='bbox 3036 4117 3220 4171; x_wconf 71' lang='lat' dir='ltr'><strong>Beata:</strong></span> <span class='ocrx_word' id='word_1_778' title='bbox 3268 4111 3541 4168; x_wconf 88' lang='lat' dir='ltr'><strong>constituti</strong></span> 
     </span>
    </p>
   </div>
   <div class='ocr_carea' id='block_1_104' title="bbox 1956 4208 3542 4290">
    <p class='ocr_par' dir='ltr' id='par_1_104' title="bbox 1956 4208 3542 4290">
     <span class='ocr_line' id='line_1_104' title="bbox 1956 4208 3542 4290; baseline -0.012 -13"><span class='ocrx_word' id='word_1_779' title='bbox 1956 4221 2157 4290; x_wconf 75' lang='lat' dir='ltr'><strong>Pelagii</strong></span> <span class='ocrx_word' id='word_1_780' title='bbox 2183 4232 2375 4273; x_wconf 90' lang='lat' dir='ltr'><strong>nomen</strong></span> <span class='ocrx_word' id='word_1_781' title='bbox 2397 4231 2516 4269; x_wconf 89' lang='lat' dir='ltr'><strong>eum</strong></span> <span class='ocrx_word' id='word_1_782' title='bbox 2540 4210 2862 4283; x_wconf 61' lang='lat' dir='ltr'><strong>magna‘ejus</strong></span> <span class='ocrx_word' id='word_1_783' title='bbox 2894 4209 3049 4263; x_wconf 87' lang='lat' dir='ltr'><strong>laude</strong></span> <span class='ocrx_word' id='word_1_784' title='bbox 3074 4208 3294 4277; x_wconf 75' lang='lat' dir='ltr'><strong>Cognovi</strong></span> <span class='ocrx_word' id='word_1_785' title='bbox 3322 4213 3542 4276; x_wconf 81' lang='lat' dir='ltr'><strong>:postea</strong></span> 
     </span>
    </p>
   </div>
   <div class='ocr_carea' id='block_1_105' title="bbox 1957 4297 3542 4385">
    <p class='ocr_par' dir='ltr' id='par_1_105' title="bbox 1957 4297 3542 4385">
     <span class='ocr_line' id='line_1_105' title="bbox 1957 4297 3542 4385; baseline -0.014 -15"><span class='ocrx_word' id='word_1_786' title='bbox 1957 4313 2119 4385; x_wconf 65' lang='lat' dir='ltr'><strong>cepit</strong></span> <span class='ocrx_word' id='word_1_787' title='bbox 2143 4309 2208 4365; x_wconf 87' lang='lat' dir='ltr'><strong>ad</strong></span> <span class='ocrx_word' id='word_1_788' title='bbox 2238 4323 2334 4363; x_wconf 88' lang='lat' dir='ltr'><strong>nos</strong></span> <span class='ocrx_word' id='word_1_789' title='bbox 2354 4306 2489 4360; x_wconf 88' lang='lat' dir='ltr'><strong>fama</strong></span> <span class='ocrx_word' id='word_1_790' title='bbox 2512 4302 2769 4373; x_wconf 72' lang='lat' dir='ltr'><strong>perferre,</strong></span> <span class='ocrx_word' id='word_1_791' title='bbox 2812 4300 2951 4371; x_wconf 83' lang='lat' dir='ltr'><strong>quod</strong></span> <span class='ocrx_word' id='word_1_792' title='bbox 2995 4298 3251 4353; x_wconf 87' lang='lat' dir='ltr'><strong>adversus</strong></span> <span class='ocrx_word' id='word_1_793' title='bbox 3289 4297 3383 4352; x_wconf 91' lang='lat' dir='ltr'><strong>Dei</strong></span> <span class='ocrx_word' id='word_1_794' title='bbox 3417 4313 3542 4365; x_wconf 83' lang='lat' dir='ltr'><strong>gra-</strong></span> 
     </span>
    </p>
   </div>
   <div class='ocr_carea' id='block_1_106' title="bbox 1961 4387 3543 4471">
    <p class='ocr_par' dir='ltr' id='par_1_106' title="bbox 1961 4387 3543 4471">
     <span class='ocr_line' id='line_1_106' title="bbox 1961 4387 3543 4471; baseline -0.013 -10"><span class='ocrx_word' id='word_1_795' title='bbox 1961 4407 2084 4461; x_wconf 89' lang='lat' dir='ltr'><strong>tiam</strong></span> <span class='ocrx_word' id='word_1_796' title='bbox 2110 4402 2437 4471; x_wconf 84' lang='lat' dir='ltr'><strong>disputaret;</strong></span> <span class='ocrx_word' id='word_1_797' title='bbox 2467 4392 2609 4463; x_wconf 75' lang='grc' dir='ltr'>(ιιιοά</span> <span class='ocrx_word' id='word_1_798' title='bbox 2636 4393 2760 4448; x_wconf 85' lang='lat' dir='ltr'><strong>licet</strong></span> <span class='ocrx_word' id='word_1_799' title='bbox 2796 4392 3034 4446; x_wconf 84' lang='lat' dir='ltr'><strong>dolerem</strong></span> <span class='ocrx_word' id='word_1_800' title='bbox 3058 4433 3072 4457; x_wconf 93' lang='lat'><strong>,</strong></span> <span class='ocrx_word' id='word_1_801' title='bbox 3107 4399 3161 4445; x_wconf 90' lang='lat' dir='ltr'><strong>et</strong></span> <span class='ocrx_word' id='word_1_802' title='bbox 3197 4389 3264 4444; x_wconf 88' lang='lat' dir='ltr'><strong>ab</strong></span> <span class='ocrx_word' id='word_1_803' title='bbox 3296 4390 3373 4444; x_wconf 90' lang='lat' dir='ltr'><strong>eis</strong></span> <span class='ocrx_word' id='word_1_804' title='bbox 3414 4387 3543 4441; x_wconf 89' lang='lat' dir='ltr'><strong>mihi</strong></span> 
     </span>
    </p>
   </div>
   <div class='ocr_carea' id='block_1_107' title="bbox 1959 4481 3540 4562">
    <p class='ocr_par' dir='ltr' id='par_1_107' title="bbox 1959 4481 3540 4562">
     <span class='ocr_line' id='line_1_107' title="bbox 1959 4481 3540 4562; baseline -0.011 -10"><span class='ocrx_word' id='word_1_805' title='bbox 1959 4497 2222 4553; x_wconf 86' lang='lat' dir='ltr'><strong>diceretur</strong></span> <span class='ocrx_word' id='word_1_806' title='bbox 2249 4490 2443 4562; x_wconf 88' lang='lat' dir='ltr'><strong>quibus</strong></span> <span class='ocrx_word' id='word_1_807' title='bbox 2465 4487 2759 4549; x_wconf 83' lang='lat' dir='ltr'><strong>crederem,</strong></span> <span class='ocrx_word' id='word_1_808' title='bbox 2794 4484 2861 4539; x_wconf 79' lang='lat' dir='ltr'><strong>a‘b</strong></span> <span class='ocrx_word' id='word_1_809' title='bbox 2906 4484 3023 4554; x_wconf 91' lang='lat' dir='ltr'><strong>ipso</strong></span> <span class='ocrx_word' id='word_1_810' title='bbox 3068 4492 3243 4537; x_wconf 88' lang='lat' dir='ltr'><strong>tamen</strong></span> <span class='ocrx_word' id='word_1_811' title='bbox 3292 4483 3397 4537; x_wconf 90' lang='lat' dir='ltr'><strong>tale</strong></span> <span class='ocrx_word' id='word_1_812' title='bbox 3441 4481 3540 4535; x_wconf 58' lang='lat' dir='ltr'><strong>alio</strong></span> 
     </span>
    </p>
   </div>
   <div class='ocr_carea' id='block_1_108' title="bbox 1959 4573 3546 4660">
    <p class='ocr_par' dir='ltr' id='par_1_108' title="bbox 1959 4573 3546 4660">
     <span class='ocr_line' id='line_1_108' title="bbox 1959 4573 3546 4660; baseline -0.009 -17"><span class='ocrx_word' id='word_1_813' title='bbox 1959 4589 2107 4660; x_wconf 89' lang='lat' dir='ltr'><strong>quid,</strong></span> <span class='ocrx_word' id='word_1_814' title='bbox 2148 4586 2230 4640; x_wconf 90' lang='lat' dir='ltr'><strong>vel</strong></span> <span class='ocrx_word' id='word_1_815' title='bbox 2284 4584 2337 4638; x_wconf 91' lang='lat' dir='ltr'><strong>in</strong></span> <span class='ocrx_word' id='word_1_816' title='bbox 2377 4582 2492 4652; x_wconf 83' lang='lat' dir='ltr'><strong>ejus</strong></span> <span class='ocrx_word' id='word_1_817' title='bbox 2540 4580 2716 4650; x_wconf 86' lang='lat' dir='ltr'><strong>aliquo</strong></span> <span class='ocrx_word' id='word_1_818' title='bbox 2739 4579 2875 4632; x_wconf 88' lang='lat' dir='ltr'><strong>libro</strong></span> <span class='ocrx_word' id='word_1_819' title='bbox 2905 4592 3064 4641; x_wconf 77' lang='lat' dir='ltr'><strong>nosse</strong></span> <span class='ocrx_word' id='word_1_820' title='bbox 3092 4575 3390 4646; x_wconf 85' lang='lat' dir='ltr'><strong>cupiebam,</strong></span> <span class='ocrx_word' id='word_1_821' title='bbox 3424 4573 3546 4629; x_wconf 89' lang='lat' dir='ltr'><strong>utsi</strong></span> 
     </span>
    </p>
   </div>
   <div class='ocr_carea' id='block_1_109' title="bbox 1961 4666 3541 4748">
    <p class='ocr_par' dir='ltr' id='par_1_109' title="bbox 1961 4666 3541 4748">
     <span class='ocr_line' id='line_1_109' title="bbox 1961 4666 3541 4748; baseline -0.011 -14"><span class='ocrx_word' id='word_1_822' title='bbox 1961 4680 2252 4748; x_wconf 88' lang='lat' dir='ltr'><strong>inciperem</strong></span> <span class='ocrx_word' id='word_1_823' title='bbox 2285 4672 2624 4743; x_wconf 85' lang='lat' dir='ltr'><strong>redarguere,</strong></span> <span class='ocrx_word' id='word_1_824' title='bbox 2648 4684 2843 4742; x_wconf 81' lang='lat' dir='ltr'><strong>negare</strong></span> <span class='ocrx_word' id='word_1_825' title='bbox 2872 4683 2976 4722; x_wconf 91' lang='lat' dir='ltr'><strong>non</strong></span> <span class='ocrx_word' id='word_1_826' title='bbox 2999 4676 3196 4737; x_wconf 89' lang='lat' dir='ltr'><strong>posset.</strong></span> <span class='ocrx_word' id='word_1_827' title='bbox 3232 4666 3420 4719; x_wconf 84' lang='lat' dir='ltr'><strong>Postea</strong></span> <span class='ocrx_word' id='word_1_828' title='bbox 3449 4681 3541 4718; x_wconf 64' lang='lat' dir='ltr'><strong>ve~</strong></span> 
     </span>
    </p>
   </div>
   <div class='ocr_carea' id='block_1_110' title="bbox 1961 4755 3541 4839">
    <p class='ocr_par' dir='ltr' id='par_1_110' title="bbox 1961 4755 3541 4839">
     <span class='ocr_line' id='line_1_110' title="bbox 1961 4755 3541 4839; baseline -0.013 -12"><span class='ocrx_word' id='word_1_829' title='bbox 1961 4786 2023 4827; x_wconf 88' lang='lat' dir='ltr'><strong>ro</strong></span> <span class='ocrx_word' id='word_1_830' title='bbox 2049 4784 2206 4839; x_wconf 89' lang='lat' dir='ltr'><strong>quam</strong></span> <span class='ocrx_word' id='word_1_831' title='bbox 2233 4767 2284 4820; x_wconf 93' lang='lat' dir='ltr'><strong>in</strong></span> <span class='ocrx_word' id='word_1_832' title='bbox 2312 4763 2547 4820; x_wconf 79' lang='lat' dir='ltr'><strong>Africam</strong></span> <span class='ocrx_word' id='word_1_833' title='bbox 2577 4762 2735 4822; x_wconf 85' lang='lat' dir='ltr'><strong>venit,</strong></span> <span class='ocrx_word' id='word_1_834' title='bbox 2760 4776 2845 4814; x_wconf 89' lang='lat' dir='ltr'><strong>me</strong></span> <span class='ocrx_word' id='word_1_835' title='bbox 2868 4759 3110 4822; x_wconf 86' lang='lat' dir='ltr'><strong>absente,</strong></span> <span class='ocrx_word' id='word_1_836' title='bbox 3141 4766 3342 4819; x_wconf 85' lang='lat' dir='ltr'><strong>nostro.</strong></span> <span class='ocrx_word' id='word_1_837' title='bbox 3369 4755 3417 4809; x_wconf 91' lang='lat' dir='ltr'><strong>id</strong></span> <span class='ocrx_word' id='word_1_838' title='bbox 3440 4764 3541 4817; x_wconf 88' lang='lat' dir='ltr'><strong>est,</strong></span> 
     </span>
    </p>
   </div>
   <div class='ocr_carea' id='block_1_111' title="bbox 1962 4846 3546 4933">
    <p class='ocr_par' dir='ltr' id='par_1_111' title="bbox 1962 4846 3546 4933">
     <span class='ocr_line' id='line_1_111' title="bbox 1962 4846 3546 4933; baseline -0.012 -14"><span class='ocrx_word' id='word_1_839' title='bbox 1962 4859 2287 4933; x_wconf 89' lang='lat' dir='ltr'><strong>llipponensi</strong></span> <span class='ocrx_word' id='word_1_840' title='bbox 2335 4858 2508 4911; x_wconf 89' lang='lat' dir='ltr'><strong>littore</strong></span> <span class='ocrx_word' id='word_1_841' title='bbox 2546 4864 2799 4923; x_wconf 78' lang='lat' dir='ltr'><strong>exceptus</strong></span> <span class='ocrx_word' id='word_1_842' title='bbox 2831 4860 2935 4917; x_wconf 84' lang='lat' dir='ltr'><strong>est,</strong></span> <span class='ocrx_word' id='word_1_843' title='bbox 2982 4851 3070 4904; x_wconf 82' lang='lat' dir='ltr'><strong>tibi</strong></span> <span class='ocrx_word' id='word_1_844' title='bbox 3116 4849 3354 4912; x_wconf 84' lang='lat' dir='ltr'><strong>otnnino,</strong></span> <span class='ocrx_word' id='word_1_845' title='bbox 3408 4846 3546 4901; x_wconf 83' lang='lat' dir='ltr'><strong>sicut</strong></span> 
     </span>
    </p>
   </div>
   <div class='ocr_carea' id='block_1_112' title="bbox 1962 4935 3541 5022">
    <p class='ocr_par' dir='ltr' id='par_1_112' title="bbox 1962 4935 3541 5022">
     <span class='ocr_line' id='line_1_112' title="bbox 1962 4935 3541 5022; baseline -0.014 -12"><span class='ocrx_word' id='word_1_846' title='bbox 1962 4953 2194 5022; x_wconf 85' lang='lat' dir='ltr'><strong>comperi</strong></span> <span class='ocrx_word' id='word_1_847' title='bbox 2247 4966 2277 5004; x_wconf 90' lang='lat' dir='ltr'><strong>a</strong></span> <span class='ocrx_word' id='word_1_848' title='bbox 2304 4949 2325 4981; x_wconf 85' lang='grc'><strong><em>⁸</em></strong></span> <span class='ocrx_word' id='word_1_849' title='bbox 2360 4946 2577 5012; x_wconf 69' lang='lat' dir='ltr'><strong>nostris,</strong></span> <span class='ocrx_word' id='word_1_850' title='bbox 2606 4944 2734 4998; x_wconf 89' lang='lat' dir='ltr'><strong>nihil</strong></span> <span class='ocrx_word' id='word_1_851' title='bbox 2760 4944 2828 4999; x_wconf 90' lang='lat' dir='ltr'><strong>ab</strong></span> <span class='ocrx_word' id='word_1_852' title='bbox 2853 4942 2945 4996; x_wconf 89' lang='lat' dir='ltr'><strong>illo</strong></span> <span class='ocrx_word' id='word_1_853' title='bbox 2975 4937 3274 5009; x_wconf 88' lang='lat' dir='ltr'><strong>hujusmodi</strong></span> <span class='ocrx_word' id='word_1_854' title='bbox 3305 4935 3541 4995; x_wconf 86' lang='lat' dir='ltr'><strong>auditum</strong></span> 
     </span>
    </p>
   </div>
   <div class='ocr_carea' id='block_1_113' title="bbox 1962 5026 3545 5114">
    <p class='ocr_par' dir='ltr' id='par_1_113' title="bbox 1962 5026 3545 5114">
     <span class='ocr_line' id='line_1_113' title="bbox 1962 5026 3545 5114; baseline -0.013 -15"><span class='ocrx_word' id='word_1_855' title='bbox 1962 5053 2045 5099; x_wconf 91' lang='lat' dir='ltr'><strong>est</strong></span> <span class='ocrx_word' id='word_1_856' title='bbox 2073 5062 2086 5097; x_wconf 89' lang='lat'><strong>:</strong></span> <span class='ocrx_word' id='word_1_857' title='bbox 2114 5042 2235 5114; x_wconf 90' lang='lat' dir='ltr'><strong>quia</strong></span> <span class='ocrx_word' id='word_1_858' title='bbox 2287 5049 2341 5095; x_wconf 91' lang='lat' dir='ltr'><strong>et</strong></span> <span class='ocrx_word' id='word_1_859' title='bbox 2372 5039 2526 5093; x_wconf 90' lang='lat' dir='ltr'><strong>citius</strong></span> <span class='ocrx_word' id='word_1_860' title='bbox 2558 5051 2715 5106; x_wconf 91' lang='lat' dir='ltr'><strong>quam</strong></span> <span class='ocrx_word' id='word_1_861' title='bbox 2763 5033 3063 5103; x_wconf 86' lang='lat' dir='ltr'><strong>putabatur,</strong></span> <span class='ocrx_word' id='word_1_862' title='bbox 3104 5029 3226 5084; x_wconf 89' lang='lat' dir='ltr'><strong>inde</strong></span> <span class='ocrx_word' id='word_1_863' title='bbox 3275 5026 3545 5098; x_wconf 78' lang='lat' dir='ltr'><strong>profectus</strong></span> 
     </span>
    </p>
   </div>
   <div class='ocr_carea' id='block_1_114' title="bbox 1963 5124 3546 5200">
    <p class='ocr_par' dir='ltr' id='par_1_114' title="bbox 1963 5124 3546 5200">
     <span class='ocr_line' id='line_1_114' title="bbox 1963 5124 3546 5200; baseline -0.014 -7"><span class='ocrx_word' id='word_1_864' title='bbox 1963 5147 2067 5195; x_wconf 76' lang='lat' dir='ltr'><strong>est.</strong></span> <span class='ocrx_word' id='word_1_865' title='bbox 2113 5133 2455 5191; x_wconf 86' lang='lat' dir='ltr'><strong>Postmodum</strong></span> <span class='ocrx_word' id='word_1_866' title='bbox 2506 5130 2623 5200; x_wconf 85' lang='lat' dir='ltr'><strong>ejus</strong></span> <span class='ocrx_word' id='word_1_867' title='bbox 2662 5127 2846 5182; x_wconf 86' lang='lat' dir='ltr'><strong>faciem</strong></span> <span class='ocrx_word' id='word_1_868' title='bbox 2897 5124 3236 5193; x_wconf 83' lang='lat' dir='ltr'><strong>Carthagine,</strong></span> <span class='ocrx_word' id='word_1_869' title='bbox 3289 5128 3546 5191; x_wconf 87' lang='lat' dir='ltr'><strong>quantum</strong></span> 
     </span>
    </p>
   </div>
   <div class='ocr_carea' id='block_1_115' title="bbox 1965 5210 3545 5295">
    <p class='ocr_par' dir='ltr' id='par_1_115' title="bbox 1965 5210 3545 5295">
     <span class='ocr_line' id='line_1_115' title="bbox 1965 5210 3545 5295; baseline -0.013 -12"><span class='ocrx_word' id='word_1_870' title='bbox 1965 5227 2165 5295; x_wconf 69' lang='lat' dir='ltr'><strong>reetilo,</strong></span> <span class='ocrx_word' id='word_1_871' title='bbox 2196 5224 2362 5281; x_wconf 80' lang='lat' dir='ltr'><strong>semel</strong></span> <span class='ocrx_word' id='word_1_872' title='bbox 2390 5222 2470 5278; x_wconf 87' lang='lat' dir='ltr'><strong>vel</strong></span> <span class='ocrx_word' id='word_1_873' title='bbox 2498 5221 2688 5276; x_wconf 89' lang='lat' dir='ltr'><strong>iterum</strong></span> <span class='ocrx_word' id='word_1_874' title='bbox 2713 5217 2816 5272; x_wconf 90' lang='lat' dir='ltr'><strong>vidi</strong></span> <span class='ocrx_word' id='word_1_875' title='bbox 2840 5259 2857 5282; x_wconf 89' lang='lat'><strong>,</strong></span> <span class='ocrx_word' id='word_1_876' title='bbox 2888 5212 3101 5285; x_wconf 80' lang='lat' dir='ltr'><strong>quando</strong></span> <span class='ocrx_word' id='word_1_877' title='bbox 3129 5228 3257 5269; x_wconf 88' lang='lat' dir='ltr'><strong>cura</strong></span> <span class='ocrx_word' id='word_1_878' title='bbox 3286 5210 3545 5268; x_wconf 77' lang='lat' dir='ltr'><strong>Collatin-</strong></span> 
     </span>
    </p>
   </div>
   <div class='ocr_carea' id='block_1_116' title="bbox 2030 5442 3022 5517">
    <p class='ocr_par' dir='ltr' id='par_1_116' title="bbox 2030 5442 3022 5517">
     <span class='ocr_line' id='line_1_116' title="bbox 2030 5442 3022 5517; baseline -0.016 -12"><span class='ocrx_word' id='word_1_879' title='bbox 2030 5458 2045 5489; x_wconf 73' lang='grc' dir='ltr'>ι</span> <span class='ocrx_word' id='word_1_880' title='bbox 2081 5452 2387 5504; x_wconf 82' lang='lat' dir='ltr'><strong>(:olbertinus</strong></span> <span class='ocrx_word' id='word_1_881' title='bbox 2406 5444 2633 5517; x_wconf 30' lang='lat' dir='ltr'><strong>hisac“!</strong></span> <span class='ocrx_word' id='word_1_882' title='bbox 2660 5443 2867 5517; x_wconf 51' lang='lat' dir='ltr'><strong>itastt&#39;ca:</strong></span> <span class='ocrx_word' id='word_1_883' title='bbox 2889 5442 3022 5509; x_wconf 81' lang='lat' dir='ltr'><strong>ﬁdei.</strong></span> 
     </span>
    </p>
   </div>
   <div class='ocr_carea' id='block_1_117' title="bbox 2028 5510 2842 5578">
    <p class='ocr_par' dir='ltr' id='par_1_117' title="bbox 2028 5510 2842 5578">
     <span class='ocr_line' id='line_1_117' title="bbox 2028 5510 2842 5578; baseline -0.015 -12"><span class='ocrx_word' id='word_1_884' title='bbox 2028 5521 2049 5551; x_wconf 81' lang='grc'>²</span> <span class='ocrx_word' id='word_1_885' title='bbox 2084 5517 2212 5565; x_wconf 84' lang='lat' dir='ltr'><strong>Idem</strong></span> <span class='ocrx_word' id='word_1_886' title='bbox 2236 5520 2343 5570; x_wconf 76' lang='lat' dir='ltr'><strong>Ms.,</strong></span> <span class='ocrx_word' id='word_1_887' title='bbox 2361 5510 2554 5578; x_wconf 70' lang='lat' dir='ltr'><strong>sedt&#39;ata</strong></span> <span class='ocrx_word' id='word_1_888' title='bbox 2577 5510 2670 5557; x_wconf 80' lang='lat' dir='ltr'><strong>sint</strong></span> <span class='ocrx_word' id='word_1_889' title='bbox 2691 5512 2842 5578; x_wconf 73' lang='lat' dir='ltr'><strong>gesta.</strong></span> 
     </span>
    </p>
   </div>
   <div class='ocr_carea' id='block_1_118' title="bbox 2030 5574 2898 5632">
    <p class='ocr_par' dir='ltr' id='par_1_118' title="bbox 2030 5574 2898 5632">
     <span class='ocr_line' id='line_1_118' title="bbox 2030 5574 2898 5632; baseline -0.015 -4"><span class='ocrx_word' id='word_1_890' title='bbox 2030 5582 2050 5612; x_wconf 78' lang='grc'><strong>³</strong></span> <span class='ocrx_word' id='word_1_891' title='bbox 2084 5586 2183 5627; x_wconf 85' lang='lat' dir='ltr'><strong>Duo</strong></span> <span class='ocrx_word' id='word_1_892' title='bbox 2207 5582 2333 5631; x_wconf 70' lang='lat' dir='ltr'><strong>Mss,</strong></span> <span class='ocrx_word' id='word_1_893' title='bbox 2355 5574 2630 5632; x_wconf 75' lang='lat' dir='ltr'><strong>arcttusque</strong></span> <span class='ocrx_word' id='word_1_894' title='bbox 2650 5575 2785 5632; x_wconf 71' lang='lat' dir='ltr'><strong>notus</strong></span> <span class='ocrx_word' id='word_1_895' title='bbox 2812 5574 2898 5617; x_wconf 73' lang='lat' dir='ltr'><strong>cst.</strong></span> 
     </span>
    </p>
   </div>
   <div class='ocr_carea' id='block_1_119' title="bbox 2030 5627 3463 5693">
    <p class='ocr_par' dir='ltr' id='par_1_119' title="bbox 2030 5627 3463 5693">
     <span class='ocr_line' id='line_1_119' title="bbox 2030 5627 3463 5693; baseline -0.003 -8"><span class='ocrx_word' id='word_1_896' title='bbox 2030 5642 2049 5671; x_wconf 64' lang='grc' dir='ltr'>δ</span> <span class='ocrx_word' id='word_1_897' title='bbox 2081 5650 2212 5689; x_wconf 68' lang='lat' dir='ltr'><strong>suar.</strong></span> <span class='ocrx_word' id='word_1_898' title='bbox 2241 5642 2293 5685; x_wconf 88' lang='lat' dir='ltr'><strong>et</strong></span> <span class='ocrx_word' id='word_1_899' title='bbox 2315 5627 2573 5693; x_wconf 48' lang='lat' dir='ltr'><strong>Colonis},</strong></span> <span class='ocrx_word' id='word_1_900' title='bbox 2598 5627 2920 5693; x_wconf 72' lang='lat' dir='ltr'><strong>defensionem</strong></span> <span class='ocrx_word' id='word_1_901' title='bbox 2994 5692 3001 5693; x_wconf 15' lang='grc' dir='ltr'>ί</span> <span class='ocrx_word' id='word_1_902' title='bbox 3175 5689 3201 5693; x_wconf 80' lang='lat'><strong>__</strong></span> <span class='ocrx_word' id='word_1_903' title='bbox 3236 5691 3241 5693; x_wconf 83' lang='lat'><strong><em>_</em></strong></span> <span class='ocrx_word' id='word_1_904' title='bbox 3438 5686 3463 5693; x_wconf 33' lang='grc' dir='ltr'><em>,ν</em></span> 
     </span>
    </p>
   </div>
   <div class='ocr_carea' id='block_1_120' title="bbox 2029 5686 3553 5751">
    <p class='ocr_par' dir='ltr' id='par_1_120' title="bbox 2029 5686 3553 5751">
     <span class='ocr_line' id='line_1_120' title="bbox 2029 5686 3553 5751; baseline -0.013 -1"><span class='ocrx_word' id='word_1_905' title='bbox 2029 5705 2049 5735; x_wconf 79' lang='grc'><strong><em>⁸</em></strong></span> <span class='ocrx_word' id='word_1_906' title='bbox 2083 5686 2147 5750; x_wconf 83' lang='lat' dir='ltr'><strong>tta</strong></span> <span class='ocrx_word' id='word_1_907' title='bbox 2167 5708 2299 5747; x_wconf 70' lang='lat' dir='ltr'><strong>suar.</strong></span> <span class='ocrx_word' id='word_1_908' title='bbox 2326 5701 2378 5744; x_wconf 90' lang='lat' dir='ltr'><strong>et</strong></span> <span class='ocrx_word' id='word_1_909' title='bbox 2397 5686 2699 5742; x_wconf 77' lang='lat' dir='ltr'><strong>Colbcrtinus</strong></span> <span class='ocrx_word' id='word_1_910' title='bbox 2735 5699 2815 5741; x_wconf 77' lang='lat' dir='ltr'><strong>ius.</strong></span> <span class='ocrx_word' id='word_1_911' title='bbox 2844 5698 2890 5739; x_wconf 90' lang='lat' dir='ltr'><strong>Ill</strong></span> <span class='ocrx_word' id='word_1_912' title='bbox 2935 5692 3081 5751; x_wconf 61' lang='lat' dir='ltr'><strong>[rima</strong></span> <span class='ocrx_word' id='word_1_913' title='bbox 3128 5689 3341 5738; x_wconf 79' lang='lat' dir='ltr'><strong>editione</strong></span> <span class='ocrx_word' id='word_1_914' title='bbox 3370 5686 3553 5745; x_wconf 69' lang='lat' dir='ltr'><strong>\t&#39;iSt‘l‘]</strong></span> 
     </span>
    </p>
   </div>
   <div class='ocr_carea' id='block_1_121' title="bbox 1968 5751 3551 5820">
    <p class='ocr_par' dir='ltr' id='par_1_121' title="bbox 1968 5751 3551 5820">
     <span class='ocr_line' id='line_1_121' title="bbox 1968 5751 3551 5820; baseline -0.013 -6"><span class='ocrx_word' id='word_1_915' title='bbox 1968 5766 2162 5820; x_wconf 82' lang='lat' dir='ltr'><strong>omisso,</strong></span> <span class='ocrx_word' id='word_1_916' title='bbox 2181 5756 2396 5820; x_wconf 72' lang='lat' dir='ltr'><strong>comperi</strong></span> <span class='ocrx_word' id='word_1_917' title='bbox 2424 5767 2490 5814; x_wconf 89' lang='lat' dir='ltr'><strong>a;</strong></span> <span class='ocrx_word' id='word_1_918' title='bbox 2526 5753 2806 5820; x_wconf 72' lang='lat' dir='ltr'><strong>legebatur,</strong></span> <span class='ocrx_word' id='word_1_919' title='bbox 2830 5752 2951 5803; x_wconf 77' lang='lat' dir='ltr'><strong>sicut</strong></span> <span class='ocrx_word' id='word_1_920' title='bbox 2974 5751 3162 5820; x_wconf 66' lang='lat' dir='ltr'><strong>ttqttris.</strong></span> <span class='ocrx_word' id='word_1_921' title='bbox 3209 5754 3322 5820; x_wconf 76' lang='lat' dir='ltr'><strong>Hinc</strong></span> <span class='ocrx_word' id='word_1_922' title='bbox 3348 5762 3465 5797; x_wconf 71' lang='lat' dir='ltr'><strong>vero</strong></span> <span class='ocrx_word' id='word_1_923' title='bbox 3506 5761 3551 5795; x_wconf 85' lang='grc' dir='ltr'>ι.ι</span> 
     </span>
    </p>
   </div>
   <div class='ocr_carea' id='block_1_122' title="bbox 1970 5811 3304 5890">
    <p class='ocr_par' dir='ltr' id='par_1_122' title="bbox 1970 5811 3304 5890">
     <span class='ocr_line' id='line_1_122' title="bbox 1970 5811 3304 5890; baseline -0.008 -21"><span class='ocrx_word' id='word_1_924' title='bbox 1970 5811 2317 5890; x_wconf 65' lang='lat' dir='ltr'><strong>posterioribus</strong></span> <span class='ocrx_word' id='word_1_925' title='bbox 2341 5811 2631 5869; x_wconf 67' lang='lat' dir='ltr'><strong>cditidnibds</strong></span> <span class='ocrx_word' id='word_1_926' title='bbox 2652 5811 2825 5866; x_wconf 64' lang='lat' dir='ltr'><strong>factum</strong></span> <span class='ocrx_word' id='word_1_927' title='bbox 2852 5822 2972 5875; x_wconf 80' lang='lat' dir='ltr'><strong>erat,</strong></span> <span class='ocrx_word' id='word_1_928' title='bbox 3000 5811 3119 5864; x_wconf 49' lang='lat' dir='ltr'><strong>sicut</strong></span> <span class='ocrx_word' id='word_1_929' title='bbox 3144 5814 3304 5863; x_wconf 73' lang='lat' dir='ltr'><strong>uastis.</strong></span> 
     </span>
    </p>
   </div>
  </div>
