3994 6178
494 325 599 384 ΜἹ

492 457 578 496 nis
605 441 649 508 ',
673 453 830 510 quam
858 453 978 494 cum
995 437 1261 494 bzrreticis
1285 437 1574 495 Donatistis
1594 437 1824 493 habituri
1844 450 2080 498 eramus,

491 530 933 601 occupatissimus
975 528 1091 583 fui:
1124 528 1214 585 ille
1243 544 1371 585 vero
1412 529 1573 585 etiam
1616 528 1685 589 ad
1732 528 2082 583 transmarina

495 622 817 691 properavit.
853 619 1056 673 Interea
1086 633 1183 689 per
1206 634 1301 674 ora
1323 635 1508 675 eorum
1547 621 1638 691 qui
1681 621 1801 689 ejus
1835 619 2082 688 discipuli

498 710 826 777 ferebantur,
852 709 1098 780 dogmata
1127 710 1228 765 ista
1275 709 1587 766 fervebant:
1619 710 1687 764 ita
1717 720 1774 765 ut
1800 707 2085 766 Caelestius

495 801 563 856 ad
602 801 1022 857 ecclesiasticum
1070 799 1326 870 judicium
1364 800 1686 870 perveniret,
1716 808 1775 855 et
1790 808 2085 869 reportaret

489 892 704 964 dignam
736 907 829 947 sua
872 893 1223 962 perversitate
1263 893 1603 947 sententiam.
1643 892 1918 949 Salubrins
1955 904 2082 946 sane

493 986 752 1040 adversus
777 1000 872 1040 eos
901 987 980 1053 agi
1020 986 1357 1055 putabamus,
1388 987 1433 1040 si
1470 986 1742 1041 hominum
1783 985 2084 1041 nominibus

493 1076 684 1138 tacitis,
717 1076 815 1145 ipsi
856 1074 1214 1131 refutat-entur
1243 1085 1297 1131 et
1343 1076 1794 1147 redarguerentur
1847 1090 2079 1139 errores,

493 1177 653 1238 atque
682 1166 754 1222 ita
784 1176 928 1235 metu
969 1168 1143 1236 potius
1168 1168 1512 1224 ecclesiastici
1537 1167 1720 1238 judieii
1751 1169 2083 1238 corrigeren-

493 1266 579 1314 tur
604 1259 875 1322 liumines,
901 1274 1060 1331 quam
1085 1259 1199 1328 ipso
1222 1259 1423 1329 judicio
1457 1260 1789 1329 punirentur.
1814 1259 2082 1315 Neclibris

493 1349 652 1421 igitur
675 1350 932 1406 adversus
960 1350 1096 1406 mala
1136 1351 1226 1405 illa
1264 1350 1550 1417 disserere,
1604 1366 1700 1406 nec
1743 1350 2082 1422 pepularihus

493 1441 809 1496 tractatibus
836 1441 1200 1497 cessabamus.
1726 1482 1729 1486 .

564 1532 791 1589 CAPUT
831 1532 1020 1589 XXI“.
1060 1562 1132 1573 —
1166 1533 1257 1609 47:
1295 1530 1429 1587 Cum
1452 1548 1581 1588 vero
1607 1533 1736 1588 mihi
1765 1533 1923 1588 etiam
1946 1533 2083 1588 liber

492 1622 582 1679 ille
599 1622 758 1679 datus
785 1634 927 1678 esset
954 1625 1174 1679 aservis
1201 1624 1314 1691 Dei,
1358 1624 1511 1679 bonis
1560 1634 1614 1680 et
1669 1624 1906 1679 honestis
1953 1624 2082 1680 viris

500 1713 735 1769 Timasio
761 1726 814 1770 ct
834 1713 1056 1780 Jacobo,
1087 1714 1179 1771 ubi
1198 1716 1531 1786 apertissime
1557 1715 1800 1786 Pelagius
1818 1714 2080 1785 objectam

488 1807 593 1865 sibi
618 1823 647 1861 a
677 1823 736 1863 se
766 1808 882 1878 ipso
908 1816 1158 1878 tanquam
1179 1809 1248 1863 ab
1271 1807 1603 1874 adversario,
1632 1808 1772 1861 unde
1794 1807 1902 1878 jam
1923 1823 2081 1878 gran-

488 1898 545 1952 di
582 1897 776 1952 invidia
810 1897 1112 1963 laborabat,
1138 1897 1206 1955 de
1232 1898 1326 1955 Dei
1364 1899 1534 1970 gratia
1582 1899 1929 1969 qumstionem
1975 1914 2080 1954 non

487 1987 647 2044 aliter
679 1988 778 2043 sibi
810 1987 1021 2044 solvere
1048 1988 1193 2045 visus
1218 1997 1319 2054 est,
1351 1989 1449 2043 nisi
1473 1997 1528 2043 ut
1546 1998 1787 2043 naturam
1802 2004 1922 2043 cum
1944 1988 2080 2045 libe-

489 2095 550 2134 ro
573 2079 796 2135 arbitrio
825 2080 1118 2149 conditam,
1142 2082 1233 2137 Dei
1256 2082 1460 2138 diceret
1484 2082 1741 2153 gratiam;
1772 2081 2075 2154 aliquando,

486 2170 647 2242 idque
694 2172 924 2228 tenuiter
947 2173 992 2238 ’,
1022 2188 1122 2229 nec
1150 2181 1359 2243 aperte,
1390 2173 1437 2228 ei
1476 2173 1806 2244 conjungens
1836 2173 1920 2229 vel
1949 2174 2080 2245 legis

489 2262 840 2334 adjutorium,
872 2263 957 2319 vel
986 2265 1354 2320 remissionem
1381 2266 1539 2321 etiam
1561 2275 1895 2336 peccatorum
1922 2281 1936 2319 :
1967 2272 2079 2322 tum

492 2367 621 2408 vero
668 2353 785 2409 sine
815 2354 918 2408 ulla
957 2353 1289 2411 dubitatione
1332 2355 1458 2411 mihi
1488 2356 1697 2421 claruit,
1741 2372 1900 2427 quam
1937 2367 2082 2413 esset

489 2441 793 2498 christianre
821 2444 981 2500 saluti
1011 2460 1277 2502 venenum
1324 2447 1464 2503 illius
1491 2448 1854 2517 perversitatis
1901 2448 2080 2504 inimi-

489 2551 636 2591 cum.
664 2535 773 2593 Nec
801 2537 1086 2611 sictamcn
1108 2539 1258 2609 operi
1290 2553 1437 2605 meo,
1465 2555 1571 2610 quo
1609 2538 1854 2595 eumdem
1886 2540 2079 2596 librum

492 2629 686 2696 refelli,
720 2629 918 2702 Pelagii
940 2645 1133 2688 nomen
1166 2631 1362 2686 inserui
1390 2649 1404 2686 :
1431 2629 1640 2687 facilius
1665 2648 1751 2688 me
1769 2632 2081 2689 existimans

489 2720 846 2791 profuturum,
873 2724 916 2778 si
937 2734 1145 2779 servata
1174 2725 1428 2791 amicitia,
1453 2723 1629 2780 adhuc
1666 2726 1786 2796 ejus
1812 2741 2079 2784 verecun-

487 2812 590 2866 dia:
617 2828 911 2881 parcerem,
939 2814 1093 2884 cujus
1132 2816 1322 2871 litteris
1364 2816 1473 2885 jam
1506 2831 1724 2887 parcere
1779 2832 1885 2873 non
1916 2817 2080 2874 debe-

489 2918 624 2958 rem.
657 2904 791 2960 llinc
816 2914 919 2971 est,
950 2905 1092 2976 quod
1124 2923 1264 2962 nunc
1280 2908 1504 2965 moleste
1532 2910 1665 2976 fero,
1691 2911 1741 2965 in
1769 2910 2082 2982 hocjndieio

488 2994 688 3050 dixisse
718 2996 866 3050 illum
907 2997 1136 3068 quodam
1174 2999 1314 3064 loco,
1354 3017 1374 3053 ι
1405 3001 1819 3059 Anathematizo
1845 3004 1965 3060 illos
1990 3006 2078 3075 qui

488 3086 566 3143 sic
591 3097 792 3153 tem-ut,
817 3098 906 3142 aut
932 3090 1218 3161 aliquando
1242 3102 1544 3150 tenuerunt.
1569 3113 1588 3148 ι
1612 3094 1909 3152 Sull'ecerat
1934 3097 2081 3154 dice-

489 3193 571 3246 re,
600 3196 620 3230 ι
647 3179 831 3249 quisic
859 3187 1074 3243 tenent;
1105 3200 1124 3234 ι
1150 3189 1208 3236 ut
1244 3198 1367 3238 eum
1404 3183 1747 3241 crederemus
1792 3202 1912 3243 esse
1955 3203 2051 3243 cor

491 3279 692 3327 rectum
725 3288 737 3324 :
765 3286 886 3326 cum
937 3288 1064 3328 vero
1107 3272 1330 3338 addidit,
1382 3282 1519 3329 «aut
1557 3276 1843 3346 aliquando
1888 3288 2078 3335 tenue-

489 3348 652 3426 runt;
681 3379 702 3414 ι
746 3362 994 3430 primum,
1030 3377 1192 3433 quam
1235 3364 1432 3434 injuste
1473 3363 1733 3422 damnare
1782 3367 2080 3424 immeritos

488 3465 652 3507 ausus
678 3461 780 3514 est,
807 3451 896 3523 qui
920 3450 1035 3517 illo,
1065 3468 1226 3523 quem
1254 3454 1368 3511 sive
1402 3452 1541 3520 aliis,
1575 3455 1691 3511 sive
1716 3456 1833 3526 ipso
1857 3456 2081 3515 doctore

491 3541 816 3609 didicerant,
845 3556 1031 3599 errore
1055 3544 1374 3600 caruerunt?
1399 3545 1618 3610 Deinde,
1640 3547 1760 3617 quis
1775 3562 1961 3604 eorum
1988 3549 2079 3621 qui

487 3647 610 3687 eum
642 3633 741 3690 ista
772 3649 875 3690 non
915 3635 1087 3691 solum
1116 3635 1404 3708 aliquando
1426 3638 1681 3705 tenuisse,
1706 3654 1890 3707 verum
1917 3641 2079 3697 etiam

487 3723 733 3788 docuisse
762 3737 1058 3795 noverunt,
1088 3743 1194 3783 non
1236 3729 1428 3785 merito
1467 3730 1801 3801 suspicetur,
1832 3730 2081 3791 simulate

486 3818 964 3875 auathematizasse
990 3819 1079 3891 qui
1121 3818 1237 3875 lucc
1282 3829 1486 3886 tenent,
1521 3836 1641 3876 cum
1676 3821 1866 3878 eodem
1919 3821 2081 3878 modo

486 3906 938 3963 anathematizare
965 3925 1069 3965 non
1103 3910 1364 3966 dubitavit
1391 3911 1481 3983 qui
1522 3911 1637 3967 haec
1672 3912 1958 3984 aliquando
2001 3923 2080 3972 te-

486 4007 737 4062 nuerunt,
766 3998 819 4053 in
858 3999 1051 4069 quibus
1075 4014 1197 4056 eum
1235 3999 1407 4071 ipsum
1451 4001 1875 4059 recordabuntur
1906 4006 2078 4076 magi-

485 4093 691 4147 strttm?
716 4092 873 4158 Ecce,
906 4103 964 4147 ut
990 4093 1127 4148 alios
1155 4098 1382 4159 taceam,
1413 4094 1704 4150 Timasium
1729 4106 1781 4151 et
1794 4095 2073 4166 Jacobum,

484 4182 678 4253 quibus
702 4182 892 4246 oculis,
910 4199 1014 4252 qua
1045 4181 1218 4239 fronte
1237 4185 1550 4254 conspiciet,
1564 4200 1691 4240 suos
1706 4195 1754 4241 et
1769 4186 2076 4256 dilectores,

486 4283 539 4328 et
563 4272 847 4343 aliquando
875 4274 1185 4343 discipulos,
1214 4275 1281 4331 ad
1323 4291 1457 4347 quos
1484 4276 1678 4333 librum
1730 4280 1942 4349 scripsi,
1987 4282 2078 4337 ubi

486 4360 623 4415 libro
651 4362 766 4430 ejus
790 4364 1038 4433 respondi
1061 4364 1136 4436 (a)
1153 4365 1177 4419 i
1197 4366 1287 4436 qui
1307 4376 1455 4423 certe
1470 4368 1920 4436 quemadmodum
1945 4371 2077 4428 mihi

490 4447 861 4521 rescripserint
881 4494 896 4515 ,
929 4455 1209 4508 tacendum
1236 4467 1291 4510 et
1326 4457 1754 4525 praitereuudnm
1781 4475 1886 4516 non
1919 4472 2075 4531 puta-

490 4532 570 4594 vi;
599 4532 693 4586 sed
721 4535 1021 4603 exemplum
1048 4535 1342 4594 litterarum
1372 4541 1555 4595 subter
1578 4543 1827 4597 auncxui.

558 4623 781 4681 CAPUT
820 4625 1013 4681 XXIV.
1053 4657 1127 4669 —
1162 4629 1253 4684 48.
1297 4648 1318 4683 ι
1344 4630 1570 4686 Domino
1595 4648 1721 4689 vere
1743 4635 2073 4706 beatissimo,

482 4725 540 4772 et
568 4716 760 4772 merito
784 4719 1075 4774 venerabili
1112 4721 1245 4790 patri
1268 4724 1520 4796 episcopo
1553 4726 1866 4797 Augustino,
1893 4729 2075 4786 Tima-

483 4807 599 4865 sius
617 4818 671 4864 et
696 4806 947 4874 Jacobus,
981 4811 1032 4865 iu
1064 4812 1289 4869 Domino
1314 4815 1559 4871 salutem.
1592 4817 1665 4872 lta
1696 4835 1794 4875 nos
1814 4820 2001 4879 refecit
2021 4831 2075 4879 et

487 4901 752 4957 recreavit
772 4903 942 4975 gratia
993 4903 1086 4959 Dei
1115 4904 1411 4961 ministrata
1438 4923 1533 4978 per
1561 4909 1777 4966 verbum
1810 4920 1980 4979 tuum,
2020 4924 2079 4969 ut

488 5007 709 5063 prorsus
740 4994 995 5063 germane
1040 4993 1303 5065 dicamus,
1334 4996 1474 5053 Misit
1501 5000 1703 5055 verbum
1725 5017 1891 5068 sumit,
1919 5013 1965 5057 et
1988 5021 2076 5057 sa-

488 5086 627 5142 navit
644 5101 729 5142 eos
758 5085 933 5158 (Paul:
952 5086 1191 5157 cviﬂO),
1214 5086 1430 5146 domine
1457 5090 1784 5158 beatissime,
1812 5101 1867 5147 et
1887 5094 2079 5150 merito

488 5177 803 5234 venerabilis
831 5191 1003 5250 pater.
1025 5180 1166 5237 Sane
1200 5198 1260 5237 ea
1291 5181 1564 5256 diligentia
1610 5185 1897 5242 ventilasse
1937 5186 2076 5243 San-

487 5269 723 5324 ctitatcm
752 5279 897 5326 tuam
925 5283 1124 5327 textum
1147 5273 1386 5344 ejusdem
1404 5273 1571 5331 libelli
1600 5276 1915 5346 reperimus,
1939 5288 1993 5332 ut
2010 5277 2074 5332 ad

485 5360 724 5432 singulos
750 5363 931 5433 apices
959 5380 1214 5435 responsa
1258 5366 1462 5424 reddita
1492 5378 1835 5438 stupeamus,
1858 5369 1970 5425 sive
2023 5371 2073 5423 in

488 5452 569 5508 his
595 5468 714 5523 qua:
742 5453 994 5522 refutare,
1022 5457 1295 5523 detestari,
1327 5474 1390 5515 ac
1417 5457 1597 5532 fugere
1624 5459 1812 5517 deceat
1835 5456 2078 5517 chriétia-

547 5610 566 5675 ξ
599 5616 754 5675 Sig!"
771 5609 966 5675 munde
986 5612 1117 5663 circa
1139 5613 1464 5667 rollatiomm.

547 5669 569 5735 ς
601 5670 739 5735 mnu,
762 5669 817 5735 id
837 5673 966 5735 quod
989 5676 1156 5725 ιαωίι.

551 5733 624 5794 (α)
644 5732 755 5784 ω).
779 5732 983 5785 tle—Satn
1004 5750 1037 5784 ‘a
1066 5747 1112 5788 et
1132 5739 1288 5787 Gratia

1547 313 1638 381 DE
1675 324 1912 381 GESTLS
1943 318 2235 385 PELAGII,
2275 320 2332 376 S.
2368 322 2735 381 AUGCSTINI

3674 334 3780 391 διδ

2188 448 2317 490 num
2343 453 2358 501 ;
2381 437 2494 493 sive
2519 436 2570 493 in
2599 439 2727 506 illis,
2758 442 2812 498 in
2832 442 3024 514 quibus
3052 460 3167 500 non
3203 446 3332 500 satis
3375 445 3644 505 invenitur
3686 466 3780 507 er.

2190 541 2367 592 rasse;
2404 531 2664 600 quamvis,
2693 535 2874 588 nescio
2896 549 2996 606 qua
3017 534 3323 602 calliditate,
3343 537 3396 591 in
3418 537 3549 609 ipsis
3567 554 3781 610 quoque

2185 619 2408 689 gratiam
2442 621 2534 677 Dei
2576 624 2803 679 credidit
2830 626 3282 696 supprimendam.
3331 627 3435 684 Sed
3488 645 3651 685 unum
3698 642 3783 684 est

2187 711 2328 780 quod
2361 726 2458 767 nos
2478 713 2530 767 in
2561 723 2706 769 tanto
2728 715 2988 773 benefich
3010 718 3192 784 allicit,
3213 719 3337 790 quia
3366 718 3515 775 tarde
3546 720 3648 777 hoc
3671 732 3778 777 ιιι-ιι

2189 803 2498 873 praeclarum
2526 808 2708 876 gratia:
2752 809 2844 865 Dei
2876 825 3069 866 munus
3092 811 3312 867 eﬂ'ulsit.
3346 812 3616 884 Siquidem
3642 811 3778 871 ron-

2188 892 2304 963 tigit
2334 894 2622 952 ‘absentes
2647 898 2760 953 fieri
2805 900 3084 970 quosdam,
3132 916 3359 972 quorum
3411 904 3638 959 crs-citati
3679 906 3783 960 ista

2187 991 2295 1040 tant
2321 987 2618 1056 perspicua:
2643 990 2882 1045 veritatis
2908 992 3189 1047 illustratio
3209 992 3523 1060 deberetur;
3538 993 3607 1050 ad
3620 1011 3785 1066 quos.

2185 1076 2284 1130 etsi
2326 1078 2548 1145 tardius,
2604 1095 2710 1134 non
2759 1080 3065 1137 diffidimus
3102 1089 3332 1154 propitio
3371 1085 3488 1139 Deo
3532 1086 3753 1141 θειιιάιει»

2186 1169 2408 1237 gratiam
2452 1172 2763 1240 pervenire,
2795 1175 2884 1245 qui
2930 1175 3042 1229 vult
3083 1191 3273 1231 omnes
3315 1178 3560 1233 homines
3600 1178 3786 1234 salvos

2188 1261 2324 1326 fieri,
2352 1270 2408 1318 et
2429 1264 2493 1318 ad
2521 1265 2848 1334 agnitionem
2874 1267 3115 1323 veritatis
3142 1269 3327 1324 venire
3348 1269 3392 1340 (I
3423 1267 3561 1325 Tim.
3596 1285 3633 1325 ιι
3651 1311 3668 1337 ,
3697 1271 3782 1341 4).

2185 1355 2293 1410 Nos
2328 1372 2481 1423 vero,
2511 1357 2613 1412 etsi
2641 1358 2769 1412 olim
2796 1361 2982 1429 spiritu
3008 1359 3292 1417 charitatis
3312 1364 3355 1429 ³,
3387 1364 3480 1434 qui
3507 1364 3559 1419 in
3592 1375 3643 1420 te
3670 1375 3779 1433 est,

2185 1451 2326 1508 docti
2352 1494 2367 1518 ,
2421 1453 2808 1523 subjectionem
2839 1455 3003 1526 'ejus
3047 1457 3401 1527 abjecerimus
3451 1460 3671 1523 erroris,
3724 1461 3779 1515 iu

2187 1544 2288 1600 hoc
2325 1546 2484 1601 etiam
2523 1562 2664 1603 nunc
2704 1549 2902 1618 gratias
2934 1549 3162 1620 agimus,
3193 1550 3335 1620 quod
3369 1551 3482 1606 hare
3503 1567 3624 1623 quae
3650 1563 3783 1609 ante

2184 1634 2529 1702 credidimus,
2554 1653 2695 1693 nunc
2718 1639 2840 1696 aliis
2868 1644 3079 1711 aperire
3103 1641 3409 1708 didicimus,
3442 1643 3579 1698 viam
3612 1644 3754 1700 facili

2186 1726 2356 1783 tatis‘
2382 1729 2633 1785 uberiore
2682 1728 2992 1788 Sani-litatis
3044 1741 3150 1787 tua:
3202 1746 3451 1788 sermone
3489 1734 3781 1803 pandente.

2188 1819 2254 1875 Et
2280 1822 2383 1877 alia
2410 1832 2603 1876 manu:
2632 1821 2957 1879 Incolumem
2985 1825 3374 1881 Beatitudinem
3394 1836 3558 1893 tuam,
3584 1828 3782 1881 nostri-

2185 1927 2290 1984 que
2315 1929 2631 1980 memorem,
2677 1916 3042 1972 misericordia
3086 1916 3178 1972 Dei
3224 1916 3393 1973 nostri
3431 1916 3695 1987 glorifieet
3724 1920 3781 1974 in

2184 2014 2443 2061 aeternum
2469 2024 2488 2059 ι
2517 2005 2711 2076 (Epist.
2747 2009 2870 2075 168,
2899 2009 3031 2063 inter
3054 2007 3497 2080 Augustinianas).

2254 2095 2483 2154 CAPUT
2520 2098 2886 2156 XXV—49.
2926 2098 2984 2156 Si
3020 2114 3150 2171 ergo
3179 2110 3235 2157 et
3262 2101 3366 2157 iste
3394 2101 3777 2168 confiteretur,

2188 2186 2258 2242 ita
2287 2187 2340 2243 iu
2382 2188 2483 2243 hoc
2519 2203 2701 2245 errore
2741 2204 2801 2246 se
2840 2190 3004 2246 fuisse
3039 2191 3360 2263 aliquando,
3397 2184 3778 2251 ut'hominem

2187 2290 2651 2349 praeoccupatum,
2697 2281 2793 2336 sed
2844 2296 2986 2337 nunc
3027 2282 3480 2340 anatheinatizare
3524 2285 3617 2356 qui
3658 2283 3781 2342 hac

2189 2378 2416 2437 tenent;
2483 2372 2725 2444 quisquis
2782 2373 2841 2429 ei
2903 2391 3009 2430 non
3077 2377 3474 2447 gratularetur,
3556 2388 3780 2437 tenente

2180 2462 2307 2532 jam
2358 2463 2450 2518 illo
2511 2465 2648 2518 viam
2706 2467 2982 2534 veritatis,
3056 2468 3181 2538 ipse.
3233 2469 3502 2526 amitteret
3568 2472 3777 2528 viscera

2184 2553 2480 2610 eharitatis.
2507 2554 2660 2612 Nunc
2707 2571 2834 2614 vero
2890 2574 3073 2629 parum
3110 2570 3194 2616 est
3234 2562 3378 2632 quod
3421 2578 3479 2618 se
3513 2579 3618 2620 non
3647 2578 3781 2621 con-

2186 2643 2358 2701 fessus
2403 2655 2487 2702 est
2519 2646 2587 2702 ab
2633 2663 2695 2703 ea
2734 2657 2884 2719 peste
2926 2650 3204 2706 liberatum
3230 2695 3246 2720 ,
3287 2652 3382 2709 sed
3420 2657 3780 2712 anathemati-

2185 2738 2323 2792 zavit
2371 2738 2589 2810 insuper
2640 2739 2934 2810 liberatos,
2984 2743 3073 2812 qui
3125 2757 3248 2799 eum
3288 2744 3367 2800 sic
3406 2744 3668 2816 diligunt,
3716 2761 3778 2804 ut

2185 2830 2343 2886 etiam
2371 2831 2543 2902 ipsum
2574 2833 2793 2904 cupiant
2825 2832 3038 2890 liberari
3069 2852 3083 2891 :
3111 2835 3162 2890 in
3189 2836 3380 2907 quibus
3405 2848 3459 2894 et
3494 2838 3582 2894 isti
3607 2850 3734 2896 sunt
3755 2883 3775 2907 ,

2184 2923 2274 2992 qui
2311 2923 2733 2992 benevplentiam
2763 2941 2915 2981 suam
2956 2942 3083 2997 erga
3114 2928 3261 2983 illum
3291 2930 3728 3002 significaveruut
3754 2978 3772 3005 ,

2186 3014 2268 3070 his
2296 3014 2363 3070 ad
2393 3031 2479 3071 me
2506 3015 2645 3071 datis
2672 3016 2865 3072 litteris
2887 3018 3033 3082 suis;
3064 3034 3186 3075 nam
3217 3030 3272 3076 et
3302 3021 3474 3092 ipsum
3508 3025 3777 3096 prmcipue

2184 3106 2521 3177 cogitabant,
2559 3123 2680 3163 cum
2714 3107 2987 3178 dicerent,
3022 3110 3125 3167 hoc
3159 3127 3218 3168 se
3241 3112 3420 3182 afﬁci,
3448 3117 3589 3187 quod
3620 3119 3776 3176 tarde

2185 3198 2334 3255 illum
2356 3199 2548 3255 librum
2578 3201 2923 3272 scripserim?
2956 3220 2978 3256 ι
3023 3202 3301 3276 Siquidem
3329 3206 3570 3279 contigit,
3620 3228 3640 3264 ι
3686 3210 3776 3266 in-

2183 3290 2393 3361 quiunt,
2440 3310 2461 3345 ‹
2504 3292 2755 3349 absentes
2795 3292 2912 3349 fieri
2955 3296 3249 3366 quosdam,
3279 3304 3510 3370 quorum
3546 3303 3777 3359 carcitati

2185 3381 2284 3435 ista
2312 3389 2418 3435 tam
2445 3384 2739 3453 perspicua:
2764 3387 3004 3444 veritatis
3043 3388 3328 3445 illustratio
3356 3388 3673 3458 deberetur;
3703 3393 3775 3448 ad

2184 3487 2319 3543 quos
2344 3474 2448 3530 etsi
2476 3476 2716 3547 tardius,
2754 3497 2774 3532 ι
2806 3479 3088 3551 inquiunt,
3132 3498 3155 3534 «
3192 3497 3299 3537 non
3328 3482 3621 3541 diffidimus
3646 3499 3781 3557 pro-

2185 3564 2316 3636 pitio
2334 3566 2445 3622 Deo
2464 3568 2707 3625 eamdem
2722 3572 2947 3643 gratiam
2966 3573 3268 3644 pervenire.
3299 3592 3321 3628 ι
3344 3573 3550 3631 Nomen
3573 3577 3777 3647 quippe

2183 3656 2269 3712 vel
2294 3657 2509 3713 nomina
2546 3660 2644 3730 ipsi
2688 3677 2901 3733 quoque
2939 3662 3114 3719 adhuc
3152 3663 3375 3720 tacenda
3410 3675 3769 3737 putaverunt,

2186 3758 2241 3804 ut
2255 3749 2466 3825 vivente
2484 3750 2736 3817 amicitia,
2754 3768 2909 3809 error
2937 3754 3114 3825 potius
3133 3764 3435 3812 moreretur
3452 3757 3772 3813 amicorum.

2255 3839 2344 3898 50.
2386 3840 2459 3896 At
2487 3856 2627 3897 nunc
2667 3842 2713 3898 si
2740 3843 2986 3915 Pelagius
3014 3844 3179 3900 Deum
3204 3847 3438 3918 cogitat,
3467 3847 3512 3904 si
3552 3863 3658 3902 non
3690 3858 3780 3905 est

2185 3931 2421 4005 ingratus
2446 3932 2565 4004 ejus
2594 3935 2994 4001 misericordiae,
3023 3938 3113 4009 qui
3139 3953 3263 3995 eum
3287 3939 3355 4008 ad
3391 3940 3775 4010 episcoporum

2178 4022 2441 4093 judicium
2468 4035 2751 4095 propterea
2780 4026 3045 4098 perduxit,
3076 4037 3135 4084 ut
3164 4028 3280 4084 haec
3308 4029 3648 4085 anathemata
3678 4030 3779 4087 de-

2183 4114 2400 4172 fendere
2437 4127 2622 4187 postea
2664 4133 2770 4174 non
2813 4119 3069 4186 auderet,
3109 4120 3327 4192 jamque
3371 4120 3683 4177 detestanda
3721 4133 3778 4178 et

2182 4205 2478 4276 abjieienda
2506 4218 2888 4279 cognosceret,
2920 4215 3122 4281 gratius
3165 4211 3393 4283 accipiet
3433 4211 3639 4268 litteras
3671 4228 3776 4267 no-

2182 4305 2343 4364 stras,
2362 4298 2577 4368 quando
2592 4314 2846 4370 expresso
2868 4301 3086 4358 nomine
3107 4302 3257 4359 ulcus
3276 4302 3570 4358 sanandum
3594 4304 3778 4374 potius

2181 4390 2472 4460 aperimus,
2488 4405 2648 4462 quam
2666 4392 2781 4446 illas
2798 4390 2896 4465 (a),
2913 4393 3001 4448 ubi
3020 4409 3141 4449 cum
3159 4392 3400 4451 dolorem
3422 4395 3595 4452 facere
3613 4396 3775 4453 time-

2181 4494 2364 4538 remus
2383 4524 2398 4548 ,
2427 4491 2689 4539 tumorem
2711 4527 2726 4551 ,
2755 4485 2897 4557 quod
2926 4501 3024 4542 nos
3051 4487 3271 4557 pmnitet
3292 4529 3308 4553 ,
3335 4488 3682 4558 augebamus.
3714 4489 3777 4545 Si

2182 4582 2360 4629 autem
2387 4574 2516 4629 mihi
2542 4575 2698 4632 fuerit
2721 4576 2905 4643 iratus,
2928 4593 3086 4650 quam
3112 4580 3290 4652 inique
3320 4581 3777 4637 irascaturattem

2182 4665 2293 4729 dat,
2322 4676 2377 4722 et
2400 4674 2458 4721 ut
2480 4667 2657 4723 vincat
2685 4668 2840 4736 iram,
2867 4670 3078 4725 tandem
3105 4669 3390 4742 aliquando
3416 4671 3507 4727 Dei
3537 4673 3779 4743 postulet

2181 4757 2441 4828 gratiam,
2471 4772 2630 4828 quam
2670 4758 2723 4813 in
2765 4759 2866 4815 hoc
2886 4758 3089 4831 judicio
3128 4760 3408 4818 confessus
3434 4771 3519 4817 est
3546 4762 3775 4834 singulis

2184 4850 2381 4905 nostris
2417 4850 2623 4906 actibus
2652 4853 3037 4919 necessariam;
3076 4862 3137 4909 ut
3161 4869 3343 4909 veram
3370 4864 3737 4925 consequatur
3758 4899 3773 4920 ,

2184 4940 2281 4996 illo
2295 4941 2599 5011 adjuvante,
2630 4943 2927 4999 victoriam.
2954 4943 3093 5013 Quid
3115 4945 3259 5000 enim
3285 4945 3333 5000 ei
3361 4954 3587 5017 present
3613 4955 3779 5003 tanta:

2180 5033 2303 5104 ejus
2325 5034 2508 5090 laudes
2531 5035 2583 5090 in
2608 5035 2848 5107 epistolis
2867 5037 3264 5108 episcoporum,
3282 5053 3415 5109 quas
3436 5052 3533 5109 pro
3554 5053 3614 5094 se
3628 5053 3780 5094 com-

2185 5128 2559 5184 memorandas
2581 5170 2598 5195 ,
2639 5129 2723 5185 vel
2771 5133 2933 5185 etiam
2980 5130 3231 5201 legendas
3272 5141 3433 5203 atque
3468 5131 3784 5202 allegandas

2185 5218 2417 5289 putavit;
2445 5219 2594 5290 quasi
2622 5234 2744 5276 eum
2772 5219 2888 5277 haec
2920 5236 3173 5292 perversa
3200 5223 3403 5279 sentire
3421 5264 3437 5289 ,
3468 5236 3661 5280 omnes
3684 5226 3783 5296 qui

2184 5310 2528 5367 vehementes
2578 5319 2632 5367 et
2682 5309 2913 5382 quodam
2961 5312 3123 5368 modo
3172 5313 3424 5370 ardentes
3466 5311 3534 5370 ad
3575 5312 3781 5370 bonam

2249 5501 2264 5531 ³
2300 5504 2456 5556 Suam,
2479 5495 2725 5593 contingit.

2247 5562 2268 5593 ο
2292 5560 2365 5593 ειη
2383 5567 2501 5593 enim
2536 5560 2634 5593 πΛιι
2687 5574 2725 5593 υ.

2214 5562 2271 5653 ἑ
2292 5560 2366 5611 sic
2383 5555 2515 5633 Suar.
2536 5555 2659 5621 Editi
2687 5571 2807 5610 vero
2818 5556 2928 5614 alii,
2944 5555 3205 5631 claritatis.

2300 5621 2606 5672 t-‘lorenttnus
2629 5628 2730 5678 Ms...
2753 5618 3109 5672 redimantur.

2250 5683 2270 5754 ξ
2306 5690 2432 5754 sitan
2444 5718 2458 5740 ,
2482 5680 2740 5754 (climatis.
2758 5744 2766 5751 .

2252 5746 2324 5806 (a)
2358 5745 2581 5804 subaudi,
2604 5745 2805 5804 arrepit.
