4032 6178
246 335 346 394 Siti

245 452 408 516 tritam
433 449 838 506 exhortationes
858 447 972 520 ejus
999 449 1299 518 audiebant,
1329 451 1480 507 facile
1503 451 1641 509 scire
1665 465 1841 524 potue-

241 544 354 598 rint
375 543 400 596 ἲ

305 631 542 710 CAPUT
582 632 772 690 XXVI.
803 663 874 674 -
901 635 992 690 51.
1035 634 1100 689 Et
1131 647 1232 706 ego
1273 634 1486 705 quidem
1529 635 1580 689 in
1615 635 1838 705 epistola

235 743 378 788 mea,
409 741 572 797 quam
599 726 840 795 protulit,
867 741 972 780 non
1003 724 1176 780 solum
1203 727 1271 781 ab
1297 725 1410 795 ejus
1439 725 1684 782 laudibus
1709 735 1842 782 tem-

234 823 460 892 peravi;
489 821 584 875 sed
603 821 764 875 etiam
795 827 1046 889 quantum
1077 819 1244 886 potui,
1273 819 1389 873 sine
1415 818 1531 889 ejus
1555 820 1568 851 '
1596 835 1837 874 commo-

233 917 384 968 tione
405 913 740 982 quaestionis,
769 912 834 967 de
863 911 957 966 Dei
981 911 1152 982 gratia
1179 921 1326 966 recte
1351 925 1540 982 Sapere
1561 912 1832 968 admonui.

233 1007 352 1060 Dixi
377 1021 502 1060 cum
527 1005 724 1076 quippe
757 1005 808 1058 in
841 1004 1176 1068 salutatione,
1205 1005 1484 1059 Dominum
1516 1021 1528 1058 :
1559 1004 1698 1075 quod
1721 1003 1836 1074 epi-

231 1099 418 1153 stolari
445 1111 594 1152 more
619 1103 778 1152 etiam
805 1111 910 1151 non
935 1096 1238 1150 christianis
1259 1097 1576 1166 quibusdam
1599 1099 1834 1154 scribere

229 1189 510 1252 solemus;
545 1203 717 1256 neque
749 1187 800 1241 id
831 1186 1180 1254 mendaciter,
1210 1187 1462 1257 quoniam
1493 1189 1740 1243 omnibus
1761 1188 1828 1244 ad

227 1279 484 1338 salutem.
507 1293 626 1347 qua:
650 1279 702 1332 in
727 1275 939 1331 Christo
965 1287 1065 1341 est,
1097 1277 1546 1347 consequendam,
1577 1278 1831 1334 debemus

227 1368 464 1440 quodam
485 1367 644 1422 modo
663 1368 882 1422 liberam
899 1367 1232 1422 servitutem.
1259 1368 1371 1422 Dixi
1389 1368 1790 1423 dilectissimum
1811 1387 1826 1425 :

225 1461 375 1530 quod
403 1470 458 1515 et
483 1475 626 1515 nunc
667 1461 790 1515 dico
810 1501 824 1523 ,
856 1460 956 1515 rtsi
999 1461 1164 1514 iratus
1193 1459 1382 1527 fuerit,
1415 1459 1588 1516 adhuc
1617 1461 1823 1526 dicam;

223 1553 484 1623 quoniam
516 1553 618 1607 nisi
643 1567 768 1622 erga
797 1567 916 1606 eum
943 1551 1284 1608 dilectionem
1315 1563 1567 1618 tenuero,
1598 1553 1688 1608 illo
1717 1553 1826 1607 ira-

225 1653 417 1700 scente
439 1683 456 1710 ,
485 1644 602 1712 ipse
645 1644 774 1696 mihi
806 1642 974 1712 magis
1003 1642 1230 1697 nocebo.
1265 1642 1380 1696 Dixi
1425 1643 1824 1698 Desideratissi-

225 1750 408 1800 mum;
441 1733 693 1806 quoniam
715 1733 866 1789 valde
895 1734 1173 1803 cupiebam
1203 1749 1322 1788 cum
1348 1743 1609 1804 przesente
1630 1734 1826 1807 aliquid

223 1827 462 1896 colloqui
493 1844 507 1880 :
536 1827 648 1896 jam
691 1827 830 1881 enim
873 1826 1148 1880 audieram
1193 1835 1379 1880 contra
1419 1826 1674 1896 gratiam,
1719 1844 1823 1898 qua

223 1917 601 1988 iustiﬁcamur,
621 1915 834 1986 quando
855 1915 978 1970 hinc
993 1915 1166 1986 aliqua
1187 1916 1626 1972 commemoratio
1649 1917 1820 1982 fieret,

227 2017 414 2076 aperta
457 2021 582 2061 eum
613 2005 956 2060 contentione
995 2007 1199 2060 conari.
1249 2007 1487 2077 Denique
1527 2009 1822 2062 litterarum

227 2102 466 2170 ipsarum
495 2099 674 2154 brevis
703 2106 876 2153 textus
904 2097 1008 2152 hoc
1037 2098 1232 2152 iudicat
1253 2116 1266 2151 :
1287 2114 1408 2154 nam
1437 2114 1558 2154 cum
1589 2099 1820 2170 egissent

225 2193 460 2262 gratias,
491 2190 636 2259 quod
676 2205 762 2243 me
803 2187 1012 2257 scriptis
1048 2189 1160 2243 suis
1197 2189 1543 2244 exhilarasset
1567 2232 1582 2256 ,
1612 2199 1821 2244 certum

229 2281 478 2338 faciendo
499 2281 567 2336 de
591 2296 688 2335 sua
712 2280 883 2336 salute
908 2295 970 2335 ac
991 2295 1230 2346 suorum,
1259 2297 1392 2352 quos
1419 2281 1600 2352 utique
1625 2282 1669 2335 si
1696 2297 1820 2336 cor-

229 2383 406 2428 rectos
433 2373 711 2434 volumus,
751 2371 912 2425 etiam
959 2371 1226 2438 corporali
1272 2373 1442 2428 salute
1481 2373 1657 2427 salvos
1689 2371 1822 2427 velle

227 2461 522 2526 debemus;
547 2477 668 2516 mox
695 2460 746 2514 ei
771 2462 906 2515 bona
931 2461 1108 2530 optavi
1133 2478 1164 2515 a
1194 2462 1418 2518 Dom’iuo
1444 2465 1688 2530 retribui,
1712 2479 1818 2518 non

225 2552 296 2607 ad
323 2552 550 2608 salutem
580 2551 824 2620 corporis
851 2551 1170 2620 pertinentia
1191 2593 1206 2618 ,
1235 2551 1329 2608 sed
1367 2568 1426 2608 ea
1459 2555 1670 2624 pot'us,
1701 2570 1820 2624 quae
1861 2557 1864 2561 '

229 2646 448 2713 putabat
473 2657 596 2698 esse
619 2682 634 2706 ,
666 2641 750 2696 vel
779 2640 920 2696 forte
947 2641 1126 2697 adhuc
1161 2651 1339 2712 putat,
1372 2642 1422 2695 in
1461 2645 1577 2698 solo
1601 2645 1819 2698 arbitrio

229 2733 522 2788 voluntatis
543 2742 598 2788 et
629 2731 840 2802 propria
866 2739 1130 2802 potestate
1157 2732 1344 2800 posita,
1371 2733 1528 2786 simul
1551 2747 1740 2802 optans
1765 2744 1820 2790 et

230 2834 450 2896 propter
481 2823 584 2878 hoc
611 2824 770 2876 vitam
797 2831 1070 2876 aeternam.
1103 2821 1305 2876 Deinde
1331 2823 1449 2892 quia
1475 2822 1664 2876 litteris
1683 2822 1815 2888 suis,

227 2913 418 2984 quibus
447 2911 861 2982 respondebam,
893 2912 1018 2966 talia
1046 2913 1288 2982 quaedam
1319 2913 1372 2967 in
1407 2927 1492 2968 me
1516 2914 1654 2968 bona
1685 2914 1820 2968 mul-

231 3018 337 3062 tum
367 3006 702 3076 benigneque
739 3003 1082 3071 laudaverat;
1113 3005 1273 3060 etiam
1317 3004 1386 3059 ibi
1427 3005 1586 3074 petivi
1615 3005 1682 3060 ab
1719 3019 1815 3072 eo,

227 3109 284 3153 ut
309 3111 408 3167 pro
437 3111 526 3152 me
555 3105 771 3162 oraret,
798 3111 904 3166 quo
931 3096 1110 3166 potius
1138 3111 1166 3150 a
1197 3097 1423 3150 Domino
1450 3098 1566 3151 talis
1596 3098 1778 3152 fierem
1799 3140 1816 3164 ,

227 3189 436 3261 qualem
461 3203 548 3244 me
562 3189 805 3258 essejam
825 3188 1069 3244 crederet
1091 3205 1106 3242 :
1129 3197 1186 3243 ut
1206 3203 1326 3244 eum
1343 3189 1421 3245 sic
1435 3190 1778 3272 admonerem
1799 3232 1815 3258 ,

225 3291 414 3337 contra
461 3279 604 3349 quod
638 3279 726 3334 ille
765 3279 1038 3350 sapiebat,
1079 3289 1247 3348 Ipsam
1290 3294 1502 3350 quoque
1523 3279 1814 3350 justitiam,

225 3386 382 3442 quam
414 3371 468 3426 in
499 3384 586 3424 me
615 3369 932 3424 laudandam
961 3381 1261 3439 putaverat,
1293 3385 1400 3425 non
1426 3385 1546 3426 esse
1567 3371 1814 3439 volentis,

227 3477 398 3532 neque
425 3461 726 3526 currentis,
755 3459 850 3516 sed
880 3460 1182 3516 miserantis
1215 3461 1326 3516 Dei
1353 3461 1541 3531 (Rom.
1574 3477 1654 3528 lx,
1687 3460 1813 3535 I6).

227 3551 338 3618 Hoc
357 3563 444 3608 est
461 3559 654 3620 totum,
677 3551 817 3622 quod
847 3551 1024 3606 brevis
1053 3551 1140 3606 illa
1165 3551 1390 3622 epistola
1419 3567 1535 3606 mea
1557 3553 1814 3613 continet.

225 3660 394 3713 eaque
424 3644 724 3700 intentione
751 3643 948 3699 dictata
975 3652 1060 3699 est
1091 3662 1104 3696 :
1135 3659 1255 3698 nam
1285 3645 1354 3698 ita
1381 3659 1440 3699 se
1473 3643 1630 3701 habet
1656 3663 1671 3700 :

295 3733 524 3791 CAPUT
553 3733 744 3790 XXVII
773 3743 820 3788 et
855 3733 1094 3802 XXVIII.
1121 3765 1192 3775 —
1219 3734 1310 3791 5‘2.
1355 3753 1376 3786 ι
1424 3735 1652 3792 Domino
1683 3735 1814 3792 dile.

227 3829 502 3897 ctissimo,
533 3835 590 3885 et
635 3825 1092 3882 desidet-altissimo
1141 3825 1288 3881 fratri
1337 3826 1586 3898 Pelagio,
1629 3828 1814 3899 Augu-

229 3920 432 3984 stinus,
469 3919 520 3974 in
560 3919 784 3973 Domino
821 3917 1074 3974 salutem.
1105 3914 1314 3972 Gratias
1351 3931 1452 3987 ago
1488 3917 1772 3987 plurimum
1799 3960 1813 3984 ,

229 4011 370 4081 quod
389 4027 478 4066 me
499 4011 690 4070 litteris
711 4010 817 4066 tuis
839 4009 1140 4066 exhilarare
1165 4006 1410 4079 dignatus
1431 4023 1512 4075 es,
1540 4018 1594 4063 et
1609 4017 1814 4064 certum

231 4102 408 4160 facere
429 4103 500 4158 de
524 4102 696 4157 salute
717 4111 912 4156 vestra.
936 4101 1214 4158 Retribuat
1248 4100 1340 4156 tibi
1369 4100 1624 4156 Dominus
1653 4101 1812 4168 bona,

229 4193 422 4262 quibus
451 4207 665 4262 semper
689 4191 764 4247 sis
795 4193 988 4258 bonus,
1019 4201 1218 4248 etcum
1248 4192 1340 4247 illo
1363 4201 1567 4248 aeterno
1593 4192 1740 4245 vivas
1762 4191 1814 4245 in

230 4294 514 4346 a-ternum.
571 4283 788 4340 domine
839 4284 1220 4350 dilectissime,
1267 4293 1324 4341 et
1363 4285 1816 4342 desideratissime

233 4373 414 4438 frater.
442 4373 558 4443 Ego
583 4385 760 4428 autem
781 4415 798 4439 ,
824 4376 924 4429 etsi
953 4375 1003 4429 in
1036 4391 1120 4430 me
1151 4390 1255 4430 non
1291 4391 1521 4447 agnoseo
1549 4378 1814 4446 praeconia

231 4465 298 4519 de
323 4479 408 4520 me
433 4473 522 4518 tua
543 4501 562 4529 ,
587 4479 708 4534 qme
747 4473 850 4520 tua:
894 4465 1241 4536 Benignitatis
1277 4467 1502 4536 epistola
1539 4467 1812 4534 continet;

233 4553 490 4612 benevolo
511 4563 690 4609 tamen
715 4555 893 4610 animo
914 4569 1037 4624 erga
1061 4555 1400 4625 exiguitatem
1425 4572 1621 4624 meam,
1643 4558 1816 4628 ingra-

231 4655 312 4702 tus
340 4661 466 4704 esse
497 4663 603 4702 non
627 4661 844 4717 possum
867 4665 878 4700 :
898 4648 1052 4702 simul
1079 4649 1394 4714 admonens,
1417 4660 1476 4705 ut
1503 4651 1678 4720 potius
1694 4639 1815 4705 orcs

229 4753 326 4810 pro
355 4753 464 4804 me,
503 4753 610 4809 quo
642 4739 760 4794 talis
795 4754 828 4794 a
877 4739 1106 4794 Domino
1149 4739 1306 4806 fiam,
1337 4741 1546 4810 qualem
1594 4757 1680 4796 me
1703 4741 1812 4811 jam

229 4843 346 4886 esse
381 4829 681 4886 arbitraris.
725 4827 792 4884 Et
819 4830 924 4884 alia
969 4847 1121 4884 manu
1151 4845 1170 4884 :
1207 4831 1410 4886 Memor
1433 4831 1602 4886 nostri
1622 4873 1636 4898 ,
1666 4831 1813 4886 inco-

229 4923 386 4987 lumis
416 4921 644 4976 Domino
673 4922 912 4990 placeas,
942 4922 1157 4976 domine
1186 4921 1560 4982 dilectissime.
1587 4932 1642 4978 et
1668 4923 1813 4978 desi-

227 5013 570 5068 deratissime
606 5012 769 5069 frater
804 5033 824 5065 ι
855 5011 1050 5085 (Epist.
1084 5015 1232 5085 146).

293 5104 522 5162 CAPUT
553 5103 744 5162 XXIX.
765 5083 942 5161 —’55.
977 5105 1032 5161 In
1063 5106 1172 5175 ipsa
1190 5083 1400 5176 quoque
1425 5106 1814 5176 subscriptione

224 5195 366 5266 quod
391 5195 570 5266 posui,
595 5205 656 5250 ut
679 5197 904 5254 Domino
931 5197 1158 5265 placeat,
1188 5197 1356 5268 magis
1381 5198 1482 5253 hoc
1511 5214 1630 5253 esse
1651 5199 1814 5268 signi-

225 5288 378 5348 ficavi
411 5289 464 5342 in
491 5289 610 5356 ejus
633 5287 828 5358 gratia,
855 5305 1012 5357 quam
1045 5289 1096 5343 in
1123 5289 1238 5343 sola
1268 5287 1500 5343 hominis
1523 5288 1812 5355 voluntate,

225 5380 440 5449 quando
465 5379 520 5436 id
549 5395 650 5435 nec
677 5380 920 5434 hortatus
944 5395 1084 5445 sum,
1113 5395 1211 5434 nec
1238 5379 1487 5450 prtecepi,
1517 5395 1616 5435 nec
1635 5378 1811 5441 docui,

224 5471 316 5526 sed
362 5470 566 5540 aptavi.
623 5469 1078 5539 Quemadmodum
1131 5485 1258 5525 vero
1307 5471 1352 5525 si
1395 5469 1669 5532 hortarer,
1727 5481 1816 5522 aut

223 5565 576 5634 pmcipereiu
603 5605 618 5624 ,
675 5563 757 5618 vel
815 5561 1062 5618 docerem
1087 5605 1100 5626 ,
1169 5561 1433 5633 pertinere
1485 5561 1585 5617 hoc
1637 5571 1692 5616 et
1747 5563 1810 5616 ad

289 5733 304 5748 ·
343 5727 582 5768 itmnauus
615 5724 716 5774 δίδη
743 5718 900 5766 ullius.
941 5715 1264 5768 Colbertinus.
1305 5713 1432 5765 eum
1469 5727 1810 5765 cornuta-mm:-

223 5779 370 5830 (iam.
415 5777 545 5827 Alius
567 5778 758 5839 mndata
783 5779 934 5828 eodm
952 5813 966 5840 ,
994 5776 1364 5834 communiumin

1749 339 1948 394 LIBER
1993 337 2188 396 UNUS.

3435 352 3544 407 550

1955 453 2180 509 liberum
2236 457 2510 514 arbitrium
2565 457 3017 525 demonstrarent,
3073 477 3173 517 nec
3221 472 3396 519 tamen
3444 465 3537 520 Dei

1949 547 2133 618 gratia:
2179 549 2493 622 derogarem
2545 569 2559 605 :
2619 553 2690 608 ita
2737 555 2856 624 quia
2909 556 3125 625 optavi,
3179 556 3270 611 Dei
3318 555 3534 628 quidem

1948 639 2314 695 commendavi
2375 643 2638 712 gratiam,
2701 659 2805 699 non
2866 656 3039 702 tamen
3104 647 3382 701 arbitrium
3439 664 3536 702 vo.

1949 729 2166 786 Iuntatis
2188 733 2436 788 exstinxi.
2470 733 2666 805 Ulquid
2703 751 2832 807 ergo
2878 737 2928 790 in
2965 737 3066 791 hoc
3088 737 3289 808 judicio
3319 741 3534 809 protulit

1947 821 2084 878 hanc
2112 825 2425 893 epistulam?
2455 827 2743 883 secundum
2775 845 2930 898 quam
2967 832 3010 884 si
3049 831 3116 884 ab
3147 831 3295 885 initio
3324 831 3530 900 sapuis-

1943 921 2044 972 set,
2078 914 2221 967 nullo
2247 915 2408 969 modo
2435 915 2700 983 fortassis,
2735 918 2858 973 licet
2886 935 2914 972 a
2943 919 3100 973 bonis
3129 919 3398 982 fratribus,
3433 924 3534 976 sed

1943 1012 2118 1059 tamen
2164 1008 2509 1074 perversitate
2553 1009 2972 1084 disputationum
3025 1011 3139 1080 ejus
3182 1011 3432 1075 offensis,
3463 1015 3530 1066 ad

1939 1097 2242 1166 episcOpale
2281 1099 2542 1168 judicium
2587 1089 2885 1155 vocar’etur.
2940 1103 3107 1156 Porro
3149 1113 3346 1166 autem,
3393 1105 3530 1158 sicut

1938 1201 2038 1258 ego
2059 1189 2319 1244 rationem
2341 1191 2408 1244 de
2433 1190 2529 1245 hac
2551 1207 2668 1246 mea
2691 1193 2911 1261 epistola
2946 1194 3179 1257 reddidi;
3209 1195 3279 1248 ita
3306 1195 3372 1250 de
3392 1196 3524 1258 Sitis,

1936 1279 1978 1331 si
2002 1289 2144 1334 esset
2168 1295 2413 1346 necesse,
2439 1281 2726 1337 redderent
2749 1299 2975 1354 quorum
2998 1285 3262 1356 allegavit,
3290 1285 3528 1341 dicentes

1937 1370 2019 1424 vel
2057 1369 2184 1440 quid
2217 1372 2550 1440 putaverint,
2585 1373 2668 1427 Vel
2711 1374 2835 1443 quid
2879 1374 3272 1444 ignoraverint,
3304 1375 3386 1429 vel
3423 1392 3526 1444 qua

1933 1461 2140 1516 ratione
2177 1461 2505 1531 scripserint.
2544 1463 2770 1519 Proinde
2801 1464 3046 1534 Pelagius
3074 1465 3140 1518 de
3169 1466 3528 1535 quorumlibet

1933 1559 2237 1605 sanctorum
2261 1551 2496 1606 amicitia
2525 1567 2584 1607 se
2609 1553 2912 1622 iactaverit,
2941 1556 3298 1625 quorumlibet
3323 1555 3388 1608 de
3412 1556 3524 1609 suis

1933 1639 2176 1696 laudibus
2225 1643 2426 1697 litteras
2477 1643 2700 1713 legerit,
2743 1644 2994 1712 quaelibet
3040 1645 3364 1714 purgationis
3410 1661 3526 1698 sua:

1930 1743 2075 1802 gesta
2109 1735 2410 1803 protulerit,
2443 1736 2544 1789 uisi
2574 1751 2637 1792 ea
2666 1753 2784 1806 qua:
2813 1747 3000 1792 contra
3023 1738 3116 1792 Dei
3147 1739 3391 1808 gratiam,
3419 1754 3520 1808 qua

1932 1839 2186 1879 vocamur
2229 1835 2282 1881 et
2320 1826 2706 1894 justificamur,
2753 1829 2997 1892 posuisse
3050 1831 3101 1884 in
3157 1831 3306 1885 libris
3349 1831 3366 1863 ⁸
3406 1833 3519 1885 suis

1929 1913 2242 1971 idoneorum
2277 1927 2490 1972 testium
2533 1919 2635 1973 fide
2681 1921 2962 1989 probatur,
2994 1921 3272 1976 confessus
3297 1921 3518 1976 anathe-

1928 2007 2290 2075 matizaverit,
2329 2025 2392 2065 ac
2447 2010 2642 2066 deinde
2671 2013 2692 2042 ²
2719 2023 2902 2066 etuura
2939 2012 3056 2068 hare
3097 2014 3209 2083 ipsa
3247 2013 3520 2086 scripserit

1927 2109 1978 2153 et
2010 2099 2376 2169 disputavel'il,
2411 2117 2748 2171 nequaquam
2777 2101 2862 2158 his
2891 2104 3084 2175 quibus
3114 2104 3322 2174 plenius
3355 2115 3512 2160 notus

1923 2201 2027 2259 est,
2057 2192 2322 2247 videbitur
2354 2209 2474 2250 esse
2504 2204 2797 2250 correctus.

1993 2281 2221 2339 CAPUT
2251 2282 2419 2338 XXX.
2446 2314 2516 2324 —
2542 2285 2630 2340 54.
2661 2285 2779 2341 .Iam
2811 2287 2974 2353 enim,
2999 2304 3117 2358 qua:
3147 2299 3267 2360 post
3297 2289 3398 2345 hoc
3422 2291 3511 2360 ju-

1933 2371 2130 2428 dicium
2161 2383 2444 2429 consecuta
2476 2375 2600 2440 sint,
2634 2391 2752 2446 quae
2789 2375 2927 2432 hanc
2957 2379 3315 2448 suspicionem
3347 2383 3512 2452 magis

1923 2473 2169 2533 augeant,
2203 2479 2306 2518 non
2339 2465 2540 2521 tacebo.
2572 2466 2820 2522 Pervenit
2848 2467 2900 2522 in
2927 2483 3118 2524 manus
3147 2481 3354 2526 nostras
3379 2487 3515 2526 non-

1925 2557 2064 2611 nulla
2091 2557 2331 2627 epistola,
2355 2573 2474 2628 qum
2495 2559 2660 2628 ipsius
2687 2559 2883 2630 Pelagii
2911 2559 3200 2628 diceretur,
3225 2563 3512 2619 scribentis

1922 2646 1988 2700 ad
2017 2647 2244 2702 amicum
2289 2665 2440 2702 sumn
2481 2649 2765 2719 quemdam
2813 2651 3218 2722 presbyterum,
3259 2653 3348 2722 qui
3388 2669 3510 2708 eum

1924 2737 2132 2804 litteris,
2163 2737 2299 2792 sicut
2325 2738 2509 2792 eadem
2547 2739 2768 2805 epistola
2809 2741 3128 2806 continetur,
3157 2742 3384 2812 benigne
3411 2745 3509 2798 atl-

1921 2839 2199 2884 monucrat
2219 2873 2234 2896 ,
2262 2845 2328 2884 ne
2355 2845 2448 2900 per
2474 2831 2591 2902 ejus
2626 2833 2962 2888 occasionem
3008 2848 3068 2889 se
3095 2835 3286 2904 aliquis
3324 2851 3354 2890 a
3385 2851 3510 2891 cor-

1922 2935 2050 2991 pore
2068 2921 2319 2977 Ecclesia:
2336 2933 2631 2992 separaret.
2649 2922 2723 2979 lbi
2748 2925 2888 2980 inter
2902 2937 3118 2992 (vetera,
3137 2943 3254 2997 qua}
3273 2929 3510 2985 inserere

1921 3011 2135 3082 longum
2166 3021 2268 3077 est,
2299 3028 2397 3067 nec
2423 3028 2558 3083 opus
2595 3023 2712 3078 est,
2745 3015 2818 3068 ait
2845 3015 3088 3086 Pelagius
3123 3033 3137 3072 :
3173 3035 3192 3068 ε
3239 3017 3507 3086 Quatuor-

1920 3100 2096 3157 decim
2127 3103 2502 3173 episcoporum
2546 3104 2809 3160 sententia
2853 3105 3094 3160 definitio
3137 3118 3316 3162 nostra
3357 3125 3510 3162 cotu-

1921 3193 2139 3262 probata
2165 3203 2276 3260 est,
2305 3208 2407 3262 qua
2439 3192 2670 3248 diximus
2693 3235 2708 3258 ,
2737 3209 2895 3264 posse
2929 3195 3198 3250 hominem
3227 3198 3344 3254 sine
3374 3215 3502 3268 pec-

1921 3290 2042 3338 cato
2079 3298 2198 3338 esse
2220 3325 2235 3348 ,
2267 3294 2322 3338 et
2355 3283 2446 3338 Dei
2478 3283 2726 3339 mandata
2769 3283 2924 3341 facile
2967 3286 3256 3353 custodire,
3279 3288 3324 3342 si
3358 3289 3508 3344 velit.

1919 3373 2050 3441 Qum
2071 3375 2332 3430 sententia
2352 3415 2366 3439 ,
2414 3393 2435 3427 ι
2479 3375 2678 3446 inquit,
2726 3395 2746 3429 ι
2792 3377 3230 3432 contradictionis
3251 3391 3311 3432 os
3331 3377 3353 3410 ⁸
3378 3393 3510 3433 con-

1921 3462 2130 3518 fusione
2163 3463 2426 3534 perfudit,
2467 3476 2520 3520 et
2547 3479 2760 3520 omnem
2792 3467 2844 3520 in
2877 3467 3072 3522 malum
3111 3468 3506 3536 conspirantem

1919 3555 2230 3608 societatem
2267 3553 2336 3608 ab
2375 3554 2600 3610 invicem
2641 3557 2934 3624 separavit.
2979 3575 3000 3610 ι
3043 3558 3166 3614 Sive
3195 3539 3322 3630 ergo
3350 3559 3504 3614 istam

1919 3643 2197 3712 epistolam
2229 3644 2472 3714 Pelagius
2511 3661 2636 3700 vere
2659 3647 2964 3716 scripserit,
2995 3649 3108 3704 sive
3135 3651 3235 3704 sub
3259 3651 3376 3718 ejus
3407 3665 3502 3703 no-

1921 3735 2063 3790 mine
2081 3751 2110 3789 a
2128 3751 2462 3807 quocumque
2478 3737 2701 3792 conficta
2729 3738 2818 3803 sit,
2835 3738 2956 3809 quis
2973 3754 3077 3794 non
3095 3739 3296 3804 videat,
3319 3755 3507 3810 quem-

1919 3825 2206 3881 admodum
2231 3827 2320 3882 hic
2343 3841 2496 3882 error
2522 3835 2576 3883 et
2600 3827 2668 3882 de
2692 3828 2892 3898 judicio
2919 3831 3005 3885 ubi
3037 3831 3317 3885 convictus
3345 3838 3507 3899 atque

1919 3917 2202 3972 damnatus
2250 3927 2370 3984 est,
2418 3928 2667 3990 tanquam
2711 3919 2780 3975 de
2817 3920 3035 3975 victoria
3078 3921 3374 3992 glorietur?
3414 3921 3506 3977 Sic

1917 4009 2061 4062 enim
2089 4008 2264 4077 posuit
2301 4009 2415 4064 haec
2451 4009 2611 4064 verba
2631 4049 2645 4074 ,
2677 4009 3122 4080 quemadmodum
3171 4011 3417 4080 leguntur
3443 4012 3504 4064 in

1919 4098 2056 4152 libro
2085 4098 2200 4169 ejus
2222 4139 2238 4165 ,
2279 4101 2367 4169 qui
2411 4099 2772 4170 Capitulorum
2802 4111 3022 4156 vocatur
3043 4141 3059 4168 ,
3101 4117 3207 4156 non
3250 4103 3506 4173 quemad-

1919 4188 2134 4243 modum
2159 4189 2365 4258 objecta
2405 4199 2530 4244 suut
2571 4189 2623 4244 in
2662 4189 2898 4258 judicio,
2931 4192 3012 4246 vel
3055 4191 3169 4260 ejus
3210 4193 3378 4246 etiam
3419 4207 3506 4247 re—

1919 4283 2206 4352 Spousioue
2231 4281 2474 4351 repetita.
2503 4279 2635 4336 Nam
2664 4291 2718 4336 et
2741 4280 2818 4336 illi
2841 4282 2931 4351 qui
2958 4281 3294 4352 objecerunt,
3323 4283 3506 4338 nescio

1917 4355 2030 4445 qua.
2052 4373 2252 4428 incuria
2277 4415 2291 4438 ,
2321 4373 2498 4427 minus
2540 4381 2833 4443 posuerunt
2871 4373 3090 4429 verbum
3117 4416 3131 4442 ,
3164 4375 3230 4430 de
3257 4389 3364 4446 quo
3392 4391 3500 4431 nou

1921 4480 2082 4534 parva
2109 4473 2192 4519 est
2209 4465 2592 4519 controversia.
2627 4463 2926 4520 Posuerunt
2951 4465 3095 4521 enim
3127 4483 3246 4521 cum
3273 4466 3500 4530 dixisse.

1925 4575 1943 4608 ι
1993 4557 2153 4610 Posse
2183 4553 2476 4622 hominem,
2511 4557 2554 4610 si
2587 4557 2732 4620 velit,
2761 4569 2882 4612 esse
2907 4558 3022 4613 sine
3049 4567 3295 4627 peccato,
3327 4567 3380 4613 et
3413 4559 3503 4614 Dei

1921 4647 2164 4702 mandata
2193 4645 2482 4717 custodire,
2501 4646 2545 4701 si
2587 4647 2754 4701 velit:
2795 4665 2816 4700 ι
2853 4647 2922 4703 de
2965 4647 3214 4703 facilitate
3254 4649 3384 4703 nihil
3425 4660 3504 4704 est

1918 4737 2138 4793 dictum.
2183 4737 2382 4793 Deinde
2407 4737 2519 4806 ipse
2543 4737 2874 4808 respondens
2900 4739 3006 4802 ait,
3042 4757 3060 4791 ι
3101 4739 3264 4792 Posse
3287 4737 3502 4808 quidem

1921 4831 2188 4886 hominem
2209 4845 2326 4885 esse
2347 4831 2461 4884 sine
2484 4839 2721 4900 peccato,
2745 4839 2798 4883 et
2823 4829 2913 4883 Dei
2937 4829 3184 4883 mandata
3207 4827 3493 4882 custodire.

1919 4925 1963 4978 si
1991 4923 2146 4988 velit,
2177 4923 2408 4976 diximus
2441 4941 2455 4977 ;
2493 4941 2512 4974 ι
2548 4937 2720 4992 neque
2749 4921 2864 4991 ipse
2889 4922 3044 4992 dixit,
3083 4939 3102 4973 ε
3141 4921 3295 4977 facile
3324 4931 3502 4975 custo-

1918 5012 2070 5077 dire;
2112 5031 2131 5064 ι
2165 5011 2258 5066 sed
2285 4989 2669 5077 tantmumodo,
2707 5029 2728 5061 ς
2766 4989 3055 5065 custodire.
3095 5031 3114 5060 ι
3153 5011 3226 5064 Ita
3253 5009 3356 5064 alio
3384 5011 3502 5066 loco

1921 5105 2058 5159 inter
2094 5104 2178 5156 illa
2209 5103 2276 5157 de
2305 5103 2497 5174 quibus
2532 5119 2616 5157 me
2645 5101 2877 5155 Hilarius
2901 5101 3170 5156 causuluit
3193 5142 3206 5165 ,
3238 5109 3396 5172 atque
3417 5115 3503 5157 re-

1919 5195 2128 5266 scripsi,
2149 5196 2227 5250 sie
2245 5195 2511 5265 objectum
2539 5203 2620 5248 est
2652 5212 2664 5246 :
2703 5213 2722 5244 ι
2762 5193 2928 5248 Ρυεςθ
2955 5193 3225 5249 hominem
3245 5207 3366 5249 esse
3385 5195 3502 5249 sine

1921 5299 2158 5360 peccato,
2178 5290 2220 5341 si
2237 5289 2380 5342 velit.
2408 5307 2426 5338 ο
2453 5287 2530 5340 Ad
2547 5285 2686 5357 quod
2710 5285 2825 5355 ipse
2849 5289 2920 5340 ita
2945 5286 3258 5356 respondit:
3291 5303 3308 5338 ι
3337 5285 3500 5341 Ροεεςο

1919 5381 2132 5453 quidem
2163 5381 2428 5436 hominem
2471 5379 2584 5433 sine
2614 5388 2832 5448 peccato
2875 5393 2994 5434 esse
3015 5421 3031 5447 ,
3063 5379 3264 5433 dictum
3295 5389 3377 5434 est
3405 5393 3499 5433 su-

1923 5472 2120 5541 perius.
2161 5489 2179 5522 ›
2212 5469 2393 5540 Neque
2421 5468 2505 5524 hic
2531 5483 2678 5540 ergo,
2709 5469 2787 5524 vel
2818 5469 2887 5523 ab
2917 5469 2996 5522 eis
3022 5469 3109 5540 qui
3147 5469 3458 5541 ohjecerunt
3483 5511 3497 5534 ,

1987 5649 2001 5681 ³
2037 5655 2170 5697 Suar.
2190 5653 2240 5697 et
2252 5643 2552 5696 Colliertinus
2575 5651 2674 5703 Ms,
2701 5643 2890 5695 litteris.

1985 5713 2004 5741 ¹
2030 5717 2260 5759 Romanus
2282 5714 2385 5764 Ms...
2408 5719 2466 5756 ac
2489 5707 2699 5758 deum.

1989 5775 2006 5802 ³
2031 5771 2329 5820 ttolbertiuus
2351 5776 2414 5816 ita
2441 5802 2454 5827 ,
2481 5767 2875 5818 conradictionrs
2893 5783 3070 5821 attinet.
