4032 6178
563 313 659 370 551
1594 307 1681 362 DE
1721 306 1962 364 GLSTiS
2001 305 2150 360 ΗΞιέ

2259 304 2292 369 ι,
2331 303 2391 360 S.
2433 305 2796 362 AUGUSTINI

565 427 644 480 vel
666 427 736 481 ab
759 427 874 496 ipso
897 426 986 496 qui
1009 421 1300 494 respondit,
1325 421 1561 490 additum
1587 431 1688 488 est,
1719 441 1740 474 ι
1777 421 1950 476 facile.
1991 441 2010 473 ι
2044 416 2144 474 Sa-

566 517 745 586 perius
775 518 932 571 etiam
963 517 1014 570 in
1047 518 1353 570 narratione
1381 515 1550 569 sancti
1576 513 1796 569 Joannis
1817 511 2054 583 episcopi
2078 513 2148 564 ita

563 616 1037 660 commemoratum
1063 614 1186 660 est:
1226 623 1244 656 ι
1283 605 1424 670 illis,
1460 623 1478 656 ι
1515 604 1720 674 inquit,
1768 621 1788 656 ι
1827 603 2148 658 instantibus

565 705 619 752 et
639 697 958 763 dicentibus,
982 696 1114 765 Quia
1142 695 1422 750 llﬂll’CiiCllS
1443 704 1523 750 est
1545 711 1562 761 ;
1586 695 1715 750 dicit
1730 695 1874 750 enim
1895 692 2147 764 quoniam

543 796 741 857 potest
769 788 948 851 homo,
977 787 1022 840 si
1047 786 1294 853 voluerit,
1321 802 1440 842 esse
1461 785 1578 842 sine
1599 795 1818 856 peccato
1844 803 1859 842 :
1881 795 1935 840 et
1957 785 2025 840 de
2047 784 2150 838 hoc

565 876 1014 949 interrogantibus
1043 879 1196 933 nobis
1223 893 1368 944 eum,
1401 877 1696 948 respondit,
1725 875 1842 932 Non
1869 876 1980 932 dixi
2009 891 2148 948 quo-

568 967 706 1022 niam
732 969 932 1038 recepit
962 969 980 1001 ³
1010 977 1194 1022 natura
1213 967 1447 1023 hominis
1469 976 1526 1022 ut
1546 968 1906 1038 impeccabilis
1926 968 2028 1033 sit;
2051 966 2149 1022 sed

565 1057 672 1112 dixi
701 1059 951 1130 quoniam
975 1059 1066 1130 qui
1093 1059 1318 1114 voluerit
1347 1074 1443 1129 pro
1473 1059 1685 1130 propria
1710 1059 1881 1115 salute
1905 1060 2150 1116 laborare

564 1157 621 1202 et
644 1149 955 1219 agoniznre,
988 1157 1042 1204 ut
1069 1165 1174 1204 non
1207 1158 1391 1219 peccet
1442 1161 1498 1206 et
1521 1150 1756 1206 ambulet
1783 1151 1834 1206 in
1867 1151 2150 1222 praeceptis

567 1243 700 1308 Dei,
743 1243 940 1299 habere
977 1258 1098 1298 eum
1131 1241 1269 1302 hanc
1311 1243 1711 1313 possibilitatem
1755 1259 1784 1298 a
1826 1244 1955 1300 Deo.
1997 1245 2147 1300 Tunc

563 1334 877 1402 quibusdam
903 1335 1306 1391 susurrantibus
1327 1346 1381 1392 et
1404 1336 1704 1393 dicentibus
1722 1379 1738 1407 ,
1759 1339 1904 1409 quod
1920 1339 2036 1394 sine
2056 1338 2148 1392 Dei

563 1427 731 1496 gratia
759 1427 964 1484 diceret
992 1428 1239 1498 Pelagius
1269 1443 1422 1498 posse
1453 1427 1722 1485 hominem
1753 1429 1936 1498 perfici
1974 1449 1989 1486 :
2019 1427 2146 1487 Cul-

565 1530 717 1584 pans,
753 1535 773 1569 ι
811 1518 999 1588 inquit,
1037 1537 1057 1570 ι
1095 1535 1257 1588 super
1282 1518 1383 1574 hoc
1405 1520 1565 1574 etiam
1593 1520 1767 1586 intuli,
1790 1521 1910 1592 quia
1935 1529 1990 1576 ct
2012 1537 2145 1590 apo-

561 1607 730 1662 stolus
759 1607 955 1663 Paulus
995 1608 1220 1663 multum
1258 1609 1511 1675 laborans
1534 1651 1548 1674 ,
1581 1610 1674 1664 sed
1713 1625 1822 1665 non
1852 1611 2146 1666 secundum

563 1713 714 1751 suam
756 1699 1002 1754 virtutem
1028 1740 1042 1764 ,
1074 1699 1168 1754 sed
1210 1700 1500 1754 secundum
1545 1701 1770 1771 gratiam
1818 1701 1951 1768 Dei,
1979 1702 2146 1766 dixit,

566 1789 800 1856 Amplius
831 1791 1060 1844 omnibus
1093 1789 1198 1845 illis
1249 1791 1502 1858 laboravi,
1536 1808 1638 1846 non
1683 1808 1772 1864 rgo
1814 1802 1980 1847 autem
2001 1833 2017 1856 ,
2057 1792 2144 1847 ard

563 1881 728 1950 gratia
758 1880 850 1935 Dei
893 1899 1088 1934 mecum
1131 1901 1150 1934 ιι
1192 1883 1246 1954 (I
1275 1881 1392 1937 Cor.
1422 1897 1510 1946 xv,
1547 1883 1670 1954 10.)
1699 1898 1714 1936 :
1738 1892 1794 1939 et
1810 1893 2002 1939 Caetera
2028 1900 2148 1956 quae

563 1973 670 2039 jam
699 1979 1111 2027 comnietttoravi
1133 1973 1358 2044 (Supra,
1389 1991 1441 2028 η.
1472 1974 1585 2045 57).

639 2065 728 2120 55.
770 2065 905 2132 Quid
936 2065 1037 2120 sibi
1074 2081 1202 2136 ergo
1233 2067 1378 2132 vult,
1424 2066 1566 2136 quod
1605 2066 1658 2120 itt
1691 2067 1790 2122 bac
1824 2069 2046 2138 epistola
2075 2069 2148 2126 ita

565 2157 781 2226 gloriari
811 2157 925 2211 ausi
968 2165 1125 2222 sunt,
1159 2167 1213 2211 ut
1243 2173 1348 2212 non
1381 2158 1556 2212 solum
1601 2159 2008 2228 pes-sibilitatcm
2042 2175 2146 2216 non

569 2247 840 2317 peccandi,
867 2246 963 2302 sed
988 2247 1149 2304 etiam
1179 2246 1510 2315 facilitatem,
1533 2249 1670 2304 sicut
1697 2251 1749 2304 in
1777 2249 1912 2305 libro
1933 2249 2151 2320 Capitu-

567 2339 737 2392 lorum
764 2337 1001 2406 ejusdem
1029 2337 1228 2408 Pelagii
1256 2337 1484 2407 positum
1505 2347 1608 2405 est,
1634 2338 1995 2408 iudicantibus
2015 2355 2150 2411 qua-

567 2427 859 2482 tuordccim
901 2427 1168 2496 episc0pis
1213 2443 1274 2482 se
1317 2429 1648 2498 persuasisse
1679 2429 1980 2498 jactarent,
2025 2447 2146 2488 cum

567 2517 722 2573 toties
761 2517 948 2573 eadem
981 2518 1192 2588 objecta
1232 2519 1398 2596 gestis
1445 2528 1602 2590 atque
1633 2522 1856 2591 repetita
1886 2537 2146 2594 nusquam

569 2607 671 2662 hoc
705 2607 902 2663 habere
935 2607 1309 2665 inveniantur?
1339 2610 1618 2678 Quomodo
1659 2613 1801 2666 enim
1842 2613 2000 2668 etiam
2047 2615 2150 2684 ipsi

565 2697 860 2754 defensioni
882 2707 936 2755 et
960 2701 1296 2770 responsioni
1326 2701 1527 2772 Pelagii
1556 2719 1661 2756 non
1687 2713 1770 2759 est
1797 2703 1902 2760 hoc
1926 2705 2148 2762 verbum

532 2846 540 2851 ,
563 2791 914 2858 contrarium,
930 2807 1051 2846 cum
1068 2801 1120 2846 et
1137 2792 1422 2864 episcopus
1439 2793 1670 2850 Joannes
1693 2795 1770 2850 sic
1789 2811 1910 2852 eum
1931 2795 2072 2866 apud
2088 2811 2151 2854 se

566 2881 902 2952 respondisse
940 2883 1166 2948 dixerit,
1205 2891 1261 2938 ut
1308 2902 1328 2936 ι
1375 2898 1496 2938 eum
1523 2884 1688 2940 vellet
1727 2885 1951 2957 intelligi
1990 2902 2150 2958 posse

565 2991 669 3028 non
685 2990 921 3045 peccare,
942 2975 1031 3046 qui
1049 2975 1278 3030 voluerit
1293 2990 1389 3044 pro
1404 2975 1576 3030 salute
1589 2992 1685 3031 sua
1700 2977 1942 3033 laborare
1953 2988 2006 3033 et
2022 2993 2152 3051 ago-

567 3067 773 3132 nizare;
801 3085 817 3118 i
839 3077 894 3122 et
912 3067 1024 3135 ipse
1052 3069 1154 3136 iam
1173 3069 1335 3136 gestis
1353 3083 1517 3138 agens
1545 3067 1618 3138 (α)
1649 3084 1812 3138 seque
1830 3069 2148 3140 defendens,

573 3176 593 3210 ι
617 3161 833 3228 proprio
861 3159 1039 3214 labore
1069 3168 1123 3214 et
1151 3159 1244 3213 Dei
1270 3160 1438 3229 gratia
1461 3199 1478 3226 ,
1515 3178 1535 3212 ι
1569 3160 1785 3224 dixerit,
1819 3179 1840 3212 ι
1879 3163 2150 3220 hominem

568 3264 726 3320 poSse
752 3265 872 3305 esse
899 3251 1014 3306 sine
1043 3251 1300 3320 peccato?
1333 3268 1354 3302 ι
1395 3250 1677 3318 Quomodo
1713 3267 1844 3324 ergo
1883 3253 2038 3311 facile
2067 3255 2145 3324 Iit,

564 3341 610 3394 si
635 3339 906 3395 laboratur
935 3350 992 3396 ut
1036 3340 1162 3394 Iiat?
1189 3339 1326 3396 Puto
1363 3341 1504 3396 enim
1545 3357 1759 3398 omnem
1799 3359 2018 3400 sensum
2047 3345 2151 3402 ho-

567 3432 768 3486 minum
805 3433 1079 3488 uobiscum
1109 3447 1400 3505 agnoscere
1423 3433 1564 3504 quod
1591 3434 1677 3491 ubi
1711 3435 1861 3491 labor
1880 3447 1984 3507 est,
2016 3439 2150 3496 faci-

568 3523 688 3578 litas
711 3537 820 3576 non
847 3530 948 3577 est.
991 3523 1060 3579 Et
1085 3532 1261 3580 tamen
1303 3524 1529 3594 epistola
1565 3527 1794 3582 carnalis
1820 3531 2153 3586 ventositatis

565 3621 618 3668 ct
647 3613 894 3668 elationis
921 3613 1060 3668 volat
1087 3655 1102 3679 ,
1145 3622 1203 3670 et
1243 3627 1514 3685 gestorum
1546 3615 1794 3672 tarditate
1835 3627 2112 3687 procurata
2134 3663 2150 3688 ,

563 3701 837 3757 celeritate
863 3702 1206 3772 praecedens,
1235 3703 1289 3758 in
1314 3719 1505 3760 manus
1541 3704 1820 3761 hominum
1860 3711 2150 3780 ιιι-πνοιαί,

569 3802 627 3846 ιιι
650 3795 1053 3864 quatuordeeim
1083 3796 1350 3867 episcopis
1386 3797 1735 3854 orientalibus
1763 3799 2029 3870 placuisse
2065 3803 2154 3860 di-

563 3893 736 3948 catur,
761 3900 868 3939 non
889 3885 1061 3940 solum
1095 3904 1116 3940 ι
1151 3901 1312 3956 posse
1339 3903 1460 3944 esse
1481 3887 1752 3944 hominem
1773 3891 1890 3948 sine
1911 3904 2150 3964 peccato,

564 3985 615 4030 et
647 3975 742 4030 Dei
785 3977 1032 4033 mandata
1070 3979 1339 4035 custodire
1362 4021 1378 4044 ,
1417 3999 1438 4034 ι
1471 3979 1568 4051 sed
1607 3989 1664 4038 et
1711 3999 1730 4034 ι
1770 3981 1925 4040 facile
1963 3997 2150 4042 custo-

563 4068 716 4136 dire;
751 4087 771 4122 ι
806 4085 906 4126 nec
935 4071 1204 4138 nominato
1235 4073 1344 4128 Deo
1365 4072 1586 4144 jnvante
1607 4117 1624 4142 ,
1655 4075 1749 4131 sed
1790 4086 2010 4144 tantum,
2051 4097 2071 4132 ι
2106 4080 2153 4134 si

568 4159 696 4214 velit
722 4175 738 4213 :
774 4179 794 4213 ι
827 4169 884 4215 ιιι
909 4160 1156 4217 videlicet
1186 4163 1342 4220 tacita
1363 4205 1378 4230 ,
1421 4179 1518 4234 pro
1545 4179 1648 4236 qua
1686 4165 2154 4226 vehementissime

569 4251 932 4320 pugnabatur,
955 4251 1134 4308 divina
1155 4256 1356 4324 gratia,
1385 4265 1584 4322 restet,
1612 4266 1672 4312 ut
1699 4259 1812 4314 sola
1849 4259 1903 4314 in
1931 4261 2152 4330 epistola

569 4342 774 4410 legatur
793 4342 992 4408 infelix,
1011 4351 1067 4399 et
1093 4357 1151 4400 se
1169 4344 1335 4414 ipsam
1357 4345 1632 4416 decipiens
1657 4349 1800 4404 velut
1818 4345 2028 4414 victrix,
2058 4352 2155 4406 Itu-
2183 4397 2190 4405 .

572 4445 728 4484 mana
757 4431 1022 4500 superbia.
1071 4433 1234 4500 Quasi
1280 4450 1386 4490 non
1435 4435 1540 4492 hoc
1581 4439 1877 4518 sel/dixerit
1907 4441 2154 4512 culpasse

569 4519 804 4574 Ioannes
819 4520 1123 4591 episc0pus,
1147 4533 1201 4579 et
1224 4525 1370 4580 velut
1383 4527 1658 4596 giganteos
1676 4539 1883 4586 montes
1898 4533 2154 4592 adversus

569 4611 1074 4680 supereminentiam
1097 4614 1281 4683 gratia:
1302 4615 1537 4672 caelestis
1563 4609 1796 4676 structos
1825 4623 1992 4680 tribus
2017 4626 2154 4680 divi-

568 4717 763 4760 norum
813 4704 1240 4761 testimoniorum
1304 4715 1553 4778 tanquam
1619 4709 1894 4768 fulminum
1961 4716 2154 4773 ictibus

564 4796 830 4867 deiecisse
846 4812 861 4850 :
875 4806 969 4852 aut
985 4812 1116 4852 vero
1131 4815 1252 4854 cum
1275 4800 1364 4855 illo
1383 4801 1542 4856 etiam
1565 4805 1743 4858 caeteri
1760 4807 1994 4880 episcopi
2010 4810 2155 4880 judi-

566 4902 677 4952 ces,
693 4887 774 4943 vel
793 4896 989 4952 mente,
1006 4889 1084 4943 vel
1100 4889 1230 4958 ipsis
1243 4890 1462 4944 auribus
1480 4890 1678 4948 ferrent
1695 4894 1958 4965 Pelagium
1971 4899 2154 4954 dicen-

569 4989 702 5050 tem,
731 4999 750 5032 ι
783 4981 947 5036 Posse
962 4975 1175 5051 quidem
1195 4981 1464 5064 hominem
1481 4984 1597 5038 siue
1611 4997 1975 5055 peccatoesse,
1993 4999 2047 5045 et
2061 4991 2152 5046 Dei

571 5072 821 5130 mandata
841 5072 1133 5139 custodire,
1160 5073 1206 5128 si
1235 5074 1382 5142 Velit,
1409 5073 1675 5138 diximus;
1713 5094 1732 5128 ›
1767 5076 1871 5132 nisi
1899 5080 2154 5136 continuo

570 5173 936 5233 sequeretur,
972 5182 992 5219 ί
1046 5163 1196 5223 Hanc
1239 5165 1380 5220 enim
1441 5165 1845 5234 possibilitatem
1893 5169 2034 5226 Deus
2079 5171 2155 5226 illi

571 5251 718 5308 dedit
753 5273 772 5306 ι
811 5253 982 5326 (quod
1014 5256 1321 5312 nesciebant
1345 5256 1440 5322 illi,
1468 5272 1590 5313 eum
1629 5257 1810 5315 dicere
1834 5259 1902 5316 de
1929 5271 2114 5318 natura
2133 5305 2150 5331 ,

573 5344 773 5400 nonde
799 5345 922 5414 illa,
960 5363 1116 5417 quam
1165 5348 1218 5403 in
1248 5348 1538 5419 apostolica
1579 5349 1958 5420 praedicatione
1991 5368 2155 5409 nove-

639 5563 655 5635 ξ
679 5568 740 5635 ξι
757 5569 922 5635 suam,
945 5567 1141 5635 recepit.
1161 5575 1223 5635 _Al.
1249 5567 1297 5617 in
1319 5565 1427 5616 aliis
1463 5569 1784 5635 editionibus,
1819 5569 2006 5635 recipit.

636 5623 710 5731 ((ιῖ
742 5623 930 5672 scilicet
951 5623 1140 5688 anule;
1161 5628 1344 5689 iscopos
1366 5630 1531 5692 synodi
1549 5623 1896 5694 Diospolltanaa,
1921 5623 2002 5698 'qui
2029 5637 2159 5698 prius

638 5695 678 5731 ui
723 5691 971 5731 Joannem.
999 5700 1092 5731 non
1116 5688 1350 5731 mnfm-tis
1372 5692 1538 5731 nostin-
1565 5693 1624 5731 ad
1642 5693 1736 5731 sihl
1757 5694 2159 5731 nhinl‘lnrnct-nn-

577 5697 618 5760 at
638 5688 699 5731 ml
723 5691 971 5760 nemnem,
999 5700 1092 5733 noti
1116 5688 1350 5760 mtlll'gctis
1371 5688 1540 5753 gestis,
1565 5693 1624 5741 ad
1641 5688 1737 5743 sibi
1757 5688 2159 5760 objecta-respon-

573 5748 761 5805 ili-rant.
794 5743 905 5794 ‘ide
925 5757 1086 5808 stt;~ra,
1107 5761 1158 5796 ιι.
1185 5749 1258 5818 59.

3821 235 3858 280 δ

3733 315 3845 370 3722

2261 427 2412 484 rant,
2437 419 2674 490 gratia);
2713 439 2776 476 ac
2813 423 3006 479 deinde
3043 423 3418 496 conjungeret,
3455 445 3474 479 ι
3514 428 3632 486 Non
3663 443 3847 486 autem

2257 509 2522 578 diximus,
2550 511 2691 580 quod
2733 513 3033 568 inteniatnr
3061 517 3284 588 aliquis,
3314 519 3382 574 ab
3423 519 3640 576 infantia
3671 539 3848 593 usque

2257 599 2325 654 ad
2353 613 2620 658 senectam
2639 646 2656 670 ,
2683 605 2773 675 qui
2797 621 3068 676 nunquam
3110 611 3438 678 peccaverit;
3467 611 3562 668 sed
3585 615 3846 684 quoniam

2255 705 2289 747 a
2333 695 2566 764 peccatis
2609 710 2900 752 conversus
2925 739 2941 764 ,
2974 701 3187 770 proprio
3233 702 3416 760 labore
3445 713 3500 760 et
3537 706 3628 762 Dei
3667 710 3844 778 gratia

2260 784 2428 854 possit
2448 799 2569 842 esse
2587 786 2704 843 sine
2726 799 2964 858 peccato.
3000 809 3020 846 ι
3055 792 3206 858 Quod
3225 793 3386 848 etiam
3417 795 3432 826 ¹
3461 811 3556 851 sua
3575 809 3841 855 sententia

2257 873 2619 946 declararunt,
2651 879 2890 936 dicentes
2909 922 2924 948 ,
2953 898 3074 938 eum
3107 895 3248 941 recte
3275 889 3636 958 respondisse,
3667 890 3846 947 homi-

2230 983 2380 1042 _nem
2411 985 2532 1024 cum
2558 971 2822 1042 adjutorio
2851 974 2943 1030 Dei
2973 985 3027 1030 et
3053 978 3218 1046 gratia
3244 993 3400 1048 posse
3425 994 3550 1040 esse
3575 983 3692 1039 sine
3713 1000 3842 1054 pec-

2257 1068 2376 1116 cato
2407 1077 2420 1114 :
2457 1080 2477 1114 ι
2511 1063 2636 1132 quid
2664 1064 2806 1118 aliud
2845 1075 3180 1132 metuentes.
3214 1070 3312 1124 nisi
3344 1087 3411 1127 ne
3433 1073 3534 1128 hoc
3557 1075 3805 1145 negando

2257 1165 2362 1204 non
2389 1153 2723 1222 possibilitati
2754 1153 2988 1212 hominis
3010 1197 3026 1223 ,
3057 1158 3152 1214 sed
3197 1160 3295 1230 ipsi
3339 1161 3428 1216 Dei
3455 1164 3640 1234 gratiae
3666 1165 3840 1222 facem.

2258 1241 2566 1299 viderentur
2593 1245 2877 1316 iujuriam?
2907 1248 3018 1305 Nec
3052 1259 3228 1306 tamen
3253 1251 3529 1310 delinitum
3549 1265 3651 1322 est,
3679 1273 3846 1329 quan.

2255 1331 2327 1387 do
2348 1333 2438 1388 Iiat
2463 1333 2626 1390 homo
2653 1338 2770 1394 sine
2796 1349 3036 1409 peccato,
3059 1341 3200 1410 quod
3232 1343 3345 1398 fieri
3374 1359 3532 1413 posse
3555 1347 3843 1417 adiurante

2259 1424 2351 1480 Dei
2366 1428 2555 1497 gratia,
2574 1427 2867 1498 judicatum
2890 1441 2970 1487 est
2995 1450 3010 1486 ε
3036 1447 3141 1489 non
3161 1440 3264 1502 est,
3282 1434 3516 1506 inquam,
3535 1437 3838 1506 definiunt,

2257 1524 2432 1572 utrum
2455 1517 2508 1574 in
2539 1517 2637 1573 bac
2661 1534 2822 1576 carne
2845 1524 3260 1592 conctmiscente
3287 1527 3544 1584 adversus
3567 1530 3839 1599 spiritum,

2253 1604 2418 1664 fuerit
2439 1650 2455 1672 ,
2483 1610 2568 1665 vel
2610 1611 2717 1676 sit,
2748 1613 2834 1668 vel
2865 1613 3074 1669 futurus
3121 1617 3193 1672 sit
3238 1617 3432 1690 aliquis
3451 1661 3466 1688 ,
3490 1620 3600 1692 jam
3631 1617 3839 1680 ratione

2257 1709 2415 1754 utens
2443 1711 2498 1754 et
2533 1702 2820 1760 voluntatis
2865 1705 3126 1774 arbitrio,
3162 1708 3276 1764 sive
3320 1710 3372 1764 in
3411 1711 3510 1766 ista
3539 1713 3834 1785 frequentia

2255 1788 2531 1846 hominum
2552 1833 2568 1858 ,
2600 1793 2714 1849 sive
2752 1795 2804 1849 in
2835 1795 3121 1854 solitudine
3161 1801 3580 1871 monachorum,
3609 1807 3698 1861 cui
3729 1823 3834 1862 non

2252 1883 2326 1937 sit
2362 1883 2474 1954 jam
2509 1889 2905 1956 necessarium,
2943 1904 3050 1944 non
3101 1901 3318 1962 propter
3341 1896 3514 1963 alios,
3549 1897 3648 1955 sed
3671 1900 3836 1956 etiam

2257 1981 2474 2042 propter
2495 1990 2556 2029 se
2581 1975 2754 2044 ipsum
2785 1977 2964 2035 dicere
2986 1979 3038 2035 in
3065 1985 3328 2051 oratione,
3359 1984 3566 2044 Dimitte
3591 1991 3732 2045 nobis
3757 1992 3840 2046 de-

2254 2061 2357 2116 bita
2379 2074 2549 2117 nostra
2579 2065 2798 2135 (Matth.
2838 2085 2890 2124 Vt
2911 2111 2926 2138 ,
2962 2070 3060 2142 12)
3090 2090 3104 2124 :
3131 2088 3200 2128 an
3225 2090 3352 2130 vero
3383 2085 3508 2134 tunc
3533 2080 3844 2150 perﬁciatur

2255 2153 2357 2210 hoc
2382 2155 2603 2222 donum,
2629 2159 2844 2227 quando
2881 2162 3084 2218 similes
3109 2165 3161 2221 ei
3195 2166 3418 2236 erimus,
3447 2172 3658 2240 quando
3686 2175 3835 2232 vide-

2255 2245 2430 2302 bimus
2449 2265 2604 2316 eum,
2633 2251 2788 2306 sicuti
2818 2263 2902 2308 est
2947 2253 2999 2326 (Ι
3025 2253 3184 2313 Joan.
3212 2273 3290 2324 tu,
3317 2259 3416 2331 2);
3447 2263 3658 2332 quando
3685 2265 3836 2323 dice-

2257 2349 2364 2406 tur,
2387 2358 2493 2396 non
2521 2357 2550 2396 a
2580 2345 2952 2414 pugnantibus,
2993 2346 3148 2404 Video
3171 2351 3326 2405 aliam
3351 2354 3508 2424 legent
3529 2356 3583 2410 in
3605 2358 3839 2414 membri:

2255 2433 2376 2487 meis
2397 2445 2764 2512 repugnantem
2792 2437 2888 2508 legi
2915 2441 3096 2496 mentis
3118 2457 3243 2497 metu
3266 2442 3441 2514 (Rom.
3467 2463 3562 2514 \‘tt,
3587 2449 3710 2520 25);
3741 2453 3840 2508 sed

2253 2540 2287 2581 a
2313 2526 2778 2598 triumphantibus,
2811 2527 2908 2587 Ubi
2932 2540 3026 2600 est,
3054 2549 3189 2590 mors
3206 2576 3221 2601 ,
3249 2535 3454 2592 victoria
3477 2548 3567 2594 tua
3586 2541 3614 2594 .9
3641 2543 3728 2598 ubi
3741 2555 3835 2610 at,

2255 2632 2422 2684 mors,
2446 2619 2650 2675 aculeus
2690 2631 2807 2676 tuus
2843 2621 2904 2693 (Ι
2931 2621 3050 2679 Cor.
3083 2641 3172 2691 xv,
3201 2628 3268 2683 55
3287 2631 3305 2699 )
3322 2628 3348 2682 ?
3375 2629 3530 2697 Quod
3554 2649 3661 2688 non
3698 2637 3840 2694 inter

2254 2704 2559 2764 Catholicos
2593 2719 2650 2766 et
2695 2711 2978 2770 haareticos
3001 2756 3017 2781 ,
3053 2717 3149 2772 sed
3196 2719 3337 2776 inter
3362 2722 3508 2791 ipsos
3534 2725 3840 2786 Catholicos

2256 2796 2484 2856 fortasse
2507 2801 2528 2833 ³
2559 2802 2777 2870 paciIice
2804 2809 3185 2876 requirendum
3212 2820 3296 2867 est
3319 2813 3423 2885 (α).

2327 2891 2550 2948 CAPUT
2571 2892 2766 2950 XXXI.
2785 2926 2856 2936 —
2874 2897 2963 2954 56.
2986 2898 3266 2969 Quomodo
3292 2904 3450 2976 igitur
3468 2909 3614 2965 credi
3637 2922 3838 2983 potest,

2254 2983 2526 3054 Pelagium
2571 2985 2658 3056 (si
2709 2995 2886 3044 tamen
2930 2989 3047 3046 hare
3091 2993 3315 3063 epistola
3358 2998 3474 3068 ejus
3509 3001 3632 3071 est)
3659 3012 3713 3058 et
3738 3005 3842 3061 Dei

2252 3073 2514 3145 gratiam,
2539 3091 2662 3146 quae
2683 3092 2858 3150 neque
2882 3091 3070 3138 natura
3110 3092 3196 3140 est
3230 3101 3352 3142 etim
3389 3088 3560 3147 libero
3593 3093 3842 3162 arbitrio,

2255 3183 2429 3239 neque
2457 3169 2588 3242 legis
2608 3172 2856 3243 scientia,
2885 3190 3062 3246 neque
3091 3186 3294 3234 tantum
3321 3182 3565 3238 remissio
3591 3196 3851 3254 peccato-

2255 3279 2374 3319 rum
2393 3307 2409 3332 ,
2447 3265 2544 3324 sed
2569 3283 2632 3324 ea
2661 3283 2782 3340 quae
2816 3269 2867 3324 in
2897 3270 3120 3342 singulis
3154 3274 3353 3329 nostris
3391 3286 3475 3332 est
3507 3279 3710 3334 actibus
3738 3295 3839 3336 ne-

2251 3355 2508 3423 cessaria,
2530 3359 2795 3414 veraciter
2820 3359 2983 3418 fuisse
2998 3362 3325 3432 confessum,
3349 3372 3407 3421 et
3428 3368 3689 3425 veraciter
3710 3385 3846 3426 ana-

2257 3443 2630 3530 thematizasse
2654 3448 2894 3520 quisquis
2917 3459 3104 3509 contra
3129 3452 3230 3510 ista
3258 3455 3514 3523 sentiret;
3545 3460 3760 3530 quando
3785 3463 3844 3517 in

2255 3537 2478 3606 epistola
2519 3551 2612 3592 sua
2657 3547 2712 3595 et
2751 3539 3060 3598 facilitatem
3098 3547 3279 3615 posuit
3319 3563 3423 3603 non
3464 3553 3742 3619 peccandi,
3771 3556 3845 3611 de

2255 3641 2360 3697 qua
2386 3628 2527 3682 nulla
2555 3629 2610 3684 in
2635 3629 2740 3686 hoc
2760 3630 2963 3702 judicio
2985 3637 3212 3704 quarstio
3236 3636 3364 3704 fuit,
3391 3643 3542 3710 quasi
3568 3643 3847 3712 iudicibus

2256 3719 2418 3773 etiam
2442 3719 2512 3776 de
2537 3721 2640 3777 hoc
2660 3722 2826 3778 verbo
2853 3725 3130 3796 placuerit,
3155 3737 3213 3783 et
3235 3731 3458 3800 gratiam
3488 3732 3581 3788 Dei
3611 3751 3716 3792 non
3745 3753 3849 3807 po-

2255 3810 2364 3865 suit
2383 3850 2398 3878 ,
2433 3826 2592 3881 quam
2623 3813 2930 3870 cantitendo
2956 3826 3010 3870 et
3035 3816 3304 3888 addendo,
3343 3829 3554 3892 prauam
3581 3827 3811 3883 ecclesia

2255 3900 2405 3955 sticze
2430 3900 2787 3958 damnationis
2810 3905 3017 3961 evasit?
3784 3925 3793 3932 ‘

2327 3989 2553 4050 CAPUT
2582 3993 2798 4050 XXXII.
2819 4025 2894 4036 —
2917 3997 3006 4052 57.
3029 3999 3126 4055 Est
3141 4009 3200 4056 et
3217 4001 3366 4060 aliud
3386 4005 3527 4090 quod
3552 4007 3710 4064 silere
3729 4025 3846 4066 non

2257 4083 2448 4140 debeo.
2487 4086 2545 4141 In
2583 4086 2824 4145 chartula
2867 4089 3195 4150 defensionis
3221 4109 3359 4164 sate,
3389 4083 3548 4169 quam
3584 4103 3712 4157 mihi
3744 4119 3848 4176 per

2242 4177 2540 4246 quemdam
2583 4178 2815 4235 Charum
2867 4192 3112 4240 nostrum
3147 4185 3169 4218 ³
3202 4186 3598 4259 Hipponensem
3641 4195 3843 4264 civem,

2257 4268 2570 4324 orientalem
2589 4279 2768 4328 autem
2789 4272 3095 4343 diaconum,
3116 4272 3279 4346 misit,
3303 4277 3430 4336 fecit
3456 4283 3673 4354 aliquid,
3694 4293 3843 4357 quod

2257 4359 2417 4415 aliter
2442 4376 2504 4416 se
2527 4360 2720 4418 habent
2739 4405 2754 4430 ,
2781 4379 2941 4435 quam
2969 4367 3152 4437 gestis'
3171 4370 3566 4442 episcopalibus
3592 4379 3845 4435 contine-

2259 4463 2365 4508 tur.
2395 4451 2547 4522 Quod
2584 4465 2762 4511 autem
2804 4455 3002 4514 habent
3038 4468 3205 4530 gesta,
3237 4461 3390 4533 longe
3425 4465 3616 4522 melius
3655 4477 3739 4522 est
3780 4485 3850 4525 ac

2259 4544 2483 4610 firmius,
2521 4555 2576 4601 et
2613 4547 2834 4603 omnino
2869 4549 3148 4607 enodatius
3189 4568 3286 4622 pro
3321 4555 3580 4612 catholica
3617 4561 3852 4617 veritate

2258 4643 2444 4690 contra
2493 4636 2638 4694 illius
2683 4635 2905 4694 hairesis
2956 4651 3182 4710 pestem.
3214 4643 3382 4713 Nam,
3425 4661 3546 4703 cum
3595 4651 3850 4708 eamdem

2260 4725 2558 4782 chartulam
2583 4729 2834 4800 legerem,
2854 4731 3162 4802 priusquam
3183 4735 3248 4790 ad
3271 4751 3369 4792 nos
3387 4747 3531 4809 gesta
3547 4742 3856 4807 venissent,

2261 4819 2564 4874 nesciebam
2603 4835 2666 4875 ea
2704 4821 2819 4892 ipsa
2853 4822 3012 4877 verba
3044 4825 3314 4894 posuisse,
3339 4829 3560 4898 quibus,
3591 4846 3714 4887 cum
3747 4835 3857 4892 sibi

2260 4909 2644 4989 adesset,iusus
2673 4920 2757 4968 est
2785 4912 2838 4968 in
2861 4913 3063 4984 judicio
3089 4933 3102 4970 :
3125 4931 3288 4986 pauca
3315 4919 3481 4989 enim,
3504 4931 3558 4977 et
3577 4939 3683 4978 non
3705 4929 3860 4981 mal-

2263 5012 2371 5058 tum
2400 4988 2556 5058 alit’cr
2581 5019 2640 5059 se
2665 5004 2892 5073 habent,
2918 5005 2986 5062 de
3009 5009 3212 5077 quibus
3228 5025 3334 5066 non
3363 4988 3523 5069 nimis
3547 5029 3697 5070 curo.

2330 5095 2557 5152 CAPUT
2592 5096 2832 5152 XXXIII.
2857 5127 2930 5138 —
2951 5097 3170 5156 Moleste
3198 5113 3374 5157 autem
3405 5103 3638 5160 ferebam
3656 5146 3673 5172 ,
3700 5111 3859 5177 quod

2261 5188 2554 5258 aliquarum
2572 5189 2956 5246 sententiarum
2971 5191 3230 5260 Caelestii,
3247 5209 3382 5264 quas
3393 5209 3514 5250 curn
3529 5198 3694 5266 gestis
3709 5212 3860 5252 ana-

2265 5279 2635 5335 tltematizasse
2664 5281 3004 5351 perspicuum
3027 5291 3130 5350 est,
3159 5297 3407 5342 servasse
3439 5287 3540 5342 sibi
3573 5285 3863 5344 defensio-

2332 5454 2347 5520 ξ
2373 5461 2606 5520 Romanus
2629 5454 2834 5520 Ms.._qui
2851 5454 3014 5508 etiam.

2326 5517 2346 5579 ξ
2371 5516 2453 5566 Hic
2471 5518 2672 5579 fortasse
2693 5516 2976 5579 addidimus,
3002 5532 3063 5569 ex
3087 5517 3218 5570 Colb.
3240 5527 3318 5570 Ms.

2329 5577 2350 5640 ξ
2371 5577 2604 5626 ltonianus
2625 5585 2730 5640 Ms,
2756 5577 2979 5630 vestrum.

2328 5638 2400 5699 (α)
2422 5645 2526 5702 Δηεξ
2545 5640 2647 5689 haec
2670 5638 2778 5702 pust
2801 5654 2950 5691 unum
2988 5648 3072 5692 aut
3107 5641 3312 5692 alterum
3331 5656 3506 5692 annum
3531 5645 3728 5695 deuita
3771 5647 3879 5700 fuit

2266 5711 2293 5766 ξι
2313 5699 2913 5766 carthagineusi'concilio,
2934 5715 3042 5752 eam
3061 5703 3160 5752 68.
3181 5705 3294 5753 \‘ide
3310 5719 3461 5766 supra
3475 5699 3873 5761 Admonitionem

2268 5761 2316 5810 in
2337 5759 2512 5810 librum
2533 5761 2596 5810 de
2622 5759 2920 5814 Perl'ectioue
2939 5766 3137 5827 justilitc
3162 5759 3384 5817 hominis;
