4032 6178
207 324 310 383 353

207 454 354 504 nem,
378 444 554 509 potest
585 435 771 490 videri.
795 434 925 488 Nam
953 446 1138 489 earum
1161 433 1411 502 quasdam
1444 445 1567 486 suas
1594 431 1804 501 negavit

205 544 348 593 esse,
391 528 578 583 dicens
624 524 1012 590 tantummodo,
1049 542 1066 575 ι
1100 538 1197 593 pro
1243 522 1321 577 eis
1359 537 1465 576 non
1507 536 1567 577 se
1608 520 1807 577 debere

204 619 629 674 satisfactionem
670 633 684 670 :
736 635 755 669 ι
789 613 1240 670 anathematizare
1285 622 1462 668 autem
1516 613 1568 667 in
1619 612 1806 668 eadem

204 709 448 764 chartula
474 708 664 774 noluit,
685 722 802 778 qua:
831 707 947 760 istae
967 713 1093 760 sunt
1116 722 1128 758 :
1155 721 1177 755 ι
1195 703 1363 758 Adam
1388 702 1665 758 mortalem
1687 717 1808 760 esse

206 802 430 865 factum,
472 799 563 869 qui
606 797 720 853 sive
764 805 1033 866 peccaret,
1070 796 1185 850 sive
1222 809 1327 848 non
1365 802 1632 864 peccaret,
1663 800 1808 848 esset

203 889 526 945 moriturus.
550 887 702 955 Quod
731 896 1005 957 peccatum
1031 884 1163 940 Adae
1193 884 1362 940 solum
1396 885 1571 953 ipsum
1604 898 1803 939 nocue-

204 985 275 1038 rit
311 990 369 1038 et
412 996 519 1036 non
558 993 727 1051 genus
766 978 1079 1033 humanum.
1104 975 1257 1045 Quod
1297 976 1383 1032 lex
1422 976 1500 1031 sic
1537 976 1710 1031 mittat
1736 974 1804 1031 ad

203 1092 430 1148 regnum
482 1076 785 1140 coriorum,
827 1070 1280 1145 quemadmodum
1330 1077 1386 1126 et
1430 1069 1801 1140 Evangelium.

201 1167 357 1237 Quod
388 1166 623 1223 infantes
645 1179 817 1235 nuper
840 1164 948 1218 nali
977 1164 1029 1217 in
1059 1162 1151 1217 illo
1180 1169 1323 1216 statu
1351 1162 1477 1223 sint.
1500 1160 1552 1214 in
1582 1176 1690 1231 quo
1710 1158 1807 1215 fuit

202 1258 381 1312 Adam
424 1265 550 1313 ante
594 1254 1111 1327 praevaricationem.
1140 1252 1292 1321 Quod
1322 1267 1496 1323 neque
1530 1267 1625 1320 per
1656 1266 1805 1306 mor-

203 1362 313 1405 tem
342 1350 427 1405 vel
456 1346 952 1419 praevaricationem
971 1344 1103 1400 Adae
1130 1359 1290 1399 omne
1315 1358 1487 1414 genus
1511 1342 1804 1396 humanum

203 1440 490 1503 moriatur,
514 1454 690 1510 neque
713 1453 811 1510 per
838 1436 1284 1492 resurrectionem
1309 1432 1503 1489 Christi
1525 1449 1685 1489 omne
1712 1449 1807 1504 ge-

204 1549 311 1589 nus
340 1533 635 1588 humanum
673 1538 938 1601 resurgat.
964 1528 1224 1596 infantes,
1260 1527 1468 1584 etiamsi
1498 1542 1602 1581 non
1634 1525 1807 1595 bapti-

202 1633 417 1690 zentur,
464 1624 661 1679 habere
700 1622 865 1678 vitam
910 1630 1203 1676 aeternam.-
1228 1617 1435 1673 Divites
1478 1615 1800 1687 baptizatos,

202 1718 308 1773 nisi
338 1715 592 1771 omnibus
616 1696 1206 1776 abrenuntiaverint,'si
1232 1707 1360 1778 quid
1398 1707 1523 1762 boni
1557 1706 1805 1760 videntur

201 1807 409 1872 facere,
448 1818 555 1861 non
592 1803 700 1859 illis
739 1800 1008 1873 reputari,
1037 1813 1212 1870 neque
1240 1798 1518 1853 habituros
1557 1796 1680 1851 illos
1716 1810 1805 1851 re-

199 1915 371 1971 gnum
412 1896 675 1953 caelorum
711 1912 732 1947 ι
764 1892 867 1964 (a).
894 1892 975 1947 Ad
1006 1892 1104 1946 ista
1134 1890 1331 1961 quippe
1360 1888 1412 1943 in
1444 1886 1685 1971 chartula
1713 1885 1802 1940 illa

202 1966 280 2047 ita
307 1988 626 2060 respondit:
656 2005 676 2039 ι
705 1986 832 2041 Haec
853 1983 1033 2040 omnia
1061 1980 1350 2038 secundum
1380 1966 1618 2049 ipsorum
1650 1977 1802 2033 testi-

206 2086 454 2140 monium
483 2099 513 2137 a
543 2097 633 2138 me
660 2081 801 2136 dicta
832 2094 937 2133 non
978 2084 1122 2142 sunt,
1152 2090 1251 2131 nec
1276 2089 1372 2146 pro
1400 2075 1480 2130 cis
1504 2072 1676 2128 debeo
1712 2084 1804 2126 sa-

208 2175 594 2231 tisfactionem.
628 2190 649 2225 ι
678 2169 738 2226 ln
763 2171 927 2243 gestis
955 2175 1133 2222 autem
1160 2165 1227 2220 ad
1258 2164 1446 2219 eadem
1478 2164 1587 2233 ipsa
1618 2165 1690 2216 ita
1717 2161 1801 2216 lo-

208 2275 369 2323 cutus
410 2274 530 2320 est:
563 2282 584 2316 c
619 2260 923 2319 Secundum
972 2259 1211 2328 ipsorum
1260 2256 1623 2312 testimonium
1654 2269 1684 2309 a
1713 2269 1803 2311 me

210 2359 354 2413 dicta
384 2372 492 2411 non
521 2362 663 2421 sunt,
685 2369 784 2425 pro
804 2353 1000 2424 quibus
1017 2365 1117 2423 ego
1145 2348 1451 2406 satisfacere
1473 2362 1578 2403 non
1600 2346 1800 2412 debeo;

209 2451 308 2507 sed
344 2459 526 2505 tamen
558 2448 624 2503 ad
659 2446 1075 2503 satisfactionem
1117 2452 1313 2499 sancta:
1341 2440 1544 2514 Synodi
1581 2439 1805 2495 anathe-

210 2541 414 2596 matim
444 2555 537 2595 eos
561 2539 650 2610 qui
678 2539 757 2594 sic
788 2546 994 2602 tenent,
1020 2540 1111 2591 aut
1138 2535 1423 2607 aliquando
1442 2542 1745 2589 tenuerunt.
1776 2552 1797 2586 ι

210 2633 324 2687 Cur
338 2648 468 2703 ergo
486 2647 591 2685 non
620 2631 691 2685 ita
717 2639 771 2686 et
795 2630 849 2686 in
881 2629 970 2684 illa
996 2626 1239 2684 chartula
1262 2626 1517 2698 scriptum
1545 2625 1665 2681 est?
1684 2625 1802 2681 Non

212 2724 463 2789 mitltum,
500 2732 557 2776 ut
594 2722 804 2791 Opinor,
845 2720 1164 2786 atramenti,
1200 2734 1302 2774 nec
1342 2717 1660 2782 litterarum,
1702 2731 1804 2772 nec

214 2830 403 2880 morai,
431 2828 528 2869 uec
547 2814 714 2883 ipsius
729 2812 1005 2879 chartulre,
1024 2811 1067 2865 si
1094 2811 1165 2865 ita
1188 2810 1360 2877 fieret,
1382 2807 1801 2878 impenderetur.

212 2905 325 2962 Sed
341 2905 461 2975 quis
477 2920 583 2959 non
604 2903 788 2959 credat
814 2902 864 2958 id
893 2901 1057 2957 fuisse
1079 2908 1442 2971 procuratum,
1472 2907 1530 2954 ut
1555 2907 1805 2969 tanquam

216 3013 315 3066 pro
345 3006 616 3067 gestorum
646 2995 859 3050 illorum
883 2991 1232 3058 breviatione,
1271 2992 1367 3047 ista
1401 2989 1584 3045 charta
1615 3005 1806 3058 usque-

219 3103 429 3158 quaque
449 3087 772 3142 discurreret
792 3084 849 3137 “?
873 3085 960 3139 ubi
988 3092 1281 3153 putaretur,
1306 3097 1414 3136 non
1434 3094 1553 3135 esse
1578 3080 1805 3135 ablatam

221 3181 509 3251 quamlibet
534 3195 718 3243 earum
744 3178 1137 3247 sententiarum
1167 3174 1487 3231 defendendi
1515 3173 1805 3240 licentiam,

221 3272 358 3341 quod
389 3273 437 3327 ei
470 3269 1120 3338 tantummodo-objects,
1146 3282 1244 3322 nec
1268 3267 1385 3336 ejus
1414 3266 1646 3335 probata:
1675 3263 1808 3318 fuis-

222 3376 359 3430 sent,
393 3378 498 3417 non
530 3372 705 3417 tamen
732 3359 1193 3415 anathematizaue
1217 3366 1375 3438 atque
1399 3356 1684 3411 damnate.

292 3458 382 3513 58.
425 3457 621 3518 Postea
669 3455 827 3509 etiam
873 3453 941 3509 de
986 3453 1122 3507 libro
1159 3450 1393 3507 leestii
1440 3448 1669 3519 capitula
1711 3447 1810 3501 sibi

221 3549 430 3618 objecta
459 3549 511 3601 in
537 3546 726 3601 eadem
747 3544 990 3600 chartula
1017 3542 1183 3598 multa
1205 3542 1469 3611 congessit
1494 3556 1510 3606 ;
1536 3554 1708 3609 neque
1732 3539 1815 3593 bis

232 3640 527 3700 intervallis
566 3654 685 3708 qua:
726 3637 1006 3691 continent
1043 3644 1213 3705 gesta,
1241 3633 1374 3688 duas
1413 3632 1811 3701 reSponsioucs,

221 3733 414 3802 quibus
456 3731 648 3786 eadem
693 3729 921 3799 capitula
968 3727 1430 3783 anathematizavit
1456 3767 1470 3788 ,
1516 3724 1609 3779 sed
1655 3739 1812 3776 unam

223 3823 381 3877 simul
401 3821 654 3876 omnibus
673 3819 926 3874 subdidit.
946 3818 1094 3886 Quod
1117 3818 1293 3872 studio
1315 3815 1590 3871 brevitatis
1618 3813 1813 3868 factum

226 3924 490 3984 putarem,
517 3914 619 3968 nisi
649 3912 931 3984 plurimum
968 3910 1034 3965 ad
1063 3909 1112 3964 id
1140 3908 1281 3980 quod
1310 3923 1407 3963 nos
1431 3916 1627 3973 movet,
1649 3889 1816 3960 inter-

222 4023 345 4064 esse
383 4006 763 4079 perspicerem.
805 4004 880 4059 Ita
922 4002 1066 4058 enim
1103 4002 1293 4057 clausit
1336 4018 1350 4054 :
1385 4018 1404 4053 t
1448 4000 1643 4054 lterum
1673 3997 1814 4063 dico,

223 4099 476 4169 quioniam
523 4098 625 4153 ista
672 4105 727 4152 et
769 4093 1062 4150 secundum
1102 4108 1286 4147 eorum
1320 4090 1678 4146 testimonium
1708 4103 1815 4143 non

224 4200 352 4244 sunt
381 4205 523 4250 mea,
552 4202 652 4258 pro
676 4186 890 4257 quibus.
918 4196 974 4240 ut
999 4184 1129 4246 dixi,
1162 4182 1576 4238 satisfactionem
1604 4195 1708 4234 non
1731 4179 1819 4235 de-

225 4282 365 4346 beo;
394 4297 514 4350 quae
540 4288 720 4335 autem
752 4293 870 4332 mea
897 4292 1018 4333 esse
1042 4274 1320 4332 confessus
1348 4287 1463 4329 sum
1485 4315 1501 4338 ,
1531 4273 1646 4327 haec
1675 4279 1819 4327 recte

227 4388 318 4427 me
359 4373 539 4427 dicere
582 4370 797 4425 affirmo
826 4387 839 4423 :
871 4384 990 4438 qua:
1030 4376 1209 4422 autem
1245 4365 1355 4420 dixi
1395 4379 1510 4419 mea
1541 4377 1644 4416 non
1674 4376 1815 4427 esse,

225 4463 523 4519 secundum
569 4462 825 4533 judicium
870 4468 1069 4515 sancte
1109 4458 1363 4513 Ecclesia
1411 4454 1660 4525 reprobo,
1692 4467 1821 4506 ana-

228 4557 409 4611 thema
431 4555 619 4609 dicens
637 4554 784 4608 omni
806 4549 1222 4608 contravenieuti
1250 4556 1447 4603 sancte
1470 4557 1525 4601 et
1543 4545 1823 4600 catholicae

229 4647 488 4702 Ecclesia:
518 4645 813 4708 doctrinis;
840 4643 1085 4698 similiter
1117 4648 1172 4696 et
1206 4640 1287 4693 his
1315 4639 1405 4710 qui
1447 4638 1574 4692 falsa
1613 4637 1822 4707 fingen-

229 4751 334 4803 tes,
358 4740 513 4794 nobis
538 4737 857 4792 calumniam
888 4742 1312 4791 commoverunt.
1343 4750 1363 4783 ι
1396 4731 1546 4786 Hunc
1574 4729 1821 4784 ultimum

228 4846 446 4886 versum
474 4846 583 4886 non
612 4829 815 4885 habent
852 4836 996 4900 gesta
1020 4869 1034 4892 ,
1074 4826 1169 4883 sed
1213 4826 1341 4880 nihil
1372 4824 1436 4879 ad
1467 4839 1580 4878 rem
1619 4822 1688 4878 de
1720 4836 1824 4893 qua

226 4924 447 4979 solliciti
488 4937 610 4978 esse
649 4920 929 4976 debemus.
952 4921 1070 4976 Sint
1108 4920 1251 4975 enim
1286 4932 1505 4988 prorsus
1539 4916 1825 4972 anathema

228 5023 289 5067 et
336 5014 391 5066 hi
437 5013 524 5083 qui
576 5011 707 5066 falsa
752 5011 1033 5081 fingentes,
1065 5009 1145 5065 eis
1173 5009 1490 5064 calumniam
1519 5022 1828 5063 commove-

228 5113 379 5157 runt.
413 5103 520 5159 Sed
548 5118 671 5157 cum
705 5106 933 5172 primum
975 5101 1096 5170 legi,
1133 5119 1152 5151 ι
1178 5099 1307 5168 Qua!
1345 5107 1522 5154 autem
1560 5097 1669 5152 dixi
1708 5112 1827 5153 mea

228 5211 343 5249 non
384 5209 527 5262 esse,
568 5192 861 5249 secundum
904 5191 1161 5262 judicium
1207 5198 1406 5244 sanctrc
1446 5188 1699 5243 Ecclesia
1732 5204 1829 5243 πο-

227 5293 438 5363 probo:
460 5308 482 5343 ι
508 5290 702 5345 factum
731 5284 856 5343 illud
880 5303 1000 5342 esse
1015 5286 1272 5356 judicium
1293 5284 1538 5339 Ecclesia:
1559 5283 1826 5346 nesciens,

226 5382 491 5453 quoniam
525 5381 612 5435 hic
637 5380 855 5435 tacitum
882 5388 984 5442 est,
1012 5388 1064 5433 et
1093 5386 1240 5448 gesta
1269 5390 1374 5430 non
1406 5376 1634 5445 legeram
1655 5414 1670 5435 ,
1697 5372 1828 5428 nihil

227 5475 382 5531 aliud
421 5473 747 5541 existimavi,
784 5486 941 5542 quam
976 5486 1098 5525 eum
1135 5469 1295 5527 fuisse
1324 5467 1613 5538 pollicitum
1641 5465 1744 5520 hoc
1771 5479 1832 5521 se

292 5635 313 5667 ι
342 5624 655 5681 Folberti’nus
674 5636 778 5688 Ms...
801 5634 1036 5679 cwreret.

291 5709 379 5756 ta)
412 5690 914 5759 imresisgelagiana:
948 5690 1191 5752 jrzccipua
1219 5688 1648 5752 dogntatarepetit
1673 5696 1833 5749 Augu-

228 5752 403 5811 wsttts
424 5755 544 5803 itura
566 5768 615 5803 ι).
641 5752 719 5804 65,

1629 316 1826 372 LIBER
1861 316 2057 375 l'NUS.

3391 328 3499 387 354

1909 431 1976 486 de
2022 431 2104 486 his
2145 448 2423 488 sensurum
2470 451 2589 491 esse
2633 438 2906 507 Capitulis,
2939 442 3079 511 quod
3110 436 3343 498 Ecclesia
3381 445 3491 514 jzun

1911 537 2014 577 non
2042 525 2354 592 judicassct,
2378 527 2469 581 sed
2499 529 2817 600 quandoque
2837 532 3129 601 judicarct,
3159 546 3209 590 et
3237 550 3299 589 ea
3325 551 3383 592 se
3406 554 3493 591 re—

1910 615 2277 681 ttrobaturum,
2309 632 2425 687 quae
2454 619 2542 673 illa
2567 621 2675 689 jam
2706 637 2810 677 non
2839 624 3192 694 reprobasset,
3216 626 3310 681 sed
3332 643 3495 696 quan-

1908 706 2082 777 doque
2121 710 2464 779 reproharet;
2494 720 2553 765 ut
2591 711 2656 767 ad
2700 712 2799 768 hoc
2839 716 3129 784 pertineret
3167 719 3325 772 etiam
3353 720 3495 789 quod

1907 796 2147 866 adjunxit
2167 840 2180 863 ,
2220 818 2238 851 ‹
2269 800 2550 857 anathema
2579 802 2763 858 dicens
2789 806 2931 859 omni
2951 810 3379 878 .conti-aveuienti
3411 812 3492 863 vel

1908 888 2288 943 contradicenti
2334 900 2532 946 sancta,-
2572 892 2844 949 catholica:
2873 894 3126 950 Ecclesia:
3154 898 3429 953 doctrinis.
3467 919 3488 953 ι

1913 977 2105 1034 Verum
2135 987 2333 1048 autem,
2365 990 2422 1036 ut
2448 992 2593 1052 gesta
2636 992 2915 1051 testantur,
2947 986 3056 1055 jam
3096 987 3162 1041 de
3203 988 3286 1042 his
3314 991 3488 1044 eccle-

1907 1066 2180 1123 siasticum
2205 1069 2462 1139 judicium
2490 1071 2559 1126 ab
2581 1070 2847 1145 episcopis
2869 1077 3271 1145 quatuordecim
3298 1080 3490 1135 factum

1907 1170 2044 1224 erat,
2071 1162 2364 1217 secundum
2390 1164 2529 1233 quod
2551 1163 2809 1234 judicium
2837 1182 2898 1222 se
2920 1168 3053 1222 dixit
3082 1169 3179 1224 ista
3208 1173 3384 1225 omnia
3412 1189 3493 1228 re-

1909 1254 2154 1322 probare,
2186 1263 2240 1309 et
2266 1255 2549 1310 anathema
2590 1258 2769 1315 dicere
2805 1259 2886 1314 his
2916 1261 3005 1331 qui
3041 1262 3163 1316 talia
3192 1265 3490 1330 sentiendo,

1907 1353 2092 1398 contra
2116 1344 2371 1414 judicium
2398 1349 2638 1417 veniunt,
2662 1350 2800 1419 quod
2817 1349 2927 1420 jam
2951 1351 3145 1406 factum
3167 1351 3329 1409 fuisse
3347 1365 3494 1425 gesta

1907 1434 2163 1490 indicant.
2191 1437 2307 1492 Jam
2335 1441 2478 1493 enim
2500 1440 2745 1497 dixerant
2765 1443 2991 1513 judices,
3028 1463 3047 1497 α
3077 1446 3213 1512 Quid
3242 1447 3309 1502 ad
3342 1448 3455 1503 hmc
3478 1490 3494 1513 ,

1906 1544 2025 1599 qum
2056 1530 2192 1584 lecta
2217 1543 2337 1586 sunt
2362 1533 2613 1602 capitula,
2641 1535 2769 1591 dicit
2791 1553 3031 1606 praesens
3048 1540 3292 1612 Pelagius
3313 1556 3496 1596 mena-

1906 1620 2076 1676 cbus?
2103 1622 2225 1678 lla2c
2263 1624 2403 1678 enim
2444 1626 2699 1696 reprobat
2729 1637 2908 1683 sancta
2937 1630 3203 1702 Synodus,
3233 1641 3285 1687 et
3311 1643 3495 1688 sancta

1908 1713 2001 1768 Dei
2031 1715 2296 1770 catholica
2342 1716 2605 1774 Ecclesia.
2645 1737 2665 1770 ι
2711 1719 2817 1775 Sed
2867 1720 2969 1776 hoc
3013 1723 3102 1792 qui
3150 1723 3410 1788 nesciunt,
3443 1733 3497 1778 et

1907 1804 2064 1859 istam
2109 1806 2351 1862 chartam
2398 1808 2602 1879 legunt,
2643 1820 2831 1880 putant
2871 1813 3065 1883 aliquid
3110 1814 3317 1869 illorum
3354 1816 3498 1871 licite

1906 1912 2065 1967 posse
2088 1898 2324 1965 defendi,
2358 1908 2609 1972 tanquam
2642 1919 2746 1957 non
2787 1903 2944 1959 fuerit
2979 1905 3270 1975 judicatum
3309 1909 3497 1963 catho-

1906 1987 2022 2043 licae
2061 1990 2387 2046 contrarium
2428 2008 2547 2048 esse
2573 1993 2850 2063 doctrinm,
2887 2007 3237 2068 paratumque
3261 2015 3320 2053 se
3345 1999 3498 2055 Pela-

1911 2081 2029 2151 gius
2068 2081 2281 2149 dixerit,
2325 2083 2376 2138 id
2416 2084 2483 2138 de
2528 2084 2610 2139 his
2652 2085 2812 2141 rebus
2852 2100 3058 2157 sapere,
3092 2089 3232 2159 quod
3261 2089 3499 2145 Ecclesia

1913 2186 2018 2226 non
2042 2171 2318 2241 judicavit,
2346 2174 2440 2229 sed
2467 2174 2801 2244 iudicaverit.
2824 2177 2938 2232 Non
2969 2179 3145 2249 itaque
3172 2180 3251 2235 sic
3287 2181 3502 2250 scripsit

1912 2263 1965 2318 in
1996 2278 2078 2325 ea,
2109 2263 2178 2320 de
2206 2279 2308 2336 qua
2340 2280 2484 2320 nunc
2511 2266 2718 2337 agimus
2747 2267 3007 2332 chartula,
3039 2278 3097 2323 ut
3123 2280 3502 2340 agnosceretur

1912 2355 2052 2426 quod
2077 2356 2237 2412 habet
2259 2358 2711 2439 gestorumﬁdes,
2734 2361 2908 2414 omnia
2934 2359 3141 2416 scilicet
3170 2361 3258 2416 illa
3282 2361 3503 2432 dogma-

1908 2454 1978 2511 ta,
2004 2445 2197 2517 quibus
2225 2447 2413 2513 evadem
2442 2448 2666 2503 haeresis
2693 2450 3060 2519 proserpebat,
3088 2459 3144 2506 et
3168 2451 3503 2508 contentiosa

1908 2538 2316 2593 convalescebat
2338 2538 2580 2607 audacia,
2603 2541 2968 2596 ecclesiastico
2986 2540 3189 2612 judicio
3213 2542 3506 2611 praesiden-

1910 2629 2051 2682 tibus
2097 2629 2501 2699 quatuordecim
2545 2631 2809 2701 episcopis
2854 2645 2975 2687 esse
3020 2631 3290 2687 damnata.
3333 2632 3503 2701 Quam

1915 2733 2052 2784 rem,
2086 2719 2129 2772 si
2163 2727 2220 2773 ut
2244 2728 2346 2785 est,
2377 2719 2711 2775 innotescere
2743 2720 2936 2787 timuit,
2960 2735 3018 2776 se
3050 2722 3223 2790 potius
3251 2721 3501 2791 corrigat,

1910 2823 2071 2878 quam
2105 2818 2302 2864 nostra:
2333 2808 2457 2865 licet
2499 2824 2633 2864 serae
2664 2811 2949 2880 vigilantia:
2984 2812 3354 2881 qualicumque
3382 2827 3506 2867 suc-

1913 2913 2152 2956 censeat.
2179 2901 2234 2957 Si
2282 2910 2460 2956 autem
2505 2902 2607 2957 hoc
2634 2918 2754 2957 eum
2798 2903 3035 2960 timuisse
3078 2903 3269 2959 falsum
3315 2913 3416 2972 est,
3450 2915 3508 2961 et

1913 2993 2053 3047 sicut
2096 2992 2339 3048 homines
2381 2994 2733 3063 suspicamur,
2772 2995 3028 3064 ignoscat,
3058 2995 3184 3051 dum
3224 3004 3403 3052 tamen
3442 3012 3505 3052 ea

1917 3098 2037 3153 quas
2061 3085 2246 3152 gestis,
2277 3083 2468 3154 quibus
2498 3084 2710 3138 auditus
2735 3093 2836 3152 est,
2864 3085 3304 3141 anathematizata
3332 3096 3388 3143 et
3416 3103 3506 3142 re-

1919 3173 2142 3244 probata
2191 3182 2349 3238 sunt,
2394 3174 2464 3229 de
2510 3185 2708 3231 castero
2755 3184 3069 3246 oppugnet;
3119 3190 3189 3231 ne
3242 3177 3511 3246 parcendo

1917 3266 2042 3332 illis,
2091 3280 2194 3318 non
2241 3265 2411 3319 solum
2460 3265 2573 3319 hzec
2619 3274 2771 3321 antea
2815 3265 3126 3334 credidisse,
3156 3266 3251 3322 sed
3283 3266 3508 3324 credere

1917 3358 2176 3411 videatur.

1988 3448 2212 3504 CAPUT
2248 3446 2488 3503 XXXIV.
2516 3479 2583 3489 —
2610 3448 2698 3504 59.
2733 3449 2959 3505 Proinde
2992 3450 3149 3505 istum
3190 3451 3419 3519 librum,
3450 3453 3507 3507 in

1916 3552 2023 3595 tam
2053 3541 2196 3608 gravi
2234 3551 2286 3594 et
2325 3541 2509 3611 grandi
2551 3556 2708 3596 causa
2741 3557 2844 3595 non
2876 3541 3072 3596 frustra
3114 3542 3339 3597 fortasse
3377 3557 3507 3614 pro-

1918 3631 2102 3695 lixum,
2135 3631 2204 3684 ob
2232 3631 2332 3685 hoc
2363 3631 2426 3684 ad
2461 3640 2602 3684 tuam
2637 3630 3041 3686 Venerationem
3072 3633 3313 3689 scribere
3338 3633 3503 3698 volui,

1921 3731 1977 3775 ut
2003 3722 2045 3774 si
2076 3722 2178 3774 tuis
2202 3721 2446 3774 sensibus
2474 3736 2578 3775 non
2608 3720 2956 3792 displicuerit,
2987 3723 3306 3777 auctoritate
3332 3725 3509 3792 potius

1922 3821 2030 3876 tua,
2061 3829 2180 3879 qua:
2211 3811 2365 3882 longe
2392 3812 2562 3881 major
2581 3820 2664 3866 est
2683 3828 2842 3883 quam
2871 3823 3069 3868 nostra:
3094 3813 3400 3884 exiguitatis
3427 3814 3509 3869 in-

1921 3901 2146 3967 dustria,
2170 3901 2362 3967 quibus
2383 3903 2742 3957 necessarium
2763 3903 3165 3969 existimaverit,
3189 3904 3506 3971 innotescat,

1921 3991 1990 4047 ad
2016 4006 2201 4047 eorum
2222 3992 2481 4048 vanitates
2501 3993 2973 4063 contentionesque
2993 3994 3391 4063 opprimendas,
3413 3998 3507 4066 qui

1922 4091 2108 4152 putant
2132 4083 2377 4137 absoluto
2403 4082 2635 4153 Pelagio,
2667 4083 2936 4152 judicibus
2965 4085 3228 4155 episcOpis
3266 4086 3507 4141 orienta-

1924 4175 2060 4229 libus
2089 4175 2174 4228 illa
2205 4175 2452 4244 dogmata
2486 4174 2765 4244 placuisse,
2801 4190 2920 4245 quae
2948 4175 3231 4230 adversum
3259 4174 3509 4233 christia-

1924 4280 2044 4319 nam
2086 4264 2272 4329 fidem,
2302 4273 2354 4319 et
2389 4264 2479 4319 Dei
2510 4264 2733 4334 gratiam
2756 4279 2860 4332 qua
2890 4279 3145 4319 vocamur
3169 4273 3224 4321 et
3247 4266 3508 4335 justifica-

1926 4373 2075 4422 mur,
2116 4356 2565 4426 pet-uitiosissime
2601 4354 2945 4426 pullulentia,
2974 4355 3262 4410 christiana
3298 4372 3512 4426 semper

1924 4450 2123 4503 veritas
2149 4447 2398 4511 damnat,
2427 4454 2483 4500 et
2520 4444 2740 4500 istorum
2767 4447 2926 4502 etiam
2958 4447 3357 4517 quatuorilccim
3394 4450 3513 4519 epi-

1926 4553 2208 4608 scoporum
2253 4536 2570 4592 auctoritate
2607 4535 2909 4602 damnavit,
2942 4552 3059 4607 quae
3096 4536 3253 4591 simul
3277 4548 3328 4594 et
3356 4538 3507 4595 Pela-
3566 4604 3569 4609 η

1926 4631 2071 4702 gium
2090 4672 2105 4696 ,
2134 4630 2235 4684 nisi
2266 4630 2335 4684 ab
2359 4629 2449 4684 illo
2477 4636 2656 4682 essent
2681 4629 3120 4683 anathematizato
3140 4669 3156 4696 ,
3185 4629 3512 4687 damnasset.

1926 4721 2222 4790 Nunejam,
2237 4719 2486 4790 quoniam
2503 4718 2833 4773 reddidimus
2853 4717 3057 4772 homini
3073 4733 3252 4773 curam
3267 4719 3519 4774 fraternas

1929 4813 2237 4879 charitatis,
2268 4820 2323 4867 et
2359 4811 2428 4866 de
2454 4811 2547 4865 illo
2573 4825 2636 4866 ae
2665 4825 2760 4879 pro
2783 4810 2879 4864 illo
2918 4818 3152 4863 nostram
3196 4809 3517 4863 sollicitudia

1931 4921 2051 4961 nem
2083 4904 2307 4959 fideliter
2335 4903 2709 4973 prompsimus,
2739 4901 3016 4956 videamus
3039 4899 3306 4970 quomodo
3334 4900 3520 4955 brevin

1932 5008 2014 5054 ter
2041 4998 2210 5069 possit
2235 4995 2459 5061 adverti,
2492 4996 2651 5050 etiam
2681 4993 2796 5059 illo,
2828 4993 2970 5064 quod
2996 4993 3223 5058 clarum,
3249 4991 3389 5062 apud
3414 4992 3517 5047 ho-

1933 5090 2107 5145 mines
2132 5087 2406 5151 absoluto,
2440 5085 2685 5140 hazresim
2715 5095 2889 5140 tamen
2922 5084 3089 5153 ipsam
3114 5082 3295 5138 divino
3317 5082 3524 5152 judicio

1933 5199 2148 5254 semper
2170 5180 2545 5245 damnabilem,
2577 5180 2734 5233 etiam
2752 5177 2953 5247 judicio
2972 5175 3373 5246 quatuordecitn
3400 5179 3518 5247 epi-

1935 5290 2218 5346 scaporum
2245 5270 2585 5327 orientalium
2617 5283 2737 5325 esse
2763 5268 3088 5321 damnatam.

2010 5365 2233 5423 CAPUT
2273 5362 2491 5419 XXXV.
2515 5391 2586 5401 —
2623 5361 2711 5416 60.
2744 5359 2869 5415 llaec
2895 5370 2978 5414 est
3016 5358 3157 5416 illius
3197 5358 3380 5427 judicii
3417 5373 3522 5430 po-

1936 5469 2132 5515 strema
2164 5455 2448 5511 sententia.
2478 5451 2722 5524 Synodus
2746 5450 2875 5504 dixit
2899 5468 2912 5504 :
2940 5468 2961 5502 σ
2988 5449 3137 5505 Nunc
3155 5451 3406 5520 quoniam
3433 5466 3525 5505 sa-

1939 5553 2202 5611 tisfactum
2232 5558 2314 5603 est
2341 5546 2493 5601 nobis
2528 5544 2993 5615 prosecutionibus
3022 5546 3301 5616 praesentis
3326 5541 3526 5613 Pelagii

1942 5640 2222 5707 monachi,
2258 5639 2346 5709 qui
2386 5635 2598 5708 quidem
2640 5635 2741 5706 piis
2771 5635 3031 5691 doctrinis
3068 5636 3362 5699 consentit,
3389 5650 3530 5690 cou-

1943 5736 2101 5791 traria
2130 5748 2256 5787 vero
2286 5729 2536 5837 Ecclesiae
2565 5728 2686 5785 fidei
2712 5730 2961 5803 reprobat
2988 5737 3041 5783 et
3078 5728 3518 5789 anathematisrt.
