3994 6178
489 307 594 360 aut;

492 416 880 476 wtnmunionis
920 410 1302 467 eoi-icsiaslicn'.
1351 422 1472 459 eum
1527 419 1644 454 esse
1697 410 1747 452 et
1799 395 2073 449 catholira:

496 512 834 570 confitemur.
867 527 884 559 ι
920 506 1032 560 Duo
1051 501 1291 574 quzedam
1319 499 1447 553 satis
1469 495 1741 565 perspicua
1769 491 1836 544 de
1864 487 2078 555 Pelagio

495 600 756 660 monacho
780 597 945 653 sancti
981 591 1216 664 episcopi
1237 589 1444 660 jndices
1468 601 1578 641 sua:
1603 579 1880 637 sententia:
1900 576 2078 630 brevi-

496 702 603 745 tate
646 687 908 757 complexi
952 692 1111 739 sunt:
1153 696 1314 736 unum
1350 676 1563 748 quidem
1608 692 1626 726 ι
1657 672 1754 742 piis
1792 685 1912 730 eum
1950 682 2082 721 eon-

497 784 696 838 snntire
729 780 1020 843 doctrinis;
1045 796 1071 829 τ
1107 778 1330 830 alterum
1366 777 1572 831 autem,
1622 786 1640 818 ι
1672 765 1922 820 Ecclesia:
1963 758 2083 815 fidei

501 874 793 943 :eprobare
839 881 898 926 'et
949 865 1399 923 anathematizare
1451 857 1736 915 contraria.
1773 876 1791 907 ι
1844 851 2086 921 Pelagius

503 977 716 1037 propter
756 966 870 1020 haec
897 963 1003 1017 duo
1033 979 1052 1012 ι
1082 954 1472 1013 communionis
1505 947 1874 1006 ecclesiasticae
1905 953 1960 998 et
1993 957 2087 996 ca-

504 1033 716 1116 tholiczn
745 1076 765 1110 ›
811 1054 1182 1126 pronuntiatus
1221 1059 1321 1104 est.
1370 1045 1572 1113 Quibus
1613 1055 1742 1110 ergo
1770 1035 1946 1090 verbis
1974 1033 2091 1101 ejus

504 1152 738 1212 interim,
771 1124 1024 1218 quantum
1051 1142 1296 1197 homines
1321 1141 1374 1191 in
1404 1133 1683 1205 prrosentia
1708 1129 1778 1184 de
1798 1124 2093 1182 manifestis

503 1243 744 1312 judicare
771 1243 1074 1308 potuerunt.
1099 1241 1385 1299 utrumque
1410 1224 1685 1286 claruerit,
1715 1217 1891 1274 omnia
1919 1213 2095 1269 brevi-

512 1305 594 1387 ter
615 1305 1016 1400 recapitulaado
1034 1324 1330 1378 videamus.
1358 1319 1420 1373 In
1444 1317 1532 1371 bis
1555 1313 1700 1368 enim
1722 1311 1823 1400 sibi
1849 1305 2093 1400 objectis,

511 1440 632 1493 qua!
656 1397 757 1477 sua
778 1436 882 1474 non
912 1431 1030 1472 esse
1069 1410 1340 1482 respondit
1361 1450 1376 1472 ,
1407 1408 1581 1460 dictus
1610 1411 1693 1456 est
1718 1397 2006 1468 νέρτοὶκιη
2046 1401 2101 1447 et

511 1510 960 1566 anathematizare
993 1502 1283 1561 contraria.
1329 1497 1570 1554 Breviter
1597 1507 1723 1562 ergo
1752 1497 1914 1545 totam
1945 1487 2100 1540 istam

512 1599 728 1659 causam
753 1602 844 1663 ita,
873 1599 916 1654 si
949 1607 1249 1667 possuums,
1281 1590 1616 1657 colligamus.

591 1695 678 1750 61.
699 1691 957 1760 Quoniam
976 1699 1192 1741 necesse
1209 1689 1326 1738 erat
1342 1676 1549 1748 impleri
1566 1671 1705 1744 quod
1727 1667 1967 1740 prtedixit
1984 1679 2104 1760 apo-

515 1787 688 1842 stolus
715 1757 930 1846 Paulus,
958 1781 1164 1849 Oportet
1187 1784 1230 1828 et
1261 1774 1475 1827 Itwreses
1502 1782 1627 1828 esse,
1648 1773 1701 1816 ut
1724 1760 1918 1832 probati
1942 1757 2105 1810 mani-

519 1879 632 1947 {esti
659 1876 854 1947 ﬁantin
882 1872 1018 1926 vobis
1043 1867 1217 1941 (lCor.
1238 1882 1313 1927 xi,
1335 1861 1422 1933 l9)
1453 1879 1465 1914 :
1491 1865 1609 1928 post
1623 1864 1833 1910 veteres
1849 1851 2100 1913 lintreses,

519 1973 728 2023 invecta
759 1966 916 2020 etiam
966 1940 1124 2016 modo
1156 1955 1378 2010 haeresis
1405 1962 1523 2014 est,
1566 1963 1672 2003 non
1709 1944 1776 1999 ab
1805 1940 2067 2012 episcopis
2087 1980 2102 2002 ,

519 2076 614 2114 seu
657 2053 1015 2127 presbyteris,
1059 2050 1142 2104 vel
1188 2047 1606 2115 quibuscumque
1649 2034 1893 2098 clericis;
1939 2031 2032 2085 sed
2073 2045 2103 2082 a

519 2122 835 2222 quibusdam
865 2143 1025 2198 veluti
1057 2137 1351 2201 monachis,
1383 2149 1501 2204 quze
1526 2141 1712 2186 contra
1737 2127 1832 2182 Dei
1857 2122 2102 2195 gratiam,

521 2219 639 2312 qua:
661 2239 814 2294 nobis
836 2246 913 2291 est
940 2249 1033 2304 per
1047 2232 1228 2287 Iesum
1250 2227 1519 2282 Christum
1542 2219 1819 2276 Dominum
1843 2225 2101 2278 nostrum,

523 2307 775 2402 tanquam
814 2323 1150 2381 defendendo
1189 2321 1412 2374 liberum
1442 2311 1751 2402 ar‘bitrium,
1783 2307 2104 2402 disputaret,

525 2433 579 2478 et
604 2389 886 2476 conaretur
905 2413 1209 2470 christiana:
1234 2407 1354 2462 fidei
1377 2389 1767 2459 firmamentum
1793 2404 2036 2450 evertere
2061 2392 2102 2458 ί,

524 2515 593 2568 de
617 2527 722 2582 quo
747 2508 1002 2574 scriptum
1027 2511 1132 2568 est,
1166 2500 1268 2554 Per
1295 2511 1452 2551 unum
1482 2491 1736 2547 hominem
1763 2501 1920 2552 mors,
1951 2492 1998 2537 et
2023 2497 2111 2552 per

525 2619 682 2657 unum
726 2598 978 2653 hominem
1015 2590 1314 2648 resurrectio
1341 2595 1655 2640 mortuorum
1676 2595 1695 2634 :
1739 2578 1870 2633 sicut
1897 2577 2028 2629 enim
2058 2573 2110 2627 in

525 2694 690 2746 Adam
717 2705 888 2744 omnes
914 2686 1218 2747 moriuntur,
1247 2680 1320 2734 sic
1357 2689 1402 2731 et
1427 2677 1481 2730 in
1518 2673 1720 2731 Christo
1755 2684 1928 2723 omnes
1953 2665 2113 2734 viviﬁ-

527 2785 774 2840 cabuntur
803 2777 910 2851 (Id.
939 2793 1044 2840 xv,
1083 2773 1144 2829 2|
1168 2815 1184 2840 ,
1223 2771 1314 2840 22)
1344 2787 1358 2824 :
1389 2778 1445 2823 ct
1482 2767 1532 2820 in
1560 2763 1768 2818 actibus
1795 2758 1991 2814 nostris
2017 2755 2112 2811 Dei

527 2871 849 2944 adjutorium
889 2868 1200 2937 denegaret,
1229 2859 1486 2923 dicendo,
1531 2874 1549 2908 ι
1579 2865 1636 2909 ut
1661 2867 1766 2908 non
1798 2861 2110 2921 peccemus,

534 2967 956 3036 ituplcamusque
977 2958 1259 3029 justitiam,
1287 2967 1444 3024 posse
1471 2947 1716 3005 sufﬁcere
1741 2953 1980 2999 naturam
2013 2941 2112 2994 hu-

531 3073 765 3123 manam,
794 3072 912 3126 quae
933 3051 1146 3109 condita
1173 3058 1254 3103 est
1277 3062 1398 3102 cum
1426 3044 1594 3098 libero
1614 3037 1866 3100 arbitrio;
1893 3047 2118 3104 eamque

417 3143 434 3153 κ
530 3165 650 3206 esse
679 3149 773 3204 Dei
798 3145 1043 3217 gratiam,
1075 3141 1194 3212 quia
1226 3140 1302 3193 sic
1343 3135 1541 3192 conditi
1570 3145 1778 3196 sumus,
1808 3137 1864 3184 ut
1891 3127 1994 3181 hoc
2020 3140 2117 3179 vo-

533 3243 735 3297 luntate
762 3238 1048 3308 possimus,
1074 3243 1129 3289 et
1155 3230 1290 3300 quod
1317 3226 1636 3298 adjutorium
1667 3222 1797 3292 legis
1837 3217 2117 3273 mandato-

533 3346 757 3402 rumque
786 3342 1004 3382 suorum
1035 3323 1211 3386 dedit,
1252 3317 1469 3389 etquod
1495 3314 1561 3368 ad
1596 3328 1656 3368 se
1693 3309 1966 3366 conversis
1993 3319 2121 3378 pec-

530 3431 644 3480 cata
673 3400 933 3492 pneterita
965 3415 1220 3486 ignoscit;
1254 3431 1273 3465 ι
1307 3411 1358 3465 in
1383 3409 1466 3465 liis
1485 3406 1614 3461 solis
1635 3418 1756 3459 esse
1779 3401 1872 3456 Dei
1893 3400 2118 3471 gratiam

533 3490 914 3585 deputandam,
943 3523 1048 3563 non
1071 3507 1122 3562 in
1148 3502 1411 3574 adjutorio
1439 3507 1742 3554 nostrorum
1772 3502 1982 3547 actuum
2011 3490 2122 3544 sin»

533 3609 798 3682 galerum.
831 3622 850 3655 ‹
881 3603 1044 3658 Posse
1065 3599 1206 3654 enim
1231 3595 1496 3650 hominem
1518 3605 1640 3646 esse
1660 3588 1777 3642 sine
1797 3593 2038 3656 peccato,
2067 3591 2122 3637 et

533 3681 780 3756 mandata
813 3696 904 3751 Dei
934 3693 1086 3749 facile
1110 3686 1400 3752 custodire,
1429 3685 1476 3738 si
1501 3681 1644 3736 velit.
1677 3697 1696 3731 ι

607 3791 694 3848 62.
713 3791 812 3845 Ista
831 3787 1052 3842 ἥξω-(θείς
1070 3798 1190 3839 eum
1214 3780 1471 3852 plurimos
1491 3773 1808 3842 decepisset,
1832 3777 1887 3823 et
1905 3765 2117 3831 fratres,

533 3899 668 3956 quos
697 3898 802 3936 non
840 3880 1154 3947 deceperat,
1185 3852 1560 3930 conturbaret;
1597 3861 1877 3918 Caelestius
1906 3856 2121 3928 quidam

535 3950 658 4031 talia
700 3971 936 4028 sentiens
956 4010 970 4032 ,
1001 3967 1067 4022 ad
1110 3964 1366 4034 judicium
1394 3953 1832 4027 Carthaginiensis
1869 3950 2122 4006 Ecclesia;

537 4065 843 4136 perductus,
862 4060 1230 4130 episcoporum
1247 4050 1506 4108 sententia
1523 4045 1906 4103 condemnatus
1923 4052 2002 4095 est
2021 4039 2118 4111 (a).

536 4131 739 4212 Deinde
765 4161 882 4223 post
906 4152 1106 4220 aliquot
1143 4161 1311 4201 annos
1338 4141 1572 4210 Pelagio,
1608 4137 1697 4207 qui
1725 4135 1976 4205 magister
2005 4131 2120 4199 ejus

535 4220 927 4319 perbiberetur,
969 4255 1090 4297 cum
1138 4239 1235 4292 ista
1280 4233 1500 4290 heresis
1543 4227 1734 4284 fuisset
1772 4225 2011 4293 objecta,
2056 4220 2120 4275 ad

539 4315 841 4411 episcopale
878 4335 1130 4405 judicium
1163 4330 1320 4384 etiam
1363 4327 1477 4396 ipse
1517 4321 1759 4392 pervenit
1786 4318 1857 4390 (ιι)
1884 4334 1896 4369 :
1927 4315 2121 4370 recita.

537 4407 983 4500 ti—squciomnibus
1007 4439 1126 4494 qua:
1155 4422 1206 4475 in
1239 4418 1415 4472 libello
1443 4421 1628 4469 contra
1655 4425 1776 4466 eum
1803 4409 1927 4462 dato
1955 4407 2126 4461 lieres

537 4531 595 4578 et
623 4497 854 4576 Lazarus
883 4514 1117 4586 episcopi
1149 4511 1283 4568 Galli
1313 4515 1628 4578 posuerant;
1659 4503 1761 4557 illis
1786 4501 1998 4571 quidem
2025 4497 2122 4552 ab-

539 4611 799 4674 sentibus,
830 4617 885 4663 et
912 4606 977 4661 de
999 4602 1310 4674 :t‘gritudinc
1331 4599 1487 4652 unius
1506 4611 1693 4652 eorum
1725 4591 2121 4654 excusantibus,

539 4701 809 4772 Pelagium
858 4698 922 4751 ad
981 4695 1156 4750 omnia
1219 4689 1670 4761 rcSpondentem,
1725 4683 2124 4755 quatuordecim

542 4795 776 4867 episcopi
803 4788 1084 4862 provinciae
1108 4785 1402 4841 Pola-stium
1431 4780 1722 4838 secundum
1750 4777 2126 4846 responsiones

542 4866 660 4960 ejus
681 4889 908 4941 alienum
945 4898 972 4935 a
1003 4878 1349 4951 perversitate
1380 4875 1535 4944 hujus
1567 4871 1787 4927 haeresis
1814 4866 2125 4938 pronuntia-

542 4959 696 5048 runt;
723 4995 842 5035 eam
871 4985 1046 5031 tamen
1079 4971 1325 5026 haeresim
1353 4969 1468 5023 sine
1494 4965 1599 5020 ulla
1619 4963 1946 5019 dubitatione
1970 4959 2124 5014 dam-

545 5085 752 5129 nantes.
786 5067 1222 5139 Approbaverunt
1253 5061 1395 5117 enim
1435 5055 1728 5114 secundum
1757 5053 1898 5124 quod
1926 5054 2016 5108 ille
2058 5051 2124 5106 ad

544 5183 604 5221 ea
624 5180 742 5236 quae
761 5163 969 5230 objecta
990 5167 1133 5221 sunt,
1157 5150 1532 5223 respondebat,
1561 5167 1580 5199 α
1603 5144 1837 5216 adjuvari
1857 5143 2126 5198 hominem

548 5235 800 5329 periegis
820 5249 1093 5306 scientiam
1123 5245 1190 5300 ad
1213 5258 1317 5299 non
1342 5239 1687 5313 peccandum,
1711 5236 1844 5292 sicut
1869 5235 2124 5306 scriptum

605 5392 622 5424 ι
647 5389 796 5439 Editio
816 5394 970 5444 Suar.,
1006 5379 1633 5446 [imitantenttnndeeertem
1677 5368 1868 5430 Confer,
1892 5365 2033 5429 iam,
2065 5365 2126 5416 li-

542 5438 760 5502 brumde
783 5438 979 5498 Peccato
997 5438 1246 5502 originali,
1264 5453 1312 5488 ιι.
1336 5438 1414 5486 26.

697 5490 1103 5577 ἷιῦάίξῖιξῐῆῖὶέίιίδ
1128 5490 1319 5577 Aurelii:
1338 5490 2126 5577 carthaginensimepjsgcpgnl‘lftﬁ

546 5551 1200 5626 tunicas-{mihinamanui
1226 5562 1334 5622 M2,
1360 5569 1413 5612 ut
1448 5551 1738 5626 inifcjiigitur
1836 5551 2048 5626 cpistola
2065 5552 2123 5602 ad

540 5618 883 5688 I'Stiécéiiauio,
905 5643 1016 5688 qum
1038 5626 1161 5688 apud
1187 5618 1490 5688 Augustaest
1517 5618 1630 5678 1‘75,
1640 5618 1772 5688 nu.)
1794 5618 1922 5688 _et

602 5678 972 5754 iii'lﬁﬁd'tis,
997 5678 1217 5754 Peiggius
1233 5678 1439 5754 lir'eresis
1457 5687 1706 5754 accusatus
1727 5678 2017 5754 inljudicium
2043 5689 2126 5727 ve-

545 5741 1384 5815 ntitet-reﬂatumanVDioslﬂhn
1412 5758 1578 5794 mons”
1605 5741 1867 5792 decembri

1539 285 1628 340 DF.
1669 280 1907 338 GESTIS
1947 273 2235 336 PELAGII,
2278 272 2334 326 S.
2381 267 2740 324 AUGUSTI.“

3658 261 3766 314 530

2183 396 2281 442 est.
2308 386 2484 456 Legem
2504 387 2551 436 in
2576 385 2882 454 udjutorium
2904 383 3037 434 dedit
3064 383 3194 432 illis:
3225 377 3375 447 (Isui.
3404 393 3513 438 vttt,
3539 377 3630 438 ΞΟ,
3659 394 3763 430 sec.

2183 477 2325 534 LXX
2354 483 2392 548 ).
2444 476 2557 531 Non
2592 487 2764 530 tamen
2797 490 2860 529 ex
2901 474 2999 528 hoc
3045 472 3286 527 eatndcm
3315 471 3446 540 legis
3491 470 3766 524 scientiam

2185 571 2328 625 illam
2359 569 2445 623 Dei
2475 568 2695 638 gratiam
2723 581 2841 621 esse
2876 563 3304 634 approbaverunt
3330 565 3371 628 ‘,
3403 562 3470 616 de
3495 577 3596 632 qua
3629 563 3770 616 serio

2188 674 2334 733 ptum
2376 671 2488 725 est,
2523 659 2651 725 Quis
2681 675 2759 714 me
2797 657 3021 713 liberabit
3049 656 3113 710 de
3139 672 3348 724 corpore
3374 656 3546 708 mortis
3577 655 3772 727 hujus?

2190 754 2368 810 Gratia
2417 752 2512 807 Dei
2558 767 2647 821 per
2693 749 2870 804 Iesum
2921 746 3176 804 Christum
3229 747 3502 800 Dominum
3544 756 3776 800 nostrum

2195 847 2366 920 (Rom.
2413 859 2520 910 vu',
2572 846 2679 910 24,
2726 843 2844 916 25).
2899 841 3008 897 Nec
3060 841 3180 894 ideo
3227 839 3426 894 dixisse
3474 838 3776 908 Pelagium,

2199 959 2218 992 α
2245 939 2444 995 Omnes
2471 939 2744 991 vol-notate
2788 949 2882 989 sua
2926 933 3069 1003 regi,
3101 952 3120 985 ι
3172 941 3228 986 ut
3269 946 3376 986 non
3425 946 3519 986 eos
3569 940 3781 998 regeret

2195 1032 2337 1087 Deus
2361 1049 2375 1084 :
2409 1028 2682 1096 respondit
2707 1027 2871 1086 enim.
2910 1044 2930 1078 ι
2955 1024 3066 1078 lloc
3095 1038 3154 1078 se
3175 1022 3376 1077 dixisse
3407 1029 3621 1090 propter
3649 1019 3778 1075 libe-

2196 1137 2313 1176 rum
2343 1120 2620 1174 arbitrium
2641 1159 2657 1183 ,
2697 1115 2782 1172 cui
2826 1116 2961 1170 Deus
3005 1113 3217 1184 adjutor
3253 1120 3334 1167 est
3364 1111 3576 1182 cligenti
3605 1111 3784 1174 bona;

2201 1211 2468 1266 hominem
2500 1225 2628 1264 vero
2659 1216 2964 1278 peccantem
2996 1207 3167 1277 ipsum
3197 1218 3316 1259 esse
3341 1204 3391 1258 in
3421 1203 3598 1273 culpa,
3631 1202 3785 1273 quasi

2204 1302 2351 1357 liberi
2392 1300 2620 1354 arbitrii.
2669 1317 2689 1350 ι
2736 1298 3110 1367 Approbaruul
3163 1294 3359 1361 etiam,
3424 1312 3444 1346 ί
3492 1294 3688 1364 iniquis
3731 1301 3788 1348 et

2203 1395 2574 1468 peccatoribus
2606 1392 2659 1447 in
2690 1392 2777 1448 die
2812 1391 2995 1461 judieii
3027 1405 3130 1444 non
3159 1403 3277 1444 esse
3307 1388 3660 1458 parcendum,
3689 1387 3786 1443 sed

2203 1485 2415 1541 aeternis
2442 1500 2535 1540 eos
2573 1484 2782 1553 ignibus
2807 1481 3126 1553 puniendos.
3155 1497 3176 1533 s
3208 1479 3470 1546 Quoniam
3501 1497 3520 1530 ι
3550 1477 3652 1534 hoc
3673 1494 3733 1535 se
3760 1496 3784 1532 ι

2205 1577 2297 1632 ille
2346 1596 2366 1629 r
2395 1576 2688 1632 secundum
2743 1574 3088 1644 Evangelium
3139 1571 3376 1635 dixisse,
3406 1589 3428 1622 ι
3479 1568 3786 1642 respondit,

2212 1685 2232 1720 ‹
2258 1668 2345 1722 ubi
2377 1667 2633 1736 scriptum
2659 1674 2774 1732 est,
2805 1663 2902 1720 Isti
2937 1663 3078 1716 ibunt
3099 1663 3152 1716 in
3178 1661 3483 1732 supplicium
3510 1671 3796 1723 internatus,-

2206 1760 2326 1826 iusti
2351 1770 2538 1822 autem,
2570 1759 2620 1812 in
2642 1757 2793 1811 vitam
2817 1765 3059 1810 retentam
3088 1773 3107 1806 ι
3137 1752 3349 1826 (Matth.
3379 1769 3512 1819 xxv,
3535 1752 3650 1822 46).
3672 1751 3791 1806 Non

2207 1859 2384 1906 autem
2419 1852 2663 1916 dixerat,
2696 1862 2882 1902 omnes
2909 1856 3217 1915 peccatores
3242 1844 3307 1898 ad
3336 1854 3593 1899 :rtermun
3623 1844 3793 1914 pertio

2211 1957 2336 1996 nere
2365 1940 2714 2011 supplicium,
2743 1948 2801 1992 ut
2824 1938 3014 1993 merito
3043 1945 3226 1991 contra
3257 1936 3567 2004 Apostolnm
3592 1935 3798 1989 dixisse

2209 2033 2499 2097 videretur,
2535 2030 2624 2102 qui
2653 2029 3112 2100 quosdamsalvos
3137 2029 3212 2082 ait
3254 2026 3488 2091 futuros,
3530 2027 3602 2080 sic
3627 2036 3797 2079 tamen

2211 2125 2357 2194 quasi
2385 2141 2475 2196 per
2502 2125 2667 2194 ignem
2695 2121 2737 2196 (l
2767 2119 2886 2176 Cor.
2909 2135 2990 2186 m,
3015 2119 3126 2190 l5).
3165 2136 3185 2170 ‹
3215 2117 3452 2188 Regnum
3481 2117 3735 2172 caelorum
3773 2135 3796 2168 ι

2212 2216 2334 2271 ideo
2354 2215 2779 2286 approbaverunt
2800 2231 2818 2264 ι
2846 2211 3007 2267 etiam
3029 2210 3080 2264 in
3100 2209 3294 2264 Vetere
3314 2208 3655 2264 Testamento
3675 2223 3805 2263 esse

2213 2308 2556 2378 promissum.
2592 2325 2612 2358 ›
2641 2303 2889 2374 quoniam
2908 2302 3266 2358 testimonium
3289 2299 3519 2356 deditde
3531 2298 3802 2369 propheta

2213 2399 2465 2462 Daniele,
2500 2397 2585 2452 uni
2614 2397 2815 2451 dictum
2843 2404 2950 2462 est,
3005 2393 3069 2448 Et
3107 2393 3352 2465 accipient
3391 2392 3553 2446 sancti
3588 2408 3805 2462 regnum

2216 2490 2460 2546 Attissimi
2484 2489 2644 2561 (Dan.
2667 2505 2760 2556 vu,
2791 2485 2902 2560 18).
2930 2486 3041 2542 Hoc
3073 2487 3190 2541 loco
3218 2485 3380 2541 Vetus
3401 2484 3806 2539 Testamentum

2217 2583 2574 2653 intelligentes
2593 2581 2662 2635 ab
2686 2581 2777 2635 illo
2798 2579 3144 2650 appellatum,
3174 2593 3279 2631 non
3311 2575 3437 2630 illud
3461 2575 3633 2630 solum
3659 2576 3806 2645 quod

2217 2675 2411 2732 factum
2453 2683 2536 2730 est
2563 2673 2616 2728 in
2645 2683 2827 2729 monte
2851 2671 3007 2738 Sina;
3039 2673 3134 2728 sed
3170 2670 3472 2740 Scripturas
3499 2685 3686 2724 eomes
3715 2684 3809 2723 ca-

2218 2768 2436 2823 nonicas
2453 2776 2580 2823 ante
2598 2765 2884 2838 adventum
2906 2764 3112 2818 Domini
3135 2763 3456 2818 ministratas
3476 2763 3519 2816 ².
3548 2779 3565 2812 ι
3593 2761 3753 2817 Posse
3782 2781 3802 2813 ι

2217 2871 2394 2916 autem
2429 2877 2449 2912 ο
2478 2860 2751 2915 hominem
2794 2872 2915 2913 esse
2947 2857 3070 2920 sine
3111 2865 3347 2927 peccato,
3380 2854 3424 2908 si
3455 2855 3612 2918 velit,
3644 2872 3662 2906 ι
3696 2869 3809 2908 non

2219 2953 2297 3008 sic
2326 2952 2674 3024 approbatum
2705 2959 2806 3014 est,
2838 2947 3105 3019 quomodo
3129 2948 3196 3001 ab
3222 2947 3311 3002 illo
3341 2947 3394 3000 in
3421 2945 3557 3000 libro
3585 2960 3684 2999 suo
3714 2961 3809 3014 po.

2220 3045 2379 3100 situm
2408 3044 2707 3108 videbatur,
2728 3051 2982 3111 tanquam
3013 3040 3114 3095 hoc
3143 3039 3194 3093 in
3221 3039 3332 3093 sola
3373 3046 3632 3108 potestate
3661 3045 3812 3091 esset

2223 3133 2452 3190 hominis
2477 3149 2571 3203 per
2595 3133 2822 3188 liberum
2852 3130 3166 3196 arbitrium;
3200 3131 3300 3185 hoc
3329 3129 3524 3200 quippe
3546 3128 3813 3197 argueba-

2223 3237 2308 3281 tur
2333 3225 2565 3282 sensisse
2588 3222 2815 3278 dicendo
2833 3265 2848 3290 ,
2883 3241 2902 3274 ι
2930 3223 2976 3278 si
2997 3222 3156 3276 velit:
3189 3239 3208 3274 ι
3240 3219 3336 3276 sed
3375 3217 3644 3290 quomodo
3668 3234 3814 3274 nunc

2223 3317 2336 3388 ipse
2365 3315 2668 3387 respondit;
2703 3316 2811 3369 imo
2835 3311 3104 3384 quomodo
3149 3311 3200 3366 id
3231 3311 3445 3367 brevius
3484 3319 3538 3365 et
3575 3311 3815 3378 apertius

2218 3409 2425 3479 jndices
2440 3407 2671 3480 episcopi
2695 3421 2787 3460 sua
2808 3404 3214 3461 interlocutione
3229 3413 3811 3467 commemoraverunt,

2225 3498 2494 3554 hominem
2519 3512 2638 3552 cum
2665 3496 2926 3566 adjutorio
2955 3495 3050 3549 Dei
3079 3504 3132 3549 et
3161 3494 3328 3564 gratia
3365 3507 3522 3563 posse
3547 3507 3667 3546 esse
3695 3493 3814 3546 sine

2224 3600 2462 3663 peccato.
2492 3591 2599 3646 Nec
2629 3601 2802 3653 tamen
2830 3588 3103 3643 definitum
3130 3598 3232 3650 est,
3263 3585 3476 3656 quando
3500 3585 3654 3639 istam
3686 3601 3814 3654 per-

2226 3683 2508 3740 fectionem
2549 3681 2716 3736 επηοιὶ
2759 3679 3053 3736 assecutnri
3099 3686 3256 3743 sunt,
3305 3687 3479 3732 utrum
3509 3678 3561 3733 in
3587 3693 3816 3750 corpore

2226 3776 2414 3829 mortis
2440 3773 2617 3845 hujus,
2647 3787 2714 3826 an
2744 3771 2957 3843 quando
2985 3769 3359 3827 absorbebitnr
3385 3784 3530 3824 mors
3561 3768 3613 3822 in
3638 3769 3814 3823 victo-

2225 3865 2381 3920 riam.

2296 3956 2385 4012 65.
2413 3955 2486 4010 Ex
2531 3955 2594 4010 iis
2624 3955 2816 4020 etiam,
2855 3969 2973 4026 qua:
3002 3952 3309 4010 C(elestium
3337 3952 3536 4009 dixisse
3563 3953 3644 4008 vel
3671 3953 3812 4009 scri-

2229 4065 2418 4122 pstsse,
2458 4059 2706 4118 tanquam
2736 4047 2980 4119 dogmata
3011 4046 3257 4117 discipuli
3284 4046 3419 4116 ejus,
3451 4055 3574 4100 sunt
3602 4045 3815 4114 objecta

2229 4143 2480 4212 Pelagio;
2512 4157 2606 4196 sua
2635 4141 2876 4210 qumdam
2902 4149 2955 4194 et
2975 4139 3089 4210 ipse
3114 4142 3396 4209 cognovit,
3425 4138 3522 4193 sed
3548 4138 3700 4192 aliter
3728 4151 3814 4201 se,
3851 4127 3856 4129 ’

2227 4250 2386 4305 quam
2409 4233 2811 4304 objiciebantur,
2834 4233 3064 4287 sensisse
3083 4229 3376 4300 respondit.
3401 4228 3534 4283 Hinc
3555 4237 3638 4284 est
3658 4227 3811 4293 illud,

2235 4344 2252 4375 ι
2283 4325 2433 4393 Quod
2459 4334 2581 4380 ante
2600 4323 2880 4379 adventum
2905 4321 3105 4378 Christi
3122 4322 3372 4376 vixerunt
3384 4320 3602 4391 quidam
3628 4329 3817 4374 sancte

2228 4431 2291 4469 ac
2331 4415 2560 4490 justezy
2595 4415 2876 4470 leestius
2923 4423 3109 4468 autem
3147 4411 3348 4467 dixisse
3398 4411 3815 4490 perhibebatur,

2236 4525 2254 4558 ι
2283 4506 2423 4578 quod
2463 4481 2580 4563 sitie
2625 4515 2844 4576 peccato
2891 4505 3104 4560 fuerint.
3135 4523 3153 4557 ι
3207 4503 3336 4558 ltem
3381 4481 3652 4572 objectuin
3699 4511 3816 4566 est,

2229 4600 2430 4654 dixisse
2453 4597 2791 4663 leestium,
2845 4614 2865 4649 ι
2894 4596 3184 4652 Ecclesiam
3221 4609 3341 4650 esse
3378 4594 3495 4648 sine
3528 4592 3736 4647 macula
3763 4602 3822 4647 et

2231 4706 2380 4761 ruga.
2413 4708 2433 4742 ι
2467 4689 2708 4759 Pelagius
2733 4697 2908 4743 autem
2934 4688 3086 4754 dixit,
3121 4705 3141 4740 ι
3170 4687 3369 4741 dictum
3399 4701 3428 4742 a
3465 4699 3526 4740 se
3562 4683 3820 4754 quidem,

2231 4782 2323 4836 sed
2349 4782 2438 4842 ita,
2467 4781 2717 4849 quoniam
2743 4780 2956 4834 lavacro
2981 4779 3048 4834 ab
3074 4779 3217 4843 tunni
3241 4776 3444 4831 macula
3469 4785 3519 4829 et
3541 4790 3668 4844 ruga
3695 4789 3823 4844 pur-

2231 4882 2386 4942 gatur
2414 4872 2670 4933 Ecclesia,
2693 4886 2849 4941 quam
2885 4869 3014 4924 velit
3055 4868 3311 4924 Dominus
3333 4869 3400 4920 ita
3428 4878 3767 4937 permanere.
3798 4883 3820 4917 ο

2235 4963 2361 5017 Item
2400 4961 2525 5017 illud
2553 4961 2752 5015 dictmn
2791 4976 2820 5013 a
2859 4959 3134 5024 leeslio,
3171 4976 3190 5009 ι
3221 4957 3479 5024 Quoniam
3509 4955 3626 5024 plus
3656 4953 3823 5006 facia-

2234 5070 2373 5116 mus,
2403 5069 2561 5125 quam
2589 5054 2640 5110 in
2668 5054 2809 5124 Lege
2836 5061 2891 5108 et
2920 5049 3212 5120 Evangelio
3235 5049 3444 5118 jussum
3483 5055 3584 5102 est.
3615 5063 3636 5098 ι
3667 5044 3823 5100 Peis-

2231 5149 2349 5220 gins
2391 5158 2567 5202 autem
2614 5166 2634 5200 ι
2663 5147 2730 5204 de
2763 5146 3068 5215 virginitate
3113 5159 3172 5198 se
3215 5143 3414 5197 dixisse
3443 5159 3462 5192 ι
3511 5135 3825 5205 respondit,

2240 5259 2260 5292 α
2287 5242 2352 5296 de
2377 5255 2479 5311 qua
2505 5240 2697 5296 Paulus
2712 5239 2861 5305 dicit,
2885 5237 3201 5309 Prcceptum
3226 5233 3432 5289 Domini
3460 5249 3560 5286 non
3580 5229 3825 5298 habeas“

2233 5334 2352 5391 Cor.
2382 5352 2486 5402 vn,
2525 5334 2654 5406 ‘25).
2701 5331 2832 5390 Item
2877 5331 3142 5402 objeetum
3182 5338 3292 5392 est,
3342 5325 3611 5382 afﬁrmare
3648 5319 3829 5378 Coale-

2234 5433 2418 5496 stium,
2449 5447 2467 5480 α
2495 5429 2937 5498 Unumquemque
2954 5423 3222 5479 hominem
3248 5417 3621 5492 posselsabero
3633 5428 3828 5469 omnes

2299 5614 2313 5643 ¹
2355 5619 2485 5660 Suar.
2515 5618 2569 5660 et
2587 5607 2890 5659 colhertinus
2910 5613 3014 5660 Ms,
3027 5600 3389 5667 judicent-unt.
3626 5653 3639 5667 .
3675 5653 3689 5663 .

2297 5673 2318 5704 ο
2357 5659 2501 5733 rdiu,
2527 5659 2902 5720 «unanimam.
2955 5659 3011 5716 st
3027 5659 3364 5714 'mlbertinus
3409 5667 3488 5711 us.
3509 5691 3525 5719 ,
3570 5659 3817 5706 mintho

2233 5742 2324 5785 tas.
