4032 6178
228 361 331 422 35⁸1

222 487 456 541 virtutes
483 495 537 542 et
562 485 762 556 gratias
780 526 796 552 ,
827 502 847 539 ›
882 499 944 540 ac
969 486 1048 539 sic
1081 482 1278 538 auferri
1304 481 1675 538 diversitatem
1703 499 1822 553 gra-

227 579 463 645 tiarum,
504 591 665 646 quam
696 575 983 647 Apostolus
1021 572 1197 630 docet.
1238 571 1482 643 Pelagius
1522 581 1700 628 autem
1744 587 1828 628 re-

223 667 469 735 spondit,
504 684 526 720 ι
550 665 666 723 Non
687 680 747 722 se
764 663 977 721 auferre
996 666 1285 736 gratiarum
1307 662 1706 726 diversitatem;
1730 661 1825 719 sed

234 759 447 823 licere,
475 757 679 814 donare
716 757 881 813 Deum
909 755 959 810 ei
978 796 994 822 ,
1033 755 1124 827 qui
1156 755 1315 811 fuerit
1338 755 1528 827 dignus
1547 754 1824 826 accipere,

225 866 421 905 omnes
447 849 668 921 gratias,
694 850 832 904 sicut
854 847 1021 909 Paulo
1050 847 1293 918 apostolo
1317 847 1555 903 donavit.
1586 866 1606 900 ι

297 943 391 1000 δι.
425 942 535 998 llas
558 958 624 996 ex
643 942 862 998 nomine
887 939 1122 997 leestii
1146 951 1371 1011 quatuor
1392 940 1686 996 sententias
1713 955 1822 995 non

229 1034 308 1089 sic
338 1033 771 1106 approbaverunt
806 1031 1045 1101 episcopi
1082 1030 1323 1100 judices,
1354 1030 1494 1085 sicut
1522 1045 1617 1086 eas
1651 1028 1825 1085 Cale-

228 1126 367 1182 Stius
405 1126 641 1181 sensisse
666 1122 1104 1181 dicebaturzsed
1143 1124 1280 1179 sicut
1311 1122 1380 1178 de
1418 1123 1502 1178 his
1548 1123 1826 1194 respondit

230 1218 501 1289 Pelagius.
532 1218 789 1275 Viderunt
811 1218 952 1273 enim
980 1219 1021 1285 ⁸,
1048 1217 1191 1289 quod
1215 1215 1359 1287 aliud
1380 1216 1447 1271 sit
1468 1219 1583 1272 sine
1607 1224 1824 1286 peccato

231 1326 356 1367 esse
376 1352 393 1376 ,
422 1310 569 1366 aliud
612 1320 797 1366 sancte
824 1320 876 1363 et
901 1309 1043 1381 juste
1078 1310 1291 1375 vivere,
1335 1310 1472 1364 sicut
1510 1309 1670 1364 etiam
1701 1320 1826 1365 ante

227 1403 522 1458 adventum
551 1399 748 1457 Christi
773 1400 1031 1473 quosdam
1057 1402 1252 1457 vixisse
1273 1401 1545 1471 Scriptura
1578 1409 1819 1457 testatur.

229 1490 300 1550 Et
325 1493 567 1566 quamvis
595 1508 701 1549 non
731 1493 801 1548 sit
828 1492 916 1546 hic
943 1492 1180 1548 Ecclesia
1213 1494 1329 1548 sine
1358 1493 1559 1547 macula
1585 1499 1639 1546 et
1664 1506 1822 1564 ruga;

226 1597 412 1641 tamen
440 1600 558 1642 eam
584 1595 638 1639 et
662 1585 877 1640 lavacro
909 1583 1328 1655 regenerationis
1354 1584 1417 1637 ab
1445 1586 1589 1637 omni
1618 1586 1823 1637 macula

222 1691 469 1747 rugaque
507 1663 754 1747 purgari,
800 1684 855 1741 et
887 1691 1004 1731 eam
1035 1675 1103 1729 ita
1133 1675 1271 1729 velle
1302 1676 1579 1728 Dominum
1620 1678 1826 1743 perma-

225 1782 409 1822 nere:
441 1780 562 1819 nam
600 1774 656 1821 et
704 1766 773 1820 ita
805 1765 1166 1835 permanebit,
1209 1764 1330 1834 quia
1376 1766 1494 1819 sine
1541 1764 1742 1818 macula
1772 1774 1826 1817 et

225 1872 363 1928 ruga
413 1857 593 1927 utique
636 1856 690 1910 in
735 1864 931 1911 a-tcrna
978 1853 1232 1910 felicitate
1276 1854 1532 1924 regnabit.
1577 1855 1638 1909 Et
1681 1854 1822 1925 quod

227 1957 489 2019 perpetua
511 1948 805 2020 virginitas,
830 1965 949 2018 quze
977 1958 1241 2018 pr:ccepta
1264 1964 1371 2002 non
1391 1957 1494 2012 est,
1519 1946 1635 2001 sine
1662 1946 1826 2002 dubio

231 2041 356 2110 plus
378 2042 473 2106 sit,
489 2056 654 2111 quam
674 2040 973 2109 coniugalis
998 2040 1267 2110 pudicitia,
1289 2055 1408 2109 qure
1429 2049 1690 2109 praecepta
1708 2050 1820 2103 est;

184 2124 195 2136 ’
228 2134 479 2205 quamvis
509 2133 560 2187 in
600 2132 780 2187 multis
807 2132 1084 2203 virginitas
1122 2140 1461 2203 perseveret,
1512 2132 1600 2201 qui
1646 2139 1825 2186 tamen

232 2241 342 2280 non
374 2231 502 2278 sunt
528 2224 644 2278 sine
682 2230 922 2293 peccato.
956 2221 1025 2276 Et
1062 2221 1202 2292 quod
1245 2235 1337 2275 eas
1378 2235 1568 2281 omnes
1593 2221 1820 2291 gratias,

229 2332 369 2387 quas
389 2317 504 2371 loco
526 2332 633 2371 uno
656 2326 1061 2378 commemorat,
1088 2314 1268 2367 habuit
1293 2313 1565 2382 apostolus
1590 2313 1781 2368 Paulus
1806 2329 1821 2368 :

232 2427 368 2479 quas
400 2422 574 2464 tamen
603 2425 686 2463 eut
708 2425 724 2462 ι
750 2409 967 2479 dignum
999 2409 1161 2461 fuisse
1187 2408 1449 2477 accipere.
1482 2419 1573 2462 aut
1603 2425 1706 2463 non
1734 2424 1822 2464 se-

230 2498 470 2555 cundum
502 2499 722 2565 merita,
753 2497 846 2554 sed
875 2498 1052 2570 potius
1077 2498 1370 2555 sectmdum
1399 2499 1824 2568 przedestinatio-

233 2608 357 2648 nem
403 2592 583 2661 aliquo
621 2590 782 2645 modo
828 2590 1122 2660 intelligere
1167 2599 1482 2659 potuerunt;
1528 2590 1644 2660 ipse
1681 2591 1822 2645 enim

235 2683 399 2748 ω,
444 2681 570 2736 Non
593 2697 707 2736 sum
732 2681 914 2751 dignus
933 2722 950 2747 ,
984 2681 1089 2746 vel,
1118 2698 1215 2735 non
1246 2699 1359 2736 sum
1403 2682 1621 2738 idoneus
1657 2683 1825 2737 vocari

233 2772 553 2845 apostolus“
582 2771 701 2827 Cor.
738 2787 835 2837 xv,
864 2771 921 2843 9)
953 2789 966 2825 :
997 2781 1092 2826 aut
1119 2788 1302 2826 eorum
1323 2772 1669 2827 intentionem
1691 2772 1823 2827 sub-

235 2862 455 2933 terfugit
481 2863 733 2928 verbum,
779 2862 919 2932 quod
953 2862 1192 2932 Pelagius
1233 2861 1685 2933 quemadmodum
1731 2878 1820 2932 po-

234 2957 425 3023 suerit,
454 2956 569 3025 ipse
596 2955 808 3010 viderit.
852 2955 978 3010 Haec
1001 2966 1125 3009 sunt
1151 2956 1202 3009 in
1238 2956 1430 3026 quibus
1455 2956 1685 3025 episcopi
1716 2955 1821 3011 Pc-

238 3050 430 3120 lagium
461 3048 938 3119 pronuntiaverunt
968 3047 1068 3118 piis
1093 3048 1396 3103 consentire
1423 3047 1706 3106 doctrinis.

303 3139 392 3196 65.
425 3139 576 3195 Nunc
603 3140 853 3195 similiter
892 3139 1291 3210 recapitulamlo
1321 3141 1407 3196 illa
1451 3141 1610 3210 paulo
1645 3152 1825 3197 atten-

235 3233 344 3287 tius
364 3230 665 3294 videamus,
688 3246 808 3301 qua:
834 3230 982 3285 illum
1012 3232 1277 3285 contraria
1304 3233 1595 3301 reprobare
1618 3243 1672 3289 et
1695 3249 1824 3289 aua-

237 3322 583 3377 thematizare
609 3321 881 3376 dixerunt.
917 3321 970 3376 lu
1002 3321 1105 3377 hoc
1134 3323 1156 3355 '
1185 3320 1328 3378 enim
1369 3324 1542 3394 potius
1573 3332 1678 3379 tota
1710 3324 1821 3383 lun-

232 3415 368 3470 resis
404 3413 505 3469 ista
535 3414 803 3469 consistit.
830 3414 1084 3484 Exceptis
1107 3429 1235 3485 ergo
1256 3414 1381 3482 illis,
1411 3432 1529 3485 qum
1557 3416 1608 3470 in
1636 3417 1822 3471 adula-

234 3510 379 3563 tione
404 3509 590 3564 nescio
621 3508 773 3578 cujus
800 3506 973 3562 vidua:
998 3508 1048 3562 in
1072 3507 1222 3563 libris
1245 3509 1357 3564 suis
1384 3509 1623 3579 posuisse
1649 3509 1823 3566 dictus

233 3612 345 3665 est,
373 3617 495 3672 qua:
525 3600 615 3656 ille
646 3618 666 3653 ι
693 3615 865 3670 neque
893 3600 945 3654 in
987 3599 1135 3655 libris
1173 3601 1286 3656 suis
1310 3615 1461 3666 esse,
1494 3617 1667 3673 neque
1697 3601 1825 3660 talia

236 3708 465 3763 unquam
493 3705 554 3745 se
580 3690 778 3746 dixisse
802 3708 821 3743 ι
855 3690 1157 3761 respondit;
1196 3709 1217 3742 ο
1239 3699 1293 3747 et
1321 3706 1414 3747 eos
1439 3690 1528 3763 qui
1574 3693 1695 3747 talia
1732 3708 1823 3749 sa-

234 3790 424 3851 perent
446 3824 463 3845 ,
496 3797 603 3836 non
634 3789 883 3852 tanquam
921 3780 1204 3837 haereticos
1226 3822 1244 3846 ,
1288 3782 1384 3837 sed
1414 3792 1663 3854 tauquam
1691 3783 1824 3839 stul-

237 3885 319 3928 tos
342 3872 841 3928 anathematizavit:
872 3890 890 3923 ι
925 3869 1041 3928 lure
1068 3878 1196 3927 sunt
1216 3873 1411 3944 quibus
1434 3873 1656 3930 haeresis
1682 3874 1823 3933 illius

238 3967 447 4019 dumeta
477 3963 718 4035 quotidie
748 3962 1042 4034 pullulare,
1086 3964 1196 4018 imo
1219 3964 1328 4034 jam
1360 3965 1643 4023 silvescere
1670 3966 1823 4022 dole-

238 4058 440 4111 hamus.
478 4073 497 4106 ι
527 4054 697 4109 Adam
724 4055 1003 4111 mortalem
1032 4053 1227 4110 factum
1251 4097 1266 4123 ,
1296 4055 1386 4126 qui
1415 4056 1532 4112 sive
1558 4066 1820 4126 peccaret,

236 4148 348 4202 sive
380 4163 488 4201 non
522 4155 794 4215 peccaret,
826 4146 1121 4200 moriturus
1157 4155 1320 4202 esset.
1357 4146 1509 4216 Quod
1548 4158 1820 4217 peccatum

239 4238 363 4291 Atla:
390 4236 564 4305 ipsum
610 4236 780 4291 solum
810 4235 1033 4302 lwserit,
1075 4245 1130 4292 et
1165 4250 1270 4291 non
1312 4253 1479 4308 genus
1508 4229 1819 4295 humanum.

235 4329 384 4397 Quod
426 4329 537 4385 Lex
569 4329 648 4385 sic
690 4329 862 4384 mittat
896 4329 961 4384 ad
999 4344 1256 4399 regnum,
1298 4329 1743 4402 quemadmodum
1771 4341 1825 4388 et

241 4420 608 4491 Evangelium.
632 4420 802 4487 Quod
848 4418 1078 4477 infantes
1122 4437 1289 4491 nuper
1323 4422 1433 4476 nati
1473 4422 1523 4477 in
1566 4422 1656 4477 illo
1686 4432 1823 4479 statu

240 4512 375 4581 sint,
405 4512 460 4565 in
496 4528 603 4582 quo
628 4512 798 4567 Adam
841 4511 938 4567 fuit
974 4521 1097 4568 aute
1133 4514 1640 4583 prmvaricationem.
1670 4517 1823 4584 Quod

242 4616 411 4671 neque
458 4616 555 4670 per
595 4609 819 4656 mortem
859 4602 942 4656 vel
984 4603 1477 4673 przevarieationem
1508 4605 1637 4660 Adae
1666 4621 1826 4662 omne

240 4705 407 4769 genus
436 4692 714 4747 hominum
750 4694 1029 4758 moriatur,
1059 4709 1232 4765 neque
1261 4709 1357 4764 per
1381 4699 1824 4753 resurrectionem

239 4784 435 4840 Christi
478 4799 638 4839 omne
675 4800 846 4854 genus
877 4786 1150 4841 hominum
1181 4799 1443 4858 resurgat.
1477 4788 1628 4858 Quod
1659 4791 1827 4846 infan-

241 4887 350 4942 tes,
388 4875 491 4929 etsi
535 4890 641 4929 non
681 4875 1037 4948 baptizentnr,
1082 4877 1309 4932 habeant
1351 4878 1511 4933 vitam
1548 4891 1823 4937 aeternam.

243 4965 392 5035 Quod
416 4967 614 5023 divites
638 4966 910 5038 baptizati,
943 4968 1042 5023 nisi
1070 4968 1315 5023 omnibus
1339 4970 1749 5038 abrenuntient,
1781 4974 1825 5028 si

234 5056 363 5128 quid
388 5055 519 5114 boni
554 5056 655 5113 visi
692 5055 889 5113 fuerint
919 5056 1130 5123 facere,
1164 5074 1269 5113 non
1296 5059 1374 5115 eis
1401 5071 1696 5128 repntemr,
1730 5077 1825 5117 ne-

241 5162 344 5217 que
371 5163 599 5220 regnum
630 5148 723 5204 Dei
765 5148 971 5219 possint
1005 5148 1224 5205 habere.
1252 5150 1404 5218 Quod
1445 5153 1611 5222 gratia
1640 5153 1735 5208 Dei
1774 5164 1829 5209 et

239 5237 564 5308 adjutorium
606 5252 714 5293 non
758 5238 827 5294 ad
867 5239 1105 5310 singulos
1127 5250 1282 5296 actus
1309 5240 1499 5308 detur;
1544 5243 1639 5299 sed
1668 5260 1723 5298 tn
1761 5244 1827 5298 li-

239 5329 373 5385 bero
398 5328 623 5385 arbitrio
651 5316 742 5391 sit.
772 5341 826 5385 et
854 5331 905 5383 in
930 5330 1049 5401 lege
1075 5341 1235 5403 atque
1262 5332 1522 5389 doctrina.
1551 5334 1704 5403 Quod
1733 5336 1831 5392 Dei

237 5419 409 5491 gratia
437 5420 737 5476 secundum
781 5422 968 5478 merita
1013 5431 1193 5479 nostra
1234 5421 1421 5489 detur;
1454 5434 1510 5480 et
1545 5434 1827 5497 propterea

237 5516 354 5584 ipsa
373 5514 544 5587 gratia
571 5513 628 5571 in
646 5513 881 5570 hominis
900 5515 970 5570 sit
995 5516 1165 5586 posita
1185 5516 1478 5585 voluntate,
1501 5519 1615 5575 sive
1639 5518 1832 5591 dignus

236 5602 400 5672 Μ’,
425 5605 540 5662 sive
572 5605 838 5677 indiguus.
883 5606 1035 5675 Quod
1079 5606 1172 5663 lilii
1207 5607 1301 5664 Dei
1347 5621 1453 5665 non
1491 5611 1695 5679 possint
1734 5626 1827 5665 vo-

303 5717 324 5751 ⁸
347 5721 418 5767 tta
435 5715 572 5769 Con).
596 5723 680 5770 Its.
696 5725 754 5771 Αι
777 5718 913 5777 editi.
939 5716 1144 5772 videtin.

301 5779 507 5838 ἰνα-ιε,
530 5778 582 5831 in
603 5778 697 5833 his.

304 5836 723 5900 ’νωισιικσξι

1651 352 1851 422 LmEu
1886 367 2081 422 usLs.

3416 383 3516 440 358

1932 483 2081 549 cari,
2140 484 2237 538 nisi
2292 486 2508 540 omnino
2564 485 2767 561 absque
2816 501 3032 561 peccato
3079 492 3274 550 fuerint
3319 498 3516 552 edet-ti.

1933 574 2083 642 Quod
2130 575 2331 631 oblivio
2372 588 2427 633 et
2470 580 2763 650 ignorantia
2820 598 2925 640 non
2971 586 3281 656 subjaceant
3327 602 3516 659 pecca-

1935 675 2018 732 to;
2057 668 2304 738 quoniam
2346 685 2452 725 non
2505 673 2752 729 eveniant
2804 675 3096 732 secundum
3141 678 3466 735 voluntatem
3500 721 3516 746 ,

1930 756 2025 813 sed
2081 759 2373 816 secundum
2426 765 2814 821 necessitatem.
2872 767 3026 836 Quod
3079 785 3186 826 non
3244 769 3315 826 sit
3371 771 3512 827 hbe-

1931 863 2051 905 rum
2094 840 2405 922 arbitrium,
2459 855 2505 910 si
2555 856 2790 928 indigeat
2840 860 3040 915 auxilio
3087 863 3218 929 Dei;
3263 865 3519 935 quoniam

1928 942 2198 1012 propriam
2224 944 2551 1001 voluntatem
2589 946 2784 1022 habjat
2819 950 3183 1022 unusquisque
3209 963 3301 1009 aut
3339 953 3515 1012 facere

1928 1032 2160 1103 aliquid,
2188 1045 2281 1089 aut
2307 1052 2415 1092 non
2457 1037 2649 1093 facere.
2678 1038 2830 1107 Quod
2865 1040 3082 1096 victoria
3112 1054 3294 1098 nostra
3324 1059 3388 1099 ex
3422 1046 3515 1101 Dei

1930 1139 2039 1179 non
2063 1124 2133 1181 sit
2157 1125 2441 1196 adjutorio,
2466 1127 2559 1183 sed
2582 1145 2646 1184 ex
2675 1130 2843 1187 libero
2863 1131 3104 1186 arbitrio.
3131 1132 3285 1199 Quod
3311 1150 3377 1189 ex
3403 1137 3514 1198 illo.

1929 1212 2074 1285 quod
2111 1214 2187 1270 ait
2228 1216 2448 1283 Petrus,
2476 1217 2672 1272 divina:
2702 1234 2799 1273 nos
2828 1234 2946 1274 esse
2974 1232 3257 1277 consortes
3282 1234 3515 1289 naturai.

1927 1320 2262 1377 consequens
2291 1308 2360 1363 sit
2394 1318 2451 1363 ut
2473 1307 2545 1364 ita
2574 1312 2746 1380 possit
2780 1327 2900 1367 esse
2926 1314 3101 1367 anima
3133 1315 3250 1370 sine
3278 1326 3516 1386 peccato,

1929 1397 2377 1467 quemadmodum
2412 1400 2568 1455 Deus.
2599 1419 2620 1453 ι
2652 1401 2764 1457 Hoc
2792 1402 2935 1457 enim
2977 1404 3027 1458 in
3061 1404 3340 1462 undecimo
3366 1408 3517 1477 capi-

1930 1486 2043 1541 tulo
2068 1485 2225 1553 libri,
2254 1503 2359 1543 non
2389 1489 2603 1560 quidem
2634 1492 2877 1547 habentis
2901 1495 3133 1551 auctoris
3162 1496 3243 1550 sui
3273 1498 3480 1552 titulum
3500 1539 3516 1563 ,

1930 1579 2022 1634 sed
2050 1581 2138 1651 qui
2171 1580 2483 1651 perhibetur
2508 1598 2628 1639 esse
2649 1580 2887 1641 Ctelestii
2910 1627 2926 1651 ,
2960 1585 3041 1641 his
3067 1587 3246 1643 verbis
3288 1589 3517 1655 po~itum

1931 1665 2044 1737 ipse
2072 1668 2172 1739 legi
2199 1687 2213 1722 :
2249 1688 2270 1721 ι
2301 1669 2582 1737 Quomodo
2606 1674 2894 1744 quispiam,
2926 1695 2946 1728 ιι
2980 1676 3183 1747 inquit,
3219 1696 3241 1730 σ
3269 1679 3410 1733 illius
3441 1680 3515 1735 rei

1930 1759 2259 1814 consortium
2283 1761 2553 1831 suscepit,
2582 1778 2612 1816 a
2636 1764 2795 1834 cujus
2817 1771 2958 1820 statu
2982 1775 3038 1822 et
3062 1767 3256 1822 virtute
3276 1784 3396 1823 esse
3424 1784 3519 1824 ex-

1932 1858 2146 1905 traneus
2168 1849 2458 1907 delinitur?
2484 1871 2513 1907 »
2534 1852 2661 1910 Ideo
2692 1857 2882 1911 fratres
2905 1858 2995 1928 qui
3033 1857 3149 1914 haec
3174 1858 3516 1931 objecerunt,

1930 1940 2007 1996 sic
2027 1955 2150 1996 eum
2178 1941 2581 2011 intellexerunt,
2621 1955 2871 2018 tanquam
2899 1947 3139 2018 ejusdem
3176 1958 3377 2006 natura:
3400 1950 3518 2007 aui-

1930 2048 2077 2087 mam
2108 2040 2169 2093 et
2202 2035 2367 2092 Deum
2388 2079 2405 2103 ,
2435 2045 2490 2094 et
2530 2051 2733 2109 partem
2776 2041 2867 2095 Dei
2898 2040 3095 2099 dixerit
3132 2034 3364 2099 animam
3394 2063 3408 2101 :
3437 2047 3516 2101 sic

1930 2125 2076 2179 enim
2107 2137 2463 2197 acceperunt,
2496 2128 2637 2200 quod
2663 2131 2906 2200 ejusdem
2936 2136 3287 2205 status'atque
3308 2136 3517 2192 virtutis

1928 2234 2047 2275 eam
2077 2235 2198 2276 esse
2225 2236 2345 2276 eum
2378 2221 2487 2278 Deo
2512 2224 2762 2279 senserit.
2798 2222 2857 2281 ln
2883 2236 3126 2282 extremo
3159 2237 3335 2282 autem
3362 2229 3515 2298 obje-

1929 2322 2136 2367 etorum
2173 2312 2400 2381 positum
2432 2322 2553 2369 est:
2586 2331 2607 2366 ς
2632 2313 2787 2385 Quod
2825 2317 3206 2386 pauitantibus
3233 2319 3381 2373 venia
3409 2335 3519 2374 non

1929 2402 2087 2457 detur
2111 2403 2402 2457 secundum
2448 2405 2677 2474 gratiam
2705 2416 2758 2461 et
2798 2407 3219 2463 misericordiam
3261 2407 3392 2477 Dei,
3421 2411 3515 2465 sed

1930 2492 2223 2549 secundum
2252 2504 2500 2549 meritum
2527 2505 2583 2549 et
2609 2494 2848 2551 laborem
2872 2513 3081 2563 eorum,
3113 2515 3200 2569 qut
3225 2514 3321 2569 per
3350 2501 3521 2569 pani-

1932 2585 2155 2641 tentiam
2183 2585 2327 2657 digni
2354 2586 2551 2642 fuerint
2589 2588 2977 2644 misericordia.
3010 2610 3030 2643 ι
3058 2587 3185 2647 Haec
3224 2593 3434 2660 omnia,
3465 2603 3520 2649 et

1931 2675 1976 2730 si
2003 2693 2119 2747 qnze
2147 2678 2639 2747 argumentationes
2679 2678 2745 2734 ad
2786 2695 2849 2735 ea
2886 2681 3252 2737 conﬁrmanda
3284 2686 3521 2753 interpo-

1930 2767 2046 2821 sita:
2069 2776 2220 2832 sunt,
2248 2783 2341 2821 sua
2374 2779 2653 2837 negantem
2672 2811 2687 2835 ,
2715 2780 2769 2825 et
2794 2773 3335 2829 anatltezuatizantem
3361 2774 3515 2830 Pelu-

1930 2859 2073 2929 gium
2112 2858 2320 2929 judices
2359 2861 2791 2929 approbaverttnt
2822 2880 2836 2918 :
2883 2873 2939 2919 et
2978 2864 3099 2919 ideo
3136 2869 3517 2936 pronuntiave-

1930 2959 2076 3013 runt,
2102 2965 2222 3003 eum
2252 2951 2520 3027 contraria
2550 2953 2926 3007 ecclesiastica:
2952 2953 3072 3009 fidei
3105 2957 3438 3026 reprobando
3461 2967 3518 3015 et

1929 3040 2450 3107 anathematizando,
2477 3043 2782 3098 danmasse.
2812 3046 2890 3100 Ac
2924 3061 3019 3115 per
3058 3047 3159 3102 hoc
3186 3051 3520 3118 quomodoli-

1930 3131 2019 3186 bet
2052 3147 2114 3187 ea
2139 3132 2420 3187 leeStius
2450 3135 2689 3202 posuerit
2712 3145 2804 3189 aut
2826 3152 2929 3190 non
2961 3139 3231 3207 posuerit,
3260 3140 3341 3196 vel
3369 3139 3521 3198 Pela-

1928 3223 2044 3293 gius
2073 3223 2305 3278 senserit
2327 3232 2420 3277 aut
2457 3238 2566 3277 non
2591 3230 2854 3288 senserit,
2884 3234 3026 3281 tanta
3054 3230 3190 3284 mala
3231 3239 3338 3285 tam
3368 3248 3519 3289 novat

1929 3312 2087 3384 hujus
2149 3313 2370 3370 ha‘resis
2434 3315 2525 3370 illo
2590 3317 2955 3376 ecclesiastico
3006 3321 3211 3392 judicio
3268 3323 3517 3381 danmata

1928 3406 2284 3475 gaudeamus,
2331 3415 2385 3462 et
2428 3407 2540 3462 Deo
2575 3409 2774 3480 gratias
2812 3426 3065 3481 agamus,
3105 3415 3397 3487 laudesque
3434 3416 3519 3472 di-

1928 3513 2132 3553 camus.

1998 3589 2089 3645 66.
2122 3589 2195 3645 De
2222 3588 2306 3644 his
2331 3602 2504 3646 autem
2535 3606 2654 3658 quze
2696 3601 2816 3664 post
2850 3592 2953 3648 hoe
2974 3594 3232 3664 judicium
3259 3597 3329 3653 ibi
3355 3613 3387 3653 a
3414 3614 3516 3656 ne-

1928 3681 2039 3736 scio
2082 3696 2189 3753 quo
2225 3698 2396 3737 cuneo
2421 3683 2745 3752 perditorum
2770 3724 2785 3746 ,
2813 3685 2902 3755 qui
2932 3686 3085 3742 valde
3113 3688 3165 3742 in
3207 3703 3517 3759 perversum

1934 3771 2283 3843 perhibentur
2325 3771 2538 3843 Pelagio
2594 3773 2908 3843 Sull'mgari,
2959 3777 3247 3832 incredibili
3296 3780 3518 3836 audacia

1935 3875 2236 3937 perpetrata
2268 3866 2538 3933 dicuntur,
2562 3876 2617 3920 ut
2649 3866 2741 3922 Dei
2767 3868 2905 3922 servi
2930 3879 2988 3924 et
3010 3870 3213 3925 anetllzr.
3238 3870 3307 3925 ad
3334 3864 3517 3928 curaui

1932 3959 2101 4014 sancti
2136 3958 2443 4030 llieronymi
2474 3957 2770 4029 presbyteri
2798 3961 3142 4028 pertinentes,
3171 3961 3518 4016 sceleratissi-

1929 4064 2014 4104 ma
2055 4049 2202 4104 caule
2237 4048 2596 4111 afﬁcerentur,
2624 4049 2880 4106 diaconus
2906 4053 3258 4114 occideretur,
3290 4053 3514 4110 :rdilicia

1932 4141 2374 4195 mena-teriorum
2404 4139 2835 4204 ince‘mlereuutr,
2866 4140 2949 4195 vix
2981 4141 3149 4209 ipsum
3180 4142 3248 4195 ab
3275 4144 3374 4198 hoc
3414 4144 3517 4199 im-

1931 4242 2056 4302 petu
2087 4243 2245 4301 atque
2277 4232 2488 4285 incursu
2519 4232 2797 4299 impiorum
2828 4233 2875 4284 in
2905 4231 2993 4285 Dei
3022 4233 3381 4289 misericordia
3409 4245 3520 4290 tur-

1929 4322 2004 4379 ris
2032 4322 2284 4378 munitior
2311 4332 2549 4377 tueretur
2575 4324 2651 4391 (η)
2678 4339 2691 4384 ;
2724 4323 3004 4378 tacendum
3034 4325 3187 4378 nobis
3233 4328 3408 4394 potius
3434 4327 3516 4382 vi-

1929 4413 2049 4478 deo,
2078 4423 2131 4467 et
2158 4413 2569 4481 chpectaudum
2591 4412 2715 4483 quid
2744 4413 2849 4468 illic
2874 4413 3063 4469 fratres
3086 4415 3250 4469 nostri
3282 4416 3521 4485 episcOpi

1930 4509 1998 4565 de
2028 4508 2110 4564 his
2141 4508 2295 4561 tantis
2318 4506 2473 4560 malis
2499 4505 2759 4576 agendum
2792 4506 3117 4571 existiment,
3156 4523 3186 4561 a
3213 4507 3402 4578 quibus
3424 4524 3524 4565 eos

1929 4599 2264 4654 dissimulare
2294 4612 2470 4666 posse,
2494 4597 2612 4666 quis
2631 4596 2851 4652 credat?
2873 4597 3032 4666 Impia
3059 4599 3254 4669 quippe
3273 4599 3519 4671 dogmata

1931 4688 2292 4760 hujuscemodi
2318 4688 2611 4755 hominum,
2633 4704 2661 4740 a
2683 4688 3004 4759 quibuslibet
3024 4687 3330 4752 Catholicis,
3354 4690 3515 4745 etiam

1931 4783 2019 4852 qui
2047 4782 2114 4835 ab
2139 4782 2239 4836 illis
2267 4782 2421 4837 terris
2445 4782 2599 4852 longe
2624 4782 2837 4848 absunt,
2868 4781 3229 4851 redarguenda
3258 4792 3414 4847 sunt;
3448 4797 3521 4838 ne

1933 4873 2248 4943 ubicumque
2278 4888 2470 4928 nocere
2502 4873 2732 4943 possint,
2764 4887 2872 4943 quo
2893 4872 3179 4943 pervenire
3207 4872 3476 4940 potuerint
3497 4890 3517 4924 :

1933 4963 2091 5036 impia
2146 4978 2273 5021 vero
2334 4964 2508 5032 theta,
2574 4979 2800 5034 quorum
2874 4962 3128 5018 coercitio
3185 4963 3202 4993 ³
3260 4960 3329 5016 ad
3399 4963 3520 5033 epi-

1999 5231 2015 5264 ι
2041 5231 2208 5281 Prima
2234 5228 2507 5298 editiones,
2521 5228 2717 5298 cgertio.
2735 5224 3047 5278 Consentium
3067 5229 3394 5293 manum-ipa,
3420 5242 3523 5280 uno

1935 5299 2147 5356 excepto
2167 5291 2249 5354 qui
2269 5291 2435 5348 habet,
2456 5288 2696 5356 cohibitig.

1996 5349 2077 5417 (a)'
2100 5349 2209 5417 ltue,
2220 5358 2408 5414 spectat
2433 5350 2635 5417 epistola
2655 5349 2720 5399 32
2759 5350 3020 5417 Innocentii
3043 5361 3181 5413 papa
3203 5349 3262 5417 ad
3279 5354 3527 5417 Joannem

1933 5411 2415 5478 Jerosolymitanum,
2440 5411 2678 5473 incipiens
2706 5425 2721 5461 :
2753 5429 2776 5458 ι
2800 5411 3124 5478 Dtrej.tiones,
3147 5414 3329 5471 caedes,
3350 5412 3523 5478 incen-

1941 5498 1966 5527 α
1987 5478 2062 5528 dia
2081 5513 2097 5536 ,
2122 5472 2277 5526 'omne
2297 5474 2500 5538 facinus
2537 5472 2777 5538 extremae
2810 5472 3107 5538 dementia,
3131 5476 3529 5538 geuctcsissimz’

1942 5560 1965 5588 ι
1986 5530 2165 5589 sanctae
2188 5536 2403 5599 virgines
2432 5534 2732 5585 Fttstocblum
2780 5530 3015 5599 ειμιιῇ
3056 5530 3433 5598 deploraverunt
3475 5538 3524 5599 in

1944 5623 1965 5649 ι
1990 5601 2108 5651 locis
2129 5594 2350 5660 εωιυξεω
2374 5604 2472 5660 tua)
2506 5606 2815 5660 perpetrasse
2835 5594 3106 5658 diabolum,
3124 5594 3226 5660 etc.
3264 5612 3285 5660 ξ
3323 5596 3545 5660 ιιιὶειιςῑι·

1936 5675 2131 5727 qucque
2156 5658 2374 5727 ejusdem
2409 5659 2475 5727 5;
2508 5658 2969 5727 ‘ad'tiierouyiuum,
3009 5660 3149 5727 cujus
3177 5658 3366 5727 initium
3385 5667 3476 5727 _es_t
3501 5690 3519 5705 .

1946 5718 1966 5772 ἑ
1992 5718 2235 5787 διιίιίιυειὶιι
2259 5722 2370 5771 boni
2399 5720 2586 5787 aliquid
2610 5718 2974 5787 contentionem
3009 5718 3187 5787 fecisse
3211 5721 3259 5771 ln
3281 5718 3522 5787 liccfvsia.

1946 5812 1961 5829 ιι
1992 5779 2196 5849 instatur
2221 5779 2504 5847 Amaﬁnius."
2527 5800 2548 5828 ν
2576 5784 2688 5849 illm
2715 5782 2932 5849 epistolae
2959 5782 3251 5833 exhibentur
3281 5779 3431 5838 infra,
3475 5780 3529 5829 l-

1927 5856 2018 5902 Αυς
2041 5849 2149 5897 μειείὶ
2248 5855 2382 5898 taste
2408 5847 2633 5895 secus-la.
