4032 6178
417 257 516 319 3351

413 373 656 430 Christus
700 372 845 428 venit
889 371 942 426 in
989 372 1127 426 hunc
1170 370 1422 426 mundum
1469 379 1785 441 peccatores
1819 369 1996 424 salvos

416 466 589 520 facere
617 463 670 537 (Ι
700 462 832 518 Tim.
862 479 900 529 l,
935 463 1048 535 l5),
1079 477 1186 517 nou
1216 463 1388 518 soluat
1421 478 1514 533 per
1541 463 1774 534 singulas
1817 462 1994 526 horas,

413 562 506 608 aut
549 569 644 624 per
689 553 898 623 singula
939 562 1230 618 momenta,
1273 551 1368 607 sed
1410 553 1570 607 etiam
1623 568 1718 623 per
1761 551 2000 620 singulos

413 655 563 702 actus
608 653 822 700 nostros
863 659 968 698 non
1009 658 1130 698 esse
1172 642 1571 708 necessariam;
1623 652 1677 697 et
1723 643 1813 710 qui
1863 641 2002 696 hanc

412 743 674 794 conantur
697 739 928 802 auferre,
955 751 1142 806 paruas
1165 735 1456 789 sortiantur
1486 735 1502 766 ⁸
1526 742 1821 806 aeternas.)
1843 732 2001 798 Quis-

412 821 533 902 quis
575 831 691 885 haec
733 828 899 894 audit,
947 837 1002 882 et
1043 841 1272 882 sensum
1304 826 1420 896 eius
1469 825 1698 896 ignorat,
1744 837 1902 894 quem
1949 821 2002 876 in

414 922 563 978 libris
607 920 718 976 suis
763 919 894 974 satis
937 917 1212 974 evidenter
1253 915 1551 986 exiiressit,
1582 929 1689 969 non
1735 913 1838 967 illis
1865 925 2000 982 quos

413 1011 544 1068 dicit
581 1009 949 1067 inemendatos
982 1008 1084 1063 sibi
1122 1004 1287 1062 fuisse
1315 1005 1619 1076 subreptos,
1660 1016 1752 1060 aut
1781 1005 2000 1060 omnino

413 1117 540 1159 suos
567 1111 748 1174 negat,
781 1101 874 1157 sed
905 1101 958 1154 in
985 1100 1092 1155 illis
1111 1112 1244 1170 quos
1270 1097 1461 1152 litteris
1483 1097 1594 1152 suis
1618 1111 1749 1166 quas
1774 1095 1997 1150 Romam

412 1195 561 1251 misit
601 1199 1008 1259 commemorat,
1052 1191 1272 1247 omnino
1309 1205 1432 1245 cum
1479 1197 1627 1259 putat
1673 1187 1774 1243 hoc
1801 1188 2001 1242 sentire

412 1285 553 1356 quod
579 1286 774 1341 veritas
805 1284 983 1339 habet.
1015 1283 1268 1353 Quisquis
1292 1290 1470 1337 autem
1498 1279 1626 1350 quid
1655 1280 1707 1335 in
1736 1280 1815 1337 eis
1839 1293 1999 1350 aper-

415 1377 520 1431 tius
563 1375 708 1431 dicat
755 1375 1004 1441 advertit,
1047 1373 1204 1430 debet
1248 1372 1446 1426 habere
1491 1371 1652 1428 etiam
1697 1370 1795 1425 ista
1836 1369 1998 1425 verba

411 1475 680 1537 suspecta.
730 1465 862 1535 Quia
892 1466 994 1520 etsi
1035 1465 1260 1536 gratiam
1297 1464 1428 1530 Dei,
1455 1478 1558 1534 qua
1587 1459 1829 1517 Christus
1855 1462 2000 1517 venit

411 1559 466 1614 in
495 1560 750 1616 mundum
787 1569 1094 1630 peccatores
1127 1558 1304 1614 Salvos
1329 1555 1536 1623 facere,
1569 1556 1623 1610 in
1662 1555 1770 1610 sola
1811 1555 2000 1610 remis-

410 1655 566 1708 sione
591 1659 930 1722 peccatorum
957 1650 1268 1715 constituat,
1292 1655 1466 1719 potest
1491 1647 1614 1702 huic
1631 1647 1810 1703 sensui
1835 1646 1997 1702 verba

410 1745 514 1800 ista
551 1753 802 1814 cooptare
837 1741 1058 1809 dicens,
1086 1742 1206 1798 ideo
1239 1757 1358 1798 eam
1402 1756 1498 1811 per
1537 1739 1773 1812 singulas
1815 1740 1994 1806 horas,

410 1850 510 1906 per
537 1834 742 1905 singula
784 1842 1077 1900 momenta,
1110 1841 1166 1888 et
1203 1847 1300 1902 per
1335 1841 1506 1888 actus.
1531 1830 1770 1902 singulos
1807 1843 1995 1885 neces-

412 1929 610 1984 sariam
630 1969 644 1994 ,
672 1934 730 1982 ut
769 1941 984 1996 semper
1010 1928 1063 1981 in
1098 1925 1355 1982 memoria
1383 1924 1675 1980 retinentes
1697 1932 1753 1979 et
1781 1923 2000 1978 remini-

410 2028 628 2075 scentes
666 2018 886 2074 dimissa
925 2017 1080 2075 nobis
1118 2029 1240 2074 esse
1284 2025 1529 2088 peccata,
1568 2031 1678 2072 non
1713 2029 1997 2086 peccemus

410 2109 658 2176 ulterius,
683 2108 849 2178 adiuti
891 2122 998 2162 non
1038 2107 1214 2179 aliqua
1249 2107 1740 2163 subministratione
1765 2105 1994 2171 virtutis,

406 2200 507 2256 sed
533 2200 733 2256 viribus
773 2199 1005 2272 propriae
1028 2199 1338 2267 voluntatis,
1379 2198 1506 2270 quid
1545 2197 1645 2253 sibi
1681 2196 1997 2252 remissione

406 2301 751 2362 peccatorum
789 2291 1086 2362 praestitum
1123 2289 1285 2346 fuerit
1323 2305 1421 2360 per
1457 2297 1607 2345 actus
1645 2287 1880 2359 singulos
1907 2302 1996 2344 re-

407 2383 683 2461 cordantis
706 2383 750 2438 ³.
794 2381 925 2438 Item
953 2382 1204 2452 quoniam
1239 2381 1417 2438 solent
1442 2380 1642 2449 dicere,
1669 2379 1824 2436 nobis
1848 2379 1904 2435 in
1931 2393 1996 2436 eo

407 2473 684 2528 Christum
712 2472 780 2528 ad
816 2487 923 2528 non
963 2472 1290 2544 peccandum
1325 2471 1620 2543 praebuisse
1651 2469 1992 2540 adiutorium,

304 2595 317 2604 -
407 2563 533 2634 quia
575 2563 719 2634 iuste
762 2563 877 2633 ipse
917 2563 1144 2618 vivendo
1180 2562 1432 2634 justeque
1467 2561 1710 2618 docendo
1737 2562 1758 2596 ³
1785 2563 1998 2633 reliquit

407 2653 712 2724 exemplum
738 2671 750 2707 :
776 2661 998 2724 possunt
1024 2654 1182 2709 etiam
1203 2654 1270 2710 ad
1296 2653 1397 2710 hoc
1419 2654 1517 2709 ista
1539 2654 1699 2710 verba
1719 2664 1994 2726 coaptarc,

409 2753 470 2799 ut
497 2744 696 2810 dicant,
730 2744 1075 2816 per'singula
1099 2755 1400 2814 momenta,
1431 2761 1526 2816 per
1568 2747 1805 2817 singulos
1845 2757 1996 2802 actus

347 2823 361 2832 ’
409 2836 768 2892 necessariam
811 2836 966 2892 nobis
1009 2853 1130 2894 esse
1171 2837 1473 2910 huiusmodi
1513 2840 1758 2910 gratiam,
1797 2839 1852 2894 id
1889 2849 1992 2908 est,

411 2927 546 2982 utin
565 2927 709 2984 omni
733 2928 1142 2984 conversatione
1173 2938 1359 2985 nostra
1387 2929 1692 2987 intueamur
1714 2929 1997 2986 dominica:

409 3021 831 3076 conversationis
869 3021 1197 3091 exemplum.
1237 3020 1488 3078 Pervidet
1525 3030 1700 3078 autem
1740 3021 1873 3078 ﬁdes
1905 3037 1998 3078 vo-

410 3118 544 3176 stra,
570 3125 600 3164 a
626 3109 960 3168 confessione
988 3113 1196 3184 gratias,
1219 3111 1288 3168 de
1319 3127 1423 3184 qua
1454 3114 1676 3184 quarstio
1707 3121 1812 3182 est,
1837 3129 1995 3185 quam

411 3200 482 3255 sit
507 3199 879 3274 distinguenda
909 3203 1010 3258 ista
1044 3202 1355 3258 confessio:
1391 3213 1446 3258 et
1481 3212 1654 3258 tamen
1683 3203 1857 3274 obtegi
1897 3217 1997 3274 po-

414 3298 520 3346 test
551 3291 774 3348 istorum
803 3295 1146 3364 ambiguitate
1170 3293 1476 3350 verborum.

485 3403 709 3460 CAPUT
738 3403 823 3460 Ill.
845 3407 988 3460 -ι5.
1016 3405 1120 3462 Sed
1147 3405 1274 3476 quid
1299 3405 1532 3460 mirum?
1557 3399 1995 3475 Quandoquidem

413 3495 526 3564 ipse
543 3493 788 3564 Pelagius
813 3511 943 3574 cum.
961 3497 1352 3568 episc0palibus
1375 3495 1544 3567 gestis
1567 3496 1684 3552 sine
1712 3495 1818 3551 ulla
1843 3511 1998 3552 recu-

411 3587 620 3643 satione
655 3587 992 3644 damnaverit
1037 3601 1151 3654 cos,
1198 3589 1286 3659 qui
1323 3589 1509 3643 dicunt
1548 3589 1774 3659 gratiam
1811 3587 1908 3644 Dei
1943 3595 1998 3643 et

415 3677 729 3746 adiutorium
765 3693 870 3734 non
896 3678 963 3733 ad
989 3678 1229 3750 singulos
1260 3687 1410 3734 actus
1437 3678 1572 3743 dari,
1613 3677 1707 3734 sed
1745 3678 1796 3732 in
1830 3677 1997 3732 libero

415 3767 631 3824 arbitrio
661 3781 803 3838 esse,
845 3771 930 3826 vel
967 3771 1018 3826 in
1063 3772 1181 3842 lege
1206 3781 1364 3842 atque
1389 3770 1670 3837 doctrina;
1714 3770 1804 3826 ubi
1841 3780 1997 3841 puta-

417 3857 599 3916 bamus
637 3859 755 3930 eius
796 3859 866 3916 de
909 3861 1009 3916 hac
1051 3875 1110 3915 re
1151 3875 1338 3917 omnes
1378 3860 1846 3933 tergiversationes
1877 3875 1998 3917 esse

415 3963 790 4024 consumptas;
821 3953 1154 4009 damnaverit
1176 3955 1336 4010 etiam
1363 3969 1477 4020 eos,
1519 3955 1608 4026 qui
1641 3955 1837 4010 docent
1873 3969 1996 4025 gra-

418 4044 539 4098 tiam
585 4043 678 4100 Dei
715 4044 1012 4100 sccundum
1059 4045 1250 4100 merita
1290 4055 1468 4100 nostra
1511 4045 1626 4102 dari
1668 4063 1682 4101 :
1724 4055 1901 4102 tamen
1943 4045 1996 4100 in

419 4131 562 4188 libris
585 4148 718 4204 quos
755 4135 924 4190 edidit
956 4149 1055 4206 pro
1097 4135 1266 4192 libero
1302 4135 1542 4202 arbitrio,
1585 4151 1811 4206 quorum
1846 4152 1998 4192 men-

373 4223 381 4230 ’
419 4225 612 4280 tionem
658 4227 785 4281 facit
823 4226 875 4280 in
918 4227 1142 4296 epistola
1182 4242 1340 4298 quam
1383 4227 1606 4282 Romam
1651 4228 1826 4293 misit,
1866 4227 1997 4282 nihil

415 4314 552 4369 aliud
596 4317 798 4372 sentire
841 4326 1186 4382 monstratur,
1231 4329 1390 4388 quam
1435 4315 1487 4372 id
1532 4317 1672 4388 quod
1715 4317 1998 4373 damnasse

417 4407 706 4462 videbatur.
751 4407 882 4462 Nam
920 4407 1142 4479 gratiam
1173 4409 1263 4464 Dei
1309 4417 1362 4464 et
1393 4407 1738 4479 adiutorium,
1767 4424 1873 4479 quo
1899 4408 1996 4462 ad-

413 4496 653 4564 iuvamur
685 4497 752 4552 ad
789 4513 894 4552 non
927 4497 1276 4568 peccandum,
1316 4499 1484 4554 autin
1511 4507 1696 4554 natura
1735 4507 1790 4556 ct
1826 4499 1998 4566 libero

415 4589 558 4657 ponit
585 4589 826 4654 arbitrio,
857 4599 950 4645 aut
995 4591 1048 4645 in
1091 4591 1208 4662 lege
1249 4599 1408 4662 atqtte
1435 4591 1676 4648 doctrina
1711 4609 1724 4646 :
1766 4601 1824 4647 ut
1845 4591 1997 4648 vide-

416 4679 552 4745 licet,
582 4688 704 4734 cum
733 4675 950 4750 adiuvat
971 4681 1110 4736 Deus
1137 4681 1429 4750 hominem,
1461 4689 1518 4736 ut
1541 4681 1770 4737 declinet
1797 4697 1826 4736 a
1857 4683 1997 4738 malo

414 4779 465 4824 et
506 4771 662 4825 faciat
703 4771 924 4835 bonum,
953 4771 1240 4827 revelando
1276 4783 1331 4826 et
1357 4772 1688 4828 ostendendo
1723 4773 1848 4844 quid
1882 4773 1996 4828 fieri

413 4860 621 4924 debeat,
653 4859 908 4930 adiuVare
935 4860 1220 4929 credatur;
1255 4878 1360 4918 non
1388 4863 1547 4918 etiam
1578 4863 1916 4935 cooperando
1944 4873 1999 4920 et

413 4951 750 5008 dilectionem
798 4954 1128 5024 inspirando,
1171 4963 1230 5010 ut
1276 4955 1326 5010 id
1370 4955 1513 5026 quod
1542 4955 1840 5012 iaciendum
1879 4969 2000 5012 esse

411 5046 720 5116 cognoverit
758 5045 935 5101 faciat.

479 5135 534 5190 4.
560 5135 694 5190 Nam
721 5151 843 5190 cum
885 5138 985 5190 tria
1025 5137 1312 5194 constituat
1340 5145 1501 5208 atque
1538 5137 1846 5209 distinguat,
1875 5139 1998 5211 qui-

413 5225 510 5281 bus
563 5226 743 5280 divina
797 5227 1044 5284 mandata
1093 5227 1222 5282 dicit
1272 5228 1522 5299 impleri,
1571 5229 1995 5300 possibilitatem,

477 5385 494 5448 ξ
518 5385 592 5448 ste
621 5383 810 5448 habent
831 5381 1000 5448 plures
1027 5385 1363 5448 manuscripti._
1385 5384 1504 5433 aliti
1537 5392 1675 5448 vero;
1699 5377 1978 5436 sm-tiuntur.

474 5445 634 5508 ’tzditi
679 5453 783 5508 Am,
815 5445 890 5495 Er.
926 5454 980 5508 et
1015 5452 1126 5496 ων.
1148 5481 1164 5506 ,
1191 5445 1527 5508 recordantes.
1543 5447 1705 5508 Aptius
1875 5478 1890 5504 ,
1927 5457 2002 5496 re-

412 5506 676 5579 cordantis,
899 5504 1186 5567 voluntatis;
1213 5521 1309 5558 non
1335 5508 1463 5558 enim
1487 5504 1590 5556 alio
1605 5507 1779 5556 referri
1805 5507 1895 5556 hoc
1913 5519 1998 5569 po-

415 5573 532 5626 test,
555 5569 674 5631 quid
699 5569 808 5629 sibi,
834 5576 930 5620 etc.

476 5630 613 5695 'Am.
633 5637 686 5680 et
705 5637 816 5695 _Er.,
843 5630 1068 5695 justeque
1111 5629 1332 5682 dicenda.
1355 5639 1492 5681 l'orte
1535 5630 1816 5695 legendum,
1849 5629 2002 5695 justa-

414 5699 504 5753 que
525 5690 758 5742 docendo.

700 5768 973 5826 PATROL.
1007 5763 1226 5824 XLIV.

1577 248 1783 315 LIBER
1821 247 1910 316 DE
1951 244 2206 315 charta
2247 250 2534 314 CHRISTI.
3383 273 3394 286 -
3589 263 3694 318 sse

2109 369 2460 434 voluntatem,
2507 367 2806 432 actionem;
2856 369 3261 439 possibilitatem
3307 369 3548 436 scilicet,
3590 387 3693 441 qua

2109 470 2280 528 p’)lCSl
2312 459 2472 535 h-nno
2501 476 2620 514 esse
2654 460 2829 531 iustus
2855 479 2869 526 ;
2912 463 3262 530 voluntatem,
3305 478 3407 534 qua
3439 464 3548 518 vult
3573 478 3697 518 esse

2101 548 2312 618 iustus;
2355 551 2640 617 actionem,
2667 567 2768 622 qua
2804 551 2979 623 justus
3005 563 3128 609 est:
3161 555 3350 613 horum
3381 556 3537 610 trium
3581 555 3697 625 pri-

2109 655 2273 700 nunn,
2309 639 2359 692 id
2390 653 2491 708 cst,
2526 641 2930 712 possibilitatem
2961 645 3137 700 datam
3172 646 3458 702 conﬁtetur
3486 663 3514 700 a
3547 661 3698 701 crea-

2109 737 2222 783 tore
2253 741 2479 796 naturae,
2513 748 2609 786 nec
2651 747 2771 789 esse
2800 734 2851 788 in
2883 743 3062 790 nostra
3110 746 3403 806 potestate,
3435 736 3534 792 sed
3577 751 3696 792 eam

2107 831 2206 870 nos
2251 818 2698 881 habere,etiamsi
2741 823 3014 891 nolimus;
3065 827 3172 880 duo
3201 841 3328 882 vero
3369 828 3612 897 reliqua,
3643 828 3713 880 id'

2105 918 2214 973 est,
2243 911 2568 965 voluntatem
2601 924 2652 967 et
2682 916 2948 970 actionem
2991 929 3170 972 nostra
3199 933 3320 974 esse
3347 920 3575 984 asserit,
3608 929 3696 972 at-

2106 1015 2208 1068 que
2237 1007 2306 1054 ita
2337 1001 2489 1058 nobis
2523 1004 2724 1070 tribuit,
2753 1014 2813 1059 ut
2839 1009 3050 1064 nonnisi
3081 1024 3108 1061 a
3142 1009 3296 1064 nobis
3323 1023 3444 1064 esse
3470 1016 3697 1063 conten-

2105 1090 2214 1144 dat.
2269 1092 2506 1162 Denique
2547 1095 2713 1162 gratia
2743 1095 2838 1150 Dei
2860 1138 2874 1164 ,
2905 1113 3012 1150 non
3057 1101 3156 1152 ista
3199 1101 3303 1153 duo
3324 1142 3338 1166 ,
3367 1115 3485 1170 qua:
3514 1110 3694 1154 nostra

2105 1183 2325 1238 omnino
2351 1185 2462 1239 vult
2500 1199 2653 1249 esse,
2696 1187 2747 1240 id
2778 1196 2894 1252 est,
2927 1189 3254 1245 voluntatem
3299 1201 3352 1245 et
3393 1192 3694 1257 actionem;

2105 1273 2199 1327 sed
2243 1273 2384 1328 illam
2415 1290 2533 1345 quae
2573 1275 2625 1330 in
2671 1284 2934 1346 potestate
2963 1288 3144 1334 nostra
3172 1295 3278 1334 non
3309 1291 3389 1336 est
3411 1322 3426 1344 ,
3460 1289 3514 1335 et
3545 1281 3697 1337 nobis

2103 1376 2168 1415 cx
2196 1363 2302 1416 Deo
2329 1371 2429 1428 est,
2466 1364 2515 1418 id
2545 1374 2648 1432 est,
2683 1366 3110 1435 possibilitatem,
3143 1369 3386 1436 perhibet
3415 1370 3652 1439 adjuvari
3681 1389 3696 1424 :

2105 1461 2351 1524 tanquam
2395 1455 2478 1508 illa
2521 1472 2640 1526 qum:
2684 1466 2863 1512 nostra
2893 1469 3018 1513 sunt
3041 1503 3054 1520 .
3086 1459 3191 1514 hoc
3217 1469 3332 1526 est,
3367 1463 3612 1518 voluntas
3644 1473 3699 1518 et

2102 1546 2272 1610 actio,
2307 1555 2412 1601 tam
2455 1549 2560 1601 sint
2601 1549 2826 1604 valentia
2867 1550 2930 1605 ad
2971 1551 3341 1608 declinandum
3387 1570 3416 1607 a
3459 1554 3608 1609 malo.
3641 1564 3698 1610 et

2103 1635 2404 1692 faciendum
2433 1638 2652 1702 bonum.
2677 1649 2735 1695 ut
2762 1641 2942 1696 divino
2968 1642 3233 1714 adiutorio
3263 1659 3367 1699 non
3394 1645 3692 1716 indigeant;

2104 1730 2232 1784 illud
2263 1745 2388 1784 vero
2418 1731 2560 1801 quod
2595 1733 2748 1788 nobis
2778 1749 2844 1790 ex
2874 1734 2984 1790 Deo
3013 1745 3114 1800 est,
3150 1736 3250 1790 hoc.
3276 1738 3345 1792 sit
3385 1737 3692 1804 invalidum,

2102 1823 2152 1878 id
2205 1831 2322 1891 est,
2375 1825 2732 1895 possibilitas,
2780 1837 2838 1882 ut
2879 1843 3094 1899 semper
3125 1831 3141 1862 ¹
3179 1832 3362 1902 gratiae
3415 1831 3664 1902 adjuvetu

2101 1916 2320 1972 auxilio.

2173 2029 2398 2086 CAPUT
2435 2029 2524 2086 IV.
2553 2062 2626 2072 —
2650 2033 2706 2088 5.
2748 2031 2853 2088 Sed
2883 2050 2947 2088 ne
2982 2035 3102 2104 quis
3133 2035 3352 2090 forsitan
3393 2035 3560 2102 dicat,
3598 2051 3695 2090 nos

2102 2117 2186 2174 vel
2227 2135 2332 2175 non
2365 2130 2510 2178 recte
2539 2122 2836 2194 intelligere
2875 2140 2995 2193 qua:
3023 2125 3288 2194 loquitur,
3317 2126 3401 2182 vel
3433 2127 3696 2182 malevolo

2099 2212 2278 2269 animo
2303 2212 2356 2268 in
2381 2215 2543 2270 alium
2565 2229 2916 2286 sensuuyqua:
2942 2232 3044 2272 non
3061 2217 3130 2272 ita
3153 2217 3290 2272 dicta
3314 2227 3438 2272 sunt
3455 2228 3688 2283 vertere,

2100 2302 2216 2373 ipsa
2255 2302 2366 2374 iam
2396 2305 2555 2360 verba
2597 2304 2713 2376 eius
2753 2305 2995 2375 accipite.
3049 2324 3068 2358 ι
3109 2305 3222 2362 Nos
3255 2326 3274 2360 ι
3326 2308 3529 2378 inquit,
3565 2325 3582 2360 ι
3619 2309 3697 2362 sic

2102 2393 2208 2449 tria
2254 2395 2356 2450 ista
2399 2394 2809 2467 distinguimus,
2837 2404 2892 2452 et
2937 2406 3140 2452 C(‘l'llllll
3167 2398 3311 2452 velut
3357 2398 3409 2454 in
3455 2399 3694 2454 ordinem

2100 2484 2307 2556 digesta
2341 2477 2618 2557 partimur.
2667 2486 2848 2542 Primo
2893 2487 3012 2543 loco
3056 2502 3214 2558 posse
3256 2489 3560 2557 statuimus,
3605 2504 3695 2545 se-

2101 2577 2276 2633 cundo
2307 2578 2462 2644 velle,
2510 2579 2670 2634 tertio
2718 2593 2858 2634 esse.
2907 2576 3072 2634 Posse
3117 2580 3171 2635 in
3213 2590 3432 2648 natura,
3464 2573 3600 2635 velle
3641 2583 3692 2635 in

2104 2667 2362 2736 arbitrio,
2389 2683 2510 2724 esse
2552 2669 2605 2722 in
2646 2667 2836 2724 eil‘ectu
2867 2669 3122 2724 locamus.
3173 2669 3411 2725 Primum
3455 2670 3614 2738 illud,
3643 2671 3695 2726 id

2100 2766 2202 2824 est,
2233 2773 2409 2828 posse,
2437 2758 2504 2815 ad
2533 2760 2697 2814 Deum
2730 2759 2943 2830 proprie
2971 2760 3232 2829 pertinet,
3265 2762 3354 2832 qui
3383 2761 3510 2816 illud
3537 2777 3691 2818 crea-

2101 2856 2234 2905 turae
2263 2865 2374 2906 sum
2414 2851 2641 2907 contulit
2671 2869 2686 2906 :
2717 2851 2825 2908 duo
2850 2867 2978 2906 vero
3009 2853 3211 2924 reliqua
3232 2894 3246 2918 ,
3283 2852 3385 2909 hoc
3411 2863 3493 2909 est
3512 2896 3527 2920 ,
3557 2856 3696 2910 velle

2100 2945 2160 2999 et
2182 2956 2326 3011 esse,
2355 2941 2422 2998 ad
2453 2941 2726 2998 hominem
2755 2942 3033 2999 referenda
3063 2954 3220 3012 sunt,
3250 2945 3371 3016 quia
3397 2945 3464 3000 de
3490 2946 3692 3002 arbitrii

2099 3033 2248 3090 fonte
2283 3032 2635 3090 descendunt.
2684 3031 2826 3106 Ergo
2872 3036 2925 3090 in
2954 3035 3226 3092 voluntate
3266 3041 3321 3092 et
3363 3051 3526 3107 opere
3554 3037 3696 3092 bono

2099 3123 2216 3180 laus
2244 3124 2478 3181 hominis
2507 3133 2589 3181 est
2618 3145 2632 3180 :
2665 3125 2774 3182 imo
2802 3135 2852 3182 et
2884 3126 3116 3182 hominis
3136 3169 3149 3193 ,
3182 3135 3236 3182 et
3265 3128 3378 3195 Dei,
3405 3129 3495 3198 qui
3528 3129 3694 3199 ipsius

2100 3215 2390 3272 voluntatis
2412 3226 2468 3271 et
2493 3219 2670 3288 operis
2692 3217 3095 3289 possibilitatem
3121 3217 3288 3286 dedit,
3311 3219 3506 3291 quique
3529 3220 3694 3290 ipsam

2101 3307 2508 3379 possibilitatem
2560 3309 2744 3380 gratia:
2791 3324 2904 3364 sua:
2949 3308 3166 3379 adiuvat
3212 3325 3427 3380 semper
3475 3311 3693 3366 auxilio.

2101 3397 2253 3468 Quod
2287 3412 2414 3454 vero
2440 3405 2615 3467 potest
2642 3396 2802 3452 homo
2829 3397 2966 3453 velle
3004 3398 3204 3454 bonum
3229 3407 3389 3471 atque
3416 3380 3691 3471 perlicere,

2101 3487 2268 3544 solius
2295 3487 2386 3543 Dei
2415 3495 2517 3544 est.
2550 3488 2734 3543 Potest
2757 3489 2934 3559 itaque
2965 3487 3092 3543 illud
3121 3505 3280 3544 unum
3312 3505 3451 3558 esse,
3479 3493 3689 3547 etiamsi

2101 3573 2208 3634 duo
2251 3578 2354 3633 ista
2391 3593 2497 3634 non
2545 3578 2738 3634 fuerint
2778 3596 2791 3633 :
2824 3579 2924 3634 ista
2951 3593 3078 3635 vero
3123 3581 3242 3636 'siue‘
3289 3581 3380 3637 illo
3421 3597 3540 3637 esse
3586 3599 3694 3639 non

2101 3677 2346 3739 possunt.
2397 3668 2582 3740 Itaque
2631 3668 2858 3724 liberum
2909 3669 3040 3725 mihi
3089 3667 3175 3724 est
3219 3685 3320 3726 nec
3364 3673 3690 3730 voluntatem

2102 3759 2297 3814 bonam
2338 3759 2568 3826 habere,
2612 3774 2712 3815 nec
2753 3760 3016 3815 actionem
3061 3779 3074 3814 :
3118 3761 3264 3817 nullo
3309 3772 3486 3817 autem
3534 3765 3696 3820 modo

2103 3868 2319 3922 possum
2353 3867 2461 3908 non
2504 3851 2702 3908 habere
2739 3852 3143 3922 possibilitatem
3173 3853 3298 3908 boni
3328 3870 3340 3907 :
3386 3853 3524 3910 inest
3563 3853 3694 3909 mihi

2102 3945 2310 3999 etiamsi
2363 3943 2618 4010 noluero,
2668 3957 2768 4000 nec
2816 3945 2983 3999 otium
3033 3944 3114 3998 sui
3161 3943 3446 4014 aliquando
3493 3947 3548 3999 in
3591 3945 3694 4000 hoc

2101 4046 2289 4092 natura
2321 4036 2527 4108 recipit.
2575 4037 2742 4102 Quem
2770 4036 2925 4091 nobis
2967 4050 3182 4092 sensum
3207 4034 3472 4109 exempla
3515 4035 3693 4107 aliqua

2103 4132 2298 4188 facient
2324 4129 2630 4185 clariorem.
2669 4129 2822 4196 Quod
2855 4141 3134 4198 possumus
3162 4127 3346 4183 videre
3373 4128 3567 4196 oculis,
3594 4144 3694 4184 no-

2101 4233 2270 4278 strum
2311 4239 2418 4277 non
2458 4231 2538 4278 est
2569 4240 2580 4273 :
2625 4221 2766 4291 quod
2799 4235 2924 4276 vero
2967 4220 3106 4275 bene
3134 4230 3225 4275 aut
3263 4221 3400 4276 male
3425 4219 3690 4286 videmus,
3721 4280 3730 4290 ι

2102 4309 2206 4370 hoc
2232 4319 2470 4368 nostrum
2499 4322 2580 4368 est
2608 4311 2704 4385 (α).
2739 4311 2805 4366 Et
2830 4321 2886 4366 ut
2918 4312 3237 4382 generaliter
3265 4313 3520 4368 universa
3548 4327 3696 4368 com-

2105 4408 2328 4478 plectar,
2354 4405 2494 4477 quod
2528 4419 2810 4476 possumus
2835 4421 2995 4461 omne
3030 4405 3228 4461 bonum
3265 4407 3467 4474 facere,
3495 4407 3694 4471 dicere.

2102 4497 2370 4570 cogitare,
2408 4497 2552 4553 illius
2595 4505 2678 4552 est
2720 4498 2809 4567 qui
2855 4497 2956 4553 hoc
2992 4512 3149 4569 posse
3189 4498 3433 4565 donavit,
3464 4499 3554 4569 qui
3597 4497 3699 4554 hoc

2105 4606 2262 4661 posse
2286 4590 2503 4661 adiuvat
2529 4609 2542 4645 :
2573 4588 2714 4660 quod
2742 4605 2868 4644 vero
2899 4587 3034 4645 bene
3059 4591 3138 4644 vel
3169 4590 3392 4660 agimus,
3421 4588 3504 4644 vel
3527 4590 3700 4658 loqui~

2104 4699 2253 4748 tnur,
2281 4683 2368 4738 vel
2393 4661 2721 4752 cogitamus,
2764 4691 3004 4736 nostrum
3032 4689 3152 4746 est;
3197 4676 3316 4750 quia
3369 4681 3484 4736 lucc
3517 4681 3697 4735 omnia

2104 4782 2315 4828 vertere
2341 4774 2390 4828 in
2421 4773 2618 4828 malum
2657 4774 2818 4827 etiam
2861 4787 3162 4843 possumus.
3206 4765 3377 4838 Unde,
3408 4772 3546 4842 quod
3574 4789 3699 4842 pro-

2104 4875 2224 4937 pter
2245 4865 2564 4920 calumniam
2590 4879 2821 4920 vesnum
2849 4863 2872 4895 ¹
2899 4879 3042 4935 ετυρο
3071 4863 3415 4932 repetendum
3443 4869 3544 4928 est,
3573 4880 3698 4920 cum

2104 4956 2330 5012 dicimus
2375 4955 2646 5010 hominem
2679 4970 2832 5024 posse
2875 4967 2998 5010 esse
3035 4955 3150 5008 sine
3193 4962 3442 5025 peccato,
3471 4962 3529 5034 et
3564 4971 3698 5008 con-

2106 5045 2339 5102 fessione
2381 5047 2747 5116 possibilitatis
2789 5055 3020 5115 accepta:
3059 5045 3333 5099 laudamus
3375 5045 3562 5125 Deum,
3608 5047 3700 5118 qui

2103 5140 2258 5195 nobis
2287 5139 2386 5192 hoc
2413 5152 2569 5208 posse
2601 5137 2820 5209 largitus
2848 5148 2950 5200 est,
2981 5151 3080 5191 nec
3105 5145 3186 5190 est
3214 5136 3285 5190 ibi
3315 5135 3419 5190 ulla
3446 5136 3698 5191 laudandi

2108 5231 2341 5286 hominis
2371 5230 2603 5297 occasio,
2635 5231 2722 5284 ubi
2749 5221 2914 5286 solius
2941 5229 3033 5289 Dei
3071 5243 3231 5284 causa
3266 5237 3560 5284 tractatur:
3593 5239 3700 5286 non

2140 5401 2488 5516 tisgollgeeditio
2509 5408 2642 5463 Low,
2678 5399 2766 5454 hoc
2789 5403 2864 5456 est
2882 5401 3188 5468 possibilitas,
3208 5409 3306 5456 tam
3325 5403 3385 5457 sit
3402 5405 3671 5461 invalidam

2106 5479 2156 5516 ιιι
2179 5479 2382 5530 semper.

2172 5545 2192 5574 ²
2217 5551 2316 5592 Axn.
2341 5545 2416 5588 Er.
2443 5546 2496 5591 et
2518 5541 2782 5592 Victorinus
2804 5547 2908 5602 his,
2937 5549 3166 5593 nostram.

2172 5625 2242 5685 (α)
2275 5623 2455 5694 omissa
2474 5622 2556 5694 hic
2589 5620 2880 5694 alia__exein;
2899 5626 2941 5674 la
2961 5661 2974 5684 ,
3001 5640 3110 5689 qua:
3151 5629 3464 5680 excutiuntur
3487 5628 3610 5680 libro
3631 5633 3698 5682 de

2110 5693 2282 5734 tte-aura
2308 5692 2357 5735 ct
2381 5686 2557 5746 Sintia,
2581 5697 2629 5734 u.

3066 5771 3374 5846 (Deusta)
