4032 6178
298 284 404 339 365

307 399 450 452 enim
487 396 556 452 de
587 394 744 461 velle,
773 408 869 448 nec
906 391 973 446 de
1009 403 1146 471 esse,
1191 385 1287 442 sed
1325 382 1690 440 tantummodo
1731 379 1796 436 de
1828 396 1891 434 eo

305 487 449 558 quod
489 495 665 557 potest
707 498 858 548 esse,
899 479 1200 536 disseritur.
1235 495 1254 528 ι

371 575 598 632 CAPUT
629 573 691 629 ν.
717 603 787 613 —-
814 572 866 627 6.
901 571 1038 625 Ecce
1071 577 1154 624 est
1184 576 1352 623 totum
1383 565 1574 635 dogma
1609 561 1810 632 Pelagii
1842 561 1894 614 in

306 669 444 725 libro
473 669 587 738 ejus
619 664 774 721 tertio
804 679 900 733 pro
926 661 1119 716 Libero
1149 657 1400 723 Arbitrio,
1431 656 1512 710 bis
1538 657 1756 710 omnino
1779 667 1897 707 ver-

311 760 394 816 bis
413 760 696 830 diligenter
715 769 1046 826 expressum,
1069 766 1174 822 quo
1199 751 1296 806 tria
1323 750 1442 813 ista,
1469 761 1632 802 unum
1654 743 1796 815 quod
1816 752 1900 797 est

308 867 484 922 posse,
513 852 739 906 alterum
769 847 908 918 quod
940 856 1022 902 est
1049 843 1206 908 velle,
1238 841 1453 897 tertium
1482 837 1625 909 quod
1649 843 1895 899 estesse,

305 943 357 996 id
380 949 481 1007 est,
505 939 942 1010 possibilitatem,
965 937 1308 996 voluntatem,
1333 931 1621 993 actionem,
1643 933 1788 980 tanta
1805 939 1900 978 cu-

304 1029 442 1084 ravit
463 1029 756 1084 subtilitate
771 1027 1112 1096 distinguere,
1131 1032 1185 1077 ut
1199 1019 1638 1090 quandocumque
1652 1015 1898 1084 legimus,

305 1120 390 1175 Vt'l
419 1119 683 1184 audimus,
711 1118 904 1171 divinae
930 1118 1111 1185 gratia:
1140 1111 1457 1180 adjutorium
1487 1107 1752 1169 confiteri,
1783 1113 1842 1159 ut
1870 1119 1898 1156 a

309 1212 450 1264 malo
473 1209 805 1264 declinemus
833 1205 1138 1273 bonumque
1164 1201 1438 1266 faciamus,
1463 1199 1574 1254 sive
1605 1199 1654 1251 in
1682 1199 1797 1268 lege
1822 1203 1902 1249 at-

307 1315 412 1371 que
449 1299 690 1355 doctrina
710 1339 726 1365 ,
757 1297 870 1353 sive
905 1295 1130 1349 ubilibet
1163 1292 1480 1354 constituat,
1513 1289 1744 1344 sciamus
1777 1285 1903 1358 quid

309 1391 574 1460 loquitur;
603 1404 702 1443 nec
731 1401 973 1442 erremus
991 1425 1006 1449 ,
1037 1384 1191 1438 aliter
1223 1398 1344 1437 eum
1375 1378 1716 1448 intelligendo
1743 1392 1903 1447 quam

309 1481 492 1536 sentit.
535 1480 685 1535 Scire
716 1478 911 1548 quippe
940 1475 1196 1530 debemus
1216 1515 1230 1538 ,
1261 1473 1403 1544 quod
1440 1486 1542 1528 nec
1576 1470 1903 1524 voluntatem

311 1581 577 1635 nostram,
619 1583 719 1624 nec
757 1567 1024 1623 actionem
1060 1565 1241 1620 divino
1275 1562 1512 1633 adjuvari
1548 1560 1718 1616 credit
1751 1558 1904 1613 auxi-

314 1663 406 1725 lio,
439 1661 533 1716 sed
562 1661 731 1716 solam
763 1657 1168 1730 possibilitatem
1207 1655 1492 1711 voluntatis
1522 1662 1680 1724 atque
1705 1651 1901 1723 operis,

310 1767 472 1821 quam
499 1751 668 1806 solam
700 1751 755 1804 in
783 1749 866 1803 his
895 1749 1062 1802 tribus
1085 1761 1183 1801 nos
1209 1745 1406 1801 habere
1431 1743 1658 1798 affirmat
1683 1758 1749 1797 ex
1776 1743 1904 1805 Deo,

315 1849 570 1911 tanquam
602 1840 704 1894 hoc
731 1839 799 1894 sit
831 1837 1096 1892 iniii'mum
1119 1878 1132 1903 ,
1163 1835 1306 1906 quod
1337 1835 1477 1892 Deus
1505 1835 1618 1904 ipse
1648 1832 1824 1903 posuit
1853 1831 1906 1886 in

318 1941 543 1998 natura;
573 1943 766 1986 caetera
804 1945 930 1984 vero
960 1929 1066 1984 duo
1096 1944 1214 1997 qua:
1251 1935 1428 1981 nostra
1459 1941 1578 1981 esse
1607 1923 1806 1991 voluit,
1837 1923 1908 1977 ita

316 2022 428 2076 sint
457 2021 630 2090 firma,
660 2029 714 2075 et
742 2018 917 2084 fortia,
946 2028 1000 2073 et
1028 2018 1128 2072 sibi
1158 2017 1496 2081 sul‘licientia,
1525 2023 1581 2069 ut
1606 2015 1750 2069 nullo
1777 2013 1912 2068 indi-

318 2121 478 2183 geant
515 2111 631 2182 ejus
658 2110 892 2175 auxilio;
925 2118 979 2165 et
1017 2108 1138 2163 ideo
1177 2123 1282 2162 non
1318 2106 1531 2177 adjuvet
1567 2114 1622 2159 ut
1650 2104 1908 2170 Velimus,

317 2220 422 2259 non
451 2203 664 2274 adjuvet
701 2212 758 2258 ut
794 2216 1040 2273 agamus.
1074 2199 1169 2255 sed
1211 2197 1575 2254 tantummodo
1604 2196 1820 2268 adjuvet
1852 2198 1912 2250 ut

320 2295 456 2350 velle
476 2303 530 2350 et
548 2309 706 2364 agere
726 2292 1012 2348 valeamus.
1035 2284 1232 2346 Contra
1259 2300 1435 2346 autem
1458 2289 1761 2360 Apostolus,
1786 2287 1911 2341 Cum

324 2386 531 2451 timore,
563 2383 760 2453 inquit,
791 2393 838 2438 et
874 2393 1086 2437 tremore
1119 2391 1334 2436 vestram
1371 2382 1594 2451 ipsarum
1633 2373 1913 2450 aperamini

323 2474 558 2530 salutent.
589 2475 656 2529 Et
688 2482 744 2528 ut
783 2473 1015 2536 scirent,
1051 2472 1174 2542 quia
1215 2487 1318 2526 non
1351 2479 1552 2525 tantum
1587 2470 1638 2523 in
1675 2485 1739 2524 eo
1772 2467 1913 2539 quod

322 2565 532 2636 Operari
564 2564 766 2635 possint
787 2563 911 2634 (hoc
934 2563 1076 2618 enim
1105 2563 1155 2616 in
1184 2571 1370 2616 natura
1393 2570 1447 2616 et
1469 2561 1520 2615 in
1547 2561 1783 2615 doctrina
1802 2561 1911 2630 jam

321 2656 690 2729 acceperant),
725 2655 818 2710 sed
848 2654 1008 2711 etiam
1040 2653 1090 2708 in
1119 2668 1183 2708 eo
1213 2652 1354 2724 quod
1383 2661 1692 2722 operantur,
1723 2651 1912 2706 divini-

325 2759 408 2803 tus
437 2748 772 2818 adjuvantur,
809 2763 914 2801 non
945 2747 1048 2812 ait,
1079 2746 1218 2800 Deus
1247 2753 1329 2800 est
1365 2745 1504 2800 enim
1541 2744 1631 2815 qui
1665 2755 1915 2814 Operatur

324 2837 376 2896 in
405 2841 555 2895 vobis
580 2855 770 2910 posse,
801 2850 1046 2909 tanquam
1087 2839 1184 2908 ipsi
1214 2838 1324 2908 jam
1355 2846 1408 2892 et
1441 2837 1578 2892 velle
1613 2847 1666 2892 et
1703 2839 1914 2907 operari

325 2945 422 3001 per
445 2944 506 2987 se
531 2931 676 3001 ipsos
702 2931 950 2994 habeant,
979 2945 1076 2984 nec
1104 2929 1155 2982 in
1182 2928 1265 2984 his
1286 2929 1490 2984 duobus
1514 2929 1776 2998 adjutorio
1797 2930 1914 3000 ejus

326 3025 629 3094 indigeant;
661 3023 756 3078 sed
785 3023 877 3086 ait,
907 3021 1046 3075 Deus
1077 3022 1210 3076 enim
1237 3033 1306 3076 est
1333 3023 1418 3092 qui
1441 3031 1677 3091 operatur
1702 3023 1756 3076 in
1780 3024 1914 3077 vobis

325 3125 372 3169 et
399 3113 525 3169 velle
543 3123 588 3168 et
613 3113 854 3186 perﬁcere
885 3111 1143 3184 (Philipp.
1168 3127 1225 3178 ιι,
1259 3112 1326 3166 19.
1351 3122 1398 3166 et
1429 3111 1552 3181 13);
1584 3113 1664 3167 vel
1694 3114 1834 3168 sicut
1861 3114 1915 3168 in

326 3204 444 3260 aliis
481 3213 536 3258 et
578 3203 806 3256 maxime
846 3201 1032 3272 grmcis
1072 3200 1344 3256 codicibus
1385 3201 1595 3271 legitur,
1628 3211 1674 3255 et
1713 3203 1836 3257 velle
1869 3213 1916 3257 et

327 3295 526 3366 aperari
544 3291 643 3366 (α).
660 3291 849 3347 Videte
877 3291 922 3346 si
949 3307 1053 3346 non
1075 3291 1360 3361 Apostolus
1383 3293 1567 3361 gratia:
1588 3293 1680 3348 Dei
1712 3293 1916 3350 futuros

327 3386 660 3442 adversarios
689 3391 876 3438 sancto
903 3382 1102 3454 Spiritu
1126 3392 1269 3436 tanto
1293 3391 1415 3438 ante
1439 3382 1700 3454 prmiidit,
1723 3394 1779 3440 et
1803 3385 1917 3441 hmc

329 3479 468 3544 duo,
501 3477 552 3531 id
580 3485 695 3543 est,
725 3484 777 3530 et
807 3475 942 3530 velle
976 3464 1031 3529 et
1062 3473 1302 3544 operari,
1334 3489 1452 3544 qua:
1489 3474 1588 3529 iste
1629 3475 1698 3529 ita
1734 3482 1915 3529 nostra

329 3585 450 3624 esse
476 3568 664 3634 voluit,
695 3574 940 3636 tanquam
972 3566 1082 3636 ipsa
1109 3564 1302 3618 divinae
1327 3563 1510 3635 gratia:
1536 3580 1640 3620 non
1667 3565 1920 3636 adjuven—

330 3668 417 3714 tur
445 3659 663 3724 auxilio,
693 3658 859 3714 Deum
891 3658 943 3712 in
973 3657 1128 3713 nobis
1155 3657 1288 3712 dixit
1315 3659 1544 3726 operari.

401 3749 625 3806 CAPUT
645 3747 729 3804 Vl.
752 3778 818 3789 —
834 3748 889 3805 7.
909 3747 1092 3817 Neque
1114 3747 1236 3802 hinc
1252 3746 1492 3818 Pelagius
1513 3747 1752 3804 incautos
1773 3747 1922 3804 fallat

329 3856 384 3901 et
414 3846 700 3914 simplices,
731 3844 812 3899 vel
844 3844 1000 3897 etiam
1032 3859 1090 3898 se
1121 3842 1314 3912 ipsum,
1340 3842 1590 3912 quoniam
1615 3857 1734 3898 cum
1759 3842 1922 3898 dixis-

332 3949 437 4008 set,
475 3957 493 3992 ι
529 3938 672 4009 Ergo
705 3938 757 3990 in
787 3937 1057 3989 voluntate
1086 3942 1140 3988 et
1167 3947 1328 4004 Opere
1366 3934 1506 3988 bono
1535 3933 1652 3988 laus
1691 3933 1921 3988 hominis

333 4040 450 4098 est;
489 4049 510 4084 ι
542 4030 689 4086 velut
717 4027 948 4084 correxit
974 4036 1135 4096 atque
1158 4025 1382 4092 addidit,
1417 4044 1434 4078 ι
1471 4025 1582 4080 lmo
1611 4033 1665 4080 et
1691 4025 1922 4082 hominis

333 4129 390 4177 et
418 4121 532 4176 Dei.
574 4139 593 4172 ι
629 4117 744 4174 Νοιι
775 4117 917 4173 enim
949 4115 1052 4170 hoc
1080 4124 1358 4186 propterea
1388 4114 1551 4180 dixit,
1580 4115 1702 4186 quia
1731 4129 1922 4186 secun-

335 4211 460 4266 dum
489 4226 671 4266 sanam
696 4199 992 4265 doctrinam
1018 4179 1236 4278 intelligi
1264 4205 1449 4274 voluit,
1472 4179 1613 4277 quod
1639 4217 1693 4262 et
1713 4179 1849 4262 villo
1869 4215 1924 4261 et

334 4303 545 4374 operari
577 4305 714 4358 Deus
739 4311 990 4372 operetur
1015 4301 1067 4354 in
1098 4300 1249 4354 nobis
1282 4317 1294 4352 :
1327 4299 1420 4354 sed
1449 4315 1545 4354 cur
1572 4298 1674 4354 hoc
1699 4300 1922 4366 dixerit,

336 4395 466 4448 satis
496 4383 773 4460 evidenter
799 4392 1050 4458 ostendit,
1082 4393 1334 4446 continuo
1361 4391 1746 4462 suhjnngeudo,
1781 4409 1800 4443 ι
1835 4391 1924 4461 qui

339 4487 506 4556 ipsius
529 4475 813 4542 voluntatis
833 4493 887 4540 et
911 4485 1086 4555 aperis
1107 4484 1508 4553 possibilitatem
1532 4484 1698 4540 dedit.
1732 4502 1752 4536 ι
1782 4485 1926 4540 lianc

337 4587 516 4632 autem
540 4576 941 4646 possibilitatem
970 4575 1022 4629 in
1049 4585 1234 4628 natura
1262 4589 1382 4629 eum
1415 4591 1633 4644 ponere,
1661 4576 1728 4630 de
1752 4577 1926 4632 verbis

339 4670 456 4738 ejus
483 4665 846 4738 superioribus
875 4664 1074 4719 clarum
1104 4675 1204 4719 est.
1237 4663 1342 4720 Sed
1384 4680 1449 4719 ne
1490 4665 1616 4719 nihil
1657 4665 1724 4720 de
1759 4666 1926 4736 gratia

337 4759 537 4815 dixisse
562 4757 850 4821 videretur,
878 4754 1152 4825 adjunxit,
1191 4773 1210 4806 ι
1245 4755 1439 4825 quique
1469 4755 1634 4825 ipsam
1661 4758 1928 4828 possibili-

339 4859 502 4907 tatem
523 4850 708 4922 grati:e
729 4864 840 4904 suae
862 4847 1075 4917 adjuvat
1111 4861 1322 4917 semper
1351 4849 1548 4902 auxilio
1578 4866 1592 4902 :
1631 4867 1649 4900 ι
1685 4865 1788 4902 non
1817 4850 1891 4904 ait
1911 4902 1924 4924 ,

338 4942 512 5012 ipsam
540 4941 898 4998 voluntatem,
932 4936 1015 4992 vel
1035 4979 1050 5003 ,
1083 4935 1254 5008 Ipsam
1289 4938 1686 5008 operationem;
1717 4938 1854 5006 quod
1884 4935 1929 4994 si

339 5035 570 5096 diceret,
602 5047 708 5087 non
739 5031 1027 5086 abhorrere
1062 5045 1091 5084 a
1119 5029 1361 5085 doctrina
1395 5031 1686 5101 apostolica
1715 5031 1928 5087 vidente

341 5135 426 5180 tur
457 5144 470 5179 :
502 5125 594 5180 sed
621 5125 722 5190 ait,
758 5141 776 5175 ι
818 5123 984 5192 ipsam
1013 5121 1412 5192 possibilitatem
1434 5163 1450 5190 ,
1486 5141 1504 5174 ι
1531 5121 1660 5176 illud
1686 5122 1930 5177 videlicet

339 5232 406 5272 ex
436 5214 604 5270 tribus
635 5213 775 5286 quod
809 5215 859 5268 in
889 5223 1076 5268 natura
1116 5212 1336 5277 locavit,
1369 5230 1388 5264 ι
1424 5213 1608 5282 gratia:
1636 5227 1747 5267 suae
1775 5213 1928 5282 adju-

345 5316 434 5362 vat
456 5321 666 5375 semper
685 5305 880 5359 auxilio
903 5321 916 5358 :
949 5323 968 5357 ι
997 5312 1052 5383 ut
1071 5304 1271 5358 scilicet
1291 5303 1342 5358 in
1365 5303 1631 5358 voluntate
1651 5311 1706 5358 et
1725 5307 1931 5357 actione

345 5413 448 5455 non
473 5396 592 5452 ideo
614 5397 728 5450 laus
755 5397 824 5450 sit
842 5405 895 5452 et
919 5395 1008 5450 Dei
1029 5403 1083 5450 et
1103 5393 1354 5463 hominis,
1375 5394 1497 5466 quia
1517 5395 1594 5450 sic
1614 5395 1726 5449 vnlt
1751 5395 1925 5463 homo,

344 5497 402 5544 ut
427 5499 599 5542 tamen
632 5489 769 5540 Deus
798 5485 1055 5540 voluntati
1081 5485 1197 5554 ejus
1229 5485 1474 5542 ardorem
1512 5485 1813 5541 dilectionis
1848 5486 1930 5538 in-

343 5579 542 5650 Spiret;
573 5586 626 5631 et
652 5576 729 5629 sic
755 5585 1004 5645 operatur
1031 5575 1192 5631 homo
1211 5617 1226 5644 ,
1259 5586 1316 5631 ut
1347 5587 1522 5633 tamen
1560 5577 1702 5632 Deus
1733 5591 1932 5646 coepe-

405 5691 483 5756 (ct)
510 5697 673 5740 Graece
684 5721 700 5750 ,
722 5695 769 5738 to
789 5686 1024 5752 energch

1549 270 1605 326 S.
1640 263 2008 324 AUGUSTINI
2050 261 2353 321 EPISCOPI

3485 261 3594 320 ssi

2005 389 2174 444 retur,
2204 377 2322 431 sine
2349 374 2502 446 cujus
2533 373 2794 446 adjutorio
2833 375 2956 445 quid
2995 380 3078 430 est
3106 373 3306 430 homo?
3340 373 3434 430 sed
3472 373 3596 430 ideo

2001 467 2066 520 ad
2096 465 2232 522 hanc
2259 464 2469 521 laudem
2497 464 2734 536 adjunxit
2771 473 2824 520 et
2865 465 3028 520 Deum
3051 504 3066 530 ,
3095 463 3220 535 quia
3264 464 3363 519 nisi
3403 473 3589 521 natura

2002 570 2144 614 esset
2169 558 2221 613 in
2249 573 2352 628 qua
2384 573 2481 613 nos
2506 555 2776 623 condidit,
2807 572 2911 628 qua
2945 556 3082 612 velle
3115 563 3169 612 et
3205 553 3593 628 agere‘posse-

2004 662 2143 709 mus,
2175 662 2274 702 nec
2298 647 2578 713 vellemus,
2610 661 2711 702 nec
2738 661 3037 716 ageremus.

2074 738 2126 792 8.
2162 737 2308 793 lianc
2336 746 2512 793 autem
2550 737 2847 792 naturalem
2881 735 3283 807 possibilitatem
3321 739 3463 808 quod
3495 739 3594 792 ad-

1999 828 2172 898 juvari
2204 829 2296 882 Dei
2323 829 2491 898 gratia
2517 827 2820 896 conﬁtetur,
2850 844 2955 884 non
2989 838 3072 886 est
3114 830 3200 886 hic
3238 840 3480 902 apertum
3512 833 3595 886 vel
3680 823 3692 830 ’

2005 935 2161 989 quam
2189 920 2331 976 dicat
2355 921 2609 990 gratiam,
2641 921 2724 976 vel
2754 930 3017 990 quatenus
3040 938 3102 978 ea
3132 933 3375 978 naturam
3401 927 3592 982 sentiat

2004 1011 2242 1080 adjuvari
2271 1010 2294 1064 :'
2311 1013 2404 1066 sed
2430 1014 2564 1066 sicut
2589 1014 2704 1067 aliis
2729 1014 2884 1081 locis,
2911 1015 2961 1069 in
2985 1016 3178 1084 quibus
3198 1017 3496 1075 evidentius
3517 1021 3595 1077 lo-

2006 1103 2206 1172 quitur,
2238 1103 2453 1172 intelligi
2483 1110 2675 1172 potest,
2706 1121 2810 1158 non
2840 1105 2952 1160 vult
2972 1107 3116 1162 aliud
3139 1108 3306 1180 accipi
3331 1125 3489 1180 quam
3515 1112 3596 1168 le-

2006 1208 2123 1263 gem
2153 1201 2311 1263 atque
2338 1193 2654 1260 doctrinam,
2685 1209 2787 1266 qua
2814 1197 3072 1253 naturalis
3095 1199 3416 1269 possibilitas
3443 1203 3597 1274 adju-

2007 1294 2179 1340 vetur.
3279 1347 3284 1353 δ

2077 1373 2302 1432 CAPUT
2324 1374 2650 1431 Vlla—Nam
2673 1377 2902 1448 quodam
2927 1377 3047 1436 loco
3066 1381 3176 1436 ait:
3207 1401 3228 1435 ι
3255 1382 3354 1440 ilic
3375 1399 3472 1442 nos
3494 1390 3596 1442 lm-

2009 1463 2316 1535 peritissimi
2357 1465 2629 1522 hominum
2669 1477 2856 1538 putant
2894 1469 3142 1540 injuriam
3181 1471 3378 1530 divinae
3413 1479 3596 1546 gratiae

2009 1552 2212 1625 facere,
2231 1555 2354 1626 quia
2372 1555 2598 1612 dicimus
2618 1573 2735 1614 eam
2756 1559 2874 1616 sine
2896 1561 3166 1618 voluntate
3191 1574 3372 1620 nostra
3399 1579 3600 1637 nequa-

2009 1659 2166 1713 quam
2191 1646 2244 1700 in
2272 1646 2426 1701 nobis
2451 1647 2710 1718 perlicere
2737 1653 3070 1708 sanctitatem
3096 1673 3110 1708 :
3137 1657 3286 1726 quasi
3313 1660 3450 1714 Deus
3473 1675 3598 1730 gra-

2012 1734 2098 1790 tia:
2126 1749 2235 1791 sua:
2263 1737 2460 1809 aliquid
2487 1738 2842 1810 imperaverit,
2869 1753 3052 1798 etnon
3079 1745 3184 1799 illis
3211 1747 3402 1816 quibus
3430 1750 3599 1818 impe-

2013 1825 2166 1890 ravit,
2186 1826 2344 1884 etiam
2365 1829 2549 1898 gratia:
2567 1845 2676 1885 sua:
2695 1831 2952 1888 auxilium
2973 1835 3355 1905 subministret,
3380 1849 3436 1894 ut
3455 1841 3596 1911 quod

2014 1929 2110 1984 per
2134 1914 2359 1971 liberum
2401 1917 2644 1975 homines
2667 1919 2842 1978 facere
2863 1923 3118 1993 jubentur
3145 1927 3443 1996 arbitrium,
3473 1931 3600 1987 faci-

2015 2005 2114 2059 lius
2143 2016 2356 2075 possent
2382 2009 2602 2080 implere
2631 2028 2724 2082 per
2748 2015 2994 2083 gratiam.
3025 2035 3045 2069 ›
3076 2016 3143 2095 Et
3163 2027 3410 2090 tanquam
3431 2023 3600 2092 expli-

2015 2107 2228 2152 caturns
2247 2114 2404 2168 quam
2426 2100 2563 2157 dicat
2586 2105 2832 2174 gratiam,
2859 2115 3072 2163 secutus
3089 2109 3348 2179 adjunxit,
3371 2112 3557 2168 dicens
3580 2131 3594 2170 :

2023 2205 2042 2240 ι
2073 2188 2240 2257 Quam
2273 2207 2368 2247 nos
2398 2209 2503 2248 non
2523 2234 2538 2261 ,
2571 2203 2628 2249 ut
2665 2205 2720 2250 tu
2755 2207 2942 2266 putas,
2972 2198 3026 2254 in
3057 2199 3171 2271 lege
3203 2205 3595 2273 tantummodo,

2015 2277 2110 2332 sed
2149 2287 2204 2334 et
2241 2279 2290 2333 in
2329 2281 2420 2336 Dei
2455 2297 2574 2338 esse
2610 2284 2874 2356 adjutorio
2911 2288 3249 2346 confitemur.
3285 2311 3306 2345 ι
3335 2293 3465 2362 Quis
3492 2311 3599 2352 non

2019 2367 2104 2423 hic
2121 2369 2388 2426 desideret
2415 2381 2473 2427 ut
2496 2376 2741 2430 ostendat
2764 2393 2922 2447 quam
2948 2380 3074 2435 velit
3099 2381 3315 2454 intelligi
3340 2386 3601 2454 gratiam?

2017 2457 2242 2529 Propter
2261 2460 2361 2516 hoc
2379 2461 2520 2517 enim
2545 2465 2773 2522 maxime
2792 2467 2858 2523 de
2881 2469 2974 2524 illo
2992 2482 3302 2542 exspectare
3321 2475 3598 2546 debemus,

2015 2560 2076 2606 ut
2099 2551 2239 2608 dicat
2269 2554 2369 2609 hoc
2394 2554 2536 2626 quod
2562 2557 2691 2612 dicit
2711 2559 2750 2626 ί,
2783 2575 2888 2616 non
2919 2562 2971 2617 in
3001 2562 3118 2633 lege
3149 2568 3514 2622 tantummodo
3542 2583 3603 2624 se
3651 2604 3664 2616 -

2015 2643 2236 2712 gratiam
2258 2644 2519 2701 confiteri.
2549 2647 2654 2703 Sed
2675 2649 2830 2704 nobis
2849 2651 2948 2706 hac
2967 2655 3361 2723 exspectatione
3377 2672 3603 2728 suspen-

2016 2733 2125 2800 sis,
2161 2733 2286 2804 quid
2320 2736 2584 2793 addiderit
2622 2739 2899 2796 intuemini
2941 2760 2954 2797 :
2995 2760 3014 2794 ι
3056 2743 3284 2814 Adjuvat
3320 2746 3459 2802 enim
3503 2765 3601 2803 nos

2019 2823 2180 2893 Deus,
2213 2845 2233 2880 ι
2259 2826 2450 2897 inquit,
2477 2847 2498 2882 ι
2528 2845 2621 2899 per
2640 2831 2934 2888 doctrinam
2955 2843 3010 2890 et
3029 2837 3406 2894 revelationem
3427 2854 3598 2909 suam,

2017 2915 2142 2972 dum
2170 2920 2346 2976 cordis
2375 2924 2542 2978 nostri
2569 2925 2752 2980 oculos
2777 2927 2980 2996 aperit;
3012 2929 3138 2984 dum
3169 2931 3341 2996 nobis,
3371 2948 3440 2988 ne
3467 2948 3600 3002 prie-

2017 3011 2259 3067 seutibus
2285 3028 2631 3084 occupemur,
2661 3015 2836 3072 futura
2865 3019 3226 3088 demonstrat;
3252 3022 3377 3077 dum
3406 3025 3599 3080 diaboli

2017 3104 2201 3174 pandit
2227 3106 2470 3173 insidias;
2499 3107 2626 3163 dum
2659 3125 2754 3164 nos
2780 3112 3088 3168 multiformi
3115 3123 3167 3169 et
3194 3115 3438 3170 ineffabili
3458 3115 3601 3172 dono

2016 3196 2200 3264 gratia:
2234 3198 2468 3252 caelestis
2507 3199 2787 3256 illuminat.
2821 3221 2842 3254 r
2878 3203 3076 3259 Deinde
3107 3207 3422 3260 sententiam
3451 3223 3599 3261 suam

2019 3289 2243 3356 quadam
2274 3291 2415 3345 velut
2439 3291 2769 3349 absolutione
2793 3295 3120 3352 concludens
3148 3315 3160 3350 :
3199 3315 3218 3349 ι
3255 3296 3356 3364 Qui
3385 3300 3498 3353 haec
3521 3299 3603 3352 di-

2018 3378 2110 3446 cit,
2145 3396 2166 3430 »
2197 3378 2389 3450 inquit,
2420 3399 2439 3432 ι
2474 3383 2698 3452 gratiam
2730 3385 2822 3439 tibi
2851 3385 3060 3441 videtur
3087 3387 3315 3458 negare?
3344 3389 3423 3443 An
3453 3397 3506 3444 et
3535 3389 3601 3442 li-

2020 3467 2207 3525 berum
2233 3469 2464 3528 hominis
2487 3474 2783 3544 arbitrium,
2806 3486 2859 3532 et
2883 3479 2973 3534 Dei
2992 3480 3214 3550 gratiam
3240 3480 3558 3536 conﬁtetur?
3579 3499 3597 3533 ι

2020 3558 2078 3614 ln
2121 3559 2204 3616 his
2242 3563 2485 3619 omnibus
2521 3580 2625 3620 non
2668 3567 2889 3622 recessit
2914 3583 2944 3622 a
2974 3569 3436 3628 commendatione
3475 3572 3604 3641 legis

2020 3659 2180 3723 atque
2207 3653 2491 3725 doctrinm,
2524 3655 2662 3713 hanc
2694 3673 2813 3715 esse
2847 3660 3182 3732 adjuvantem
3219 3663 3441 3732 gratiam
3479 3663 3606 3718 dili-

2020 3756 2206 3816 genter
2232 3749 2520 3819 inculcans,
2551 3763 2603 3808 et
2628 3753 2728 3810 hoc
2753 3771 3050 3826 exsequens
3071 3756 3208 3827 quod
3234 3755 3602 3828 proposuerat,

2022 3853 2142 3892 cum
2168 3839 2386 3908 diceret,
2417 3862 2435 3896 ι
2467 3844 2561 3900 sed
2592 3847 2643 3900 in
2674 3846 2764 3901 Dei
2793 3862 2912 3902 esse
2935 3848 3198 3920 adjutorio
3220 3850 3552 3904 confitemur.
3582 3869 3602 3902 ο

2024 3927 2261 4002 Denique
2282 3934 2375 3990 Dei
2401 3936 2719 4006 adjutorium
2741 3939 3098 4008 multipliciter
3119 3939 3489 3995 insinuandum
3514 3957 3612 4008 pu-

2025 4025 2185 4092 tavit,
2213 4029 2681 4084 commemorando
2707 4029 3002 4085 doctrinam
3030 4039 3084 4086 ct
3110 4031 3486 4086 revelationem
3507 4071 3524 4098 ,
3555 4041 3609 4085 et

2025 4115 2299 4170 oculorum
2340 4117 2516 4172 cordis
2549 4117 2978 4189 adapertionem,
3009 4128 3064 4174 et
3097 4118 3608 4175 demonstrationem

2026 4203 2344 4273 futurorum,
2369 4217 2421 4264 et
2445 4209 2772 4279 apertionem
2797 4209 3173 4265 diabolicarum
3200 4211 3532 4277 insidiarum,
3557 4221 3610 4266 et

2026 4299 2337 4356 multiformi
2357 4309 2515 4372 atque
2536 4301 2784 4357 ineffabili
2806 4305 2827 4334 ²
2855 4303 2996 4358 dono
3021 4303 3205 4374 gratiae
3227 4303 3461 4358 ctelestts
3490 4303 3614 4356 illu-

2027 4390 2372 4446 minationem
2413 4409 2428 4448 :
2467 4391 2536 4448 ad
2577 4393 2679 4449 hoc
2716 4395 2896 4464 utique
2940 4403 2998 4449 ut
3038 4394 3215 4448 divina
3259 4401 3521 4464 praecepta
3559 4401 3614 4450 et

2029 4483 2286 4550 promissa
2313 4484 2600 4540 discamus.
2633 4485 2748 4542 Hoc
2775 4494 2860 4541 est
2882 4501 3010 4557 ergo
3037 4486 3260 4558 gratiam
3289 4487 3380 4542 Dei
3411 4500 3615 4557 ponere

2031 4573 2083 4627 in
2111 4573 2226 4646 lege
2249 4585 2408 4645 atque
2433 4575 2690 4631 doctrina.

2109 4667 2338 4724 CAPUT
2377 4665 2508 4722 Vill.
2533 4696 2608 4706 —
2627 4666 2681 4723 9.
2707 4665 2842 4722 Hinc
2866 4667 3043 4736 itaque
3066 4674 3306 4736 apparet,
3329 4665 3467 4721 hanc
3491 4681 3616 4721 eum
3671 4673 3678 4678 '

2031 4762 2253 4834 gratiam
2280 4757 2540 4824 confiteri,
2562 4772 2664 4827 qua
2685 4758 3014 4812 demonstrat
3033 4766 3087 4812 et
3108 4757 3309 4812 revelat
3330 4757 3469 4812 Deus
3487 4757 3619 4828 quid

2032 4871 2190 4927 agere
2213 4853 2533 4915 debeamus;
2557 4867 2661 4905 non
2685 4865 2788 4921 qua
2811 4849 2973 4904 donat
2995 4859 3152 4920 atque
3171 4850 3385 4920 adjuvat
3405 4859 3466 4905 ut
3488 4865 3620 4921 aga-

2033 4963 2153 5004 mus
2178 4948 2335 5002 zeum
2363 4945 2428 5000 ad
2452 4944 2554 4999 hoc
2574 4944 2748 5016 potius
2773 4944 2946 4998 valeat
2971 4941 3098 5013 legis
3123 4943 3340 5012 agnitio,
3365 4943 3408 4997 si
3434 4943 3570 5014 grati
3589 4960 3622 4998 e

2034 5038 2173 5094 desit
2192 5035 2488 5106 opitulatio,
2513 5045 2568 5089 ut
2589 5034 2679 5088 fiat
2703 5032 2932 5087 mandati
2960 5031 3340 5102 prmvaricatio.
3366 5030 3464 5086 Ubi
3483 5033 3622 5086 enim

1997 5151 2000 5155 ι
2034 5147 2134 5184 non
2162 5138 2233 5184 est
2261 5127 2363 5193 (ex,
2391 5126 2467 5182 ait
2491 5125 2794 5196 Apostolus,
2827 5139 2916 5178 nec
2946 5123 3291 5193 praevaricatio
3322 5120 3506 5193 (Rom.
3537 5137 3619 5188 tv,

2037 5219 2138 5292 1'5)
2174 5237 2187 5273 :
2219 5227 2301 5284 et,
2333 5217 2795 5288 Concupiscentiam
2823 5213 3128 5282 nesciebam,
3159 5213 3256 5268 nisi
3285 5215 3369 5267 lea:
3399 5213 3619 5280 diceret,

2037 5311 2158 5366 Non
2203 5309 2522 5381 concupisces
2547 5307 2655 5379 (Id.
2687 5323 2782 5370 vn,
2809 5306 2888 5380 7).
2916 5307 2994 5360 Ac
3022 5321 3117 5376 per
3140 5304 3262 5372 hoc,
3289 5320 3458 5375 usque
3484 5305 3622 5360 adeo

2036 5403 2176 5460 aliud
2204 5412 2286 5458 est
2314 5404 2426 5466 lex,
2453 5401 2596 5455 aliud
2624 5410 2705 5455 est
2728 5400 2926 5470 gratia,
2957 5406 3018 5452 ut
3043 5398 3126 5453 lex
3156 5413 3260 5452 non
3290 5397 3460 5451 solum
3489 5397 3621 5454 nihil

2035 5495 2224 5568 prosit,
2248 5508 2429 5548 verum
2449 5492 2607 5546 etiam
2637 5489 2920 5560 plurimum
2945 5487 3104 5556 obsit,
3135 5487 3237 5543 nisi
3265 5486 3477 5557 adjuvet
3500 5501 3622 5558 gra-

2103 5627 2120 5693 ξ
2145 5623 2518 5693 cygirannensis
2533 5629 2638 5693 tis-3
2663 5619 2780 5684 quid
2803 5619 2941 5693 dici."
2967 5681 3003 5693 ..
3027 5678 3071 5693 ..

2101 5690 2123 5722 ²
2145 5678 2246 5735 Αἱιί
2271 5691 2369 5746 ειη,
2389 5689 2438 5737 et
2459 5678 2798 5746 multifariam:
2813 5689 2858 5732 et
2879 5678 3184 5746 ineﬂ'cbitcm.
