4032 6178
295 344 395 399 56?

291 459 516 526 gebatur
536 500 550 523 ,
583 459 832 528 quamdiu
864 457 1021 512 homo
1047 457 1163 527 ejus
1190 457 1412 514 interior
1450 459 1516 514 de
1547 459 1632 513 die
1663 459 1714 513 in
1738 457 1880 513 diem

293 550 650 605 renovabatur
676 551 744 623 (ll
773 549 893 606 Cor.
937 566 984 602 tv
1010 593 1024 612 ,
1063 548 1149 621 16)
1176 591 1188 612 ,
1225 547 1546 617 perﬁcienda
1575 549 1692 603 sine
1717 547 1880 602 dubio

297 641 385 696 ubi
419 641 528 711 jam
559 657 664 697 non
711 648 893 710 posset
932 639 1123 694 inflari.
1168 639 1316 694 'l‘unc
1357 647 1535 694 autem
1577 653 1728 693 mens
1767 639 1883 708 ejus

297 731 471 787 adhuc
503 741 615 788 erat
655 732 743 786 ubi
781 729 1058 786 inﬁaretur
1095 730 1458 802 magnitudine
1502 729 1878 795 revelationis,

297 821 468 911 donec
498 822 807 924 impleretur
828 822 1000 877 solido
1029 821 1256 877 atdiﬁcio
1293 821 1568 876 cltaritatis
1599 840 1614 876 :
1646 820 1882 875 nondum

295 914 440 968 enim
485 911 845 985 pei‘vcniendo
888 913 1356 985 apprehenderat,
1403 930 1509 984 quo
1555 911 1882 984 proﬁciendo

296 1006 562 1060 currebat.

368 1097 596 1155 CAPUT
633 1098 748 1154 XII.
781 1129 852 1140 -—-
880 1098 966 1154 13.
1002 1096 1232 1169 Ideoque
1258 1097 1455 1154 uolenti
1483 1097 1686 1168 perpeti
1712 1097 1882 1154 mole-

295 1191 452 1246 stiam
476 1233 493 1260 ,
531 1206 633 1262 qua
665 1191 780 1260 eius
810 1191 1150 1246 eohiberetur
1187 1191 1347 1244 elatio
1372 1231 1386 1258 ,
1429 1198 1714 1260 antequam
1743 1199 1888 1245 esset

299 1285 352 1338 in
393 1299 459 1338 co
499 1283 776 1340 charitatis
807 1283 992 1338 ultima
1021 1293 1075 1339 et
1113 1297 1320 1336 smmna
1367 1279 1660 1352 perfectio,
1701 1280 1888 1336 rectis-

299 1379 435 1433 sime
463 1377 686 1444 dicilur,
732 1378 926 1449 Suﬁicit
965 1377 1052 1431 tibi
1091 1376 1257 1447 gratia
1287 1391 1437 1439 mea;
1476 1391 1594 1428 nam
1631 1374 1790 1428 virtus
1831 1375 1886 1427 in

301 1469 595 1536 inﬁrmitate
637 1469 897 1537 perﬁcitur
927 1484 946 1521 :
973 1467 1024 1521 in
1061 1466 1360 1535 inﬁrmitate
1396 1465 1638 1532 scilicet,
1681 1479 1788 1518 non
1831 1471 1888 1518 ut

299 1563 389 1616 ille
422 1565 586 1630 putat,
622 1578 640 1610 ι
678 1560 854 1614 carnis
885 1567 1119 1624 tantum;
1154 1578 1172 1610 ι
1205 1557 1298 1612 sed
1322 1566 1376 1612 et
1399 1557 1575 1611 carnis
1599 1563 1654 1611 et
1681 1553 1885 1611 animi:

301 1651 426 1722 quia
457 1660 510 1706 ct
547 1653 757 1706 animus
802 1660 915 1706 erat
957 1651 1008 1704 iu
1047 1650 1446 1720 comparatione
1486 1662 1709 1704 summa:
1747 1647 1889 1703 illius

299 1741 644 1811 perfectionis
669 1743 932 1808 inﬁrmus,
963 1742 1068 1808 cui,
1103 1757 1170 1796 ne
1199 1741 1546 1796 extolleretur
1579 1741 1596 1772 ι
1623 1781 1638 1805 ,
1669 1738 1890 1810 proinde

302 1834 548 1888 stimulus
574 1834 769 1900 carnis,
797 1833 1016 1904 angelus
1043 1843 1241 1888 satana:
1273 1831 1667 1903 intelligebatur
1691 1831 1846 1888 datus
1873 1850 1888 1886 :

302 1928 546 1994 quamvis
583 1937 725 1983 esset
753 1928 805 1982 in
831 1928 1125 1983 carnalium
1153 1927 1237 1982 vel
1274 1926 1617 1991 animalium,
1651 1923 1889 1981 nondum

307 2020 712 2094 percipientium
743 2035 864 2091 qum
893 2029 1019 2076 sunt
1057 2019 1289 2090 Spiritus
1319 2019 1411 2073 Dei
1439 2018 1482 2090 (l
1506 2017 1626 2076 Cor.
1657 2033 1694 2074 tt
1713 2058 1730 2086 ,
1759 2018 1886 2089 14),

304 2116 732 2186 comparatione,
767 2113 1123 2168 ﬁrmissimus.
1153 2111 1413 2180 Quocirca
1439 2111 1486 2167 si
1514 2110 1682 2166 virtus
1709 2111 1762 2165 in
1805 2110 1889 2165 in-

305 2205 556 2260 ﬁrmitate
580 2203 874 2275 perficitur,
895 2203 1136 2274 quisquis
1161 2218 1221 2259 se
1248 2217 1352 2257 non
1381 2200 1574 2257 fatetur
1599 2201 1890 2268 inﬁrmum,

296 2310 409 2350 non
439 2295 728 2367 perﬁcitur.
769 2296 895 2352 Ilaec
920 2304 1097 2351 autem
1123 2295 1291 2366 gratia
1322 2310 1425 2366 qua
1461 2293 1629 2349 virtus
1656 2293 1710 2348 in
1741 2291 1892 2348 inﬁr-

303 2391 488 2445 mitate
513 2388 817 2460 perﬁcitur,
855 2386 1258 2457 praedestinatos
1281 2394 1338 2441 et
1374 2383 1668 2440 secundum
1700 2396 1894 2453 propo-

291 2481 464 2536 situm
498 2487 715 2535 vocatos
745 2476 920 2551 (Rom.
946 2493 1062 2544 vin,
1087 2475 1180 2547 28)
1213 2476 1280 2531 ad
1308 2491 1573 2531 summam
1605 2473 1892 2545 perfectio-

297 2584 427 2624 ‘ncm
453 2569 999 2640 gloriﬁcationemque
1043 2567 1300 2638 perducit.
1339 2566 1453 2634 Qua
1483 2566 1651 2638 gratia
1679 2565 1851 2637 agitur
1872 2603 1890 2632 ,

305 2676 410 2715 non
446 2661 619 2716 solum
648 2666 708 2714 ut
747 2656 988 2713 facienda
1031 2657 1339 2718 noverimus
1364 2698 1379 2724 ,
1412 2671 1595 2711 verum
1637 2655 1799 2710 etiam
1837 2663 1896 2710 ut

304 2752 514 2822 cognita
539 2750 827 2816 faciamus;
860 2764 960 2804 nec
989 2748 1163 2804 solum
1191 2756 1250 2803 ut
1277 2745 1543 2818 diligenda
1572 2745 1890 2810 credamus,

303 2859 487 2898 verum
518 2843 676 2898 etiam
708 2849 766 2897 ut
791 2840 997 2897 credita
1023 2839 1326 2912 diligamus.

373 2932 600 2990 CAPUT
639 2929 779 2988 XIII.
825 2961 898 2973 ——
938 2931 1025 2986 14.
1061 2930 1186 2986 [lare
1228 2928 1398 3000 gratia
1440 2927 1486 2983 si
1527 2926 1768 2984 doctrina
1807 2924 1888 2982 di-

305 3022 472 3080 cenda
501 3033 603 3088 est,
630 3031 777 3078 certe
806 3021 884 3076 sic
909 3019 1138 3084 dicatur,
1168 3028 1228 3074 ut
1253 3018 1412 3073 altius
1443 3028 1498 3073 et
1523 3018 1748 3074 interius
1773 3031 1892 3072 eam

309 3116 449 3170 Deus
471 3128 592 3168 cum
623 3111 877 3167 ineffabili
899 3111 1160 3166 suavitate
1183 3107 1434 3165 credatur
1461 3107 1762 3176 infundere,
1786 3121 1893 3164 non

304 3205 478 3261 solum
499 3215 598 3276 per
625 3219 719 3260 eos
745 3203 836 3274 qui
863 3202 1104 3274 plantant
1135 3211 1189 3255 et
1213 3199 1389 3270 rigant
1416 3197 1771 3262 extrinsecus,
1797 3197 1894 3254 sed

305 3299 466 3354 etiam
494 3311 592 3366 per
615 3310 674 3351 se
703 3295 876 3365 ipsum
905 3293 996 3364 qui
1022 3292 1409 3347 incrementum
1445 3303 1600 3345 suum
1629 3288 1896 3344 ministrat

307 3385 384 3460 (a)
409 3387 647 3443 occultus
672 3385 718 3456 (I
743 3383 861 3441 Cor.
888 3399 966 3449 ιιι,
995 3383 1073 3456 7),
1099 3383 1168 3439 ita
1188 3389 1248 3436 ut
1270 3396 1372 3436 non
1395 3379 1642 3436 ostendat
1666 3387 1896 3434 tantum-

308 3481 468 3535 modo
495 3477 770 3535 veritatem
791 3519 806 3544 ,
844 3490 1030 3531 verum
1059 3474 1218 3529 etiam
1260 3471 1530 3544 impertiat
1556 3469 1890 3527 charitatem.

307 3573 398 3629 Sic
422 3571 566 3626 enim
596 3569 756 3624 docet
792 3569 934 3622 Deus
973 3580 1068 3622 eos
1095 3565 1187 3636 qui
1226 3563 1519 3620 secundum
1562 3561 1894 3632 propositum

275 3694 284 3700 ~
309 3667 484 3723 vocati
505 3672 648 3726 sunt.
673 3661 834 3719 simul
863 3661 1072 3717 donans
1093 3657 1293 3729 etquid
1313 3665 1473 3728 agant
1495 3655 1653 3721 seire,
1677 3663 1731 3711 ct
1753 3653 1895 3725 quod

310 3761 489 3817 sciunt
524 3771 704 3828 agere.
748 3753 898 3811 Unde
925 3752 992 3808 ad
1019 3750 1526 3808 Tbessalonieenses
1549 3749 1628 3804 sic
1661 3749 1896 3818 Aposto-

311 3852 396 3909 lus
417 3851 652 3922 loquitur
677 3868 692 3904 :
718 3847 798 3903 De
819 3847 1068 3902 charitate
1091 3854 1259 3898 autem
1287 3841 1620 3914 fraternitatis
1643 3857 1744 3895 non
1770 3855 1898 3911 opus

312 3943 506 3999 habetis
525 3941 662 3998 vobis
688 3940 840 3996 scribi
861 3955 880 4004 ;
907 3954 1023 3992 nam
1050 3937 1150 4006 ipsi
1168 3953 1254 3990 vos
1277 3951 1310 3988 a
1335 3933 1442 3988 Deo
1465 3933 1710 3988 didicistis
1735 3941 1790 3986 ut
1819 3933 1899 3986 di-

307 4038 479 4111 ligatis
497 4036 728 4090 invicem.
751 4033 925 4102 Atque
952 4039 1009 4084 ut
1035 4028 1289 4100 probaret
1311 4040 1408 4082 eos
1433 4041 1463 4080 a
1491 4025 1602 4081 Deo
1625 4023 1896 4090 didicisse,

309 4127 581 4200 subjunxit
611 4143 625 4181 :
658 4123 861 4179 Etenim
883 4121 1050 4196 facitis
1069 4120 1200 4175 illud
1220 4119 1272 4174 in
1293 4133 1464 4174 omnes
1484 4119 1685 4190 fratres,
1707 4115 1761 4171 in
1779 4115 1898 4170 uni-

312 4237 453 4276 versa
489 4217 792 4274 Macedonia
831 4215 875 4288 (Ι
903 4214 1079 4269 Thess.
1112 4229 1200 4279 tv,
1231 4213 1300 4280 9,
1331 4211 1442 4284 10).
1484 4211 1760 4281 Tanquam
1799 4210 1901 4266 boc

312 4313 384 4367 sit
409 4309 765 4366 certissimum
791 4307 1043 4363 indicium
1071 4304 1213 4376 quod
1241 4319 1272 4358 a
1303 4304 1416 4359 Deo
1443 4302 1697 4359 didiceris
1721 4345 1737 4370 ,
1761 4303 1808 4358 si
1845 4301 1902 4358 id

311 4405 455 4476 quod
484 4401 737 4458 didiceris
765 4400 977 4454 feceris.
1008 4398 1115 4453 Isto
1143 4397 1302 4452 modo
1343 4405 1466 4452 sunt
1491 4411 1682 4452 omnes
1705 4410 1900 4451 secun-

314 4499 442 4552 dum
488 4493 822 4566 propositum
853 4489 1058 4554 vocati,
1097 4490 1236 4544 sicut
1273 4489 1528 4558 scriptum
1559 4496 1643 4544 est
1681 4488 1734 4542 in
1772 4487 1902 4542 Pro-

313 4588 512 4662 pltetis,
540 4581 780 4640 docibiies
799 4579 896 4637 Dei
927 4578 1079 4653 (Isai.
1107 4595 1212 4644 Ltv,
1243 4579 1344 4644 15;
1373 4577 1531 4633 Joau.
1555 4595 1628 4643 vt,
1659 4578 1774 4646 45).
1798 4577 1902 4645 Qui

311 4687 491 4734 autem
519 4671 902 4745 novitquidem
930 4673 952 4703 ²
984 4669 1126 4742 quod
1157 4669 1275 4724 ﬁeri
1301 4668 1516 4737 debeat,
1545 4678 1600 4724 ct
1625 4684 1732 4724 non
1755 4669 1900 4738 iacit,

317 4771 552 4827 nondum
582 4784 612 4824 a
645 4768 754 4823 Deo
781 4765 966 4822 didicit
991 4761 1283 4820 secundum
1309 4761 1557 4833 gratiam,
1588 4761 1683 4818 sed
1707 4777 1902 4820 secun-

315 4863 444 4921 dum
472 4863 641 4933 legem
668 4875 683 4926 ;
716 4871 822 4914 non
851 4855 1142 4914 secundum
1169 4853 1414 4926 spiritum
1441 4896 1456 4922 ,
1483 4853 1579 4910 sed
1609 4854 1902 4912 secundum

315 4958 569 5013 litteram.
611 4952 864 5023 Quamvis
902 4949 1095 5018 multi,
1136 4947 1277 5018 quod
1304 4947 1531 5018 imperat
1571 4947 1654 5004 lex
1679 4990 1696 5016 ,
1727 4947 1905 5005 facere

316 5047 595 5104 videantur
632 5047 824 5101 timore
853 5057 1028 5114 pana:
1053 5085 1066 5108 ,
1101 5056 1206 5095 non
1233 5054 1418 5095 amore
1450 5037 1672 5110 justitia:
1703 5056 1716 5092 :
1745 5053 1904 5109 quam

317 5136 448 5194 dicit
494 5137 784 5208 Apostolus
825 5134 1086 5206 justitiam
1133 5145 1284 5187 suam
1334 5145 1454 5201 quas
1503 5145 1569 5184 ex
1618 5129 1736 5199 lege
1777 5139 1901 5195 est;

318 5241 568 5300 tanquam
594 5230 662 5284 sit
702 5229 958 5298 imperata
980 5268 996 5294 ,
1026 5240 1132 5280 non
1172 5224 1315 5279 data.
1341 5221 1398 5278 Si
1426 5231 1603 5276 autem
1633 5220 1757 5276 data
1782 5231 1863 5275 est
1885 5263 1900 5288 ,

318 5337 425 5378 non
450 5319 644 5378 dicitur
667 5319 873 5391 justitia
899 5327 1107 5382 nostra,
1149 5314 1244 5370 sed
1290 5313 1382 5370 Dei
1416 5331 1430 5366 :
1462 5314 1584 5384 quia
1613 5313 1691 5367 sic
1719 5313 1780 5367 tit
1804 5327 1902 5367 no-

318 5426 450 5482 stra,
483 5421 542 5467 ut
561 5413 630 5468 sit
660 5411 816 5466 nobis
842 5426 908 5465 ex
939 5409 1068 5464 Deo.
1108 5407 1243 5462 Dicit
1270 5406 1414 5462 enim
1443 5421 1458 5460 :
1491 5403 1561 5461 Ut
1587 5405 1814 5460 inveniar
1849 5404 1906 5459 in

383 5549 398 5578 ¹
422 5550 532 5596 Am.
558 5543 640 5593 Er.
668 5544 808 5605 Lov.,
828 5542 1022 5605 quando
1041 5539 1370 5600 attolleretur,
1397 5540 1530 5601 Πειρη,
1557 5537 1674 5605 quin
1697 5539 1884 5592 extolle-

318 5614 484 5665 rctur;
510 5619 618 5668 pro,
643 5603 720 5654 cui
745 5616 804 5653 ne
826 5601 1157 5668 extolleretur.

380 5671 404 5702 ⁸
431 5663 570 5728 Αῂὺἁ
599 5667 739 5720 l.ov..
767 5663 886 5728 quid
913 5666 1150 5727 estquod.

387 5731 459 5794 (a)
475 5721 635 5794 Morel
649 5721 1147 5794 legendumﬂeenset,
1169 5723 1252 5787 qui
1289 5722 1641 5794 incrementum
1662 5721 1902 5776 submini-

321 5786 460 5848 strat.
496 5789 624 5841 Vide
649 5786 897 5838 lilement.
924 5786 1114 5846 Critic.,
1145 5786 1255 5847 pag.
1285 5787 1388 5834 1.8.

1534 341 1592 399 S.
1634 338 1998 397 AUGUSTINI
2043 333 2344 394 EPlSCOPl

3474 335 3576 392 563

1991 458 2078 511 illo
2105 475 2203 512 non
2230 458 2416 512 habens
2452 475 2611 512 meam
2631 458 2924 530 justitiam,
2956 472 3068 527 qua:
3105 473 3166 511 ea:
3208 457 3314 528 lege
3345 467 3417 511 est
3441 499 3456 524 ,
3485 458 3573 512 sed

1989 567 2100 603 eam
2137 566 2250 620 qua:
2277 566 2340 604 ea:
2366 550 2468 618 ﬁde
2492 560 2565 603 est
2589 549 2713 604 Jesu
2738 591 2753 616 ,
2787 549 3041 619 justitiam
3066 565 3126 602 ea:
3155 547 3262 603 Deo
3309 541 3572 620 (Philipp.

1991 657 2066 708 Ill,
2095 642 2174 714 9).
2203 641 2430 696 Tantum
2454 642 2609 712 igitur
2635 641 2774 696 inter
2801 642 2969 712 legem
2989 640 3150 695 distat
3173 649 3228 694 et
3247 640 3492 710 gratiam,
3517 650 3573 696 ut

1989 747 2108 786 cum
2149 732 2234 787 lex
2262 747 2384 788 esse
2425 748 2532 787 non
2570 732 2841 787 dubitetur
2868 747 2934 786 ex
2963 731 3073 787 Deo
3097 773 3113 799 ,
3151 731 3359 801 justitia
3397 740 3572 788 tamen

1988 838 2108 892 qua:
2135 837 2202 877 ex
2233 821 2350 894 lege
2373 832 2476 892 est,
2503 839 2610 878 non
2635 823 2706 879 sit
2729 839 2795 878 ex
2821 822 2967 889 Deo;
2993 821 3089 878 sed
3109 821 3312 892 justitia
3337 839 3457 894 qua:
3481 838 3577 894 per

1987 915 2210 985 gratiam
2239 925 2676 985 consummatur,
2703 931 2768 972 ex
2803 917 2934 974 Deo.
2965 915 3099 983 Quia
3129 931 3200 972 ex
3229 916 3346 988 lege
3370 917 3572 988 justitia

1989 1005 2203 1074 dicitur,
2244 1022 2364 1076 qua:
2391 1006 2450 1062 ﬁt
2480 1017 2697 1078 propter
2724 1007 2858 1079 legis
2894 1005 3238 1062 maledictum
3268 1008 3286 1039 ¹
3321 1024 3334 1062 :
3371 1007 3574 1079 iustitia

1989 1111 2056 1152 ex
2086 1097 2196 1153 Deo
2220 1098 2433 1166 dicitur,
2471 1114 2590 1170 qua:
2615 1098 2773 1154 datur
2801 1113 2898 1169 per
2919 1098 3105 1169 gratia
3128 1097 3444 1154 beneficium
3471 1116 3486 1164 ;
3520 1107 3577 1153 ut

1991 1203 2098 1244 non
2123 1189 2192 1245 sit
2221 1190 2460 1246 terribile
2484 1232 2499 1258 ,
2533 1189 2625 1246 sed
2653 1206 2817 1247 suave
2843 1187 3176 1258 mandatum,
3216 1191 3356 1246 sicut
3392 1200 3578 1247 oratur

1993 1280 2045 1335 in
2072 1280 2306 1349 Psalmo,
2347 1281 2532 1338 Suavis
2554 1299 2626 1346 es,
2653 1282 2889 1350 Domine,
2919 1292 2966 1338 et
2991 1285 3046 1338 in
3071 1291 3159 1337 tua
3182 1283 3430 1337 suavitate
3456 1282 3579 1338 doce

1991 1386 2070 1424 me
2087 1372 2342 1444 justitiam
2369 1380 2510 1426 tuam
2537 1370 2709 1447 (Psat.
2737 1388 2898 1429 cxvm
2919 1415 2936 1441 ,
2968 1373 3063 1445 68)
3096 1391 3112 1426 :
3141 1373 3194 1428 id
3232 1381 3316 1428 est
3335 1414 3352 1442 ,
3385 1383 3444 1429 ut
3471 1391 3575 1430 non

1993 1461 2276 1518 formidine
2315 1478 2488 1533 poena:
2511 1464 2778 1520 serviliter
2814 1479 2976 1537 cogar
3003 1479 3124 1522 esse
3151 1465 3253 1520 sub
3279 1465 3397 1536 lege
3419 1507 3436 1531 ,
3483 1467 3578 1522 sed

1994 1552 2162 1607 libera
2186 1556 2448 1610 ebaritate
2486 1553 2723 1611 delecter
2743 1569 2867 1612 esse
2908 1571 3030 1611 cum
3065 1556 3202 1628 lege.
3245 1557 3576 1628 Prateeptum

1993 1641 2190 1712 quippe
2231 1642 2366 1699 liber
2410 1643 2554 1711 facit,
2600 1645 2690 1716 qui
2737 1645 2912 1702 libens
2963 1645 3107 1701 facit.
3155 1645 3225 1702 Et
3277 1646 3378 1703 ltoe
3420 1647 3580 1704 modo

1994 1733 2234 1804 quisquis
2272 1734 2468 1804 discit,
2507 1737 2614 1808 agit
2643 1737 2863 1792 omnino
2899 1737 3156 1809 quidquid
3195 1738 3458 1810 agendum
3496 1753 3580 1796 m-

1995 1825 2204 1880 dicerit.

2065 1912 2290 1972 CAPUT
2329 1915 2466 1972 XIV.
2498 1947 2567 1958 —
2599 1919 2685 1974 15.
2715 1919 2794 1974 De
2835 1918 2938 1974 isto
2965 1918 3193 1975 docendi
3230 1919 3390 1976 modo
3416 1921 3578 1977 etiam

1998 2004 2253 2061 Dominus
2277 2007 2383 2075 ait,
2429 2007 2608 2063 Omnis
2633 2009 2722 2081 qui
2747 2009 2941 2063 audivit
2966 2025 3000 2064 a
3031 2007 3188 2064 Patre
3213 2027 3322 2066 meo
3353 2019 3401 2066 et
3439 2011 3578 2066 didi-

1997 2095 2084 2162 cit,
2113 2097 2244 2150 venit
2263 2097 2332 2150 ad
2355 2113 2433 2151 me
2457 2096 2636 2171 (Joan.
2666 2113 2742 2166 vt,
2771 2099 2884 2169 45).
2911 2097 3011 2165 Qui
3039 2113 3168 2171 ergo
3196 2115 3302 2155 non
3332 2116 3575 2169 venerit,

1997 2202 2104 2242 non
2132 2187 2200 2243 de
2227 2188 2319 2244 illo
2345 2198 2492 2245 recte
2523 2189 2720 2245 dicitur
2741 2233 2756 2256 ,
2797 2189 3013 2246 Audivit
3049 2191 3268 2263 quidem
3306 2201 3361 2248 et
3395 2193 3579 2250 didicit

1996 2278 2100 2334 sibi
2127 2293 2248 2336 esse
2278 2279 2597 2336 veniendum
2617 2321 2633 2346 ,
2675 2279 2772 2336 sed
2803 2280 2979 2337 facere
3007 2296 3114 2336 non
3142 2283 3252 2337 vult
3275 2282 3416 2353 quod
3441 2283 3581 2338 didi-

1997 2369 2088 2425 cit.
2124 2368 2356 2426 Prorsus
2382 2387 2490 2426 non
2519 2380 2666 2428 recte
2691 2371 2887 2426 dicitur
2907 2373 2974 2428 de
3003 2373 3106 2428 isto
3131 2373 3358 2430 docendi
3397 2375 3578 2440 modo,

1997 2473 2104 2530 quo
2131 2475 2226 2530 per
2259 2462 2481 2532 gratiam
2508 2461 2668 2518 docet
2711 2463 2868 2519 Deus.
2905 2462 2959 2518 Si
2999 2463 3172 2530 enim,
3197 2464 3334 2520 sicut
3373 2465 3582 2522 Veritas

1997 2551 2268 2622 loquitur,
2311 2551 2486 2607 Omnis
2524 2553 2611 2624 qui
2646 2553 2856 2620 didicit,
2886 2554 3058 2618 venit;
3085 2554 3324 2626 quisquis
3360 2572 3466 2612 non
3493 2574 3584 2614 ve-

1997 2644 2113 2709 nit,
2158 2643 2395 2715 profecto
2424 2660 2524 2700 nec
2555 2645 2758 2700 didicit.
2797 2645 2928 2714 Quis
2965 2655 3142 2701 autem
3179 2662 3285 2702 non
3329 2648 3503 2704 videat
3529 2659 3585 2706 et

1996 2736 2182 2794 venire
2204 2751 2525 2807 quemquam
2564 2744 2619 2792 et
2657 2752 2762 2792 non
2796 2736 2980 2792 venire
3009 2735 3231 2794 arbiti‘io
3256 2739 3583 2797 voluntatis?

1997 2825 2104 2882 Sed
2130 2825 2234 2882 hoc
2256 2827 2534 2882 arbitrium
2561 2836 2736 2898 potest
2771 2843 2892 2885 esse
2921 2827 3096 2884 solum
3121 2869 3137 2896 ,
3167 2830 3212 2886 si
3241 2845 3346 2886 non
3386 2833 3532 2888 venit
3559 2849 3574 2886 :

1997 2933 2104 2974 non
2127 2927 2305 2974 autem
2335 2927 2512 2990 potest
2551 2917 2653 2973 nisi
2682 2917 2920 2989 adiutum
2947 2933 3090 2987 esse,
3120 2920 3165 2975 si
3192 2921 3368 2988 venit;
3409 2932 3463 2978 et
3501 2925 3579 2978 sic

1995 3007 2258 3080 adiutum,
2286 3018 2344 3064 ut
2372 3024 2479 3064 non
2515 3008 2688 3064 solum
2717 3010 2842 3082 quid
2867 3009 3168 3067 faciendum
3193 3012 3264 3068 sit
3296 3013 3450 3081 sciat,
3479 3016 3579 3072 sed

1996 3099 2139 3172 quod
2164 3100 2346 3157 scierit
2381 3100 2543 3158 etiam
2571 3100 2748 3157 faciat.
2789 3103 2866 3158 Ac
2893 3119 2987 3174 per
3013 3102 3118 3160 ltoe
3141 3145 3158 3172 ,
3189 3105 3404 3176 quando
3443 3107 3582 3163 Deus

1997 3190 2155 3246 docet
2175 3230 2192 3259 ,
2223 3206 2330 3246 non
2357 3207 2453 3261 per
2478 3191 2612 3262 legis
2637 3191 2870 3247 litteram
2891 3235 2904 3259 ,
2937 3193 3032 3249 sed
3070 3209 3168 3264 per
3193 3195 3424 3266 Spiritus
3461 3213 3586 3268 gra-

1999 3285 2154 3350 tiam;
2183 3283 2253 3338 ita
2281 3283 2474 3349 docet,
2515 3293 2574 3340 ut
2597 3284 2739 3355 quod
2775 3287 3002 3356 quisque
3031 3285 3296 3354 didicerit,
3335 3305 3441 3344 non
3470 3299 3586 3345 tan-

1999 3383 2112 3428 tum
2137 3373 2510 3444 cognoscendo
2537 3372 2734 3439 videat,
2757 3373 2850 3429 sed
2882 3375 3041 3430 etiam
3073 3375 3302 3433 volendo
3323 3387 3539 3448 appetat
3564 3422 3581 3447 ,

1997 3463 2310 3535 agendoque
2357 3463 2618 3534 perﬁciat.
2669 3462 2739 3518 Et
2784 3464 2887 3520 isto
2927 3464 3110 3522 divino
3150 3467 3376 3523 docendi
3425 3469 3586 3524 modo

1998 3556 2158 3612 etiam
2186 3555 2298 3626 ipsa
2325 3555 2569 3610 voluntas
2595 3565 2648 3610 et
2678 3555 2790 3626 ipsa
2811 3558 3070 3626 operatio,
3101 3574 3206 3613 non
3233 3559 3346 3614 sola
3373 3561 3596 3617 volendi‘

1999 3659 2054 3704 et
2081 3647 2340 3720 operandi
2367 3647 2625 3706 naturalis
2653 3647 2979 3718 possibilitas
3014 3649 3314 3720 adjuvatur.
3353 3649 3410 3708 Si
3440 3653 3585 3708 enim

2001 3739 2174 3794 solum
2205 3752 2362 3809 posse
2387 3747 2628 3794 nostrum
2650 3739 2750 3794 bac
2768 3739 2936 3810 gratia
2956 3738 3255 3810 juvaretur,
3286 3741 3358 3797 ita
3383 3742 3589 3801 diceret

2004 3829 2260 3886 Dominus
2288 3847 2302 3883 :
2334 3829 2520 3885 Omnis
2545 3829 2637 3900 qui
2665 3829 2867 3885 audivit
2907 3844 2937 3885 a
2968 3831 3124 3886 Patre
3156 3841 3211 3887 et
3237 3831 3455 3899 didicit,
3486 3847 3586 3903 po-

2003 3929 2108 3977 test
2132 3921 2315 3977 vcnire
2343 3918 2411 3975 ad
2439 3935 2546 3976 me.
2577 3919 2692 3975 Non
2718 3929 2896 3976 autem
2933 3921 3005 3976 ita
3039 3921 3174 3977 dixit
3203 3940 3217 3977 :
3246 3921 3339 3978 sed
3360 3964 3376 3990 ,
3407 3923 3588 3978 Omnis

2003 4013 2090 4085 qui
2111 4012 2324 4080 audivit,
2354 4011 2543 4083 inquit,
2574 4028 2608 4066 a
2635 4009 2795 4066 Patre
2813 4021 2858 4066 et
2881 4011 3082 4079 didicit,
3103 4014 3233 4068 venit
3260 4013 3328 4068 ad
3357 4030 3454 4069 me.
3483 4013 3588 4070 Vc-

2006 4105 2123 4160 nire
2151 4118 2307 4174 posse
2345 4101 2401 4158 in
2442 4112 2630 4158 natura
2673 4103 2821 4173 ponit
2849 4102 3123 4174 Pelagius,
3168 4104 3251 4159 vel
3286 4107 3445 4160 etiam
3472 4145 3489 4170 ,
3532 4115 3590 4160 ut

2007 4196 2166 4253 modo
2194 4195 2374 4252 dicere
2397 4195 2588 4266 coepit,
2617 4195 2670 4250 in
2701 4195 2888 4266 gratia,
2928 4195 3274 4266 qualemlibet
3299 4210 3420 4251 eam
3463 4210 3589 4252 sen-

2008 4287 2124 4354 tiat,
2153 4305 2172 4339 ι
2201 4301 2302 4358 qua
2326 4286 2459 4356 ipsa,
2489 4305 2508 4338 ι
2545 4293 2603 4341 ut
2626 4285 2773 4351 dicit,
2811 4303 2830 4337 ι
2869 4283 3194 4356 possibilitas
3215 4285 3528 4355 adiuvatur:
3564 4305 3583 4340 ι

2007 4381 2190 4436 venire
2213 4386 2390 4434 autem
2415 4377 2527 4448 jam
2557 4377 2610 4432 in
2638 4377 2912 4433 voluntate
2937 4384 2992 4432 et
3018 4391 3184 4448 opere
3218 4385 3320 4432 est.
3359 4377 3474 4432 Non
3505 4388 3590 4432 est

2007 4480 2184 4526 autem
2209 4483 2544 4541 consequens
2572 4478 2630 4524 ut
2655 4468 2744 4540 qui
2773 4476 2950 4540 potest
2973 4469 3174 4535 venire,
3205 4469 3365 4525 etiam
3391 4461 3592 4538 veniat,

2010 4562 2112 4618 nisi
2135 4562 2186 4617 id
2216 4561 2443 4618 voluerit
2466 4569 2628 4632 atque
2652 4559 2854 4617 fecerit.
2884 4559 2992 4616 Sed
3015 4560 3192 4617 omnis
3213 4561 3302 4632 qui
3345 4561 3530 4618 didicit
3561 4578 3593 4618 a

2010 4652 2198 4720 Patre,
2229 4667 2335 4708 non
2360 4651 2533 4708 solum
2561 4633 2736 4723 pot'est
2763 4650 2981 4720 venire,
3012 4651 3108 4707 sed
3138 4652 3284 4708 venit
3313 4670 3327 4706 :
3359 4653 3447 4708 ubi
3479 4653 3594 4723 jam

2011 4756 2064 4802 et
2093 4745 2463 4817 possibilitatis
2494 4743 2764 4814 profectus
2784 4785 2800 4811 ,
2828 4753 2884 4800 et
2919 4743 3208 4800 voluntatis
3245 4743 3467 4801 affectus
3489 4787 3506 4812 ,
3539 4756 3595 4800 et

2011 4837 2232 4893 actionis
2262 4835 2480 4892 etl‘ectus
2510 4844 2610 4892 est.

2082 4929 2306 4987 CAPUT
2347 4927 2462 4985 XV.
2504 4958 2576 4969 —
2607 4927 2693 4985 I6.
2727 4927 2866 4995 Quid
2909 4929 3010 4984 sibi
3045 4943 3174 5000 ergo
3198 4927 3384 4984 volunt
3409 4943 3594 4984 exem-

2013 5023 2118 5094 pla,
2151 5021 2252 5076 nisi
2277 5020 2399 5091 quia
2428 5035 2613 5076 revera
2647 5019 2800 5074 nobis
2829 5018 2944 5088 ejus
2969 5033 3185 5074 sensum
3210 5017 3468 5084 fecerunt,
3491 5018 3598 5073 sic-

2014 5125 2070 5170 ut
2097 5115 2364 5186 pollicitus
2395 5123 2478 5169 est
2497 5154 2512 5180 ,
2535 5112 2858 5177 clariorem;
2887 5125 2992 5164 non
3020 5119 3072 5164 ut
3094 5125 3156 5166 ea
3176 5111 3377 5164 sentire
3399 5109 3597 5164 debea-

2013 5223 2164 5271 mus,
2196 5205 2288 5262 sed
2329 5216 2390 5261 ut
2425 5205 2474 5260 id
2502 5204 2643 5276 qttod
2684 5205 2798 5274 ipse
2823 5202 3030 5267 sensit,
3072 5201 3407 5257 manifestius
3439 5217 3600 5271 aper-

2016 5299 2222 5369 tiusque
2250 5298 2572 5353 noscamus?
2600 5314 2618 5348 ι
2653 5295 2803 5364 Quod
2831 5304 3148 5364 posmmus,
3184 5311 3205 5347 ι
3237 5293 3426 5364 inquit,
3462 5312 3480 5345 ι
3514 5293 3598 5347 vi-

2013 5393 2143 5447 dere
2171 5390 2371 5455 oculis,
2412 5397 2655 5442 neSIrum
2693 5400 2797 5440 non
2827 5394 2910 5440 est
2942 5403 2956 5440 :
2985 5383 3127 5454 quod
3167 5399 3294 5438 vero
3333 5383 3469 5438 bene
3507 5392 3600 5436 aut

2015 5486 2155 5542 male
2196 5483 2434 5540 videmus
2457 5523 2471 5546 ,
2518 5480 2620 5535 hoc
2659 5488 2902 5534 nostrum
2941 5487 3042 5532 est.
3083 5495 3102 5529 ι
3135 5474 3478 5545 Respondeat
3521 5475 3599 5528 illi

2075 5601 2093 5633 ί
2118 5606 2166 5648 tn
2191 5596 2350 5656 editis,
2370 5594 2489 5657 tegis
2511 5591 2808 5657 mandatum.
2821 5589 2992 5657 _Aptius
3012 5587 3070 5657 ad
3091 5587 3373 5657 antitltesim
3393 5585 3446 5636 In
3468 5593 3599 5657 item,

2012 5646 2362 5725 Cygirannensi
2390 5646 2442 5707 οἷ
2471 5655 2702 5725 ςῑεδαιὶῃο,
2739 5646 3201 5725 tegis'titutedictttiii
3227 5661 3247 5725 ς
3285 5646 3602 5725 quosci‘licet

2015 5708 2366 5834 ﬁvaricatori
2400 5717 2576 5769 malum
2611 5708 2945 5775 denuntiatur,
2971 5713 3035 5761 ita
3053 5719 3107 5762 ut
3141 5712 3205 5762 sit
3227 5708 3449 5762 terribile
3471 5721 3602 5759 msti-

2097 5796 2196 5832 υζιιο
