4032 6178
433 370 539 431 369

436 485 708 550 PSaImus,
741 481 828 536 ubi
859 480 968 535 Deo
994 477 1224 541 dicitur,
1256 475 1429 528 Averte
1462 471 1634 527 oculos
1662 488 1827 536 uicos,
1858 486 1919 523 ne
1942 468 2017 523 vi-

435 579 587 633 deant
609 575 882 631 vanitatem
905 569 1080 643 (Psal.
1110 583 1297 632 cxvm,
1328 566 1439 636 '57).
1470 562 1623 632 Quod
1652 572 1705 617 et
1732 564 1777 616 si
1806 560 1871 616 dc
1896 575 2024 615 ocu-

438 672 501 727 lis
525 668 718 723 mentis
736 666 937 722 dictum
963 671 1062 729 est,
1088 660 1211 717 inde
1232 661 1412 730 utique
1433 655 1673 728 procedit
1693 655 1747 709 in
1775 654 1872 709 hos
1896 667 2022 707 ocu-

439 766 518 821 los
541 762 716 820 carnis
735 804 751 827 ,
782 759 866 814 vel
896 759 1034 814 bene
1062 755 1239 809 videre
1259 794 1275 819 ,
1301 752 1384 807 vel
1412 750 1553 805 male
1582 767 1597 804 :
1629 763 1734 803 non
1764 742 2023 819 quemad—

441 854 655 911 modum
685 852 936 907 dicuntur
968 848 1103 902 bene
1128 844 1311 899 videre
1349 842 1493 897 sanis
1522 839 1692 896 oculis
1707 836 1988 891 intuentes
2008 875 2021 899 ,

439 954 492 1001 et
521 944 659 999 male
681 982 698 1010 ,
730 940 1044 1011 lippientes;
1090 934 1185 991 sed
1214 934 1351 989 bene
1378 931 1561 987 videre
1596 929 1662 983 ad
1706 926 2028 982 subvenien-

440 1037 588 1101 dum,
620 1032 760 1088 male
782 1029 966 1084 videre
994 1027 1059 1082 ad
1085 1020 1590 1093 concupiscendum.
1613 1017 1866 1087 Quamvis
1886 1017 2026 1071 enim

441 1142 534 1197 per
560 1125 660 1180 hos
687 1123 982 1179 exteriores
1010 1117 1194 1174 oculos
1219 1114 1463 1170 videatur
1484 1121 1539 1167 et
1562 1124 1767 1182 pauper
1792 1109 1876 1164 cui
1904 1108 2031 1163 sub-

442 1218 673 1281 venitur,
701 1224 754 1269 et
780 1212 974 1267 mulier
998 1218 1117 1280 quae
1141 1203 1562 1276 concupiscitur;
1596 1213 1773 1256 tamen
1799 1215 1867 1255 ex
1891 1199 2030 1254 intc-

386 1296 411 1365 ἲ
444 1307 672 1362 rinribus
697 1303 764 1358 ad
794 1302 933 1356 male
961 1301 1042 1355 vel
1069 1301 1205 1354 bene
1227 1294 1513 1350 videndum
1549 1290 1917 1347 misericordia
1947 1289 2031 1343 vel

425 1381 608 1452 'libido
639 1393 899 1465 procedit.
944 1389 1053 1446 Cur
1093 1403 1223 1459 ergo
1261 1387 1455 1442 dicitur
1478 1385 1629 1451 Deo,
1661 1383 1839 1437 Averte
1864 1380 2034 1435 oculos

425 1503 580 1546 ,mcos
598 1526 614 1550 ,
649 1501 711 1538 ne
732 1483 935 1537 videant
963 1477 1270 1541 vanitatem?
1296 1476 1405 1531 Cur
1436 1474 1632 1544 petitur
1658 1471 1798 1544 quod
1827 1470 1896 1526 ad
1933 1487 2032 1525 no-

426 1553 612 1631 ‘stram
654 1574 887 1653 pertinet
925 1578 1238 1642 potestatem
1263 1608 1279 1634 ,
1309 1565 1357 1621 si
1394 1565 1534 1621 Deus
1564 1578 1669 1619 non
1696 1562 1910 1635 adjuvat
1937 1576 2035 1616 vo-

453 1667 704 1721 luntatem
724 1664 747 1718 ‘i

519 1753 743 1811 CAPUT
784 1752 928 1808 XVI.
974 1780 1045 1791 —
1092 1751 1177 1805 17.
1226 1766 1244 1800 ι
1288 1746 1442 1816 Quod
1486 1746 1628 1817 loqui
1660 1757 1973 1815 possumus,
2014 1763 2033 1795 ι

455 1844 653 1916 inquit,
703 1862 722 1896 ι
768 1842 862 1897 Dei
894 1849 977 1896 est
1026 1856 1040 1894 :
1084 1838 1223 1909 quod
1249 1853 1375 1893 vero
1409 1837 1546 1892 bene
1580 1834 1667 1890 vel
1694 1834 1831 1889 male
1864 1833 2041 1903 loqui-

456 1952 597 2001 mur,
628 1943 867 1989 nostrum
895 1938 995 1987 est.
1037 1948 1056 1983 ι
1091 1929 1205 1985 Νοιι
1235 1928 1339 1983 hoc
1362 1927 1521 1982 docet
1550 1925 1669 1992 ille,
1698 1925 1786 1995 qui
1812 1924 2044 1994 loquitur

456 2027 607 2082 bene.
643 2023 765 2080 Non
794 2022 925 2078 enim
956 2037 1044 2076 vos
1080 2021 1228 2087 estis,
1260 2018 1460 2090 inquit,
1494 2018 1610 2088 ‘qui
1636 2016 1897 2087 loquimini
1913 2030 1939 2093 ,1
1957 2015 2045 2069 sed

458 2114 681 2185 Spiritus
719 2112 892 2166 Patris
932 2111 1084 2165 vestri
1123 2109 1210 2180 qui
1245 2108 1465 2179 loquitur
1496 2108 1549 2160 iu
1576 2105 1712 2161 vobis
1737 2103 1945 2176 (Matth.
1977 2121 2007 2158 κ
2026 2146 2042 2172 ,

458 2205 570 2279 20).
606 2224 624 2258 ι
656 2204 726 2259 Et
753 2213 809 2259 ut
833 2201 1170 2274 generaliter,
1208 2218 1228 2252 ›
1261 2199 1449 2269 inquit,
1477 2215 1496 2248 ι
1531 2196 1780 2252 universa
1806 2195 2046 2265 comple-

461 2308 609 2364 ctar;
654 2296 795 2367 quod
838 2308 1123 2365 possumus
1162 2308 1323 2347 omne
1362 2292 1564 2347 bonum
1603 2289 1808 2357 facere,
1835 2288 2045 2355 dicere,

462 2390 691 2460 cogitare
719 2428 734 2453 ,
781 2386 923 2440 illius
964 2392 1047 2440 est
1091 2383 1179 2453 qui
1225 2382 1326 2437 hoc
1366 2388 1524 2451 posse
1549 2380 1801 2449 donavit,
1828 2380 1916 2451 qui
1948 2379 2051 2436 hoc

463 2494 618 2550 posse
659 2476 892 2546 adjuvat.
928 2493 947 2528 ι
995 2475 1135 2529 Ecce
1177 2473 1339 2529 etiam
1383 2470 1471 2526 hic
1503 2471 1832 2541 superiorem
1860 2471 2053 2543 repetit

464 2584 679 2625 sensum
703 2610 719 2637 ,
759 2566 901 2639 quod
943 2566 1156 2621 illorum
1192 2565 1354 2619 trium
1378 2604 1393 2631 ,
1431 2563 1484 2620 id
1512 2572 1621 2634 est,
1649 2564 2014 2637 possibilitatis
2033 2608 2050 2634 ,

467 2662 786 2727 voluntatis,
824 2659 1090 2731 actionis,
1131 2656 1344 2717 nonnisi
1386 2660 1707 2731 possibilitas
1751 2660 2051 2731 adjuvatur.

470 2754 706 2829 Denique
731 2753 1046 2828 adjungens,
1074 2763 1132 2810 ut
1159 2755 1377 2826 impleat
1403 2755 1544 2826 quod
1574 2754 1834 2810 intendit:
1859 2774 1876 2806 ι
1901 2754 2053 2829 Quod

471 2865 595 2905 vero
622 2850 795 2915 bene,
824 2867 846 2901 ι
877 2849 1082 2918 inquit,
1114 2866 1133 2901 ι
1165 2849 1246 2903 vel
1277 2846 1519 2918 agimus,
1542 2848 1625 2902 vel
1653 2828 2053 2917 loquimur,‘vel

474 2942 761 3014 cogitamus
787 2981 804 3008 ,
837 2949 1077 2995 nostrum
1107 2948 1208 2996 est.
1248 2958 1268 2992 ι
1301 2940 1506 2995 Oblitus
1535 2946 1618 2994 est
1644 2924 1784 3010 quod
1812 2940 2057 3009 superius

474 3032 617 3101 quasi
645 3037 954 3086 corrcxerat
974 3072 988 3095 ,
1018 3030 1107 3085 ubi
1131 3045 1251 3085 cum
1278 3029 1534 3095 dixisset,
1574 3048 1593 3080 ι
1624 3029 1761 3099 Ergo
1787 3029 1840 3084 in
1864 3029 2056 3084 volun-

479 3132 581 3178 tate
604 3131 660 3178 et
687 3137 850 3192 opere
878 3123 1019 3177 bono
1048 3122 1164 3177 laus
1185 3121 1416 3177 hominis
1436 3129 1557 3187 est;
1593 3140 1612 3173 ι
1643 3121 1883 3192 adjunxit
1902 3130 2059 3193 atque

476 3215 574 3283 ait,
605 3234 625 3268 ι
659 3215 768 3270 imo
791 3223 846 3271 et
872 3214 1137 3281 hominis,
1166 3222 1220 3269 ct
1249 3214 1369 3280 Dei,
1399 3195 1487 3285 (ιῖιὶ
1510 3214 1675 3284 ipsius
1700 3213 1987 3269 voluntatis
2007 3221 2063 3269 et

477 3307 649 3377 operis
676 3305 1077 3376 possibilitatem
1107 3304 1273 3360 dedit.
1304 3324 1323 3358 ι
1358 3305 1464 3360 Cur
1491 3304 1649 3360 etiam
1680 3305 1734 3359 in
1766 3303 1850 3361 bis
1879 3321 2062 3361 exem-

481 3396 581 3466 plis
608 3397 709 3451 hoc
739 3411 844 3452 non
874 3396 1182 3452 recordatus
1212 3403 1293 3450 est
1315 3436 1330 3461 ,
1360 3403 1420 3450 ut
1443 3396 1635 3451 saltem
1665 3396 1716 3449 in
1744 3410 1926 3451 eorum
1958 3396 2063 3452 line

480 3486 707 3554 diceret,
738 3486 889 3555 Quod
919 3501 1199 3558 possumus
1227 3501 1386 3542 omne
1412 3488 1610 3541 bonum
1640 3486 1835 3554 facere,
1864 3488 2061 3555 dicere,

479 3580 743 3651 cogitare,
786 3580 930 3635 illius
971 3588 1054 3635 est
1092 3580 1182 3650 qui
1225 3578 1328 3634 hoc
1365 3592 1527 3649 posse
1564 3578 1812 3646 donavit,
1846 3579 1935 3650 qui
1963 3578 2066 3633 hoc

483 3684 634 3739 posse
675 3669 929 3739 adjuvat;
977 3669 1119 3740 quod
1161 3684 1287 3725 vero
1324 3669 1461 3725 bene
1488 3670 1573 3724 vel
1599 3670 1839 3740 agimus,
1871 3670 1956 3724 vel
1983 3670 2065 3724 lo-

484 3763 725 3832 quimur,
773 3762 854 3817 vel
898 3762 1226 3832 cogitamus,
1274 3769 1329 3816 et
1370 3770 1609 3816 nostrum
1648 3772 1763 3829 est,
1799 3769 1854 3816 et
1885 3762 2066 3818 illius?

483 3851 594 3906 Non
637 3853 740 3907 hoc
776 3852 911 3908 dixit
953 3870 966 3906 :
1011 3851 1137 3919 sed,
1179 3851 1280 3907 nisi
1306 3851 1493 3918 fallor,
1519 3851 1707 3908 videor
1724 3851 1857 3907 mihi
1886 3853 2067 3910 videre

488 3940 608 4010 quid
638 3941 832 3996 timuit.
1148 3999 1153 4003 ,
1472 3971 1484 3981 -

552 4034 776 4091 CAPUT
820 4034 981 4089 XVII.
1009 4063 1083 4076 —-
1119 4035 1206 4090 18.
1251 4035 1384 4091 Cum
1428 4035 1570 4092 enim
1601 4036 1757 4091 vellet
1784 4036 2069 4093 ostendere

489 4139 647 4193 quare
690 4133 931 4180 nostrum
970 4125 1039 4180 sit
1072 4143 1085 4180 :
1129 4144 1147 4178 ι
1191 4125 1324 4194 Quia
1361 4125 1511 4190 btec,
1547 4143 1567 4179 ι
1598 4126 1857 4197 inquit”
1892 4128 2067 4182 omnia

489 4223 692 4273 vertere
729 4210 890 4270 etiam
934 4215 987 4270 in
1029 4215 1229 4270 malum
1270 4228 1572 4286 possumus.
1616 4234 1635 4268 ι
1678 4215 1971 4286 Illud‘ergo
2000 4220 2072 4270 ti-

490 4307 645 4373 muit,
686 4315 748 4361 ut
772 4321 880 4362 non
905 4305 1140 4373 diceret,
1172 4314 1226 4361 et
1254 4316 1497 4361 nostrum
1525 4315 1608 4362 est
1634 4314 1688 4361 et
1716 4307 1844 4372 Dei,
1876 4320 1945 4362 ne
1971 4307 2071 4363 sibi

489 4397 932 4467 responderetur,
963 4396 1019 4453 Si
1042 4397 1184 4469 quod
1213 4398 1351 4453 bene
1376 4397 1583 4468 agimus
1605 4438 1619 4462 ,
1638 4396 1952 4468 flroquimur,
1983 4413 2075 4454 co-

460 4490 712 4574 ‘gitamus
732 4530 749 4557 ,
797 4489 916 4545 ideo
954 4497 1037 4546 est
1068 4499 1123 4545 et
1153 4499 1389 4546 nostrum
1418 4499 1473 4544 et
1498 4489 1590 4545 Dei
1610 4529 1626 4555 ,
1660 4490 1782 4560 quia
1808 4491 1896 4546 ille
1921 4490 2073 4547 nobis

482 4582 588 4636 hoc
628 4596 786 4653 posse
816 4582 1072 4649 donavit;
1101 4597 1228 4653 ergo
1257 4590 1312 4637 et
1338 4581 1479 4653 quod
1506 4581 1705 4637 malum
1730 4583 1965 4654 agimus,
1992 4589 2073 4639 to-

492 4674 699 4741 quimur
717 4714 732 4740 ,
762 4674 1057 4744 cogitamus
1079 4716 1094 4741 ,
1123 4682 1178 4729 et
1206 4683 1446 4731 nostrum
1473 4683 1554 4730 est
1580 4680 1636 4729 et
1662 4673 1776 4742 Dei,
1802 4675 1920 4748 quia
1946 4677 2073 4732 illud

495 4779 644 4832 posse
687 4765 755 4821 ad
798 4776 1081 4837 utrumque
1121 4767 1366 4835 donavit,
1407 4777 1567 4838 atque
1592 4771 1661 4825 ita
1685 4813 1699 4838 ,
1732 4771 1871 4840 quod
1898 4772 2071 4838 absit,

494 4857 938 4926 quemadmodum
965 4874 1085 4913 cum
1114 4859 1224 4914 Deo
1251 4859 1530 4915 laudamur
1551 4862 1601 4914 in
1630 4862 1880 4930 Operibus
1899 4862 2072 4929 bonis,

494 4946 568 4999 sic
604 4961 725 5002 cum
766 4948 857 5001 illo
898 4948 1178 5016 culpamur
1219 4948 1275 5002 in
1317 4949 1494 5003 malis.
1532 4950 1861 5007 Possibilitas
1883 4952 2076 5022 quippe

496 5034 614 5103 illa,
662 5052 822 5107 quam
868 5036 1044 5105 dedit,
1092 5046 1196 5091 tam
1245 5052 1341 5094 nos
1385 5038 1510 5094 facit
1549 5041 1685 5095 bona
1725 5056 1881 5111 posse
1916 5057 2073 5116 quam

494 5127 648 5179 mala.

560 5216 787 5274 CAPUT
816 5217 1004 5273 XYlll.
1032 5248 1105 5260 --
1128 5219 1211 5275 19.
1245 5220 1320 5276 De
1337 5234 1438 5290 qua
1460 5221 1814 5291 possibilitate
1835 5222 2077 5293 Pelagius

495 5307 545 5362 in
566 5309 704 5364 libro
725 5310 899 5379 primo
921 5326 1021 5380 pro
1041 5310 1234 5367 Libero
1256 5312 1490 5367 Arbitrio
1515 5314 1586 5368 ita
1612 5314 1846 5383 loquitur
1874 5334 1885 5369 :
1922 5336 1941 5368 ι
1971 5316 2078 5370 lla-

496 5398 675 5457 bemus
713 5409 926 5469 autem,
977 5421 996 5456 ι
1044 5403 1244 5474 inquit,
1299 5422 1316 5455 ι
1367 5404 1767 5475 possibilitatem
1809 5406 2079 5477 utriusque

497 5493 717 5560 partisa
749 5491 862 5549 Deo
891 5493 1135 5559 insitam,
1163 5496 1307 5549 velut
1329 5497 1609 5565 quamdnn
1631 5538 1645 5563 ,
1681 5507 1736 5551 ut
1767 5498 1833 5551 ita
1862 5498 2033 5554 dicam
2061 5540 2074 5562 ,

497 5583 728 5639 radicem
767 5583 1092 5639 fructiferam
1121 5595 1278 5656 atque
1307 5586 1580 5641 fecundam
1604 5628 1618 5651 ,
1650 5604 1768 5657 qua:
1796 5604 1858 5641 ex
1889 5589 2076 5643 volun-

497 5696 971 5821 fﬂ(algipfzttnensis
1012 5707 1112 5757 Μελ,
1150 5697 1231 5761 qui
1267 5698 1496 5749 [00ittill'i8
1533 5698 1664 5757 larua,
1712 5710 1804 5751 \‘on
1849 5701 1976 5753 enim
2002 5714 2080 5752 eos

526 5771 534 5786 ι
606 5794 621 5818 ,
647 5773 692 5807 tu
808 5797 813 5808 .

526 5771 621 5818 ιρις,
647 5771 813 5818 inquit.

1597 356 1797 414 LIBER
1837 355 1926 412 DE
1967 351 2220 410 CRATIA
2261 349 2549 409 CHRISTI.

3604 348 3711 406 370
3784 346 3795 359 ’

2130 475 2236 522 tate
2279 467 2510 523 hominis
2553 467 2762 523 diversa
2798 466 2982 539 gignat
3009 475 3062 524 et
3085 464 3288 539 pariat,
3320 471 3522 537 etqua:
3549 476 3715 535 possit

2129 560 2195 615 ad
2236 561 2435 632 proprii
2482 560 2700 615 cultoris
2734 560 3008 615 arbitrium
3033 602 3048 627 ,
3075 559 3158 615 vel
3191 559 3360 614 nitere
3390 557 3520 612 Ilore
3548 557 3716 611 virtu-

2130 662 2276 717 tum,
2301 652 2380 707 vel
2408 652 2645 707 sentibus
2670 652 2886 706 horrere
2906 651 3174 705 vitiorum.
3206 668 3225 701 ι
3254 649 3353 705 Ubi
3377 664 3481 703 non
3505 649 3719 703 intuens

2129 744 2253 813 quid
2293 744 2570 814 loquatur,
2609 758 2766 798 unam
2804 742 3151 813 eamdemque
3192 740 3420 796 radicem
3447 740 3722 795 constituit

2131 836 2390 892 bonorum
2433 845 2488 892 et
2522 837 2811 901 malorum,
2845 843 3025 890 contra
3057 834 3413 904 evangelicum
3441 831 3719 887 veritatem

2130 930 2534 998 doctrinamque
2577 929 2942 999 apostolicam.
2982 928 3113 982 Nam
3142 936 3196 982 et
3224 926 3478 980 Dominus
3508 940 3610 981 nec
3637 941 3724 979 (ιι-
3751 976 3755 981 .

2131 1023 2317 1075 borem
2356 1020 2549 1075 bonam
2582 1019 2711 1076 dicit
2751 1034 2908 1089 posse
2949 1018 3124 1074 facere
3163 1019 3361 1074 fructus
3388 1018 3592 1083 malos,
3624 1031 3724 1072 nec

2117 1110 2327 1168 malam
2354 1113 2525 1169 bonos
2551 1113 2762 1183 (Matth.
2784 1128 2879 1180 vn,
2898 1110 2985 1181 l8)
3009 1131 3021 1165 :
3041 1120 3095 1167 et
3107 1111 3375 1180 apostolus
3393 1110 3587 1164 Paulus
3603 1124 3724 1163 cum

2135 1203 2262 1260 dicit
2316 1204 2548 1260 radicem
2601 1205 2860 1259 malorum
2915 1203 3151 1258 omnium
3208 1216 3329 1257 esse
3380 1201 3724 1269 cupiditatem

2139 1294 2184 1367 (I
2210 1296 2344 1352 Tim.
2376 1313 2449 1365 vr,
2479 1297 2606 1367 10),
2632 1296 2883 1352 admonet
2909 1295 3091 1365 utique
3119 1292 3338 1364 intelligi
3370 1280 3600 1345 riidieem
3628 1289 3726 1343 bo-

2138 1407 2327 1446 norum
2374 1390 2612 1445 omnimn
2658 1389 2993 1443 charitatem.
3043 1386 3193 1442 Unde
3237 1385 3280 1439 si
3323 1384 3441 1438 dua:
3476 1384 3728 1447 arbores,

2137 1484 2278 1539 bona
2317 1492 2372 1540 et
2408 1483 2545 1537 mala
2573 1524 2589 1549 ,
2629 1480 2736 1535 duo
2776 1489 2900 1535 sunt
2933 1478 3211 1544 homines,
3241 1477 3412 1532 bonus
3440 1484 3494 1530 et
3519 1475 3688 1528 malus
3714 1514 3727 1537 ,

2140 1572 2268 1645 quid
2293 1580 2377 1628 est
2406 1572 2576 1628 bonus
2603 1570 2795 1637 homo,
2825 1569 2924 1624 nisi
2954 1567 3238 1624 voluntatis
3267 1566 3421 1620 bona;
3441 1606 3456 1633 ,
3488 1564 3590 1618 hoc
3609 1572 3693 1620 est
3715 1605 3729 1625 ,

2142 1664 2301 1719 arbor
2325 1662 2520 1717 radicis
2542 1660 2740 1716 bona}?
2768 1669 2822 1715 et
2847 1659 2972 1730 quid
2998 1668 3078 1714 est
3098 1659 3259 1713 homo
3281 1657 3450 1712 malus
3476 1698 3492 1721 ,
3519 1656 3618 1710 nisi
3643 1669 3735 1709 vo-

2143 1755 2361 1812 luntatis
2388 1754 2539 1808 malae
2559 1794 2573 1816 ,
2604 1751 2706 1807 hoc
2733 1759 2815 1806 est
2833 1792 2849 1818 ,
2877 1751 3034 1804 arbor
3062 1748 3254 1803 radicis
3283 1746 3480 1801 malm?
3511 1745 3735 1800 Fructus

2145 1854 2320 1902 autem
2367 1846 2554 1900 harum
2597 1843 2834 1899 radicum
2879 1853 3038 1913 atque
3081 1841 3367 1903 arborum,
3413 1837 3543 1893 facta
3575 1844 3731 1901 sunt,

2146 1937 2285 1993 dicta
2322 1944 2481 2003 sunt,
2522 1924 2748 2006 cogitata
2788 1942 2909 1989 sunt
2931 1975 2944 1997 ,
2977 1949 3095 2002 qua:
3126 1931 3261 1986 bona
3289 1930 3355 1985 de
3386 1929 3522 1984 bona
3549 1929 3737 1982 volun-

2150 2038 2255 2083 tate
2284 2016 2610 2098 procedunt,
2643 2035 2696 2081 et
2724 2026 2861 2080 mala
2885 2025 2951 2080 de
2975 2025 3134 2078 mala.

2219 2120 2443 2176 CAPUT
2483 2117 2626 2174 XIX.
2669 2148 2742 2159 —
2781 2117 2872 2172 20.
2916 2116 3062 2171 Facit
3102 2123 3278 2170 autem
3310 2113 3468 2167 homo
3493 2111 3739 2167 arborem

2150 2213 2379 2279 bonam,
2423 2210 2638 2282 quando
2665 2210 2759 2266 Dei
2784 2209 2973 2279 accipit
2999 2206 3243 2280 gratiam.
3271 2205 3387 2260 Non
3417 2204 3562 2259 enim
3590 2217 3649 2261 se
3677 2217 3742 2260 cx

2154 2306 2295 2360 malo
2334 2305 2530 2360 bonum
2570 2318 2665 2373 per
2706 2318 2764 2357 se
2804 2303 2975 2373 ipsum
3014 2299 3175 2369 facit;
3218 2297 3313 2357 sed
3348 2314 3411 2356 ex
3445 2296 3537 2355 illo
3566 2308 3618 2352 et
3652 2313 3744 2368 per

2154 2396 2306 2451 illum
2334 2406 2389 2451 et
2417 2397 2471 2450 in
2502 2396 2594 2454 illo
2618 2394 2708 2469 qui
2737 2410 2949 2468 semper
2975 2404 3058 2451 est
3085 2394 3259 2449 bonus
3292 2411 3307 2449 :
3336 2408 3434 2448 nec
3463 2400 3663 2447 tantum
3691 2402 3748 2444 ut

2154 2486 2315 2547 arbor
2329 2488 2398 2546 sit
2414 2487 2573 2555 bona,
2588 2488 2681 2545 sed
2697 2489 2854 2543 etiam
2879 2497 2934 2542 ut
2951 2485 3110 2542 faciat
3132 2486 3330 2541 fructus
3351 2484 3537 2551 bonos,
3561 2483 3745 2538 eadem

2154 2584 2325 2657 gratia
2372 2582 2730 2641 necessarium
2774 2589 2856 2636 est
2895 2589 2953 2635 ut
2990 2579 3304 2650 adjuvetur,
3351 2578 3466 2632 sine
3495 2591 3595 2647 qua
3622 2574 3748 2633 boni

2157 2676 2355 2746 aliquid
2380 2675 2551 2733 facere
2572 2688 2677 2729 non
2702 2680 2893 2743 potest.
2928 2670 3043 2739 Ipse
3072 2671 3267 2741 quippe
3290 2669 3340 2721 in
3367 2666 3521 2724 bonis
3543 2665 3750 2724 arbori-

2158 2767 2257 2825 bus
2285 2773 2602 2834 coOperatur
2627 2762 2855 2817 fructum
2876 2803 2890 2823 ,
2922 2761 3011 2832 qui
3038 2770 3091 2815 et
3116 2760 3408 2815 forinsecus
3434 2760 3568 2829 rigat
3593 2767 3752 2827 atque
3827 2812 3840 2825 ,

2159 2856 2355 2913 excolit
2380 2870 2474 2925 per
2501 2853 2795 2925 quemlibet
2821 2853 3120 2906 ministrum
3141 2890 3157 2917 ,
3185 2860 3238 2905 et
3260 2866 3352 2920 per
3372 2864 3431 2904 se
3455 2849 3546 2904 dat
3567 2849 3752 2903 intrin-

2159 2966 2316 3008 secus
2352 2952 2737 3006 incrementum
2775 2947 2821 3018 (l
2844 2945 2972 3001 'Cor.
3019 2961 3105 3011 ιιι,
3141 2944 3217 3017 7).
3266 2943 3457 2998 Malam
3498 2958 3624 2998 vero
3663 2957 3753 2995 ar-

2161 3044 2347 3104 borem
2392 3044 2555 3099 homo
2593 3040 2752 3104 facit,
2793 3037 3007 3109 quando
3048 3052 3111 3093 se
3151 3040 3322 3108 ipsum
3360 3035 3557 3090 malum
3591 3032 3752 3098 facit,

2162 3136 2377 3210 quando
2418 3148 2449 3189 a
2486 3134 2629 3189 bono
2669 3129 3089 3191 inconunutabili
3115 3129 3294 3184 deficit
3328 3146 3343 3183 :
3372 3126 3439 3181 ab
3466 3141 3532 3182 eo
3559 3125 3756 3196 quippe

2164 3231 2402 3287 defectus
2443 3238 2525 3285 est
2550 3227 2700 3299 origo
2728 3225 3016 3295 \vﬁtntatis
3045 3225 3218 3279 make.
3251 3221 3351 3290 Qui
3376 3220 3619 3276 defectus
3648 3233 3753 3279 nan

2165 3325 2322 3379 aliam
2368 3330 2611 3378 naturam
2655 3320 2848 3375 malam
2894 3318 3065 3374 initiat
3103 3317 3120 3347 ¹
3146 3357 3161 3383 ,
3195 3314 3289 3371 sed
3319 3330 3435 3369 eam
3469 3329 3588 3383 qua:
3617 3312 3758 3373 bona

2166 3414 2379 3471 condita
2420 3421 2506 3470 est
2540 3412 2710 3467 vitiat.
2750 3410 2947 3472 Sanato
2976 3417 3154 3464 autem
3181 3407 3308 3462 vitio
3331 3406 3533 3461 nullum
3561 3403 3757 3459 malum

2168 3519 2446 3574 remanet;
2486 3507 2613 3578 quia
2633 3506 2822 3562 vitium
2848 3513 3050 3559 naturae
3079 3501 3292 3574 quidem
3320 3500 3488 3563 inerat
3508 3539 3522 3565 ,
3553 3497 3647 3553 sed
3677 3497 3759 3552 vi-

2170 3601 2297 3663 tium
2327 3608 2513 3656 natura
2539 3613 2644 3654 non
2670 3606 2805 3653 erat.
3702 3656 3705 3659 Α

2240 3692 2463 3749 CAPUT
2503 3691 2622 3747 XX.
2662 3720 2733 3731 —
2771 3689 2861 3744 21.
2906 3688 2998 3744 Illa
3032 3701 3158 3758 ergo
3184 3685 3539 3756 possibilitas,
3570 3698 3677 3738 non
3705 3692 3763 3738 ut

2171 3787 2272 3842 iste
2310 3785 2558 3855 opinatur
2580 3824 2595 3848 ,
2640 3796 2744 3837 una
2783 3780 3077 3850 eademque
3119 3777 3270 3833 radix
3304 3785 3387 3832 est
3420 3776 3682 3831 bonorum
3708 3785 3766 3831 et

2172 3879 2453 3933 malorum.
2499 3873 2783 3931 Aliudest
2823 3873 2965 3930 enim
3007 3871 3238 3927 cliaritas
3278 3868 3426 3924 radix
3456 3869 3718 3925 bonorum
3743 3908 3761 3933 ,

2171 3972 2314 4028 aliud
2356 3969 2615 4041 cupiditas
2657 3967 2810 4023 radix
2854 3966 3155 4029 malorum;
3197 3971 3510 4032 tantumque
3540 3962 3679 4015 inter
3704 3975 3765 4015 se

2173 4062 2462 4128 differunt,
2503 4066 2756 4131 quantum
2795 4057 2963 4111 virtus
3001 4064 3056 4110 et
3096 4054 3300 4109 vitium.
3345 4052 3450 4109 Sed
3495 4051 3650 4121 plane
3675 4050 3763 4105 illa

2175 4153 2504 4224 possibilitas
2528 4151 2804 4220 utriusque
2830 4147 3026 4203 radicis
3044 4154 3128 4201 est
3153 4160 3358 4216 capax;
3387 4145 3509 4216 quia
3539 4158 3646 4198 non
3671 4157 3764 4198 so-

2176 4246 2287 4305 lum
2335 4251 2511 4315 potest
2548 4242 2711 4297 homo
2748 4239 2947 4295 habere
2985 4236 3329 4303 charitatem,
3368 4250 3471 4306 qua
3506 4234 3578 4290 sit
3605 4232 3768 4295 arbor

2176 4339 2315 4392 bona
2340 4376 2355 4403 ,
2402 4335 2495 4391 sed
2545 4340 2723 4404 potest
2761 4332 2921 4388 etiam
2962 4329 3338 4400 cupiditatem,
3379 4341 3483 4397 qua
3507 4326 3577 4382 sit
3607 4324 3770 4378 arbor

2178 4431 2336 4485 uiala.
2386 4427 2492 4483 Sed
2535 4425 2796 4496 cupiditas
2833 4423 3063 4479 hominis
3099 4437 3218 4492 qua:
3245 4420 3429 4475 vitium
3455 4426 3565 4483 est,
3595 4416 3772 4471 homi-

2179 4536 2300 4577 nem
2341 4520 2501 4575 habet
2536 4526 2808 4574 auctorem
2829 4556 2845 4582 ,
2890 4515 2975 4570 vel
2999 4514 3229 4569 hominis
3257 4512 3593 4581 deceptorem
3615 4548 3630 4573 ,
3663 4522 3767 4563 non
3794 4512 3805 4518 “

2180 4613 2412 4668 hominis
2444 4619 2762 4668 creatorem.
2801 4608 2920 4680 Ipsa
2947 4615 3031 4665 est
3052 4607 3193 4663 enim
3218 4602 3622 4675 concupiscentia
3651 4616 3767 4655 car-

2180 4709 2292 4773 nis,
2342 4717 2397 4763 et.
2432 4704 2837 4776 concupiscentia
2879 4702 3179 4764 oculorum,
3228 4708 3277 4753 et
3314 4696 3519 4751 ambitio
3557 4694 3732 4749 surculi
3752 4734 3766 4756 ,

2179 4817 2293 4871 qua!
2332 4814 2432 4854 non
2476 4807 2548 4852 est
2588 4813 2652 4852 ex
2689 4795 2880 4862 Patre,
2919 4793 3006 4849 sed
3032 4809 3095 4848 ea:
3119 4790 3307 4846 mundo
3332 4798 3405 4842 est
3435 4786 3479 4858 (ι
3504 4785 3662 4843 Joan.
3694 4800 3730 4839 ιι
3754 4827 3768 4848 ,

2183 4890 2313 4961 16).
2380 4889 2510 4957 Quis
2570 4896 2746 4943 autem
2800 4885 3043 4948 nesciat,
3096 4879 3283 4937 mundi
3331 4877 3548 4935 nomine
3596 4876 3772 4931 solere

2181 4983 2453 5054 appellare
2521 4966 2902 5050 Scripturam',
2979 4991 3010 5030 a
3078 4974 3278 5046 quibus.
3351 4970 3617 5027 habitatur
3686 4968 3772 5023 hic

2183 5074 2453 5130 mundus?
3400 5096 3407 5101 -

2254 5164 2480 5222 CAPUT
2504 5162 2646 5218 XXI.
2671 5191 2739 5201 —
2757 5159 2847 5214 22.
2870 5156 3112 5213 Charitas
3133 5162 3310 5210 autem
3331 5167 3451 5223 quae
3472 5150 3639 5206 virtus
3659 5156 3770 5210 est,

2184 5273 2249 5313 ex
2272 5258 2381 5312 Deo
2406 5255 2559 5311 nobis
2587 5263 2669 5309 est
2689 5294 2703 5317 ,
2736 5267 2840 5308 non
2868 5266 2933 5306 ex
2958 5248 3142 5314 nobis,
3174 5246 3447 5316 Scriptura
3474 5251 3628 5309 teste,
3651 5256 3771 5311 qua:

2185 5354 2311 5408 dicit
2330 5393 2345 5418 ,
2377 5351 2611 5406 Charitas
2638 5364 2701 5402 ea:
2725 5345 2835 5401 Deo
2858 5352 2966 5409 est;
2990 5352 3037 5398 et
3063 5342 3226 5397 omnis
3249 5343 3335 5410 qui
3355 5338 3552 5410 diligit,
3579 5353 3641 5391 ea:
3659 5332 3771 5390 Bcu

2186 5454 2335 5498 natus
2379 5452 2486 5507 est,
2529 5449 2575 5494 et
2612 5438 2840 5511 cognovit
2876 5435 3078 5504 Deum,
3121 5434 3242 5507 quia
3277 5432 3419 5488 Deus
3451 5429 3671 5485 charitas
3701 5437 3773 5481 es:

2188 5534 2295 5607 (Id.
2341 5549 2395 5587 tv
2416 5575 2431 5597 ,
2480 5534 2510 5585 7
2531 5575 2546 5599 ,
2579 5532 2655 5601 8).
2687 5531 2988 5587 Secundmn
3019 5529 3172 5584 istam
3201 5525 3514 5582 cbaritatem
3534 5563 3549 5586 ,
3581 5517 3773 5574 melius

2187 5625 2496 5693 intelligitur
2520 5623 2719 5678 dictum
2748 5640 2758 5675 :
2790 5621 2888 5689 Qui
2917 5630 3063 5675 natus
3088 5630 3159 5674 est
3187 5633 3248 5672 ex
3274 5616 3412 5683 Deo,
3442 5628 3540 5667 non
3566 5615 3737 5685 patet
3752 5618 3771 5675 ;

2258 5761 2275 5794 ι
2298 5760 2545 5811 Vaticanus
2562 5767 2666 5820 tus,
2691 5753 2891 5808 nuntiat.
