4032 6178
151 399 287 458 οιἹΙ

193 525 269 581 et,
286 511 410 580 quia
439 525 540 568 non
562 515 722 582 potest
749 520 954 578 peccare
977 501 1019 574 (I
1038 501 1192 556 Joan.
1215 514 1292 566 ιιι,
1309 496 1522 566 9).Quia
1546 493 1780 554 Charitas

192 603 484 666 secundum
511 615 670 672 quam
696 606 850 654 natus
874 611 942 652 ex
973 595 1083 650 Deo
1111 601 1212 658 est,
1245 607 1345 646 non
1371 588 1474 659 agit
1494 601 1778 659 perperam,

195 713 289 750 nec
314 695 498 766 cogitat
524 689 715 745 malum
733 687 776 763 (Ι
790 687 907 743 Cor.
940 701 1033 742 xm
1054 727 1069 750 ,
1100 685 1136 744 4
1163 691 1210 738 et
1235 683 1316 752 5).
1343 677 1474 736 Cum
1505 693 1630 748 ergo
1655 691 1783 748 pec-

192 795 281 843 cat
320 783 482 838 homo
499 823 514 850 ,
541 797 646 836 non
672 777 963 846 secundum
988 775 1302 832 charitatem
1324 813 1340 840 ,
1373 769 1468 826 sed
1492 767 1782 824 secundum

193 875 532 946 cupiditatem
561 879 786 942 peccat,
819 871 1108 926 secundum
1138 879 1295 937 quam
1318 877 1423 916 non
1444 869 1526 916 est
1547 867 1700 914 natus
1719 872 1785 912 ex

195 968 308 1023 Deo
337 984 353 1021 :
381 964 630 1037 quoniam
669 963 758 1018 illa
797 959 1118 1033 possibilitas
1141 998 1157 1026 ,
1189 965 1247 1011 ut
1273 955 1471 1011 dictum
1501 958 1586 1008 est
1607 992 1622 1017 ,
1655 949 1788 1004 utri-

194 1070 365 1126 usque
410 1053 604 1110 radicis
643 1062 728 1108 est
769 1066 957 1120 capax.
999 1047 1130 1104 Cum
1163 1060 1292 1116 ergo
1317 1044 1457 1100 dicat
1479 1041 1748 1112 Scriptura
1771 1079 1786 1104 ,

199 1145 434 1202 Charitas
458 1160 520 1198 ea:
542 1141 652 1198 Deo
673 1150 783 1206 est;
809 1140 916 1208 vel,
943 1137 1085 1210 quod
1112 1145 1196 1194 est
1222 1135 1474 1206 amplius,
1501 1131 1638 1187 Deus
1663 1129 1778 1184 clta-
1847 1156 1854 1162 -

194 1239 319 1292 ritas
350 1246 464 1301 est;
489 1249 610 1290 cum
640 1231 978 1303 apertissime
1004 1229 1199 1284 clamet
1220 1226 1455 1283 Joannes
1475 1221 1754 1293 apostolus
1772 1258 1785 1277 ς

198 1327 333 1382 Ecce
362 1327 564 1400 qualem
600 1323 894 1378 charitatem
921 1321 1060 1376 dedit
1087 1320 1230 1374 nobis
1266 1317 1421 1372 Pater
1442 1357 1458 1382 ,
1495 1323 1553 1369 ut
1574 1313 1673 1384 ﬁlii
1697 1309 1792 1365 Dea

197 1433 434 1473 uocentur
460 1425 506 1470 et
531 1414 690 1482 simus
725 1412 769 1484 (I
793 1411 956 1468 Jaan.
981 1427 1073 1478 ιιι,
1107 1409 1160 1480 1)
1197 1426 1210 1463 :
1241 1409 1342 1463 iste
1368 1405 1624 1472 audiens,
1656 1401 1791 1458 Deus

199 1509 426 1562 citat-itas
465 1513 571 1572 est,
612 1519 779 1578 quare
819 1502 994 1562 adhuc
1027 1516 1195 1572 usque
1229 1496 1535 1564 contendit,
1561 1493 1704 1565 quod
1727 1507 1790 1548 ex

201 1599 309 1654 illis
357 1598 525 1654 tribus
565 1593 932 1668 tantummodo
973 1592 1379 1664 possibilitatem
1410 1589 1704 1652 habeamus
1728 1599 1805 1665 ει⁵

205 1693 352 1758 Deo,
403 1692 600 1745 bonam
649 1702 778 1744 vero
815 1687 1145 1742 voluntatem
1185 1683 1488 1754 bonamque
1531 1679 1796 1736 actionem

207 1781 501 1840 habeamus
522 1793 587 1833 ex
618 1775 812 1832 nobis?
841 1775 1003 1845 Quasi
1033 1787 1158 1830 vero
1182 1772 1327 1829 aliud
1356 1773 1426 1827 sit
1449 1771 1587 1827 bona
1613 1767 1799 1824 volun-

208 1882 292 1928 tas
321 1887 478 1942 quam
508 1870 739 1928 Charitas
757 1911 773 1938 ,
801 1883 959 1941 quam
986 1867 1258 1938 Scriptura
1284 1864 1438 1923 nobis
1461 1877 1581 1920 esse
1604 1860 1801 1925 clamat

206 1979 272 2018 cx
303 1962 446 2029 Deo,
468 1969 522 2017 et
544 1975 574 2014 a
602 1959 762 2019 Patre
790 1957 966 2016 datam
994 1965 1052 2029 ut
1073 1955 1164 2012 ﬁlii
1189 1955 1306 2026 ejus
1325 1967 1586 2013 essemus.

285 2053 511 2110 CAPUT
540 2051 707 2110 XXII.
731 2079 806 2094 -ν
830 2049 920 2106 25.
953 2047 1062 2108 Sed
1092 2047 1227 2105 forte
1245 2086 1260 2116 ,
1293 2055 1352 2102 ut
1378 2045 1594 2106 daretur
1617 2040 1770 2098 nobis
1777 2079 1802 2114 ,

211 2145 566 2218 praecedentia
614 2145 805 2202 merita
853 2153 1036 2201 nostra
1082 2141 1326 2199 fecerunt
1369 2157 1383 2195 :
1428 2139 1568 2195 sicut
1604 2137 1706 2192 i'stc
1734 2134 1803 2194 tle

211 2237 382 2305 gratia
426 2237 522 2292 Dei
563 2236 726 2292 sentit
751 2235 803 2290 in
835 2249 902 2290 eo
931 2234 1066 2290 libro
1088 2273 1103 2299 ,
1121 2247 1295 2304 .quem
1317 2229 1386 2286 ad
1413 2243 1620 2286 sacram
1645 2225 1804 2296 virgi-

210 2344 333 2388 nem
359 2327 572 2399 scripsit
599 2325 705 2402 (α),
731 2327 882 2396 cujus
902 2324 1063 2381 etiam
1085 2319 1656 2380 commemorationem
1682 2317 1808 2372 fecit

213 2419 266 2475 in
293 2417 486 2487 litteris
505 2430 640 2488 quas
667 2413 892 2470 Romam
917 2413 1084 2482 misit.
1108 2411 1185 2468 Ibi
1211 2411 1356 2468 enim
1378 2407 1694 2479 interposito
1717 2404 1809 2461 Ja-

213 2507 332 2563 cobi
355 2507 581 2578 apostoli
606 2503 914 2560 testimonio
933 2544 949 2570 ,
979 2516 1084 2572 quo
1109 2502 1218 2569 ait,
1252 2498 1454 2556 Subditi
1481 2505 1632 2552 estote
1660 2495 1806 2561 Deo;

212 2598 429 2652 resistite
451 2601 620 2650 autem
645 2592 847 2650 diabolo
865 2635 880 2659 ,
907 2602 954 2647 et
981 2593 1140 2665 fugiet
1163 2607 1197 2646 a
1220 2589 1358 2646 vobis
1383 2587 1585 2662 (Jacobi
1604 2602 1689 2654 tv,
1713 2583 1804 2658 7);

215 2688 488 2760 subjungit
523 2695 579 2743 et
621 2685 783 2751 dicit,
825 2703 846 2738 s
880 2682 1125 2740 Ostendit
1147 2679 1417 2754 quomodo
1441 2678 1691 2734 resistere
1712 2674 1811 2732 de-

220 2785 444 2837 beamus
461 2765 673 2848 diabolo
691 2818 708 2844 ,
735 2776 783 2834 si
808 2777 990 2847 utique
1011 2774 1212 2830 subditi
1232 2774 1398 2828 simus
1421 2771 1535 2827 Deo
1551 2811 1566 2836 ,
1589 2769 1810 2840 ejusque

165 2901 172 2908 ·
218 2873 462 2943 faciendo
502 2872 828 2928 voluntatem
849 2911 866 2938 ,
891 2869 1124 2924 divinam
1154 2880 1454 2922 mereamur
1477 2862 1730 2936 gratiam,
1757 2867 1812 2916 et

220 2964 428 3034 facilius
449 2964 467 2994 ¹
493 2976 721 3032 nequam
745 2960 988 3030 spiritui,
1013 2957 1185 3014 sancti
1211 2957 1440 3028 Spiritus
1457 2953 1654 3010 auxilio
1679 2951 1814 3007 resi-

218 3067 421 3114 stamus
448 3073 469 3108 ι
515 3051 669 3125 (Cap.
703 3051 820 3122 25).
853 3051 993 3106 Ecce
1021 3064 1180 3121 quam
1205 3047 1382 3106 veraci
1410 3045 1572 3102 corde
1595 3043 1813 3100 damna-

219 3149 298 3203 vlt
337 3145 392 3200 in
429 3141 793 3200 ecclesiastico
813 3140 1017 3212 judicio
1043 3139 1329 3195 Palmstino
1355 3151 1482 3203 eos,
1514 3133 1605 3205 qui
1630 3133 1816 3188 dicunt

221 3237 446 3308 gratiam
474 3233 572 3290 Dei
601 3231 892 3292 secundum
923 3229 1113 3286 merita
1140 3236 1321 3285 nostra
1347 3226 1463 3282 dari
1489 3225 1503 3281 ι
1531 3225 1612 3280 An
1639 3222 1816 3279 adhuc

226 3343 350 3391 eum
389 3325 441 3382 id
479 3324 680 3394 sentire
717 3331 771 3379 et
794 3322 1132 3392 apertissime
1158 3317 1446 3390 praedicare
1471 3313 1817 3372 dubitamus?

225 3418 505 3489 Quomodo
549 3431 678 3488 ergo
721 3429 880 3472 verax
924 3413 1022 3472 fuit
1060 3414 1113 3468 in
1143 3409 1432 3483 episcOpali
1456 3406 1702 3467 examine
1727 3405 1816 3462 illa

227 3509 540 3586 confessio?
571 3512 652 3564 An
680 3507 821 3564 forte
844 3508 955 3578 jam
987 3506 1146 3563 istum
1167 3503 1454 3575 scripserat
1477 3499 1669 3556 librum
1687 3540 1701 3564 ,
1729 3498 1817 3555 ubi

227 3603 567 3676 apertissime
616 3599 748 3658 dicit
792 3599 1016 3672 gratiam
1063 3593 1353 3658 secundum
1401 3591 1590 3648 merita
1639 3598 1818 3648 eastra

227 3697 344 3760 dari
369 3739 385 3766 ,
429 3695 570 3768 quod
611 3695 666 3752 in
711 3692 956 3760 orientali
986 3690 1192 3763 synodo
1219 3689 1334 3745 sine
1361 3687 1464 3743 ulla
1488 3684 1822 3746 recusatione

229 3787 552 3861 damnavit!
592 3785 956 3843 Confiteretur
997 3795 1124 3852 ergo
1172 3779 1251 3836 sic
1293 3793 1354 3834 se
1402 3774 1690 3848 aliquando
1737 3770 1832 3828 te-‘

233 3880 448 3944 nuisse,
493 3876 588 3934 sed
621 3877 732 3948 jam
771 3891 878 3930 non
921 3883 1136 3936 tenere,
1175 3878 1234 3926 ut
1260 3869 1328 3926 de
1355 3868 1686 3925 correctione
1706 3865 1824 3934 ejus

229 3969 565 4042 apertissime
609 3963 986 4040 gauderemus.
1034 3961 1187 4021 Nunc
1231 3975 1360 4016 vero
1407 3974 1528 4016 cum
1572 3956 1649 4012 illi
1687 3955 1826 4010 inter

234 4069 428 4122 thtera
474 4067 530 4116 et
573 4057 676 4114 ltoc
721 4053 908 4112 fuisset
945 4053 1248 4121 obiectum,
1293 4047 1606 4120 respondit:
1643 4065 1663 4098 ‹
1703 4044 1828 4104 ιιωο

238 4161 412 4211 utrum
439 4149 676 4222 Cmiestii
707 4149 848 4224 sint,
877 4147 974 4224 ipsi
1005 4141 1340 4212 viderintqui
1365 4139 1548 4196 dicunt
1565 4152 1628 4194 ea
1653 4135 1827 4193 Coale-

237 4243 324 4312 stii
345 4255 465 4298 esse
491 4259 508 4298 :
535 4253 636 4310 ego
656 4253 783 4295 vero
807 4248 1078 4313 nunquam
1100 4235 1178 4290 sic
1200 4232 1344 4288 tenui
1366 4273 1382 4300 ,
1406 4229 1499 4287 sed
1519 4227 1830 4284 anathema-

237 4329 345 4390 iizo
385 4333 475 4404 qui
514 4333 593 4402 sic
632 4337 814 4387 tenent
853 4325 951 4401 (ὁ).
987 4345 1007 4381 ι
1045 4321 1324 4394 Quomodo
1349 4335 1616 4392 nunquam
1645 4319 1725 4376 sic
1748 4327 1830 4374 te-

239 4425 354 4504 nuit
375 4465 392 4490 ,
439 4421 486 4494 si
520 4421 664 4476 hunc
687 4427 810 4476 ante
837 4417 1149 4474 condiderat
1174 4413 1407 4478 librum?
1435 4414 1538 4467 Aut
1561 4408 1833 4482 quomodo,

170 4553 179 4556 -
240 4499 660 4592 anathematisat
705 4524 798 4576 eos
846 4507 938 4581 qui
988 4507 1068 4570 sic
1122 4514 1339 4570 tenent,
1368 4504 1413 4568 si
1454 4504 1594 4578 hunc
1637 4499 1832 4558 librum

245 4613 432 4690 postea
457 4600 696 4661 condidit
713 4599 740 4654 2
876 4597 879 4599 ’
1036 4651 1042 4658 _

310 4698 402 4756 94.
449 4694 558 4752 Sed
601 4707 672 4750 ne
713 4692 848 4748 forte
885 4685 1242 4760 respondeat,
1287 4685 1356 4739 ita
1393 4697 1454 4738 se
1487 4682 1573 4738 hic
1605 4679 1834 4760 dixisse,

251 4810 270 4850 ι
325 4788 419 4846 Dei
459 4785 701 4846 faciendo
731 4782 1059 4842 voluntatem
1080 4819 1094 4845 ,
1127 4777 1360 4834 divinam
1387 4787 1692 4846 mereamur
1713 4785 1837 4842 gra-

247 4885 374 4944 tiam
395 4923 410 4950 ,
447 4900 468 4936 ι
510 4879 648 4936 sicut
683 4874 932 4952 ﬁdelibus
954 4879 1011 4928 ει
1033 4872 1122 4951 pie
1151 4867 1451 4924 viventibus
1475 4864 1686 4920 additur
1713 4875 1840 4934 gra-

249 4975 317 5028 tia
345 5013 362 5040 ,
392 4986 493 5042 qua
523 4969 780 5029 resistant
807 4964 1018 5021 fortiter
1044 4959 1292 5020 tentatnri
1316 4999 1333 5027 ,
1365 4969 1485 5013 cum
1511 4963 1686 5011 tamen
1717 4967 1842 5025 gra-

249 5067 376 5120 tiam
413 5064 573 5120 etiam
603 5063 850 5138 primitus
877 5057 1244 5128 accepissent,
1275 5059 1334 5106 ut
1358 5050 1452 5106 Dei
1481 5047 1720 5104 mcerent
1745 5059 1842 5102 vo-

253 5162 509 5218 luntatem
559 5173 574 5209 :
622 5170 690 5223 ne
725 5155 861 5219 forte
897 5166 1024 5222 ergo
1050 5149 1120 5204 ita
1147 5143 1492 5216 respondeat,
1523 5141 1624 5196 alia
1649 5138 1716 5194 de
1746 5139 1845 5194 bac

254 5267 312 5304 re
341 5247 504 5304 verba
533 5247 648 5317 ejus
677 5243 920 5315 accipite.
963 5261 984 5296 s
1015 5240 1116 5310 Qui
1154 5237 1362 5301 currit,
1406 5254 1426 5287 ι
1469 5232 1678 5304 inquit,
1725 5247 1744 5282 ι
1778 5227 1846 5284 ad

261 5339 544 5398 Dominum
568 5378 582 5403 ,
612 5345 668 5392 et
694 5336 761 5390 ab
789 5351 855 5390 eo
882 5349 942 5390 se
966 5332 1076 5404 regi
1095 5331 1238 5400 cupit
1259 5369 1274 5396 ,
1297 5327 1350 5390 id
1371 5333 1486 5392 est,
1517 5324 1847 5379 voluntatem

259 5441 412 5492 suam
456 5442 525 5483 ex
561 5427 679 5496 ejus
702 5424 974 5480 voluntate
999 5420 1306 5492 suspendit;
1334 5417 1422 5490 qui
1448 5417 1496 5472 ei
1523 5411 1850 5478 adluerendo

256 5519 485 5592 jugiter,
517 5531 654 5571 unus
673 5555 688 5582 ,
719 5513 1012 5571 secundum
1043 5511 1388 5588 Apostolum,
1418 5523 1540 5564 cum
1566 5519 1631 5563 eo
1658 5504 1715 5560 lit
1741 5503 1848 5574 spi-
1871 5571 1884 5580 .

324 5631 342 5662 ι
365 5634 526 5687 Forte,
553 5632 606 5675 ut
631 5620 842 5687 (acutus.

323 5678 640 5762 (alitpisrt‘ala'
660 5693 737 5736 est
767 5683 828 5732 ad
847 5681 1227 5740 Demetriadem,
1254 5693 1364 5743 qua:
1391 5686 1551 5730 exstat
1585 5678 1633 5728 in
1661 5684 1850 5742 Appen-

263 5746 510 5823 tiic'e'tomi
533 5746 582 5799 3.
747 5798 764 5816 ν.
963 5803 990 5813 Η

430 5813 528 5883 Lib:
553 5810 617 5870 de
637 5812 794 5883 σεξιιξ
815 5800 1024 5888 Pelag",
1049 5815 1097 5852 ιι.
1123 5802 1200 5851 ⁸50.

1431 385 1492 443 S.
1535 376 1896 442 AL’GUSTINI
1938 374 2241 436 EPISCOPI

3373 369 3482 427 373

1889 489 2024 544 ritus
2064 486 2104 560 (ι
2143 486 2260 544 Cor.
2307 500 2397 554 vt,
2441 484 2563 556 I7),
2593 497 2696 538 non
2726 481 2826 536 hoc
2856 481 2957 536 nisi
2983 481 3049 536 de
3077 479 3287 537 arbitrii
3311 479 3478 535 edicit

1891 580 2156 636 libertate.
2205 595 2226 633 ι
2276 575 2462 632 Videte
2507 583 2760 645 quantam
2801 587 2916 628 rem
2957 572 3156 628 dixerit
3195 585 3303 625 non
3326 567 3469 624 effici

1891 670 1993 728 nisi
2035 648 2240 724 aibitrii
2281 666 2562 732 libertate;
2607 679 2670 720 ac
2699 679 2794 736 per
2820 663 2922 720 hoc
2949 663 3065 718 sine
3093 661 3358 733 adjutorio
3385 659 3480 716 Dei

1892 776 1990 816 nos
2015 761 2125 815 Deo
2144 758 2411 815 existimat
2427 756 2702 812 adita-rere
2724 771 2740 822 ;
2773 756 2874 810 hoc
2900 763 2981 810 est
3010 753 3182 821 enim,
3209 771 3229 806 ι
3257 751 3476 811 nonnisi

1892 852 1960 908 de
1997 851 2202 908 arbitrii
2239 849 2485 908 libertate
2517 865 2530 902 :
2565 867 2584 902 ι
2631 859 2688 903 ιιι
2723 862 2843 902 cum
2872 847 3258 902 adlueserimus
3283 860 3349 900 eo
3376 858 3484 900 non

1893 943 2180 1013 adjuvante
2195 981 2210 1007 ,
2244 948 2368 996 tunc
2386 940 2497 1010 jam
2515 940 2766 1012 quoniam
2781 937 3126 1024 adnuimus,
3149 936 3308 992 etiam
3329 933 3481 1006 adju-

1895 1047 2007 1088 vari
2034 1045 2357 1088 mereamur.

1964 1119 2192 1177 CAPUT
2233 1117 2424 1176 XXIII.
2466 1149 2540 1160 —
2572 1116 2824 1188 Sequitur
2865 1116 3006 1172 enim
3041 1125 3097 1172 et
3118 1114 3284 1182 dicit,
3319 1132 3339 1168 σ
3375 1113 3491 1182 Qua

1896 1212 1987 1282 qui
2026 1211 2165 1266 bene
2207 1209 2406 1276 utitur,
2446 1227 2465 1262 ι
2496 1209 2550 1264 id
2579 1217 2660 1264 est
2682 1249 2698 1275 ,
2729 1206 2942 1264 arbitrii
2964 1207 3211 1262 libertate
3234 1205 3324 1276 qui
3351 1205 3492 1261 bene

1898 1303 2097 1368 utitur,
2127 1319 2147 1354 ι
2181 1301 2254 1357 ita
2280 1315 2340 1357 se
2359 1341 2374 1366 ,
2405 1318 2426 1354 ι
2457 1300 2666 1370 inquit,
2700 1316 2721 1351 ι
2752 1307 2920 1354 totum
2941 1297 3101 1353 tradit
3121 1298 3230 1352 Deo
3249 1310 3495 1351 omnem-

1899 1410 2004 1465 que
2049 1408 2200 1448 suam
2245 1391 2533 1448 mortiﬁcat
2572 1391 2902 1448 voluntatem
2927 1431 2944 1457 ,
2995 1398 3052 1444 ut
3088 1405 3209 1445 cum
3236 1389 3493 1460 Apostolo

1901 1485 2071 1556 possit
2107 1485 2306 1551 dicere,
2348 1482 2473 1538 Viuo
2501 1491 2669 1538 autem
2687 1483 2802 1554 jam
2825 1497 2926 1536 non
2950 1497 3063 1552 ego,
3096 1480 3212 1534 vivit
3239 1489 3410 1534 autem
3439 1481 3494 1533 in

1910 1591 1979 1628 ne
2022 1571 2248 1631 Christus
2297 1571 2494 1646 (Galat.
2542 1587 2611 1639 ll,
2649 1570 2745 1642 20)
2779 1588 2796 1627 :
2827 1571 3081 1642 ponitque
3123 1585 3218 1625 cor
3254 1583 3410 1624 suum
3437 1568 3492 1624 in

1900 1681 2062 1725 manu
2115 1665 2246 1731 Dei,
2288 1672 2350 1720 ut
2393 1663 2525 1718 illud
2567 1677 2674 1733 quo
2739 1661 2998 1718 voluerit'
3025 1702 3042 1729 ,
3071 1648 3186 1730 ipse
3208 1659 3436 1715 declinet
3466 1678 3486 1712 ι

1901 1755 2080 1829 (Prov.
2119 1771 2242 1820 ut,
2269 1753 2343 1826 I).
2385 1753 2630 1825 Magnum
2673 1751 2913 1824 profecto
2952 1751 3274 1822 adjutorium
3301 1749 3496 1805 divina:

1901 1847 2084 1916 gratize
2107 1885 2125 1914 ,
2173 1853 2233 1899 ut
2271 1858 2366 1899 cor
2406 1851 2646 1898 nostrum
2673 1857 2778 1913 quo
2806 1840 3035 1896 voluerit
3065 1841 3239 1907 Deus,
3267 1839 3382 1910 ipse
3401 1838 3498 1894 de-

1903 1937 2084 1992 clinet.
2106 1934 2210 1992 Sed
2230 1934 2335 1992 hoc
2354 1942 2460 1990 tam
2485 1949 2736 2006 magnum
2757 1933 3104 2004 adjutorium,
3127 1933 3265 1986 sicut
3285 1933 3382 1988 iste
3402 1931 3497 1988 de-

1905 2028 2029 2098 sipit
2051 2069 2066 2094 ,
2101 2037 2226 2082 tunc
2250 2041 2520 2081 meremur
2542 2066 2560 2094 ,
2583 2039 2702 2080 cum
2728 2024 2848 2081 sine
2869 2024 2976 2078 ullo
2995 2024 3263 2094 adjutorio
3285 2025 3498 2079 nonnisi

1906 2118 1974 2182 de
2016 2116 2219 2174 arbitrii
2264 2115 2507 2174 libertate
2553 2115 2621 2175 ad
2664 2115 2945 2176 Dominum
2993 2115 3296 2182 currimus,
3335 2114 3404 2170 ab
3431 2129 3499 2170 eo

1905 2223 2006 2264 nos
2049 2208 2162 2281 regi
2203 2207 2447 2279 cupimus
2471 2248 2486 2276 ,
2528 2207 2855 2264 voluntatem
2899 2215 3138 2264 nostram
3169 2220 3240 2262 ex
3263 2207 3380 2276 ejus
3405 2205 3499 2260 vo-

1909 2302 2111 2356 luntate
2133 2299 2510 2371 suSpendimus
2531 2341 2550 2369 ,
2573 2301 2729 2370 eique
2755 2299 3084 2357 adhmrendo
3109 2298 3300 2370 iugiter
3317 2335 3334 2366 ,
3360 2313 3499 2355 unus

1907 2407 2029 2446 cum
2057 2391 2149 2447 illo
2173 2389 2439 2447 efﬁcimur
2464 2391 2703 2462 spiritus.
2733 2391 2859 2446 llaec
2886 2389 3094 2447 scilicet
3123 2399 3229 2445 tam
3259 2391 3498 2461 ingentia

1911 2485 2049 2540 bona
2073 2525 2090 2550 ,
2138 2482 2351 2539 nonnisi
2389 2483 2458 2539 de
2494 2483 2740 2550 arbitrii,
2781 2483 3074 2539 secundum
3103 2483 3300 2550 istum,
3326 2482 3500 2538 efﬁci-

1911 2591 2031 2631 mus
2066 2575 2310 2632 libertate
2331 2613 2350 2642 ,
2390 2582 2450 2630 ut
2485 2573 2570 2630 his
2595 2574 3021 2645 prtecedentibus
3046 2575 3254 2640 meritis
3281 2573 3360 2630 sic
3383 2574 3502 2646 ejus

1911 2669 2136 2740 gratiam
2176 2682 2601 2740 consequamur,
2645 2678 2703 2723 ut
2738 2683 2833 2724 cor
2873 2677 3116 2726 nostrum
3147 2683 3252 2739 quo
3277 2650 3508 2724 voluerit

1913 2761 2028 2830 ipse
2061 2759 2314 2817 declinet.
2345 2759 2624 2828 Quomodo
2648 2767 2732 2814 est
2755 2774 2884 2832 ergo
2907 2759 3076 2831 gratia
3101 2799 3116 2826 ,
3144 2761 3190 2814 si
3211 2775 3318 2814 non
3339 2759 3507 2828 gratis

1912 2851 2107 2909 datur?
2145 2851 2417 2923 quomodo
2459 2859 2542 2908 est
2572 2851 2742 2922 gratia
2766 2891 2783 2919 ,
2824 2851 2872 2909 si
2911 2866 2981 2907 ex
3018 2849 3198 2907 debito
3225 2851 3506 2907 redditur?

1914 2945 2192 3014 Quomodo
2233 2960 2418 3001 verum
2459 2943 2591 3000 dicit
2626 2943 2946 3014 Apostolus,
2981 2942 3104 2998 Non
3130 2960 3193 2999 ea:
3220 2942 3390 3008 vobis,
3419 2943 3508 2998 sed

1914 3035 2014 3091 Dei
2046 3035 2236 3090 donum
2263 3043 2338 3091 est
2359 3051 2382 3101 ,'
2409 3050 2511 3090 non
2536 3050 2601 3106 ea:
2623 3033 2886 3105 operibus,
2915 3051 2978 3090 ne
3005 3038 3134 3106 forte
3156 3035 3266 3106 quis
3293 3033 3509 3088 extolla-

1916 3139 2000 3184 tur
2036 3127 2254 3199 (Epltes.
2294 3143 2368 3195 ιι,
2410 3125 2478 3194 8,
2524 3126 2586 3198 9.)
2631 3143 2646 3180 :
2685 3134 2742 3190 et
2764 3125 2954 3182 iterum
2979 3166 2996 3191 ,
3029 3125 3087 3180 Si
3113 3134 3279 3178 autem
3304 3124 3507 3194 gratia,

1917 3221 2114 3291 inquit,
2144 3221 2260 3292 jam
2295 3233 2398 3272 non
2438 3233 2502 3272 ea:
2541 3217 2815 3287 operibus;
2849 3216 3074 3296 alipquin
3095 3216 3259 3287 gratia
3271 3216 3384 3286 jam
3411 3230 3510 3268 non

1917 3320 1990 3366 est
2017 3311 2182 3384 gratia
2211 3308 2386 3382 (Rom.
2421 3323 2480 3364 ιι
2498 3350 2514 3374 ,
2545 3307 2646 3382 6)?
2675 3307 2957 3378 Quomodo
2979 3348 2994 3373 ,
3028 3308 3238 3377 inquam
3259 3348 3274 3372 ,
3300 3305 3400 3360 hoc
3423 3319 3514 3359 ve-

1920 3420 2039 3460 rum
2079 3411 2199 3469 est,
2227 3401 2273 3458 si
2301 3416 2464 3473 opera
2503 3408 2646 3456 tanta
2687 3397 3036 3472 prarcedunt,
3075 3415 3195 3469 qua:
3222 3397 3375 3453 nobis
3400 3395 3513 3450 adi-

1922 3497 2188 3570 piscendte
2219 3495 2402 3568 gratia:
2429 3494 2677 3550 meritum
2703 3493 2900 3548 faciant
2924 3532 2938 3557 ,
2961 3507 3068 3562 quo
3097 3490 3248 3544 nobis
3279 3505 3384 3543 non
3413 3487 3509 3544 do-

1924 3603 2079 3648 netur
2113 3589 2345 3662 gratuito
2367 3627 2384 3656 ,
2431 3586 2530 3643 sed
2575 3585 2830 3646 reddatur
2869 3599 2938 3644 ex
2975 3583 3199 3657 debito?
3227 3581 3435 3650 Ergone
3459 3587 3517 3635 ut

1925 3681 2266 3753 perveniatur
2293 3677 2361 3737 ad
2385 3677 2712 3750 adjutoriurn
2734 3675 2850 3744 Dei,
2879 3674 2945 3730 ad
2967 3675 3133 3731 Deum
3154 3674 3386 3732 curritur
3400 3672 3518 3736 sine

1925 3772 2188 3844 adjutorio
2233 3771 2368 3837 Dei;
2417 3779 2473 3826 et
2515 3778 2574 3826 ut
2614 3769 2725 3824 Deo
2765 3767 3101 3827 adimi-entes
3137 3765 3454 3835 adjuvantur
3485 3779 3517 3818 a

1927 3867 2036 3923 Deo
2055 3907 2071 3932 ,
2097 3879 2128 3920 a
2153 3865 2265 3920 Deo
2292 3878 2402 3918 non
2429 3860 2598 3932 adjuti
2617 3860 2955 3916 adliceremus
2978 3858 3130 3914 Deo?
3153 3856 3288 3932 Quid
3313 3854 3518 3918 homini

1925 3957 2118 4030 majus,
2147 3954 2340 4028 quidve
2369 3953 2474 4009 tale
2493 3952 2689 4023 poterit
2713 3953 2880 4023 gratia
2905 3951 3015 4022 ipsa
3038 3941 3314 4021 praestare,
3341 3947 3385 4002 si
3405 3947 3518 4018 jam

1928 4050 2046 4106 sine
2067 4047 2158 4110 illa
2183 4061 2321 4102 unus
2343 4059 2468 4102 cum
2494 4043 2720 4099 Domino
2745 4041 2965 4113 spiritus
2984 4039 3137 4098 effici.
3145 4041 3317 4112 potuit
3335 4081 3350 4106 ,
3371 4054 3512 4096 non-

1930 4139 2033 4215 nisi
2061 4138 2130 4196 de
2155 4137 2359 4194 arbitrii
2387 4134 2676 4192 libertate"

2000 4229 2224 4288 CAPUT
2261 4227 2454 4286 XXIV.
2479 4225 2661 4283 —25.
2701 4225 2808 4283 Sed
2831 4225 3022 4281 vellem
3054 4234 3112 4279 ut
3154 4223 3255 4280 iste
3289 4223 3518 4290 diceret,

1933 4334 2112 4387 utrum
2138 4339 2234 4380 rex
2265 4323 2352 4377 ille
2390 4321 2677 4393 Assyrius’I
2701 4318 2856 4389 cujus
2885 4316 3083 4372 Esther
3116 4325 3299 4376 sancta
3329 4313 3523 4370 mulier

1933 4414 2316 4480 essecrabatur
2343 4413 2538 4480 cubile,
2565 4410 2778 4484 quando
2797 4409 3109 4466 considebat
3137 4409 3189 4464 in
3219 4407 3412 4464 throno
3441 4420 3526 4460 re-

1935 4507 2024 4578 gni
2055 4507 2159 4572 sui,
2190 4513 2246 4562 et
2269 4503 2418 4560 omni
2445 4503 2581 4558 stola
2609 4499 2978 4558 illustrationis
2999 4515 3108 4556 sua-
3138 4498 3353 4554 indutns
3379 4505 3518 4561 erat,

1939 4607 2082 4660 totus
2126 4611 2260 4654 auro
2303 4596 2537 4652 variatus
2580 4592 2950 4664 lapidibusque
2985 4589 3256 4660 pretiosis,
3306 4597 3362 4642 ct
3409 4595 3526 4648 crat

1941 4689 2318 4748 formidolosus
2342 4687 2520 4754 valde,
2561 4693 2619 4741 et
2658 4684 2862 4741 elevata
2888 4681 3023 4738 facie
3065 4696 3160 4736 sua
3202 4679 3528 4736 inﬂammata

1942 4783 1996 4840 in
2021 4781 2263 4838 claritate
2291 4777 2511 4838 intuitus
2543 4783 2631 4832 est
2656 4790 2801 4843 eam,
2821 4783 3070 4844 tanquam
3102 4779 3284 4826 taurus
3311 4769 3402 4826 in'
3433 4769 3528 4822 ἱιιιο

1943 4884 2068 4950 pctu
2097 4871 2476 4944 indignationis
2504 4884 2650 4935 suae;
2693 4877 2748 4924 et
2774 4867 2950 4922 timuit
2975 4865 3178 4936 regina,
3215 4871 3267 4918 et
3305 4876 3532 4918 conven-

1945 4981 2038 5024 sus
2066 4974 2149 5022 est
2177 4964 2326 5021 color
2349 4963 2466 5033 ejus
2493 4975 2591 5034 per
2618 4959 3044 5024 dissolutionem,
3077 4964 3132 5012 ct
3161 4953 3435 5011 inclinavit
3473 4967 3534 5006 se
3575 4988 3585 4996 .

1947 5073 2108 5129 super
2144 5063 2305 5126 caput
2340 5053 2589 5110 delicatae
2638 5066 2772 5118 suae,
2821 5065 2941 5120 quae
2987 5046 3326 5118 prtecedebat
3367 5059 3484 5100 eam
3509 5083 3526 5107 ,

1948 5149 2142 5206 vellem
2165 5161 2292 5218 ergo
2319 5144 2524 5201 diceret
2551 5143 2656 5210 iste
2685 5141 2858 5208 nobis,
2894 5149 3068 5195 utrum
3099 5153 3194 5193 rex
3221 5137 3312 5192 ille
3334 5134 3401 5190 ad
3431 5133 3536 5188 Do-
3629 5171 3639 5184 .

1950 5242 2151 5298 minum
2184 5238 2293 5311 jam
2322 5244 2653 5301 cucurrerat,
2695 5241 2750 5290 et
2775 5233 2844 5288 ab
2883 5247 2950 5288 eo
2983 5247 3044 5288 se
3081 5231 3195 5302 regi
3235 5229 3535 5299 cupiverat,

1951 5346 2209 5404 suamque
2238 5331 2564 5387 voluntatem
2593 5342 2660 5382 ex
2698 5325 2815 5397 ejus
2843 5326 3117 5379 voluntate
3161 5319 3536 5391 suspenderat,

1953 5437 2008 5484 et
2036 5427 2086 5483 ei
2101 5425 2301 5497 jugiter
2325 5419 2637 5478 inluerendo
2663 5433 2801 5473 unus
2830 5433 2952 5473 cum
2990 5416 3081 5485 illo
3118 5413 3337 5485 Spiritus
3369 5410 3540 5466 factus

1955 5526 2090 5583 erat,
2131 5513 2344 5570 nonnisi
2381 5511 2450 5568 de
2492 5509 2698 5567 arbitrii
2741 5508 3016 5571 libertate;
3065 5514 3239 5560 utrum
3285 5517 3344 5560 se
3373 5509 3542 5558 totum

2021 5675 2037 5706 ί
2066 5669 2336 5734 Apudhwv.
2351 5666 2430 5716 hic
2451 5663 2662 5716 additum
2689 5669 2784 5723 est,
2807 5671 2949 5713 Deus.

2021 5737 2042 5769 ³
2066 5731 2116 5782 tri
2132 5731 2406 5782 Colbertino
2429 5735 2532 5786 Ms,
2559 5739 2806 5778 assuerus.

2026 5797 2046 5827 ³
2067 5795 2150 5867 Hic
2173 5789 2420 5856 particula,
2439 5787 2507 5850 in,
2541 5788 2812 5838 restituitur
2839 5798 2901 5835 ex
2925 5791 3032 5834 Mss.
