4032 6178
339 367 443 425 373

341 482 449 537 Deo
483 475 792 538 tradiderat,
833 481 1152 537 omnemque
1190 477 1338 518 suam
1369 458 1779 515 mortificavcrat
1811 472 1913 509 vo-

341 573 613 634 luntatem,
653 575 706 621 et
749 579 842 618 cor
879 575 1034 616 suum
1075 561 1128 613 in
1171 571 1328 610 manu
1362 554 1450 608 Dei
1483 560 1746 620 posuerat.
1779 549 1913 603 Puto

340 676 446 716 non
473 659 735 726 desipere,
764 653 860 709 sed
884 650 1115 706 insanire
1145 647 1432 710 hominem,
1466 641 1707 712 quisquis
1731 639 1796 695 de
1825 640 1916 693 illo

325 769 488 825 .rrgc,
513 750 684 822 qualis
719 759 844 802 tunc
878 754 1014 808 erat,
1047 744 1160 796 lucc
1201 738 1467 796 senserit:
1499 745 1551 790 et
1577 745 1753 790 tamen
1793 749 1921 786 con-

343 823 502 898 vcrtit
526 843 665 896 Deus
688 847 744 894 et
765 835 1033 894 transtulit
1062 831 1477 902 indignationem
1501 826 1617 898 ejus
1643 825 1696 880 in
1727 823 1920 880 lenita-

347 942 453 987 tem
495 929 702 1004 (Esther
725 943 782 995 ν,
819 941 919 981 sec.
954 921 1142 986 LXX).
1183 921 1314 990 Quis
1353 926 1530 974 autem
1573 931 1679 970 non
1723 913 1920 978 videat,

349 1023 516 1079 multo
543 1019 718 1090 majus
743 1031 888 1084 esse,
921 1014 1335 1084 indignationem
1363 1023 1392 1064 a
1412 1005 1682 1063 contrario
1705 1006 1756 1060 in
1785 1005 1924 1060 leui-

349 1125 512 1172 tatem
539 1119 852 1168 convertere
890 1116 1048 1179 atque
1086 1103 1395 1169 transferre,
1435 1115 1593 1171 quam
1622 1113 1716 1154 cor
1741 1105 1925 1152 neutra

347 1207 628 1262 aﬂ‘crtione
651 1209 1098 1274 pratoccupatum,
1127 1196 1219 1252 sed
1241 1196 1380 1249 inter
1396 1201 1675 1262 utramque
1697 1187 1925 1244 medium

350 1299 406 1354 in
441 1294 639 1367 aliquid
667 1289 976 1349 declinare?
1017 1289 1220 1361 chant
1259 1300 1386 1355 ergo
1427 1291 1482 1338 ct
1507 1281 1820 1349 intelligant,
1849 1277 1930 1367 in:

351 1366 602 1442 tueantur
628 1393 788 1454 atque
811 1381 1092 1443 fateantur,
1119 1391 1223 1432 non
1251 1375 1366 1445 iege
1389 1382 1549 1442 atque
1574 1367 1816 1425 doctrina
1853 1366 1934 1420 in-

353 1487 578 1533 sonante
601 1473 916 1535 forinsecus,
961 1467 1055 1525 sed
1094 1468 1302 1521 interna
1341 1472 1398 1520 et
1435 1461 1663 1526 occulta,
1703 1456 1934 1513 mirabili

355 1582 419 1623 ac
442 1560 695 1620 ineffabili
719 1567 982 1640 poteSIate
996 1555 1206 1626 operari
1235 1555 1398 1610 Deum
1426 1552 1477 1606 in
1502 1548 1752 1605 cordibus
1766 1546 1940 1602 bomi—
1969 1563 1979 1619 ί

358 1673 506 1722 num,
538 1671 642 1710 non
680 1653 853 1708 solum
878 1639 1032 1706 veras
1057 1645 1434 1708 revelationes,
1461 1643 1557 1699 sed
1585 1641 1752 1696 bonas
1777 1639 1935 1696 etiam
1981 1653 1987 1660 '

357 1747 679 1802 voluntates.

432 1833 656 1890 CAPUT
693 1830 861 1887 XXV.
895 1859 969 1870 —
1004 1827 1094 1883 26.
1139 1827 1357 1886 Desinat
1405 1824 1582 1894 itaque
1625 1825 1734 1893 jam
1786 1822 1941 1878 Pela-

361 1925 501 1994 gius,
527 1933 582 1977 et
607 1937 666 1976 se
695 1922 869 1992 ipsum
899 1926 953 1973 et
987 1917 1122 1971 alios
1147 1915 1349 1978 fallere,
1387 1922 1573 1968 contra
1601 1913 1692 1968 Dei
1719 1911 1941 1984 gratiam

365 2011 704 2082 disputando.
729 2009 844 2065 Non
873 2015 1094 2079 propter
1122 2005 1334 2060 illorum
1367 2004 1524 2058 trium
1551 2018 1736 2069 unum,
1764 2001 1815 2056 id
1840 2007 1942 2066 est,

369 2113 586 2173 prepter
612 2099 1016 2171 possibilitatem
1044 2098 1200 2153 bona:
1225 2094 1514 2150 voluntatis
1551 2102 1710 2164 atquc
1745 2092 1943 2163 operis,

369 2193 464 2249 sed
490 2193 648 2248 etiam
678 2199 897 2262 propter
922 2188 1248 2244 voluntatem
1278 2195 1332 2242 et
1361 2186 1726 2258 operationem
1752 2184 1946 2240 bonam

373 2299 493 2353 erga
516 2286 614 2337 nas
641 2283 806 2352 gratia
833 2280 925 2335 Dei
949 2277 1280 2348 praedicanda
1309 2285 1412 2332 est.
1442 2276 1574 2332 Nam
1601 2277 1743 2330 illam
1780 2275 1953 2345 possi-

373 2373 625 2426 bilitatem
654 2371 719 2425 ad
758 2379 1042 2440 utrumque
1075 2368 1257 2424 valere
1292 2367 1475 2422 definit
1503 2388 1516 2421 :
1547 2375 1601 2422 ct
1630 2376 1804 2422 tamen
1845 2381 1950 2421 non

379 2464 493 2518 ideo
515 2461 794 2518 tribuenda
831 2471 951 2516 sunt
978 2461 1089 2516 Deo
1125 2460 1284 2515 etiam
1331 2467 1510 2514 nostra
1535 2468 1776 2529 peccata,
1819 2458 1954 2512 sicut

380 2566 432 2610 et
465 2561 676 2623 propter
704 2551 945 2607 eamdem
970 2550 1375 2622 possibilitatem
1417 2550 1531 2603 vult
1555 2549 1788 2604 tribuere
1817 2548 1954 2604 bona

383 2660 537 2713 Opera
573 2651 775 2698 nostra.
823 2643 937 2697 Non
985 2642 1107 2696 ideo
1151 2649 1353 2694 tantum
1398 2639 1718 2711 adjutorium
1763 2638 1956 2694 divinae

382 2735 559 2806 gratia:
586 2733 1014 2796 commendetur,
1043 2731 1164 2801 quia
1195 2729 1599 2800 possibilitatem
1625 2729 1838 2798 adjuvat
1866 2743 1960 2781 ua-

384 2827 624 2880 turalem.
655 2824 872 2878 Desinat
897 2822 1095 2887 dicere,
1130 2841 1148 2873 σ
1177 2821 1326 2887 Quod
1360 2835 1640 2890 possumus
1669 2834 1830 2874 omne
1863 2819 1960 2874 bo—

381 2932 506 2970 num
533 2914 730 2976 facere,
759 2913 958 2980 dicere,
993 2915 1249 2982 cogitare,
1279 2911 1420 2966 illius
1448 2919 1532 2965 est
1553 2910 1645 2981 qui
1680 2909 1780 2964 hoc
1805 2924 1960 2980 posse

383 3005 616 3070 donavit,
651 3003 743 3073 qui
777 3003 879 3058 hoc
907 3015 1067 3072 posse
1105 3001 1322 3072 adjuvat
1350 3017 1364 3054 :
1395 3000 1537 3071 quod
1563 3003 1692 3055 vero
1713 2999 1850 3054 bene
1877 2998 1961 3055 vel

385 3095 606 3166 agimus,
631 3093 720 3148 vel
755 3093 1042 3164 loquimur,
1070 3091 1154 3147 vel
1183 3091 1497 3162 cogitamus,
1531 3098 1772 3145 nostrum
1799 3099 1902 3145 εει.
1937 3107 1957 3142 ι

386 3184 620 3250 Desinat,
660 3183 895 3253 inquam,
936 3183 1032 3237 ista
1061 3181 1258 3236 dicere.
1294 3179 1410 3236 Non
1450 3180 1618 3235 solum
1655 3179 1794 3236 enim
1822 3179 1964 3234 Deus

389 3287 542 3342 posse
569 3283 812 3328 nostrum
831 3271 1050 3326 donavit
1075 3280 1231 3341 atque
1252 3269 1486 3340 adjuvat,
1518 3269 1610 3326 sed
1641 3269 1799 3324 etiam
1828 3268 1967 3325 velle

389 3374 442 3420 et
466 3365 674 3434 operari
721 3371 975 3434 operatur
1016 3363 1071 3418 in
1114 3361 1267 3418 nobis
1297 3359 1556 3436 (Philipp.
1595 3376 1653 3425 ιι,
1705 3359 1817 3432 15).
1848 3359 1965 3414 Non

390 3455 508 3524 quia
529 3469 629 3509 nos
646 3469 752 3510 non
783 3453 1044 3520 volumus,
1070 3460 1160 3508 aut
1185 3467 1284 3507 nos
1319 3467 1424 3507 non
1455 3453 1658 3522 agimus
1684 3469 1698 3507 :
1726 3451 1820 3507 sed
1844 3453 1967 3520 quia

391 3547 506 3600 sine
537 3546 701 3614 ipsius
737 3545 1002 3617 adjutorio
1036 3561 1140 3602 nec
1163 3546 1408 3601 volumus
1446 3545 1643 3616 aliquid
1679 3544 1824 3611 boni,
1869 3559 1970 3600 nec

345 3631 358 3640 ’
392 3637 614 3706 agimus.
655 3637 932 3706 Quomodo
974 3638 1117 3694 enim
1164 3637 1378 3706 dicitur,
1433 3657 1452 3690 ι
1481 3637 1632 3706 Quod
1688 3652 1970 3708 possumus

394 3727 528 3783 bene
565 3743 744 3799 agere,
791 3730 885 3784 Dei
923 3737 1039 3796 est;
1069 3730 1210 3800 quod
1255 3740 1430 3784 autem
1473 3729 1698 3800 agimus,
1731 3738 1970 3784 nostrum

395 3826 507 3884 est;
540 3836 560 3870 ι
597 3833 718 3873 cum
758 3818 901 3874 dicat
938 3820 1241 3890 Apostolus,
1273 3834 1431 3874 orare
1475 3835 1534 3875 se
1572 3820 1638 3874 ad
1680 3820 1844 3874 Deum
1875 3833 1972 3890 pro

396 3907 493 3973 eis,
529 3907 595 3962 ad
622 3923 756 3978 quos
797 3909 1083 3974 scribebat,
1129 3917 1197 3966 ne
1225 3909 1350 3981 quid
1389 3910 1511 3964 mali
1558 3909 1774 3976 faciant,
1819 3918 1874 3966 et
1917 3919 1974 3965 ut

397 3999 536 4070 quod
574 3999 774 4055 bonum
813 4010 897 4056 est
926 4000 1158 4057 faciant?
1186 4002 1302 4058 Non
1342 4001 1485 4058 enim
1529 4002 1620 4069 ait,
1669 4001 1889 4056 Oramus
1917 4010 1976 4058 ut

397 4088 608 4158 possitis
632 4089 764 4144 nihil
798 4091 920 4145 mali
951 4090 1162 4158 facere;
1193 4091 1310 4160 sed,
1341 4108 1405 4146 ne
1430 4090 1554 4162 quid
1584 4093 1784 4163 faciatis
1810 4093 1933 4146 mali
1955 4107 1976 4148 :

400 4192 513 4243 nec,
549 4177 616 4234 Ut
647 4179 857 4249 possitis
887 4181 1082 4236 bonum
1111 4181 1314 4248 facere;
1340 4181 1454 4248 sed,
1484 4190 1541 4235 ut
1565 4181 1748 4236 bonum
1777 4182 1976 4252 faciatis

405 4265 471 4360 (ll
499 4267 619 4325 Cor.
651 4285 768 4336 xm,
798 4269 876 4344 7).
923 4271 1182 4338 Quoniam
1223 4270 1292 4328 de
1337 4271 1528 4340 quibus
1553 4271 1828 4360 .scriptum
1871 4282 1974 4340 est,

407 4359 657 4433 Quotquot
697 4363 830 4417 enim
869 4363 1066 4434 Spiritu
1092 4363 1190 4419 Dei
1224 4371 1463 4436 aguntur,
1505 4359 1567 4417 hi
1593 4363 1688 4434 ﬁlii
1729 4371 1845 4418 sunt
1884 4363 1980 4418 Dei

403 4451 721 4521 (lianc-vui,
750 4455 881 4524 M);
914 4453 1152 4526 profecto
1185 4465 1244 4512 ut
1271 4463 1430 4527 agant
1456 4455 1597 4526 quod
1639 4455 1835 4512 bonum
1873 4466 1974 4520 est,

339 4573 350 4581 -
404 4542 580 4598 abillo
621 4553 848 4614 aguntur
870 4546 962 4615 qui
1003 4545 1174 4602 bonus
1211 4553 1310 4604 est.
1351 4545 1629 4614 Quomodo
1652 4545 1783 4602 dicit
1825 4545 1995 4602 Pela--

403 4633 547 4704 gius,
593 4652 613 4688 ι
637 4634 790 4703 Quod
830 4636 968 4693 bene
1011 4636 1152 4707 loqui
1192 4652 1504 4707 possumus,
1553 4638 1646 4694 Dei
1687 4652 1768 4695 est
1796 4657 1809 4694 :
1838 4639 1979 4708 quod

405 4725 534 4780 bene
566 4725 852 4795 loquimur,
891 4735 1128 4782 nostrum
1173 4738 1284 4794 cst;
1315 4745 1334 4780 ι
1385 4743 1507 4782 cum
1536 4727 1676 4784 dicat
1705 4727 1977 4790 Dominus,

407 4813 626 4882 Spiritus
658 4814 832 4870 Patris
857 4818 1006 4872 uestri
1033 4826 1106 4872 est
1133 4819 1218 4888 qui
1243 4817 1461 4889 loquitur
1501 4821 1554 4873 in
1588 4820 1764 4876 vobis?
1801 4819 1982 4889 Neque

404 4905 542 4959 enim
569 4906 662 4972 ait,
694 4906 810 4961 Non
848 4923 943 4963 vos
969 4909 1096 4963 estis
1123 4911 1211 4980 qui
1240 4909 1458 4966 dedistis
1485 4911 1635 4966 vobis
1658 4912 1794 4967 bene
1823 4927 1982 4980 posse

405 4994 545 5065 loqui
569 5014 584 5048 :
611 4995 706 5052 sed
733 4997 827 5061 ait,
872 4997 994 5054 Non
1020 5015 1106 5054 vos
1138 5000 1254 5054 estis
1283 5001 1366 5070 qui
1393 4999 1654 5069 loquimini
1682 4999 1892 5074 (Matth.
1923 5019 1980 5070 ι,

401 5082 517 5154 20).
545 5085 656 5141 Nec
692 5086 786 5153 ait,
819 5086 1044 5159 Spiritus
1074 5087 1245 5144 Patris
1271 5091 1420 5144 vestri
1455 5099 1537 5146 est
1561 5091 1650 5162 qui
1695 5093 1846 5148 vobis
1869 5091 1981 5160 dat,

403 5174 490 5230 vel
521 5175 666 5232 dedit
713 5192 870 5247 posse
898 5177 1038 5234 bene
1064 5179 1241 5250 loqui;
1291 5179 1385 5235 sed
1425 5181 1518 5248 ait,
1558 5181 1648 5252 qui
1673 5181 1891 5253 loquitur
1930 5185 1983 5236 in

402 5267 541 5321 uobis
564 5283 584 5323 :
611 5284 719 5324 non
765 5271 1068 5340 significans
1093 5273 1456 5342 possibilitatis
1497 5273 1786 5343 profectum
1806 5275 1846 5341 ί,
1890 5279 1984 5330 sed

401 5361 712 5428 exprimens
738 5363 1128 5430 cooperationis
1164 5363 1429 5420 effectum.
1464 5365 1741 5433 Quomodo
1765 5367 1894 5422 dicit
1916 5367 1984 5422 li-

404 5449 517 5505 ltcri
559 5451 763 5507 arbitrii
791 5453 962 5510 elatus
1006 5466 1268 5520 assertor,
1298 5474 1315 5506 ι
1345 5455 1496 5524 Quod
1541 5455 1821 5528 possumus
1851 5459 1985 5515 bene

403 5544 658 5615 cogitare,
693 5544 783 5599 Dei
826 5554 940 5610 est;
990 5548 1130 5617 quod
1177 5559 1349 5603 autem
1383 5549 1515 5604 bene
1557 5553 1847 5620 cogitamus
1887 5569 1983 5605 uo-

472 5782 488 5813 ¹
515 5785 563 5830 In
585 5787 714 5842 illam,
734 5787 1027 5845 prouectum.

1454 342 1651 398 LlBER
1692 343 1780 398 DE
1821 342 2077 399 Gll.\TlA
2115 339 2399 394 (illlllSTl.

3499 326 3606 380 57’s

2023 467 2188 510 atrum
2221 454 2337 508 est?
2366 471 2384 505 ι
2415 451 2510 506 Cui
2554 448 2836 518 respondet
2880 446 3091 500 humilis
3135 443 3313 514 gratia:
3355 441 3606 509 pandicu—

2024 556 2144 600 tnr:
2177 543 2297 598 Non
2333 543 2448 613 quia
2483 541 2650 596 idonei
2687 555 2854 592 sumus
2899 538 3118 606 cogitare
3143 535 3339 608 aliquid
3377 552 3408 588 a
3445 533 3608 602 nobis,

2023 638 2167 706 quasi
2201 652 2263 690 ex
2302 634 2699 703 nobismetipsis;
2736 631 2826 686 sed
2865 629 3158 702 suﬁcientis
3195 639 3364 684 nostra
3407 645 3470 682 ea:
3505 625 3613 684 Deo

2025 739 2098 782 est
2125 728 2187 798 (ll
2215 726 2333 782 Cor.
2359 742 2438 792 tu,
2465 721 2542 798 5).
2577 723 2690 778 Non
2717 723 2858 779 enim
2885 723 2978 788 ait,
3012 721 3172 775 Posse
3194 721 3464 790 cogitare;
3493 717 3610 778 sed.

2027 819 2262 889 cogitare.
3541 855 3549 860 .

2099 905 2324 962 CAPUT
2359 904 2552 960 XXVI.
2571 933 2641 945 —
2660 903 2750 958 27.
2793 901 2950 957 istam
2975 901 3067 956 Dei
3093 900 3313 972 gratiam
3337 901 3391 954 in
3417 899 3612 954 divinis

2029 999 2255 1070 eloquiis
2290 995 2624 1052 manifestam
2671 994 2831 1049 etiam
2855 991 3100 1062 Pelagius
3143 989 3422 1044 manifeste
3450 988 3616 1044 fatea-

2034 1101 2136 1156 tur,
2169 1106 2333 1162 seque
2372 1089 2574 1145 tamdiu
2599 1095 2782 1144 contra
2810 1085 3042 1142 sensisse
3072 1099 3176 1139 non
3207 1084 3410 1155 cperiat
3443 1084 3620 1154 impu-

2035 1184 2350 1240 dentissimo
2379 1181 2601 1252 pudore,
2645 1179 2739 1236 sed
2771 1178 2955 1232 dolore
2983 1176 3336 1234 saluberrimo
3379 1173 3619 1244 aperiat;

2036 1288 2094 1334 ut
2118 1285 2298 1335 sancta
2328 1275 2561 1331 Ecclesia
2591 1290 2695 1328 non
2737 1273 2980 1328 turbetur
3015 1267 3276 1340 pervicaci
3302 1265 3418 1336 ejus
3452 1265 3622 1322 obsti-

2038 1373 2272 1436 natione,
2299 1369 2393 1426 srd
2417 1367 2590 1424 veraci
2631 1365 2964 1421 correctione
2997 1364 3225 1418 laetetur.
3257 1357 3625 1430 Cognitioucm

2039 1472 2096 1520 et
2138 1461 2530 1524 dilectionem‘,
2575 1460 2710 1513 sicut
2751 1465 2877 1513 sunt
2913 1453 3284 1519 discernenda,
3331 1452 3627 1512 discernat.

2041 1553 2175 1622 Quia
2204 1553 2424 1609 scicntia
2452 1549 2620 1615 inflat,
2661 1547 2894 1603 Charitas
2928 1545 3157 1602 aedificat
3183 1543 3226 1618 (l
3256 1540 3373 1599 Cor.
3399 1558 3514 1607 vui,
3552 1541 3629 1613 l).

2042 1643 2112 1698 Et
2137 1651 2261 1698 tunc
2294 1639 2512 1696 scicntia
2544 1653 2650 1694 non
2680 1635 2847 1699 inflat.
2877 1635 3089 1706 quando
3123 1633 3355 1688 charitas
3380 1625 3628 1688 :edifica‘t.

2045 1737 2112 1792 Et
2141 1750 2258 1790 cum
2297 1734 2368 1791 sit
2398 1742 2677 1802 utrumque
2703 1729 2900 1784 donum
2929 1727 3045 1795 Dei,
3092 1725 3184 1781 sed
3226 1740 3388 1778 unum
3435 1723 3632 1788 minus,

2047 1827 2272 1883 alterum
2305 1824 2498 1892 majus,
2525 1839 2630 1878 non
2659 1821 2772 1876 sie‘I
2793 1819 3051 1890 justitiam
3077 1825 3310 1871 nostram
3337 1829 3496 1883 super
3521 1813 3634 1866 lau-

2047 1919 2168 1975 dem
2204 1915 2569 1988 justificatoris
2607 1913 2774 1968 nostri
2819 1905 3055 1973 extollat,
3101 1918 3156 1963 ut
3190 1906 3380 1962 horum
3411 1905 3635 1959 duorum

2049 2007 2190 2078 quod
2216 2007 2388 2060 minus
2412 2014 2514 2073 est,
2543 2004 2724 2058 divino
2754 2001 2949 2056 tribuat
2976 1998 3261 2066 adjutorio,
3289 1994 3428 2067 quod
3461 2004 3638 2048 autem

2050 2099 2222 2168 majus
2241 2104 2342 2166 est,
2365 2095 2599 2149 humano
2623 2101 2840 2163 usurpet
2867 2091 3106 2146 arbitrio.
3130 2089 3198 2143 Et
3217 2087 3260 2142 si
3287 2083 3637 2150 consenserit,

2052 2203 2151 2244 nos
2187 2189 2356 2260 gratia
2382 2186 2474 2242 Dei
2501 2187 2743 2257 accipere
2769 2183 3122 2246 charitatem;
3164 2194 3270 2235 non
3307 2180 3385 2234 sic
3425 2177 3640 2244 sentiat,

2054 2290 2302 2352 tanquam
2334 2280 2439 2336 ulla
2475 2279 2662 2334 merita
2691 2277 2828 2333 bona
2871 2284 3049 2331 nostra
3079 2271 3470 2344 prmcesscrint.
3509 2269 3646 2325 Nam

2055 2387 2174 2444 quae
2217 2371 2404 2427 merita
2445 2369 2583 2424 bona
2628 2378 2756 2424 tunc
2800 2368 2999 2422 habere
3040 2374 3370 2436 poteramus,
3423 2361 3638 2433 quando

2057 2463 2225 2518 Deum
2268 2476 2374 2516 non
2401 2458 2788 2530 diligebantus?
2821 2455 2888 2514 Ut
2931 2457 3072 2511 enim
3117 2455 3484 2526 acciperemus
3511 2451 3648 2506 dile-

2057 2556 2289 2610 ctionem
2330 2568 2435 2624 qua
2477 2551 2836 2622 diliget-emus,
2885 2547 3064 2604 dilecti
3105 2562 3309 2611 sumus,
3361 2560 3480 2600 cum
3529 2558 3650 2598 eam

2059 2645 2294 2702 nondum
2325 2644 2664 2699 haberemus.
2701 2642 2816 2696 Hoc
2857 2642 3087 2696 Joannes
3119 2638 3390 2708 apostolus
3427 2635 3651 2705 apertis-

2061 2739 2195 2790 sime
2222 2734 2348 2788 dicit
2377 2750 2390 2786 :
2421 2731 2541 2786 Non
2573 2731 2706 2802 quod
2735 2747 2826 2784 nos
2850 2727 3175 2782 dilexcrimns
3201 2726 3388 2792 Deum,
3415 2724 3504 2778 sed
3529 2723 3651 2794 quia

2061 2825 2204 2898 ipse’
2225 2824 2402 2879 dilexit
2430 2839 2541 2878 nos.
2571 2823 2637 2876 Et
2661 2821 2787 2876 alibi
2816 2838 2834 2886 εΔ
2859 2819 2968 2874 Nos
3001 2817 3293 2890 diligamus,
3323 2815 3512 2886 inquit,
3535 2813 3654 2884 quia

2061 2919 2169 2988 ipse
2206 2916 2346 2988 prior
2385 2913 2561 2969 dilexit
2603 2929 2694 2968 nos
2734 2911 2780 2984 (ι
2811 2909 2970 2966 Joan.
3009 2925 3082 2974 ιν,
3131 2907 3222 2975 10,
3275 2905 3387 2978 19).
3437 2904 3648 2974 Optime

2063 3009 2282 3065 omnino
2309 3015 2468 3076 atque
2496 3005 2798 3061 verissime.
2828 3002 2944 3058 Non
2983 3001 3126 3056 enim
3161 2999 3481 3054 haberemus
3511 2995 3654 3050 unde

2066 3099 2214 3154 illum
2241 3097 2606 3168 diiigeremus,
2636 3094 2736 3148 nisi
2775 3093 2878 3148 hoc
2903 3092 2968 3146 ab
2991 3091 3102 3156 illo,
3133 3105 3254 3144 cum
3282 3089 3427 3160 prior
3455 3103 3552 3142 nos
3579 3087 3654 3142 di-

2067 3191 2274 3262 ligeret,
2302 3203 2654 3244 sumeremus.
2673 3185 2810 3254 Quid
2840 3193 3015 3239 autem
3045 3182 3170 3237 boui
3196 3179 3516 3245 faceremus,
3549 3179 3650 3234 nisi

2067 3281 2454 3354 diligeremus?
2497 3281 2604 3334 Aut
2641 3277 2910 3349 quomodo
2949 3277 3145 3332 bonum
3187 3289 3292 3329 non
3323 3272 3565 3335 facimus,
3613 3272 3658 3326 si

2069 3373 2388 3445 diligamus?
2406 3371 2517 3426 Etsi
2537 3370 2678 3426 enim
2705 3369 2796 3424 Dei
2819 3367 3122 3422 mandatum
3145 3364 3354 3420 videtur
3375 3361 3660 3434 aliquando

2069 3483 2176 3522 non
2221 3481 2250 3520 a
2291 3461 2696 3536 diligentibus‘,
2742 3459 2838 3516 sed
2881 3475 2910 3514 a
2943 3459 3250 3515 timentibus
3296 3457 3444 3522 fieri;
3484 3465 3660 3511 tamen

2073 3557 2159 3614 ubi
2192 3570 2296 3611 non
2333 3564 2414 3610 est
2451 3552 2688 3618 dilectio,
2729 3552 2931 3606 nullum
2960 3551 3156 3605 bonum
3185 3563 3320 3618 opus
3349 3548 3655 3617 imputatur,

2074 3663 2174 3704 nec
2212 3655 2357 3702 recte
2385 3645 2585 3700 bonum
2608 3657 2742 3713 opus
2766 3651 2988 3698 vocatur
3017 3659 3029 3694 :
3057 3641 3178 3710 quia
3205 3653 3362 3694 omne
3392 3636 3533 3707 quod
3556 3650 3659 3690 non

2075 3755 2138 3794 ex
2173 3737 2275 3792 ﬁde
2301 3745 2402 3804 est,
2425 3744 2698 3806 peccatum
2729 3743 2811 3788 est
2837 3732 3010 3804 (Rom.
3037 3745 3146 3798 xiv,
3173 3727 3300 3802 9.5);
3331 3736 3381 3782 et
3413 3727 3544 3783 fides
3568 3743 3665 3806 per

2074 3801 2408 3886 dilectionem
2427 3801 2700 3898 speratur
2737 3801 2930 3898 (Galal.
2958 3839 3011 3890 ν,
3055 3821 3131 3894 6).
3164 3801 3253 3876 Acr
3280 3835 3374 3890 per
3403 3819 3508 3874 hoc
3534 3801 3662 3888 gra-

2079 3923 2202 3978 tiam
2246 3921 2366 3989 Dei,
2407 3936 2510 3992 qua
2545 3919 2776 3975 charitas
2819 3918 2912 3972 Dei
2957 3912 3266 3970 diffunditur
3310 3911 3360 3964 in
3408 3909 3660 3964 cordibus

2077 4015 2274 4070 nostris
2325 4029 2422 4083 per
2464 4009 2720 4082 Spiritum
2762 4015 3003 4064 sanctum
3047 4003 3137 4076 qui
3181 4003 3336 4058 datus
3378 4009 3460 4056 est
3505 3999 3664 4056 nobis

2083 4108 2256 4180 (Rom.
2286 4121 2342 4173 v,
2369 4107 2450 4174 5),
2480 4103 2557 4158 sic
2599 4102 2913 4162 confiteatur
2951 4097 3036 4168 qui
3067 4095 3180 4150 vult
3207 4093 3467 4149 veraciter
3495 4091 3667 4146 confi-

2081 4199 2201 4265 teri,
2234 4205 2292 4252 ιιι
2333 4195 2552 4251 omnino
2580 4192 2711 4247 nihil
2745 4190 2868 4246 boui
2915 4189 3032 4246 sine
3061 4187 3172 4254 illa,
3221 4185 3360 4256 quod
3391 4183 3456 4239 ad
3495 4183 3667 4254 picta-.-

2081 4300 2187 4348 tem
2211 4288 2442 4360 pertinet
2464 4298 2751 4354 veramque
2774 4281 3056 4354 justitiam,
3091 4279 3203 4334 fieri
3243 4292 3404 4350 posse
3435 4276 3670 4332 non'du-

2082 4385 2232 4438 bitct.
2273 4381 2387 4437 Non
2413 4375 2680 4450 quomodo
2707 4375 2830 4442 iste,
2865 4374 2955 4446 qui
2984 4388 3104 4428 cum
3143 4371 3290 4434 dicit,
3334 4389 3355 4422 ι
3388 4377 3668 4440 propterea

2081 4475 2198 4531 dari
2221 4471 2465 4546 gratiam,
2499 4467 2720 4540 utquod
2767 4483 2796 4520 a
2837 4466 2948 4522 Deo
2975 4463 3305 4534 praecipitur,
3331 4459 3536 4516 facilius
3571 4458 3672 4513 im-

2085 4569 2312 4638 pleatur,
2347 4582 2368 4616 ι
2400 4561 2528 4634 quid
2563 4561 2632 4616 de
2660 4559 2748 4614 illa
2777 4559 2969 4613 sentiat
2994 4555 3124 4610 satis
3153 4552 3405 4616 ostendit,
3438 4550 3666 4613 scilicet,

2084 4656 2222 4728 quod
2253 4655 2412 4711 etiam
2454 4652 2572 4708 sine
2614 4649 2726 4714 illa,
2757 4648 2857 4704 etsi
2901 4647 3077 4700 minus
3108 4643 3282 4706 facile,
3312 4639 3444 4709 ωτι
3485 4645 3666 4694 tamen

2085 4748 2225 4820 quod
2249 4747 2500 4803 divinitus
2529 4741 2850 4812 praecipitur,
2885 4745 3078 4809 potest.

2155 4837 2382 4895 CAPUT
2421 4833 2634 4892 XXVII.
2661 4831 2847 4887 ~28.
2888 4829 2945 4884 in
2987 4829 3126 4883 libro
3167 4824 3364 4895 quippe
3399 4821 3466 4876 ad
3512 4819 3673 4890 "virgi-

2088 4947 2209 4988 nem
2231 4943 2459 4996 sacram,
2484 4925 2625 4996 quod
2653 4933 2708 4980 et
2727 4937 2885 4993 supra
2907 4914 3342 4978 commemoravi,
3371 4927 3492 4967 cum
3519 4909 3673 4976 dicit,

2093 5043 2111 5076 ι
2143 5023 2385 5080 Divinam
2436 5033 2738 5074 mereamur
2789 5015 3034 5086 gratiam,
3085 5019 3141 5065 et
3184 5007 3388 5062 facilius
3444 5017 3674 5074 nequam

2088 5115 2315 5188 spiritui,
2345 5112 2513 5169 sancti
2553 5109 2785 5181 Spiritus
2821 5106 3039 5170 auxilio,
3074 5102 3424 5164 resistamus;
3459 5115 3480 5149 ι
3509 5096 3679 5166 εἰειιὶσ

2091 5187 2214 5264 licat
2237 5205 2476 5276 profecto
2502 5201 2628 5272 quid
2671 5198 2860 5268 sapiat.
2903 5193 3100 5264 thuid
3144 5192 3286 5248 enim
3316 5190 3418 5244 hoc
3454 5187 3676 5244 verbum

2090 5297 2428 5370 interposuit,
2458 5294 2512 5350 id
2537 5300 2638 5356 est,
2679 5310 2700 5345 ι
2727 5286 2972 5344 facilius?
3008 5303 3026 5338 ι
3063 5285 3143 5340 An
3171 5297 3302 5339 vero
3329 5296 3435 5336 non
3465 5287 3580 5336 erat
3608 5278 3680 5334 in-

2155 5478 2172 5508 ι
2197 5473 2330 5534 editi,
2346 5469 2684 5535 cogitationem
2703 5473 2748 5518 et
2770 5461 3063 5516 electionem.
3079 5462 3380 5524 Castigantur
3391 5463 3681 5510 auctoritate

2091 5537 2542 5597 manuscriptorum.

2155 5584 2452 5655 tltalitiflu'c.
2474 5592 2640 5642 Melius
2659 5591 2912 5655 Vaticanus
2932 5595 3042 5655 Ms.,_
3061 5584 3150 5636 sic.

2157 5660 2178 5692 ⁸
2196 5641 2738 5712 ἱιῖἷίἱιῖἷιίιίείιιιιιιίιιιι,
2766 5649 2900 5716 prior
2923 5663 2939 5700 :
2956 5641 3046 5702 sed
3069 5664 3097 5700 a
3116 5644 3455 5708 manuscriptis
3471 5649 3522 5692 et
3537 5641 3598 5690 ab
3617 5649 3679 5690 eo

2095 5722 2202 5772 loco
2223 5720 2417 5769 Joannis
2437 5721 2594 5767 alu‘st.

2161 5783 2182 5814 δ
2204 5781 2573 5845 Cygirannensis
2595 5787 2697 5839 us.,
2723 5791 2752 5826 τι
2774 5788 2866 5828 non
2890 5771 3216 5836 diligentibus.
