  <div class='ocr_page' id='page_1' title='image "/cluster/home/n/w/nwhite01/storage/ocr_20150623/44/hvd.32044069687945/194.png"; bbox 0 0 4032 6178; ppageno 0'>
   <div class='ocr_carea' id='block_1_1' title="bbox 142 405 242 460">
    <p class='ocr_par' dir='ltr' id='par_1_1' title="bbox 142 405 242 460">
     <span class='ocr_line' id='line_1_1' title="bbox 142 405 242 460; baseline -0.01 0"><span class='ocrx_word' id='word_1_1' title='bbox 142 405 242 460; x_wconf 75' lang='grc' dir='ltr'><strong>’ὄτῖ</strong></span> 
     </span>
    </p>
   </div>
   <div class='ocr_carea' id='block_1_2' title="bbox 145 502 1736 585">
    <p class='ocr_par' dir='ltr' id='par_1_2' title="bbox 145 502 1736 585">
     <span class='ocr_line' id='line_1_2' title="bbox 145 502 1736 585; baseline -0.009 -14"><span class='ocrx_word' id='word_1_2' title='bbox 145 524 281 581; x_wconf 86' lang='lat' dir='ltr'><strong>sunt,</strong></span> <span class='ocrx_word' id='word_1_3' title='bbox 317 513 414 585; x_wconf 88' lang='lat' dir='ltr'><strong>qui</strong></span> <span class='ocrx_word' id='word_1_4' title='bbox 454 512 592 568; x_wconf 84' lang='lat' dir='ltr'><strong>bene</strong></span> <span class='ocrx_word' id='word_1_5' title='bbox 620 510 789 566; x_wconf 59' lang='lat' dir='ltr'><strong>libr-ro</strong></span> <span class='ocrx_word' id='word_1_6' title='bbox 831 514 1039 562; x_wconf 85' lang='lat' dir='ltr'><strong>utentes</strong></span> <span class='ocrx_word' id='word_1_7' title='bbox 1077 505 1298 560; x_wconf 72' lang='lat' dir='ltr'><strong>arbitrio</strong></span> <span class='ocrx_word' id='word_1_8' title='bbox 1329 512 1606 559; x_wconf 91' lang='lat' dir='ltr'><strong>merentur</strong></span> <span class='ocrx_word' id='word_1_9' title='bbox 1632 502 1736 557; x_wconf 86' lang='lat' dir='ltr'><strong>Do-</strong></span> 
     </span>
    </p>
   </div>
   <div class='ocr_carea' id='block_1_3' title="bbox 146 593 1736 676">
    <p class='ocr_par' dir='ltr' id='par_1_3' title="bbox 146 593 1736 676">
     <span class='ocr_line' id='line_1_3' title="bbox 146 593 1736 676; baseline -0.01 -13"><span class='ocrx_word' id='word_1_10' title='bbox 146 609 264 664; x_wconf 82' lang='lat' dir='ltr'><strong>mini</strong></span> <span class='ocrx_word' id='word_1_11' title='bbox 297 605 537 676; x_wconf 83' lang='lat' dir='ltr'><strong>gratiam</strong></span> <span class='ocrx_word' id='word_1_12' title='bbox 557 647 572 672; x_wconf 93' lang='lat'><strong>,</strong></span> <span class='ocrx_word' id='word_1_13' title='bbox 602 611 656 659; x_wconf 90' lang='lat' dir='ltr'><strong>et</strong></span> <span class='ocrx_word' id='word_1_14' title='bbox 677 602 794 674; x_wconf 82' lang='lat' dir='ltr'><strong>ejus</strong></span> <span class='ocrx_word' id='word_1_15' title='bbox 829 599 1078 656; x_wconf 89' lang='lat' dir='ltr'><strong>mandata</strong></span> <span class='ocrx_word' id='word_1_16' title='bbox 1119 595 1448 654; x_wconf 89' lang='lat' dir='ltr'><strong>custodiunt.</strong></span> <span class='ocrx_word' id='word_1_17' title='bbox 1483 614 1501 646; x_wconf 70' lang='grc' dir='ltr'><strong>ι</strong></span> <span class='ocrx_word' id='word_1_18' title='bbox 1531 593 1736 664; x_wconf 82' lang='lat' dir='ltr'><strong>Nempe</strong></span> 
     </span>
    </p>
   </div>
   <div class='ocr_carea' id='block_1_4' title="bbox 149 685 1735 766">
    <p class='ocr_par' dir='ltr' id='par_1_4' title="bbox 149 685 1735 766">
     <span class='ocr_line' id='line_1_4' title="bbox 149 685 1735 766; baseline -0.01 -12"><span class='ocrx_word' id='word_1_19' title='bbox 149 697 488 754; x_wconf 83' lang='lat' dir='ltr'><strong>manifestum</strong></span> <span class='ocrx_word' id='word_1_20' title='bbox 508 702 612 766; x_wconf 88' lang='lat' dir='ltr'><strong>est,</strong></span> <span class='ocrx_word' id='word_1_21' title='bbox 635 709 756 749; x_wconf 90' lang='lat' dir='ltr'><strong>cum</strong></span> <span class='ocrx_word' id='word_1_22' title='bbox 782 691 962 748; x_wconf 85' lang='lat' dir='ltr'><strong>dicere</strong></span> <span class='ocrx_word' id='word_1_23' title='bbox 979 689 1201 762; x_wconf 76' lang='lat' dir='ltr'><strong>gratiam</strong></span> <span class='ocrx_word' id='word_1_24' title='bbox 1223 686 1515 744; x_wconf 88' lang='lat' dir='ltr'><strong>secundum</strong></span> <span class='ocrx_word' id='word_1_25' title='bbox 1548 685 1735 740; x_wconf 90' lang='lat' dir='ltr'><strong>merita</strong></span> 
     </span>
    </p>
   </div>
   <div class='ocr_carea' id='block_1_5' title="bbox 146 781 1735 860">
    <p class='ocr_par' dir='ltr' id='par_1_5' title="bbox 146 781 1735 860">
     <span class='ocr_line' id='line_1_5' title="bbox 146 781 1735 860; baseline -0.009 -15"><span class='ocrx_word' id='word_1_26' title='bbox 146 791 270 857; x_wconf 76' lang='lat' dir='ltr'><strong>(Lari,</strong></span> <span class='ocrx_word' id='word_1_27' title='bbox 294 789 600 860; x_wconf 89' lang='lat' dir='ltr'><strong>quamlibet</strong></span> <span class='ocrx_word' id='word_1_28' title='bbox 617 802 754 851; x_wconf 85' lang='lat' dir='ltr'><strong>eam,</strong></span> <span class='ocrx_word' id='word_1_29' title='bbox 787 786 870 840; x_wconf 88' lang='lat' dir='ltr'><strong>vel</strong></span> <span class='ocrx_word' id='word_1_30' title='bbox 900 782 1245 855; x_wconf 90' lang='lat' dir='ltr'><strong>qnalemlibet</strong></span> <span class='ocrx_word' id='word_1_31' title='bbox 1267 781 1735 851; x_wconf 68' lang='lat' dir='ltr'><strong>signiticet,quam</strong></span> 
     </span>
    </p>
   </div>
   <div class='ocr_carea' id='block_1_6' title="bbox 144 873 1735 950">
    <p class='ocr_par' dir='ltr' id='par_1_6' title="bbox 144 873 1735 950">
     <span class='ocr_line' id='line_1_6' title="bbox 144 873 1735 950; baseline -0.007 -13"><span class='ocrx_word' id='word_1_32' title='bbox 144 893 318 936; x_wconf 76' lang='lat' dir='ltr'><strong>tamen</strong></span> <span class='ocrx_word' id='word_1_33' title='bbox 363 889 548 950; x_wconf 88' lang='lat' dir='ltr'><strong>aperte</strong></span> <span class='ocrx_word' id='word_1_34' title='bbox 586 894 693 934; x_wconf 91' lang='lat' dir='ltr'><strong>non</strong></span> <span class='ocrx_word' id='word_1_35' title='bbox 733 877 1000 946; x_wconf 76' lang='lat' dir='ltr'><strong>exprimit.</strong></span> <span class='ocrx_word' id='word_1_36' title='bbox 1036 873 1171 929; x_wconf 87' lang='lat' dir='ltr'><strong>Nam</strong></span> <span class='ocrx_word' id='word_1_37' title='bbox 1209 889 1328 928; x_wconf 92' lang='lat' dir='ltr'><strong>cum</strong></span> <span class='ocrx_word' id='word_1_38' title='bbox 1357 886 1450 926; x_wconf 87' lang='lat' dir='ltr'><strong>eos</strong></span> <span class='ocrx_word' id='word_1_39' title='bbox 1483 885 1735 926; x_wconf 84' lang='lat' dir='ltr'><strong>remune-</strong></span> 
     </span>
    </p>
   </div>
   <div class='ocr_carea' id='block_1_7' title="bbox 143 960 1734 1042">
    <p class='ocr_par' dir='ltr' id='par_1_7' title="bbox 143 960 1734 1042">
     <span class='ocr_line' id='line_1_7' title="bbox 143 960 1734 1042; baseline -0.009 -13"><span class='ocrx_word' id='word_1_40' title='bbox 143 973 342 1029; x_wconf 83' lang='lat' dir='ltr'><strong>randos</strong></span> <span class='ocrx_word' id='word_1_41' title='bbox 367 972 520 1038; x_wconf 87' lang='lat' dir='ltr'><strong>dicit,</strong></span> <span class='ocrx_word' id='word_1_42' title='bbox 551 971 640 1042; x_wconf 92' lang='lat' dir='ltr'><strong>qui</strong></span> <span class='ocrx_word' id='word_1_43' title='bbox 666 969 802 1025; x_wconf 85' lang='lat' dir='ltr'><strong>bene</strong></span> <span class='ocrx_word' id='word_1_44' title='bbox 829 977 1050 1022; x_wconf 89' lang='lat' dir='ltr'><strong>utuntur</strong></span> <span class='ocrx_word' id='word_1_45' title='bbox 1075 965 1244 1020; x_wconf 85' lang='lat' dir='ltr'><strong>libero</strong></span> <span class='ocrx_word' id='word_1_46' title='bbox 1269 961 1512 1029; x_wconf 89' lang='lat' dir='ltr'><strong>arbitrio,</strong></span> <span class='ocrx_word' id='word_1_47' title='bbox 1537 970 1592 1017; x_wconf 89' lang='lat' dir='ltr'><strong>et</strong></span> <span class='ocrx_word' id='word_1_48' title='bbox 1613 960 1734 1015; x_wconf 89' lang='lat' dir='ltr'><strong>ideo</strong></span> 
     </span>
    </p>
   </div>
   <div class='ocr_carea' id='block_1_8' title="bbox 145 1053 1731 1134">
    <p class='ocr_par' dir='ltr' id='par_1_8' title="bbox 145 1053 1731 1134">
     <span class='ocr_line' id='line_1_8' title="bbox 145 1053 1731 1134; baseline -0.01 -12"><span class='ocrx_word' id='word_1_49' title='bbox 145 1067 344 1122; x_wconf 82' lang='lat' dir='ltr'><strong>mereri</strong></span> <span class='ocrx_word' id='word_1_50' title='bbox 389 1065 601 1121; x_wconf 88' lang='lat' dir='ltr'><strong>Domini</strong></span> <span class='ocrx_word' id='word_1_51' title='bbox 647 1062 910 1134; x_wconf 79' lang='lat' dir='ltr'><strong>gratiam,</strong></span> <span class='ocrx_word' id='word_1_52' title='bbox 934 1059 1169 1114; x_wconf 91' lang='lat' dir='ltr'><strong>debitum</strong></span> <span class='ocrx_word' id='word_1_53' title='bbox 1214 1056 1295 1112; x_wconf 90' lang='lat' dir='ltr'><strong>eis</strong></span> <span class='ocrx_word' id='word_1_54' title='bbox 1327 1054 1476 1110; x_wconf 86' lang='lat' dir='ltr'><strong>reddi</strong></span> <span class='ocrx_word' id='word_1_55' title='bbox 1517 1053 1731 1109; x_wconf 82' lang='lat' dir='ltr'><strong>fatetur.</strong></span> 
     </span>
    </p>
   </div>
   <div class='ocr_carea' id='block_1_9' title="bbox 140 1149 1736 1238">
    <p class='ocr_par' dir='ltr' id='par_1_9' title="bbox 140 1149 1736 1238">
     <span class='ocr_line' id='line_1_9' title="bbox 140 1149 1736 1238; baseline -0.013 -19"><span class='ocrx_word' id='word_1_56' title='bbox 140 1161 238 1220; x_wconf 66' lang='lat' dir='ltr'><strong>[ibi</strong></span> <span class='ocrx_word' id='word_1_57' title='bbox 267 1171 357 1217; x_wconf 86' lang='lat' dir='ltr'><strong>est</strong></span> <span class='ocrx_word' id='word_1_58' title='bbox 380 1175 511 1232; x_wconf 84' lang='lat' dir='ltr'><strong>ergo</strong></span> <span class='ocrx_word' id='word_1_59' title='bbox 541 1158 670 1213; x_wconf 89' lang='lat' dir='ltr'><strong>illud</strong></span> <span class='ocrx_word' id='word_1_60' title='bbox 693 1154 938 1238; x_wconf 32' lang='lat' dir='ltr'><strong>’Apostoli</strong></span> <span class='ocrx_word' id='word_1_61' title='bbox 960 1195 974 1219; x_wconf 94' lang='lat'><strong>,</strong></span> <span class='ocrx_word' id='word_1_62' title='bbox 1001 1150 1281 1220; x_wconf 78' lang='lat' dir='ltr'><strong>Justiﬁca&#39;ti</strong></span> <span class='ocrx_word' id='word_1_63' title='bbox 1320 1149 1488 1220; x_wconf 35' lang='lat' dir='ltr'><strong>gratis,</strong></span> <span class='ocrx_word' id='word_1_64' title='bbox 1509 1163 1600 1218; x_wconf 83' lang='lat' dir='ltr'><strong>per</strong></span> <span class='ocrx_word' id='word_1_65' title='bbox 1618 1162 1736 1214; x_wconf 72' lang='lat' dir='ltr'><strong>gra—</strong></span> 
     </span>
    </p>
   </div>
   <div class='ocr_carea' id='block_1_10' title="bbox 141 1235 1736 1326">
    <p class='ocr_par' dir='ltr' id='par_1_10' title="bbox 141 1235 1736 1326">
     <span class='ocr_line' id='line_1_10' title="bbox 141 1235 1736 1326; baseline -0.013 -18"><span class='ocrx_word' id='word_1_66' title='bbox 141 1256 262 1308; x_wconf 81' lang='lat' dir='ltr'><strong>tiam</strong></span> <span class='ocrx_word' id='word_1_67' title='bbox 301 1253 470 1326; x_wconf 79' lang='lat' dir='ltr'><strong>ipsius</strong></span> <span class='ocrx_word' id='word_1_68' title='bbox 510 1235 811 1322; x_wconf 29' lang='lat' dir='ltr'><strong>(Rom—ul,</strong></span> <span class='ocrx_word' id='word_1_69' title='bbox 843 1244 976 1316; x_wconf 74' lang='lat' dir='ltr'><strong>at)?</strong></span> <span class='ocrx_word' id='word_1_70' title='bbox 1003 1243 1105 1300; x_wconf 86' lang='lat' dir='ltr'><strong>Ubi</strong></span> <span class='ocrx_word' id='word_1_71' title='bbox 1153 1249 1237 1298; x_wconf 87' lang='lat' dir='ltr'><strong>est</strong></span> <span class='ocrx_word' id='word_1_72' title='bbox 1279 1248 1334 1296; x_wconf 88' lang='lat' dir='ltr'><strong>et</strong></span> <span class='ocrx_word' id='word_1_73' title='bbox 1360 1238 1523 1305; x_wconf 88' lang='lat' dir='ltr'><strong>illud,</strong></span> <span class='ocrx_word' id='word_1_74' title='bbox 1557 1235 1736 1291; x_wconf 79' lang='lat' dir='ltr'><strong>Gratia</strong></span> 
     </span>
    </p>
   </div>
   <div class='ocr_carea' id='block_1_11' title="bbox 141 1327 1732 1414">
    <p class='ocr_par' dir='ltr' id='par_1_11' title="bbox 141 1327 1732 1414">
     <span class='ocr_line' id='line_1_11' title="bbox 141 1327 1732 1414; baseline -0.013 -15"><span class='ocrx_word' id='word_1_75' title='bbox 141 1345 266 1400; x_wconf 69' lang='lat' dir='ltr'><strong>salvi</strong></span> <span class='ocrx_word' id='word_1_76' title='bbox 311 1343 438 1414; x_wconf 79' lang='lat' dir='ltr'><strong>facti</strong></span> <span class='ocrx_word' id='word_1_77' title='bbox 475 1341 635 1396; x_wconf 82' lang='lat' dir='ltr'><strong>estis?</strong></span> <span class='ocrx_word' id='word_1_78' title='bbox 662 1339 728 1394; x_wconf 87' lang='lat' dir='ltr'><strong>Et</strong></span> <span class='ocrx_word' id='word_1_79' title='bbox 772 1353 841 1391; x_wconf 91' lang='lat' dir='ltr'><strong>ne</strong></span> <span class='ocrx_word' id='word_1_80' title='bbox 872 1341 1116 1406; x_wconf 87' lang='lat' dir='ltr'><strong>putarent</strong></span> <span class='ocrx_word' id='word_1_81' title='bbox 1143 1347 1238 1402; x_wconf 90' lang='lat' dir='ltr'><strong>per</strong></span> <span class='ocrx_word' id='word_1_82' title='bbox 1265 1343 1426 1400; x_wconf 86' lang='lat' dir='ltr'><strong>opera</strong></span> <span class='ocrx_word' id='word_1_83' title='bbox 1449 1370 1464 1394; x_wconf 90' lang='lat'><strong>,</strong></span> <span class='ocrx_word' id='word_1_84' title='bbox 1495 1327 1732 1390; x_wconf 87' lang='lat' dir='ltr'><strong>addidit,</strong></span> 
     </span>
    </p>
   </div>
   <div class='ocr_carea' id='block_1_12' title="bbox 145 1416 1733 1506">
    <p class='ocr_par' dir='ltr' id='par_1_12' title="bbox 145 1416 1733 1506">
     <span class='ocr_line' id='line_1_12' title="bbox 145 1416 1733 1506; baseline -0.012 -17"><span class='ocrx_word' id='word_1_85' title='bbox 145 1452 228 1506; x_wconf 87' lang='lat' dir='ltr'><strong>per</strong></span> <span class='ocrx_word' id='word_1_86' title='bbox 253 1434 439 1504; x_wconf 78' lang='lat' dir='ltr'><strong>ﬁdem.</strong></span> <span class='ocrx_word' id='word_1_87' title='bbox 465 1431 674 1486; x_wconf 88' lang='lat' dir='ltr'><strong>Rursus</strong></span> <span class='ocrx_word' id='word_1_88' title='bbox 701 1443 769 1483; x_wconf 91' lang='lat' dir='ltr'><strong>ne</strong></span> <span class='ocrx_word' id='word_1_89' title='bbox 797 1428 965 1497; x_wconf 84' lang='lat' dir='ltr'><strong>ipsam</strong></span> <span class='ocrx_word' id='word_1_90' title='bbox 993 1423 1150 1479; x_wconf 90' lang='lat' dir='ltr'><strong>ﬁdem</strong></span> <span class='ocrx_word' id='word_1_91' title='bbox 1176 1423 1295 1476; x_wconf 82' lang='lat' dir='ltr'><strong>sine</strong></span> <span class='ocrx_word' id='word_1_92' title='bbox 1328 1419 1418 1475; x_wconf 89' lang='lat' dir='ltr'><strong>Dei</strong></span> <span class='ocrx_word' id='word_1_93' title='bbox 1439 1419 1608 1490; x_wconf 87' lang='lat' dir='ltr'><strong>gratia</strong></span> <span class='ocrx_word' id='word_1_94' title='bbox 1634 1416 1733 1471; x_wconf 91' lang='lat' dir='ltr'><strong>sibi</strong></span> 
     </span>
    </p>
   </div>
   <div class='ocr_carea' id='block_1_13' title="bbox 145 1511 1734 1596">
    <p class='ocr_par' dir='ltr' id='par_1_13' title="bbox 145 1511 1734 1596">
     <span class='ocr_line' id='line_1_13' title="bbox 145 1511 1734 1596; baseline -0.009 -20"><span class='ocrx_word' id='word_1_95' title='bbox 145 1531 396 1596; x_wconf 80' lang='lat' dir='ltr'><strong>putarent</strong></span> <span class='ocrx_word' id='word_1_96' title='bbox 423 1536 545 1576; x_wconf 89' lang='lat' dir='ltr'><strong>esse</strong></span> <span class='ocrx_word' id='word_1_97' title='bbox 565 1517 901 1574; x_wconf 84' lang='lat' dir='ltr'><strong>tribuendam</strong></span> <span class='ocrx_word' id='word_1_98' title='bbox 919 1558 934 1584; x_wconf 96' lang='lat'><strong>,</strong></span> <span class='ocrx_word' id='word_1_99' title='bbox 960 1514 1024 1568; x_wconf 85' lang='lat' dir='ltr'><strong>Et</strong></span> <span class='ocrx_word' id='word_1_100' title='bbox 1047 1513 1142 1566; x_wconf 81' lang='lat' dir='ltr'><strong>hoc</strong></span> <span class='ocrx_word' id='word_1_101' title='bbox 1165 1552 1180 1576; x_wconf 91' lang='lat'><strong>,</strong></span> <span class='ocrx_word' id='word_1_102' title='bbox 1209 1511 1411 1581; x_wconf 88' lang='lat' dir='ltr'><strong>inquit,</strong></span> <span class='ocrx_word' id='word_1_103' title='bbox 1441 1525 1542 1562; x_wconf 90' lang='lat' dir='ltr'><strong>non</strong></span> <span class='ocrx_word' id='word_1_104' title='bbox 1563 1523 1627 1562; x_wconf 80' lang='lat' dir='ltr'><strong>ea:</strong></span> <span class='ocrx_word' id='word_1_105' title='bbox 1645 1525 1734 1561; x_wconf 80' lang='lat' dir='ltr'><strong>vo-</strong></span> 
     </span>
    </p>
   </div>
   <div class='ocr_carea' id='block_1_14' title="bbox 147 1597 1735 1680">
    <p class='ocr_par' dir='ltr' id='par_1_14' title="bbox 147 1597 1735 1680">
     <span class='ocr_line' id='line_1_14' title="bbox 147 1597 1735 1680; baseline -0.013 -10"><span class='ocrx_word' id='word_1_106' title='bbox 147 1618 235 1680; x_wconf 80' lang='lat' dir='ltr'><strong>bis,</strong></span> <span class='ocrx_word' id='word_1_107' title='bbox 263 1614 360 1668; x_wconf 73' lang='lat' dir='ltr'><strong>sed</strong></span> <span class='ocrx_word' id='word_1_108' title='bbox 395 1611 498 1666; x_wconf 75' lang='lat' dir='ltr'><strong>Dei</strong></span> <span class='ocrx_word' id='word_1_109' title='bbox 524 1611 714 1665; x_wconf 82' lang='lat' dir='ltr'><strong>donum</strong></span> <span class='ocrx_word' id='word_1_110' title='bbox 741 1616 814 1662; x_wconf 84' lang='lat' dir='ltr'><strong>est</strong></span> <span class='ocrx_word' id='word_1_111' title='bbox 840 1605 1056 1678; x_wconf 78' lang='lat' dir='ltr'><strong>(Epltes.</strong></span> <span class='ocrx_word' id='word_1_112' title='bbox 1085 1619 1147 1666; x_wconf 79' lang='grc' dir='ltr'><strong>ιι,</strong></span> <span class='ocrx_word' id='word_1_113' title='bbox 1179 1601 1260 1672; x_wconf 88' lang='grc'><strong>8).</strong></span> <span class='ocrx_word' id='word_1_114' title='bbox 1291 1600 1492 1669; x_wconf 88' lang='lat' dir='ltr'><strong>Nempe</strong></span> <span class='ocrx_word' id='word_1_115' title='bbox 1519 1613 1646 1668; x_wconf 85' lang='lat' dir='ltr'><strong>ergo</strong></span> <span class='ocrx_word' id='word_1_116' title='bbox 1674 1597 1735 1651; x_wconf 79' lang='lat' dir='ltr'><strong>il-</strong></span> 
     </span>
    </p>
   </div>
   <div class='ocr_carea' id='block_1_15' title="bbox 150 1688 1732 1771">
    <p class='ocr_par' dir='ltr' id='par_1_15' title="bbox 150 1688 1732 1771">
     <span class='ocr_line' id='line_1_15' title="bbox 150 1688 1732 1771; baseline -0.013 -11"><span class='ocrx_word' id='word_1_117' title='bbox 150 1706 231 1762; x_wconf 88' lang='lat' dir='ltr'><strong>lud</strong></span> <span class='ocrx_word' id='word_1_118' title='bbox 259 1703 414 1760; x_wconf 89' lang='lat' dir='ltr'><strong>unde</strong></span> <span class='ocrx_word' id='word_1_119' title='bbox 440 1702 625 1771; x_wconf 89' lang='lat' dir='ltr'><strong>incipit</strong></span> <span class='ocrx_word' id='word_1_120' title='bbox 643 1713 804 1755; x_wconf 89' lang='lat' dir='ltr'><strong>omne</strong></span> <span class='ocrx_word' id='word_1_121' title='bbox 828 1695 972 1768; x_wconf 90' lang='lat' dir='ltr'><strong>quod</strong></span> <span class='ocrx_word' id='word_1_122' title='bbox 999 1693 1190 1749; x_wconf 90' lang='lat' dir='ltr'><strong>merito</strong></span> <span class='ocrx_word' id='word_1_123' title='bbox 1217 1691 1462 1760; x_wconf 80' lang='lat' dir='ltr'><strong>accipere</strong></span> <span class='ocrx_word' id='word_1_124' title='bbox 1486 1688 1732 1750; x_wconf 88' lang='lat' dir='ltr'><strong>dicimur,</strong></span> 
     </span>
    </p>
   </div>
   <div class='ocr_carea' id='block_1_16' title="bbox 147 1779 1734 1862">
    <p class='ocr_par' dir='ltr' id='par_1_16' title="bbox 147 1779 1734 1862">
     <span class='ocr_line' id='line_1_16' title="bbox 147 1779 1734 1862; baseline -0.016 -6"><span class='ocrx_word' id='word_1_125' title='bbox 147 1802 256 1855; x_wconf 86' lang='lat' dir='ltr'><strong>sine</strong></span> <span class='ocrx_word' id='word_1_126' title='bbox 295 1797 494 1853; x_wconf 84' lang='lat' dir='ltr'><strong>merito</strong></span> <span class='ocrx_word' id='word_1_127' title='bbox 531 1791 853 1862; x_wconf 80' lang='lat' dir='ltr'><strong>accipimus,</strong></span> <span class='ocrx_word' id='word_1_128' title='bbox 889 1788 940 1843; x_wconf 93' lang='lat' dir='ltr'><strong>id</strong></span> <span class='ocrx_word' id='word_1_129' title='bbox 965 1795 1078 1852; x_wconf 89' lang='lat' dir='ltr'><strong>est,</strong></span> <span class='ocrx_word' id='word_1_130' title='bbox 1105 1787 1276 1855; x_wconf 87' lang='lat' dir='ltr'><strong>ipsam</strong></span> <span class='ocrx_word' id='word_1_131' title='bbox 1318 1781 1499 1837; x_wconf 88' lang='lat' dir='ltr'><strong>ﬁdem.</strong></span> <span class='ocrx_word' id='word_1_132' title='bbox 1541 1781 1648 1834; x_wconf 83' lang='lat' dir='ltr'><strong>Ant</strong></span> <span class='ocrx_word' id='word_1_133' title='bbox 1690 1779 1734 1832; x_wconf 91' lang='lat' dir='ltr'><strong>si</strong></span> 
     </span>
    </p>
   </div>
   <div class='ocr_carea' id='block_1_17' title="bbox 150 1873 1736 1962">
    <p class='ocr_par' dir='ltr' id='par_1_17' title="bbox 150 1873 1736 1962">
     <span class='ocr_line' id='line_1_17' title="bbox 150 1873 1736 1962; baseline -0.016 -14"><span class='ocrx_word' id='word_1_134' title='bbox 150 1902 369 1962; x_wconf 80' lang='lat' dir='ltr'><strong>negatur</strong></span> <span class='ocrx_word' id='word_1_135' title='bbox 390 1888 536 1952; x_wconf 87' lang='lat' dir='ltr'><strong>dari;</strong></span> <span class='ocrx_word' id='word_1_136' title='bbox 567 1883 693 1956; x_wconf 90' lang='lat' dir='ltr'><strong>quid</strong></span> <span class='ocrx_word' id='word_1_137' title='bbox 719 1891 802 1938; x_wconf 91' lang='lat' dir='ltr'><strong>est</strong></span> <span class='ocrx_word' id='word_1_138' title='bbox 827 1879 968 1952; x_wconf 84' lang='lat' dir='ltr'><strong>quod</strong></span> <span class='ocrx_word' id='word_1_139' title='bbox 1002 1879 1202 1934; x_wconf 92' lang='lat' dir='ltr'><strong>dictum</strong></span> <span class='ocrx_word' id='word_1_140' title='bbox 1227 1883 1330 1942; x_wconf 90' lang='lat' dir='ltr'><strong>est,</strong></span> <span class='ocrx_word' id='word_1_141' title='bbox 1364 1873 1510 1929; x_wconf 83' lang='lat' dir='ltr'><strong>Sicut</strong></span> <span class='ocrx_word' id='word_1_142' title='bbox 1533 1873 1736 1925; x_wconf 80' lang='lat' dir='ltr'><strong>unicui—</strong></span> 
     </span>
    </p>
   </div>
   <div class='ocr_carea' id='block_1_18' title="bbox 152 1960 1736 2054">
    <p class='ocr_par' dir='ltr' id='par_1_18' title="bbox 152 1960 1736 2054">
     <span class='ocr_line' id='line_1_18' title="bbox 152 1960 1736 2054; baseline -0.015 -17"><span class='ocrx_word' id='word_1_143' title='bbox 152 1960 238 2054; x_wconf 55' lang='lat' dir='ltr'><strong>qui</strong></span> <span class='ocrx_word' id='word_1_144' title='bbox 263 1981 402 2036; x_wconf 82' lang='lat' dir='ltr'><strong>Deus</strong></span> <span class='ocrx_word' id='word_1_145' title='bbox 429 1977 646 2048; x_wconf 85' lang='lat' dir='ltr'><strong>partitus</strong></span> <span class='ocrx_word' id='word_1_146' title='bbox 670 1983 743 2028; x_wconf 87' lang='lat' dir='ltr'><strong>est</strong></span> <span class='ocrx_word' id='word_1_147' title='bbox 780 1986 1065 2026; x_wconf 79' lang='lat' dir='ltr'><strong>mensuram</strong></span> <span class='ocrx_word' id='word_1_148' title='bbox 1084 1967 1206 2037; x_wconf 80' lang='lat' dir='ltr'><strong>fidei</strong></span> <span class='ocrx_word' id='word_1_149' title='bbox 1233 1963 1406 2039; x_wconf 85' lang='lat' dir='ltr'><strong>(Rom.</strong></span> <span class='ocrx_word' id='word_1_150' title='bbox 1435 1978 1529 2028; x_wconf 79' lang='lat' dir='ltr'><strong>xu,</strong></span> <span class='ocrx_word' id='word_1_151' title='bbox 1553 1960 1654 2032; x_wconf 59' lang='grc' dir='ltr'><strong>δη</strong></span> <span class='ocrx_word' id='word_1_152' title='bbox 1682 1961 1736 2014; x_wconf 76' lang='lat' dir='ltr'><strong>Si</strong></span> 
     </span>
    </p>
   </div>
   <div class='ocr_carea' id='block_1_19' title="bbox 150 2051 1739 2129">
    <p class='ocr_par' dir='ltr' id='par_1_19' title="bbox 150 2051 1739 2129">
     <span class='ocr_line' id='line_1_19' title="bbox 150 2051 1739 2129; baseline -0.016 -2"><span class='ocrx_word' id='word_1_153' title='bbox 150 2051 324 2129; x_wconf 69' lang='lat' dir='ltr'><strong>autem</strong></span> <span class='ocrx_word' id='word_1_154' title='bbox 354 2073 435 2126; x_wconf 90' lang='lat' dir='ltr'><strong>sic</strong></span> <span class='ocrx_word' id='word_1_155' title='bbox 462 2069 661 2124; x_wconf 85' lang='lat' dir='ltr'><strong>dicitur</strong></span> <span class='ocrx_word' id='word_1_156' title='bbox 688 2065 800 2118; x_wconf 86' lang='lat' dir='ltr'><strong>dari</strong></span> <span class='ocrx_word' id='word_1_157' title='bbox 825 2103 840 2126; x_wconf 92' lang='lat'><strong>,</strong></span> <span class='ocrx_word' id='word_1_158' title='bbox 863 2070 923 2116; x_wconf 92' lang='lat' dir='ltr'><strong>ut</strong></span> <span class='ocrx_word' id='word_1_159' title='bbox 954 2059 1206 2116; x_wconf 84' lang='lat' dir='ltr'><strong>reddatur</strong></span> <span class='ocrx_word' id='word_1_160' title='bbox 1235 2054 1442 2110; x_wconf 90' lang='lat' dir='ltr'><strong>meritis</strong></span> <span class='ocrx_word' id='word_1_161' title='bbox 1461 2094 1476 2118; x_wconf 92' lang='lat'><strong>,</strong></span> <span class='ocrx_word' id='word_1_162' title='bbox 1504 2067 1610 2106; x_wconf 91' lang='lat' dir='ltr'><strong>non</strong></span> <span class='ocrx_word' id='word_1_163' title='bbox 1641 2051 1739 2105; x_wconf 83' lang='lat' dir='ltr'><strong>do-</strong></span> 
     </span>
    </p>
   </div>
   <div class='ocr_carea' id='block_1_20' title="bbox 150 2145 1738 2233">
    <p class='ocr_par' dir='ltr' id='par_1_20' title="bbox 150 2145 1738 2233">
     <span class='ocr_line' id='line_1_20' title="bbox 150 2145 1738 2233; baseline -0.017 -12"><span class='ocrx_word' id='word_1_164' title='bbox 150 2179 306 2221; x_wconf 85' lang='lat' dir='ltr'><strong>netur</strong></span> <span class='ocrx_word' id='word_1_165' title='bbox 330 2181 346 2229; x_wconf 89' lang='lat'><strong>;</strong></span> <span class='ocrx_word' id='word_1_166' title='bbox 375 2161 502 2233; x_wconf 86' lang='lat' dir='ltr'><strong>quid</strong></span> <span class='ocrx_word' id='word_1_167' title='bbox 529 2169 613 2214; x_wconf 89' lang='lat' dir='ltr'><strong>est</strong></span> <span class='ocrx_word' id='word_1_168' title='bbox 639 2156 779 2228; x_wconf 90' lang='lat' dir='ltr'><strong>quod</strong></span> <span class='ocrx_word' id='word_1_169' title='bbox 812 2156 1002 2210; x_wconf 85' lang='lat' dir='ltr'><strong>iterum</strong></span> <span class='ocrx_word' id='word_1_170' title='bbox 1031 2151 1181 2224; x_wconf 83' lang='lat' dir='ltr'><strong>dicit,</strong></span> <span class='ocrx_word' id='word_1_171' title='bbox 1221 2147 1374 2202; x_wconf 80' lang='lat' dir='ltr'><strong>Vobis</strong></span> <span class='ocrx_word' id='word_1_172' title='bbox 1400 2145 1644 2199; x_wconf 85' lang='lat' dir='ltr'><strong>donatum</strong></span> <span class='ocrx_word' id='word_1_173' title='bbox 1669 2150 1738 2197; x_wconf 82' lang='lat' dir='ltr'><strong>est</strong></span> 
     </span>
    </p>
   </div>
   <div class='ocr_carea' id='block_1_21' title="bbox 150 2237 1738 2326">
    <p class='ocr_par' dir='ltr' id='par_1_21' title="bbox 150 2237 1738 2326">
     <span class='ocr_line' id='line_1_21' title="bbox 150 2237 1738 2326; baseline -0.014 -17"><span class='ocrx_word' id='word_1_174' title='bbox 150 2274 241 2326; x_wconf 82' lang='lat' dir='ltr'><strong>pro</strong></span> <span class='ocrx_word' id='word_1_175' title='bbox 272 2254 496 2317; x_wconf 75' lang='lat' dir='ltr'><strong>Christo,</strong></span> <span class='ocrx_word' id='word_1_176' title='bbox 523 2267 624 2303; x_wconf 89' lang='lat' dir='ltr'><strong>non</strong></span> <span class='ocrx_word' id='word_1_177' title='bbox 649 2247 813 2302; x_wconf 82' lang='lat' dir='ltr'><strong>solum</strong></span> <span class='ocrx_word' id='word_1_178' title='bbox 838 2254 893 2298; x_wconf 85' lang='lat' dir='ltr'><strong>ut</strong></span> <span class='ocrx_word' id='word_1_179' title='bbox 918 2241 1132 2296; x_wconf 80' lang='lat' dir='ltr'><strong>credatis</strong></span> <span class='ocrx_word' id='word_1_180' title='bbox 1159 2241 1211 2293; x_wconf 86' lang='lat' dir='ltr'><strong>in</strong></span> <span class='ocrx_word' id='word_1_181' title='bbox 1235 2255 1372 2302; x_wconf 84' lang='lat' dir='ltr'><strong>cum,</strong></span> <span class='ocrx_word' id='word_1_182' title='bbox 1395 2251 1566 2290; x_wconf 83' lang='lat' dir='ltr'><strong>verum</strong></span> <span class='ocrx_word' id='word_1_183' title='bbox 1588 2237 1738 2288; x_wconf 78' lang='lat' dir='ltr'><strong>etiam</strong></span> 
     </span>
    </p>
   </div>
   <div class='ocr_carea' id='block_1_22' title="bbox 153 2326 1736 2418">
    <p class='ocr_par' dir='ltr' id='par_1_22' title="bbox 153 2326 1736 2418">
     <span class='ocr_line' id='line_1_22' title="bbox 153 2326 1736 2418; baseline -0.015 -15"><span class='ocrx_word' id='word_1_184' title='bbox 153 2363 203 2403; x_wconf 75' lang='lat' dir='ltr'><strong>ut</strong></span> <span class='ocrx_word' id='word_1_185' title='bbox 225 2351 240 2382; x_wconf 86' lang='grc'>¹</span> <span class='ocrx_word' id='word_1_186' title='bbox 265 2345 531 2418; x_wconf 77' lang='lat' dir='ltr'><strong>patiamini</strong></span> <span class='ocrx_word' id='word_1_187' title='bbox 559 2358 651 2412; x_wconf 86' lang='lat' dir='ltr'><strong>pro</strong></span> <span class='ocrx_word' id='word_1_188' title='bbox 678 2357 736 2395; x_wconf 86' lang='lat' dir='ltr'><strong>eo</strong></span> <span class='ocrx_word' id='word_1_189' title='bbox 765 2337 1026 2410; x_wconf 82' lang='lat' dir='ltr'><strong>(Philipp.</strong></span> <span class='ocrx_word' id='word_1_190' title='bbox 1059 2349 1096 2399; x_wconf 83' lang='grc' dir='ltr'><strong>ι,</strong></span> <span class='ocrx_word' id='word_1_191' title='bbox 1121 2333 1250 2400; x_wconf 75' lang='lat'><strong>29)?</strong></span> <span class='ocrx_word' id='word_1_192' title='bbox 1278 2330 1570 2397; x_wconf 75' lang='lat' dir='ltr'><strong>Utrumque</strong></span> <span class='ocrx_word' id='word_1_193' title='bbox 1595 2326 1736 2382; x_wconf 89' lang='lat' dir='ltr'><strong>enim</strong></span> 
     </span>
    </p>
   </div>
   <div class='ocr_carea' id='block_1_23' title="bbox 153 2421 1736 2498">
    <p class='ocr_par' dir='ltr' id='par_1_23' title="bbox 153 2421 1736 2498">
     <span class='ocr_line' id='line_1_23' title="bbox 153 2421 1736 2498; baseline -0.015 -1"><span class='ocrx_word' id='word_1_194' title='bbox 153 2444 408 2497; x_wconf 83' lang='lat' dir='ltr'><strong>donatum</strong></span> <span class='ocrx_word' id='word_1_195' title='bbox 438 2452 559 2492; x_wconf 88' lang='lat' dir='ltr'><strong>esse</strong></span> <span class='ocrx_word' id='word_1_196' title='bbox 582 2443 802 2490; x_wconf 88' lang='lat' dir='ltr'><strong>testatus</strong></span> <span class='ocrx_word' id='word_1_197' title='bbox 822 2440 924 2496; x_wconf 88' lang='lat' dir='ltr'><strong>est,</strong></span> <span class='ocrx_word' id='word_1_198' title='bbox 951 2437 1007 2485; x_wconf 93' lang='lat' dir='ltr'><strong>et</strong></span> <span class='ocrx_word' id='word_1_199' title='bbox 1029 2425 1172 2498; x_wconf 88' lang='lat' dir='ltr'><strong>quod</strong></span> <span class='ocrx_word' id='word_1_200' title='bbox 1192 2423 1428 2480; x_wconf 92' lang='lat' dir='ltr'><strong>creditin</strong></span> <span class='ocrx_word' id='word_1_201' title='bbox 1444 2421 1736 2488; x_wconf 80' lang='lat' dir='ltr'><strong>Christum,</strong></span> 
     </span>
    </p>
   </div>
   <div class='ocr_carea' id='block_1_24' title="bbox 155 2512 1740 2602">
    <p class='ocr_par' dir='ltr' id='par_1_24' title="bbox 155 2512 1740 2602">
     <span class='ocr_line' id='line_1_24' title="bbox 155 2512 1740 2602; baseline -0.014 -16"><span class='ocrx_word' id='word_1_202' title='bbox 155 2545 200 2586; x_wconf 70' lang='lat' dir='ltr'><strong>et</strong></span> <span class='ocrx_word' id='word_1_203' title='bbox 229 2530 378 2602; x_wconf 90' lang='lat' dir='ltr'><strong>quod</strong></span> <span class='ocrx_word' id='word_1_204' title='bbox 409 2529 616 2598; x_wconf 86' lang='lat' dir='ltr'><strong>patitur</strong></span> <span class='ocrx_word' id='word_1_205' title='bbox 635 2525 862 2595; x_wconf 87' lang='lat' dir='ltr'><strong>quisque</strong></span> <span class='ocrx_word' id='word_1_206' title='bbox 885 2536 982 2590; x_wconf 91' lang='lat' dir='ltr'><strong>pro</strong></span> <span class='ocrx_word' id='word_1_207' title='bbox 999 2517 1231 2575; x_wconf 82' lang='lat' dir='ltr'><strong>Christo.</strong></span> <span class='ocrx_word' id='word_1_208' title='bbox 1258 2515 1346 2570; x_wconf 88' lang='lat' dir='ltr'><strong>Isti</strong></span> <span class='ocrx_word' id='word_1_209' title='bbox 1368 2523 1543 2569; x_wconf 89' lang='lat' dir='ltr'><strong>autem</strong></span> <span class='ocrx_word' id='word_1_210' title='bbox 1569 2512 1740 2566; x_wconf 90' lang='lat' dir='ltr'><strong>libero</strong></span> 
     </span>
    </p>
   </div>
   <div class='ocr_carea' id='block_1_25' title="bbox 154 2603 1738 2687">
    <p class='ocr_par' dir='ltr' id='par_1_25' title="bbox 154 2603 1738 2687">
     <span class='ocr_line' id='line_1_25' title="bbox 154 2603 1738 2687; baseline -0.013 -10"><span class='ocrx_word' id='word_1_211' title='bbox 154 2623 380 2678; x_wconf 78' lang='lat' dir='ltr'><strong>arbitrio</strong></span> <span class='ocrx_word' id='word_1_212' title='bbox 417 2620 497 2674; x_wconf 88' lang='lat' dir='ltr'><strong>sic</strong></span> <span class='ocrx_word' id='word_1_213' title='bbox 534 2617 802 2687; x_wconf 84' lang='lat' dir='ltr'><strong>applicant</strong></span> <span class='ocrx_word' id='word_1_214' title='bbox 849 2613 1038 2676; x_wconf 88' lang='lat' dir='ltr'><strong>ﬁdem,</strong></span> <span class='ocrx_word' id='word_1_215' title='bbox 1064 2619 1124 2664; x_wconf 93' lang='lat' dir='ltr'><strong>ut</strong></span> <span class='ocrx_word' id='word_1_216' title='bbox 1153 2607 1278 2664; x_wconf 89' lang='lat' dir='ltr'><strong>ﬁdei</strong></span> <span class='ocrx_word' id='word_1_217' title='bbox 1317 2606 1566 2661; x_wconf 89' lang='lat' dir='ltr'><strong>videlicet</strong></span> <span class='ocrx_word' id='word_1_218' title='bbox 1588 2603 1738 2659; x_wconf 87' lang='lat' dir='ltr'><strong>reddi</strong></span> 
     </span>
    </p>
   </div>
   <div class='ocr_carea' id='block_1_26' title="bbox 154 2693 1741 2778">
    <p class='ocr_par' dir='ltr' id='par_1_26' title="bbox 154 2693 1741 2778">
     <span class='ocr_line' id='line_1_26' title="bbox 154 2693 1741 2778; baseline -0.011 -15"><span class='ocrx_word' id='word_1_219' title='bbox 154 2712 417 2776; x_wconf 71' lang='lat' dir='ltr'><strong>videatur,</strong></span> <span class='ocrx_word' id='word_1_220' title='bbox 448 2724 552 2763; x_wconf 88' lang='lat' dir='ltr'><strong>non</strong></span> <span class='ocrx_word' id='word_1_221' title='bbox 573 2703 799 2778; x_wconf 85' lang='lat' dir='ltr'><strong>gratuita</strong></span> <span class='ocrx_word' id='word_1_222' title='bbox 819 2743 835 2770; x_wconf 91' lang='lat'><strong>,</strong></span> <span class='ocrx_word' id='word_1_223' title='bbox 865 2701 960 2756; x_wconf 89' lang='lat' dir='ltr'><strong>sed</strong></span> <span class='ocrx_word' id='word_1_224' title='bbox 985 2697 1161 2754; x_wconf 88' lang='lat' dir='ltr'><strong>debita</strong></span> <span class='ocrx_word' id='word_1_225' title='bbox 1187 2696 1354 2768; x_wconf 87' lang='lat' dir='ltr'><strong>gratia</strong></span> <span class='ocrx_word' id='word_1_226' title='bbox 1387 2713 1402 2750; x_wconf 91' lang='lat'><strong>:</strong></span> <span class='ocrx_word' id='word_1_227' title='bbox 1434 2709 1496 2750; x_wconf 89' lang='lat' dir='ltr'><strong>ac</strong></span> <span class='ocrx_word' id='word_1_228' title='bbox 1520 2709 1618 2764; x_wconf 89' lang='lat' dir='ltr'><strong>per</strong></span> <span class='ocrx_word' id='word_1_229' title='bbox 1639 2693 1741 2747; x_wconf 90' lang='lat' dir='ltr'><strong>hoc</strong></span> 
     </span>
    </p>
   </div>
   <div class='ocr_carea' id='block_1_27' title="bbox 149 2787 1596 2876">
    <p class='ocr_par' dir='ltr' id='par_1_27' title="bbox 149 2787 1596 2876">
     <span class='ocr_line' id='line_1_27' title="bbox 149 2787 1596 2876; baseline -0.013 -19"><span class='ocrx_word' id='word_1_230' title='bbox 149 2809 258 2876; x_wconf 85' lang='lat' dir='ltr'><strong>jam</strong></span> <span class='ocrx_word' id='word_1_231' title='bbox 279 2818 384 2858; x_wconf 86' lang='lat' dir='ltr'><strong>nec</strong></span> <span class='ocrx_word' id='word_1_232' title='bbox 407 2800 596 2871; x_wconf 88' lang='lat' dir='ltr'><strong>gratia,</strong></span> <span class='ocrx_word' id='word_1_233' title='bbox 624 2797 746 2867; x_wconf 89' lang='lat' dir='ltr'><strong>quia</strong></span> <span class='ocrx_word' id='word_1_234' title='bbox 771 2795 871 2850; x_wconf 91' lang='lat' dir='ltr'><strong>nisi</strong></span> <span class='ocrx_word' id='word_1_235' title='bbox 897 2793 1146 2864; x_wconf 87' lang='lat' dir='ltr'><strong>gratuita,</strong></span> <span class='ocrx_word' id='word_1_236' title='bbox 1177 2805 1282 2845; x_wconf 91' lang='lat' dir='ltr'><strong>non</strong></span> <span class='ocrx_word' id='word_1_237' title='bbox 1305 2796 1388 2844; x_wconf 91' lang='lat' dir='ltr'><strong>est</strong></span> <span class='ocrx_word' id='word_1_238' title='bbox 1408 2787 1596 2857; x_wconf 87' lang='lat' dir='ltr'><strong>gratia.</strong></span> 
     </span>
    </p>
   </div>
   <div class='ocr_carea' id='block_1_28' title="bbox 221 2877 1740 2950">
    <p class='ocr_par' dir='ltr' id='par_1_28' title="bbox 221 2877 1740 2950">
     <span class='ocr_line' id='line_1_28' title="bbox 221 2877 1740 2950; baseline -0.012 -1"><span class='ocrx_word' id='word_1_239' title='bbox 221 2893 454 2950; x_wconf 78' lang='lat' dir='ltr'><strong>CAPUT</strong></span> <span class='ocrx_word' id='word_1_240' title='bbox 492 2887 710 2944; x_wconf 78' lang='lat' dir='ltr'><strong>XXXII.</strong></span> <span class='ocrx_word' id='word_1_241' title='bbox 737 2916 810 2928; x_wconf 90' lang='lat'><strong>—</strong></span> <span class='ocrx_word' id='word_1_242' title='bbox 838 2886 927 2941; x_wconf 77' lang='lat'><strong>55.</strong></span> <span class='ocrx_word' id='word_1_243' title='bbox 949 2884 1053 2940; x_wconf 87' lang='lat' dir='ltr'><strong>Sed</strong></span> <span class='ocrx_word' id='word_1_244' title='bbox 1083 2883 1152 2938; x_wconf 89' lang='lat' dir='ltr'><strong>ab</strong></span> <span class='ocrx_word' id='word_1_245' title='bbox 1175 2883 1258 2936; x_wconf 90' lang='lat' dir='ltr'><strong>his</strong></span> <span class='ocrx_word' id='word_1_246' title='bbox 1278 2881 1470 2936; x_wconf 89' lang='lat' dir='ltr'><strong>litteris</strong></span> <span class='ocrx_word' id='word_1_247' title='bbox 1495 2877 1740 2947; x_wconf 85' lang='lat' dir='ltr'><strong>Pelagius</strong></span> 
     </span>
    </p>
   </div>
   <div class='ocr_carea' id='block_1_29' title="bbox 164 2967 1742 3048">
    <p class='ocr_par' dir='ltr' id='par_1_29' title="bbox 164 2967 1742 3048">
     <span class='ocr_line' id='line_1_29' title="bbox 164 2967 1742 3048; baseline -0.01 -12"><span class='ocrx_word' id='word_1_248' title='bbox 164 2985 222 3039; x_wconf 80' lang='lat' dir='ltr'><strong>ad</strong></span> <span class='ocrx_word' id='word_1_249' title='bbox 251 2983 378 3038; x_wconf 90' lang='lat' dir='ltr'><strong>ﬁdei</strong></span> <span class='ocrx_word' id='word_1_250' title='bbox 401 2996 512 3036; x_wconf 73' lang='lat' dir='ltr'><strong>sua:</strong></span> <span class='ocrx_word' id='word_1_251' title='bbox 537 2980 732 3034; x_wconf 88' lang='lat' dir='ltr'><strong>librum</strong></span> <span class='ocrx_word' id='word_1_252' title='bbox 763 2975 838 3048; x_wconf 90' lang='lat' dir='ltr'><strong>(a)</strong></span> <span class='ocrx_word' id='word_1_253' title='bbox 871 2975 983 3028; x_wconf 90' lang='lat' dir='ltr'><strong>vult</strong></span> <span class='ocrx_word' id='word_1_254' title='bbox 1012 2975 1240 3028; x_wconf 88' lang='lat' dir='ltr'><strong>transire</strong></span> <span class='ocrx_word' id='word_1_255' title='bbox 1267 2974 1518 3026; x_wconf 90' lang='lat' dir='ltr'><strong>lectorem</strong></span> <span class='ocrx_word' id='word_1_256' title='bbox 1542 3008 1557 3036; x_wconf 94' lang='lat'><strong>,</strong></span> <span class='ocrx_word' id='word_1_257' title='bbox 1588 2967 1742 3037; x_wconf 83' lang='lat' dir='ltr'><strong>cujus</strong></span> 
     </span>
    </p>
   </div>
   <div class='ocr_carea' id='block_1_30' title="bbox 167 3058 1742 3132">
    <p class='ocr_par' dir='ltr' id='par_1_30' title="bbox 167 3058 1742 3132">
     <span class='ocr_line' id='line_1_30' title="bbox 167 3058 1742 3132; baseline -0.009 -6"><span class='ocrx_word' id='word_1_258' title='bbox 167 3075 308 3128; x_wconf 79' lang='lat' dir='ltr'><strong>vobis</strong></span> <span class='ocrx_word' id='word_1_259' title='bbox 332 3075 355 3104; x_wconf 84' lang='grc'>²</span> <span class='ocrx_word' id='word_1_260' title='bbox 381 3068 942 3128; x_wconf 63' lang='lat' dir='ltr'><strong>commemorationem</strong></span> <span class='ocrx_word' id='word_1_261' title='bbox 967 3064 1092 3121; x_wconf 91' lang='lat' dir='ltr'><strong>fecit</strong></span> <span class='ocrx_word' id='word_1_262' title='bbox 1115 3081 1129 3118; x_wconf 89' lang='lat'><strong>:</strong></span> <span class='ocrx_word' id='word_1_263' title='bbox 1155 3063 1208 3117; x_wconf 91' lang='lat' dir='ltr'><strong>in</strong></span> <span class='ocrx_word' id='word_1_264' title='bbox 1237 3077 1344 3132; x_wconf 91' lang='lat' dir='ltr'><strong>quo</strong></span> <span class='ocrx_word' id='word_1_265' title='bbox 1369 3076 1430 3116; x_wconf 90' lang='lat' dir='ltr'><strong>ea</strong></span> <span class='ocrx_word' id='word_1_266' title='bbox 1457 3059 1525 3115; x_wconf 91' lang='lat' dir='ltr'><strong>de</strong></span> <span class='ocrx_word' id='word_1_267' title='bbox 1547 3058 1742 3129; x_wconf 89' lang='lat' dir='ltr'><strong>quibus</strong></span> 
     </span>
    </p>
   </div>
   <div class='ocr_carea' id='block_1_31' title="bbox 169 3149 1746 3232">
    <p class='ocr_par' dir='ltr' id='par_1_31' title="bbox 169 3149 1746 3232">
     <span class='ocr_line' id='line_1_31' title="bbox 169 3149 1746 3232; baseline -0.011 -12"><span class='ocrx_word' id='word_1_268' title='bbox 169 3181 266 3220; x_wconf 88' lang='lat' dir='ltr'><strong>non</strong></span> <span class='ocrx_word' id='word_1_269' title='bbox 293 3161 719 3232; x_wconf 77' lang='lat' dir='ltr'><strong>interrogabatur</strong></span> <span class='ocrx_word' id='word_1_270' title='bbox 737 3199 752 3223; x_wconf 92' lang='lat'><strong>,</strong></span> <span class='ocrx_word' id='word_1_271' title='bbox 781 3157 944 3212; x_wconf 83' lang='lat' dir='ltr'><strong>multa</strong></span> <span class='ocrx_word' id='word_1_272' title='bbox 973 3155 1244 3210; x_wconf 89' lang='lat' dir='ltr'><strong>disseruit.</strong></span> <span class='ocrx_word' id='word_1_273' title='bbox 1273 3151 1380 3208; x_wconf 86' lang='lat' dir='ltr'><strong>Sed</strong></span> <span class='ocrx_word' id='word_1_274' title='bbox 1409 3165 1507 3205; x_wconf 91' lang='lat' dir='ltr'><strong>nos</strong></span> <span class='ocrx_word' id='word_1_275' title='bbox 1535 3149 1602 3205; x_wconf 92' lang='lat' dir='ltr'><strong>de</strong></span> <span class='ocrx_word' id='word_1_276' title='bbox 1627 3149 1746 3219; x_wconf 87' lang='lat' dir='ltr'><strong>qni-</strong></span> 
     </span>
    </p>
   </div>
   <div class='ocr_carea' id='block_1_32' title="bbox 169 3241 1745 3326">
    <p class='ocr_par' dir='ltr' id='par_1_32' title="bbox 169 3241 1745 3326">
     <span class='ocr_line' id='line_1_32' title="bbox 169 3241 1745 3326; baseline -0.01 -14"><span class='ocrx_word' id='word_1_277' title='bbox 169 3258 258 3312; x_wconf 85' lang='lat' dir='ltr'><strong>bus</strong></span> <span class='ocrx_word' id='word_1_278' title='bbox 289 3256 501 3326; x_wconf 81' lang='lat' dir='ltr'><strong>agimus</strong></span> <span class='ocrx_word' id='word_1_279' title='bbox 537 3266 657 3307; x_wconf 92' lang='lat' dir='ltr'><strong>cum</strong></span> <span class='ocrx_word' id='word_1_280' title='bbox 688 3251 826 3315; x_wconf 89' lang='lat' dir='ltr'><strong>illis,</strong></span> <span class='ocrx_word' id='word_1_281' title='bbox 849 3249 962 3318; x_wconf 90' lang='lat' dir='ltr'><strong>ipsa</strong></span> <span class='ocrx_word' id='word_1_282' title='bbox 1003 3247 1298 3302; x_wconf 82' lang='lat' dir='ltr'><strong>videamus.</strong></span> <span class='ocrx_word' id='word_1_283' title='bbox 1339 3241 1474 3300; x_wconf 86' lang='lat' dir='ltr'><strong>Cum</strong></span> <span class='ocrx_word' id='word_1_284' title='bbox 1506 3242 1646 3298; x_wconf 91' lang='lat' dir='ltr'><strong>enim</strong></span> <span class='ocrx_word' id='word_1_285' title='bbox 1675 3241 1745 3296; x_wconf 88' lang='lat' dir='ltr'><strong>ab</strong></span> 
     </span>
    </p>
   </div>
   <div class='ocr_carea' id='block_1_33' title="bbox 171 3333 1742 3411">
    <p class='ocr_par' dir='ltr' id='par_1_33' title="bbox 171 3333 1742 3411">
     <span class='ocr_line' id='line_1_33' title="bbox 171 3333 1742 3411; baseline -0.01 -9"><span class='ocrx_word' id='word_1_286' title='bbox 171 3348 364 3402; x_wconf 75' lang='lat' dir='ltr'><strong>nnitme</strong></span> <span class='ocrx_word' id='word_1_287' title='bbox 403 3342 682 3399; x_wconf 80' lang='lat' dir='ltr'><strong>Trinitatis</strong></span> <span class='ocrx_word' id='word_1_288' title='bbox 723 3355 894 3411; x_wconf 88' lang='lat' dir='ltr'><strong>usque</strong></span> <span class='ocrx_word' id='word_1_289' title='bbox 929 3337 996 3393; x_wconf 91' lang='lat' dir='ltr'><strong>ad</strong></span> <span class='ocrx_word' id='word_1_290' title='bbox 1038 3337 1482 3394; x_wconf 75' lang='lat' dir='ltr'><strong>resurrectionem</strong></span> <span class='ocrx_word' id='word_1_291' title='bbox 1542 3333 1742 3398; x_wconf 89' lang='lat' dir='ltr'><strong>carnis,</strong></span> 
     </span>
    </p>
   </div>
   <div class='ocr_carea' id='block_1_34' title="bbox 169 3429 1744 3508">
    <p class='ocr_par' dir='ltr' id='par_1_34' title="bbox 169 3429 1744 3508">
     <span class='ocr_line' id='line_1_34' title="bbox 169 3429 1744 3508; baseline -0.009 -16"><span class='ocrx_word' id='word_1_292' title='bbox 169 3439 299 3508; x_wconf 81' lang='lat' dir='ltr'><strong>quod</strong></span> <span class='ocrx_word' id='word_1_293' title='bbox 323 3437 394 3492; x_wconf 85' lang='lat' dir='ltr'><strong>ab</strong></span> <span class='ocrx_word' id='word_1_294' title='bbox 421 3436 515 3490; x_wconf 92' lang='lat' dir='ltr'><strong>illo</strong></span> <span class='ocrx_word' id='word_1_295' title='bbox 545 3448 702 3490; x_wconf 92' lang='lat' dir='ltr'><strong>nemo</strong></span> <span class='ocrx_word' id='word_1_296' title='bbox 722 3431 1026 3503; x_wconf 67' lang='lat' dir='ltr'><strong>quaerebat,</strong></span> <span class='ocrx_word' id='word_1_297' title='bbox 1057 3429 1471 3500; x_wconf 88' lang='lat' dir='ltr'><strong>disputationem</strong></span> <span class='ocrx_word' id='word_1_298' title='bbox 1492 3435 1744 3498; x_wconf 88' lang='lat' dir='ltr'><strong>quantam</strong></span> 
     </span>
    </p>
   </div>
   <div class='ocr_carea' id='block_1_35' title="bbox 171 3518 1744 3590">
    <p class='ocr_par' dir='ltr' id='par_1_35' title="bbox 171 3518 1744 3590">
     <span class='ocr_line' id='line_1_35' title="bbox 171 3518 1744 3590; baseline -0.008 -9"><span class='ocrx_word' id='word_1_299' title='bbox 171 3529 328 3582; x_wconf 83' lang='lat' dir='ltr'><strong>voluit</strong></span> <span class='ocrx_word' id='word_1_300' title='bbox 356 3525 735 3581; x_wconf 83' lang='lat' dir='ltr'><strong>terminasset:</strong></span> <span class='ocrx_word' id='word_1_301' title='bbox 773 3541 793 3574; x_wconf 70' lang='grc' dir='ltr'><strong>ε</strong></span> <span class='ocrx_word' id='word_1_302' title='bbox 828 3522 893 3575; x_wconf 87' lang='grc' dir='ltr'><strong>Ει</strong></span> <span class='ocrx_word' id='word_1_303' title='bbox 916 3520 1208 3590; x_wconf 87' lang='lat' dir='ltr'><strong>Baptisma,</strong></span> <span class='ocrx_word' id='word_1_304' title='bbox 1249 3538 1270 3572; x_wconf 75' lang='grc' dir='ltr'><strong><em>ι</em></strong></span> <span class='ocrx_word' id='word_1_305' title='bbox 1303 3518 1488 3588; x_wconf 86' lang='lat' dir='ltr'><strong>inquit,</strong></span> <span class='ocrx_word' id='word_1_306' title='bbox 1529 3535 1548 3568; x_wconf 83' lang='grc'>‹</span> <span class='ocrx_word' id='word_1_307' title='bbox 1577 3531 1744 3570; x_wconf 88' lang='lat' dir='ltr'><strong>unum</strong></span> 
     </span>
    </p>
   </div>
   <div class='ocr_carea' id='block_1_36' title="bbox 173 3607 1744 3687">
    <p class='ocr_par' dir='ltr' id='par_1_36' title="bbox 173 3607 1744 3687">
     <span class='ocr_line' id='line_1_36' title="bbox 173 3607 1744 3687; baseline -0.006 -15"><span class='ocrx_word' id='word_1_308' title='bbox 173 3629 430 3680; x_wconf 85' lang='lat' dir='ltr'><strong>tenemus,</strong></span> <span class='ocrx_word' id='word_1_309' title='bbox 457 3613 598 3687; x_wconf 89' lang='lat' dir='ltr'><strong>quod</strong></span> <span class='ocrx_word' id='word_1_310' title='bbox 616 3613 801 3669; x_wconf 86' lang='lat' dir='ltr'><strong>iisdem</strong></span> <span class='ocrx_word' id='word_1_311' title='bbox 816 3610 1144 3668; x_wconf 87' lang='lat' dir='ltr'><strong>Sacramenti</strong></span> <span class='ocrx_word' id='word_1_312' title='bbox 1170 3609 1346 3665; x_wconf 86' lang='lat' dir='ltr'><strong>verbis</strong></span> <span class='ocrx_word' id='word_1_313' title='bbox 1363 3610 1414 3662; x_wconf 95' lang='lat' dir='ltr'><strong>in</strong></span> <span class='ocrx_word' id='word_1_314' title='bbox 1437 3607 1744 3674; x_wconf 78' lang='lat' dir='ltr'><strong>infantibus,</strong></span> 
     </span>
    </p>
   </div>
   <div class='ocr_carea' id='block_1_37' title="bbox 171 3703 1747 3781">
    <p class='ocr_par' dir='ltr' id='par_1_37' title="bbox 171 3703 1747 3781">
     <span class='ocr_line' id='line_1_37' title="bbox 171 3703 1747 3781; baseline -0.005 -17"><span class='ocrx_word' id='word_1_315' title='bbox 171 3711 355 3781; x_wconf 84' lang='lat' dir='ltr'><strong>quibus</strong></span> <span class='ocrx_word' id='word_1_316' title='bbox 399 3709 562 3766; x_wconf 87' lang='lat' dir='ltr'><strong>etiam</strong></span> <span class='ocrx_word' id='word_1_317' title='bbox 603 3708 655 3761; x_wconf 92' lang='lat' dir='ltr'><strong>in</strong></span> <span class='ocrx_word' id='word_1_318' title='bbox 697 3705 987 3776; x_wconf 82' lang='lat' dir='ltr'><strong>majoribus</strong></span> <span class='ocrx_word' id='word_1_319' title='bbox 1010 3746 1024 3769; x_wconf 94' lang='lat'><strong>,</strong></span> <span class='ocrx_word' id='word_1_320' title='bbox 1051 3703 1279 3758; x_wconf 89' lang='lat' dir='ltr'><strong>dicimus</strong></span> <span class='ocrx_word' id='word_1_321' title='bbox 1307 3716 1428 3758; x_wconf 91' lang='lat' dir='ltr'><strong>esse</strong></span> <span class='ocrx_word' id='word_1_322' title='bbox 1465 3703 1747 3781; x_wconf 84' lang='lat' dir='ltr'><strong>celebran-</strong></span> 
     </span>
    </p>
   </div>
   <div class='ocr_carea' id='block_1_38' title="bbox 171 3778 1745 3864">
    <p class='ocr_par' dir='ltr' id='par_1_38' title="bbox 171 3778 1745 3864">
     <span class='ocr_line' id='line_1_38' title="bbox 171 3778 1745 3864; baseline -0.005 -9"><span class='ocrx_word' id='word_1_323' title='bbox 171 3801 310 3856; x_wconf 89' lang='lat' dir='ltr'><strong>dum.</strong></span> <span class='ocrx_word' id='word_1_324' title='bbox 348 3819 369 3853; x_wconf 76' lang='grc' dir='ltr'><strong><em>ι</em></strong></span> <span class='ocrx_word' id='word_1_325' title='bbox 404 3799 522 3854; x_wconf 79' lang='lat' dir='ltr'><strong>Hoc</strong></span> <span class='ocrx_word' id='word_1_326' title='bbox 543 3807 691 3853; x_wconf 88' lang='lat' dir='ltr'><strong>certe</strong></span> <span class='ocrx_word' id='word_1_327' title='bbox 723 3811 816 3851; x_wconf 90' lang='lat' dir='ltr'><strong>vos</strong></span> <span class='ocrx_word' id='word_1_328' title='bbox 843 3806 897 3851; x_wconf 88' lang='lat' dir='ltr'><strong>et</strong></span> <span class='ocrx_word' id='word_1_329' title='bbox 921 3811 950 3848; x_wconf 90' lang='lat' dir='ltr'><strong>a</strong></span> <span class='ocrx_word' id='word_1_330' title='bbox 974 3802 1234 3864; x_wconf 68' lang='lat' dir='ltr'><strong>prmsente</strong></span> <span class='ocrx_word' id='word_1_331' title='bbox 1262 3792 1472 3847; x_wconf 83' lang='lat' dir='ltr'><strong>audisse</strong></span> <span class='ocrx_word' id='word_1_332' title='bbox 1498 3778 1745 3848; x_wconf 64' lang='lat' dir='ltr'><strong>diiistis:</strong></span> 
     </span>
    </p>
   </div>
   <div class='ocr_carea' id='block_1_39' title="bbox 172 3883 1743 3962">
    <p class='ocr_par' dir='ltr' id='par_1_39' title="bbox 172 3883 1743 3962">
     <span class='ocr_line' id='line_1_39' title="bbox 172 3883 1743 3962; baseline -0.006 -15"><span class='ocrx_word' id='word_1_333' title='bbox 172 3892 256 3948; x_wconf 83' lang='lat' dir='ltr'><strong>sed</strong></span> <span class='ocrx_word' id='word_1_334' title='bbox 297 3891 426 3962; x_wconf 89' lang='lat' dir='ltr'><strong>quid</strong></span> <span class='ocrx_word' id='word_1_335' title='bbox 459 3889 712 3960; x_wconf 86' lang='lat' dir='ltr'><strong>prodest,</strong></span> <span class='ocrx_word' id='word_1_336' title='bbox 745 3887 889 3958; x_wconf 90' lang='lat' dir='ltr'><strong>quod</strong></span> <span class='ocrx_word' id='word_1_337' title='bbox 936 3885 1138 3940; x_wconf 84' lang='lat' dir='ltr'><strong>eisdem</strong></span> <span class='ocrx_word' id='word_1_338' title='bbox 1185 3883 1361 3938; x_wconf 86' lang='lat' dir='ltr'><strong>verbis</strong></span> <span class='ocrx_word' id='word_1_339' title='bbox 1391 3884 1442 3936; x_wconf 91' lang='lat' dir='ltr'><strong>in</strong></span> <span class='ocrx_word' id='word_1_340' title='bbox 1485 3885 1743 3952; x_wconf 80' lang='lat' dir='ltr'><strong>parvulis,</strong></span> 
     </span>
    </p>
   </div>
   <div class='ocr_carea' id='block_1_40' title="bbox 173 3975 1749 4053">
    <p class='ocr_par' dir='ltr' id='par_1_40' title="bbox 173 3975 1749 4053">
     <span class='ocr_line' id='line_1_40' title="bbox 173 3975 1749 4053; baseline -0.005 -17"><span class='ocrx_word' id='word_1_341' title='bbox 173 3984 354 4053; x_wconf 84' lang='lat' dir='ltr'><strong>quibus</strong></span> <span class='ocrx_word' id='word_1_342' title='bbox 381 3990 438 4038; x_wconf 92' lang='lat' dir='ltr'><strong>et</strong></span> <span class='ocrx_word' id='word_1_343' title='bbox 475 3981 532 4036; x_wconf 90' lang='lat' dir='ltr'><strong>in</strong></span> <span class='ocrx_word' id='word_1_344' title='bbox 565 3979 890 4050; x_wconf 84' lang='lat' dir='ltr'><strong>majoribus,</strong></span> <span class='ocrx_word' id='word_1_345' title='bbox 911 3975 1173 4034; x_wconf 88' lang='lat' dir='ltr'><strong>celebrari</strong></span> <span class='ocrx_word' id='word_1_346' title='bbox 1212 3975 1344 4030; x_wconf 82' lang='lat' dir='ltr'><strong>dicit</strong></span> <span class='ocrx_word' id='word_1_347' title='bbox 1368 3975 1622 4044; x_wconf 87' lang='lat' dir='ltr'><strong>Baptismi</strong></span> <span class='ocrx_word' id='word_1_348' title='bbox 1663 3989 1749 4028; x_wconf 83' lang='lat' dir='ltr'><strong>sa-</strong></span> 
     </span>
    </p>
   </div>
   <div class='ocr_carea' id='block_1_41' title="bbox 173 4065 1751 4138">
    <p class='ocr_par' dir='ltr' id='par_1_41' title="bbox 173 4065 1751 4138">
     <span class='ocr_line' id='line_1_41' title="bbox 173 4065 1751 4138; baseline -0.007 -9"><span class='ocrx_word' id='word_1_349' title='bbox 173 4081 498 4130; x_wconf 86' lang='lat' dir='ltr'><strong>cramentum</strong></span> <span class='ocrx_word' id='word_1_350' title='bbox 519 4114 533 4138; x_wconf 93' lang='lat'><strong>,</strong></span> <span class='ocrx_word' id='word_1_351' title='bbox 563 4087 685 4127; x_wconf 90' lang='lat' dir='ltr'><strong>cum</strong></span> <span class='ocrx_word' id='word_1_352' title='bbox 717 4086 804 4126; x_wconf 88' lang='lat' dir='ltr'><strong>res</strong></span> <span class='ocrx_word' id='word_1_353' title='bbox 845 4086 874 4125; x_wconf 88' lang='lat' dir='ltr'><strong>a</strong></span> <span class='ocrx_word' id='word_1_354' title='bbox 905 4070 1056 4124; x_wconf 89' lang='lat' dir='ltr'><strong>nobis</strong></span> <span class='ocrx_word' id='word_1_355' title='bbox 1077 4109 1092 4134; x_wconf 97' lang='lat'><strong>,</strong></span> <span class='ocrx_word' id='word_1_356' title='bbox 1124 4081 1230 4122; x_wconf 90' lang='lat' dir='ltr'><strong>non</strong></span> <span class='ocrx_word' id='word_1_357' title='bbox 1259 4066 1374 4121; x_wconf 86' lang='lat' dir='ltr'><strong>sola</strong></span> <span class='ocrx_word' id='word_1_358' title='bbox 1408 4065 1568 4121; x_wconf 84' lang='lat' dir='ltr'><strong>verba</strong></span> <span class='ocrx_word' id='word_1_359' title='bbox 1607 4081 1751 4136; x_wconf 71' lang='lat' dir='ltr'><strong>qna:-</strong></span> 
     </span>
    </p>
   </div>
   <div class='ocr_carea' id='block_1_42' title="bbox 175 4157 1750 4233">
    <p class='ocr_par' dir='ltr' id='par_1_42' title="bbox 175 4157 1750 4233">
     <span class='ocr_line' id='line_1_42' title="bbox 175 4157 1750 4233; baseline -0.006 -14"><span class='ocrx_word' id='word_1_360' title='bbox 175 4165 388 4220; x_wconf 75' lang='lat' dir='ltr'><strong>rautur?</strong></span> <span class='ocrx_word' id='word_1_361' title='bbox 414 4165 545 4222; x_wconf 89' lang='lat' dir='ltr'><strong>Plus</strong></span> <span class='ocrx_word' id='word_1_362' title='bbox 567 4175 652 4219; x_wconf 92' lang='lat' dir='ltr'><strong>est</strong></span> <span class='ocrx_word' id='word_1_363' title='bbox 679 4163 820 4233; x_wconf 91' lang='lat' dir='ltr'><strong>quod</strong></span> <span class='ocrx_word' id='word_1_364' title='bbox 846 4162 997 4217; x_wconf 89' lang='lat' dir='ltr'><strong>vobis</strong></span> <span class='ocrx_word' id='word_1_365' title='bbox 1023 4175 1116 4217; x_wconf 91' lang='lat' dir='ltr'><strong>ore</strong></span> <span class='ocrx_word' id='word_1_366' title='bbox 1137 4161 1354 4231; x_wconf 85' lang='lat' dir='ltr'><strong>preprio</strong></span> <span class='ocrx_word' id='word_1_367' title='bbox 1373 4157 1750 4228; x_wconf 84' lang='lat' dir='ltr'><strong>interroganti-</strong></span> 
     </span>
    </p>
   </div>
   <div class='ocr_carea' id='block_1_43' title="bbox 177 4251 1750 4326">
    <p class='ocr_par' dir='ltr' id='par_1_43' title="bbox 177 4251 1750 4326">
     <span class='ocr_line' id='line_1_43' title="bbox 177 4251 1750 4326; baseline -0.005 -14"><span class='ocrx_word' id='word_1_368' title='bbox 177 4257 267 4312; x_wconf 88' lang='lat' dir='ltr'><strong>bus</strong></span> <span class='ocrx_word' id='word_1_369' title='bbox 285 4255 583 4326; x_wconf 83' lang='lat' dir='ltr'><strong>respondit,</strong></span> <span class='ocrx_word' id='word_1_370' title='bbox 612 4257 686 4310; x_wconf 88' lang='lat' dir='ltr'><strong>uti</strong></span> <span class='ocrx_word' id='word_1_371' title='bbox 709 4255 960 4321; x_wconf 88' lang='lat' dir='ltr'><strong>scribitis,</strong></span> <span class='ocrx_word' id='word_1_372' title='bbox 990 4272 1010 4305; x_wconf 84' lang='grc'><strong>«</strong></span> <span class='ocrx_word' id='word_1_373' title='bbox 1039 4253 1267 4307; x_wconf 84' lang='lat' dir='ltr'><strong>infantes</strong></span> <span class='ocrx_word' id='word_1_374' title='bbox 1294 4252 1347 4305; x_wconf 93' lang='lat' dir='ltr'><strong>in</strong></span> <span class='ocrx_word' id='word_1_375' title='bbox 1380 4251 1750 4305; x_wconf 86' lang='lat' dir='ltr'><strong>remissionem</strong></span> 
     </span>
    </p>
   </div>
   <div class='ocr_carea' id='block_1_44' title="bbox 173 4345 1753 4420">
    <p class='ocr_par' dir='ltr' id='par_1_44' title="bbox 173 4345 1753 4420">
     <span class='ocr_line' id='line_1_44' title="bbox 173 4345 1753 4420; baseline -0.003 -14"><span class='ocrx_word' id='word_1_376' title='bbox 173 4361 510 4419; x_wconf 76' lang='lat' dir='ltr'><strong>peccatorum</strong></span> <span class='ocrx_word' id='word_1_377' title='bbox 534 4350 809 4420; x_wconf 90' lang='lat' dir='ltr'><strong>percipere</strong></span> <span class='ocrx_word' id='word_1_378' title='bbox 830 4349 1180 4419; x_wconf 87' lang='lat' dir='ltr'><strong>Baptismum.</strong></span> <span class='ocrx_word' id='word_1_379' title='bbox 1221 4367 1241 4401; x_wconf 74' lang='grc' dir='ltr'><strong><em>ι</em></strong></span> <span class='ocrx_word' id='word_1_380' title='bbox 1273 4345 1388 4402; x_wconf 87' lang='lat' dir='ltr'><strong>Non</strong></span> <span class='ocrx_word' id='word_1_381' title='bbox 1416 4346 1560 4402; x_wconf 89' lang='lat' dir='ltr'><strong>enim</strong></span> <span class='ocrx_word' id='word_1_382' title='bbox 1592 4353 1646 4401; x_wconf 88' lang='lat' dir='ltr'><strong>et</strong></span> <span class='ocrx_word' id='word_1_383' title='bbox 1667 4345 1753 4401; x_wconf 92' lang='lat' dir='ltr'><strong>hic</strong></span> 
     </span>
    </p>
   </div>
   <div class='ocr_carea' id='block_1_45' title="bbox 169 4437 1751 4510">
    <p class='ocr_par' dir='ltr' id='par_1_45' title="bbox 169 4437 1751 4510">
     <span class='ocr_line' id='line_1_45' title="bbox 169 4437 1751 4510; baseline 0 -18"><span class='ocrx_word' id='word_1_384' title='bbox 169 4443 297 4496; x_wconf 75' lang='lat' dir='ltr'><strong>dixit</strong></span> <span class='ocrx_word' id='word_1_385' title='bbox 316 4483 330 4504; x_wconf 98' lang='lat'><strong>,</strong></span> <span class='ocrx_word' id='word_1_386' title='bbox 361 4442 416 4495; x_wconf 93' lang='lat' dir='ltr'><strong>in</strong></span> <span class='ocrx_word' id='word_1_387' title='bbox 440 4442 619 4497; x_wconf 77' lang='lat' dir='ltr'><strong>verbis</strong></span> <span class='ocrx_word' id='word_1_388' title='bbox 644 4441 978 4496; x_wconf 89' lang='lat' dir='ltr'><strong>remissionis</strong></span> <span class='ocrx_word' id='word_1_389' title='bbox 1003 4448 1377 4510; x_wconf 87' lang='lat' dir='ltr'><strong>peccatorum;</strong></span> <span class='ocrx_word' id='word_1_390' title='bbox 1409 4437 1506 4493; x_wconf 89' lang='lat' dir='ltr'><strong>sed</strong></span> <span class='ocrx_word' id='word_1_391' title='bbox 1533 4453 1626 4493; x_wconf 90' lang='lat' dir='ltr'><strong>eos</strong></span> <span class='ocrx_word' id='word_1_392' title='bbox 1657 4438 1751 4492; x_wconf 91' lang='lat' dir='ltr'><strong>ha-</strong></span> 
     </span>
    </p>
   </div>
   <div class='ocr_carea' id='block_1_46' title="bbox 172 4531 1752 4602">
    <p class='ocr_par' dir='ltr' id='par_1_46' title="bbox 172 4531 1752 4602">
     <span class='ocr_line' id='line_1_46' title="bbox 172 4531 1752 4602; baseline 0.003 -22"><span class='ocrx_word' id='word_1_393' title='bbox 172 4533 358 4600; x_wconf 74' lang='lat' dir='ltr'><strong>ptizari</strong></span> <span class='ocrx_word' id='word_1_394' title='bbox 385 4533 438 4586; x_wconf 90' lang='lat' dir='ltr'><strong>in</strong></span> <span class='ocrx_word' id='word_1_395' title='bbox 461 4533 630 4602; x_wconf 89' lang='lat' dir='ltr'><strong>ipsam</strong></span> <span class='ocrx_word' id='word_1_396' title='bbox 651 4531 1021 4588; x_wconf 85' lang='lat' dir='ltr'><strong>remissionem</strong></span> <span class='ocrx_word' id='word_1_397' title='bbox 1051 4531 1328 4587; x_wconf 89' lang='lat' dir='ltr'><strong>confessus</strong></span> <span class='ocrx_word' id='word_1_398' title='bbox 1342 4539 1424 4586; x_wconf 91' lang='lat' dir='ltr'><strong>est</strong></span> <span class='ocrx_word' id='word_1_399' title='bbox 1451 4548 1464 4584; x_wconf 94' lang='lat'><strong>:</strong></span> <span class='ocrx_word' id='word_1_400' title='bbox 1495 4538 1550 4586; x_wconf 91' lang='lat' dir='ltr'><strong>et</strong></span> <span class='ocrx_word' id='word_1_401' title='bbox 1575 4539 1752 4585; x_wconf 84' lang='lat' dir='ltr'><strong>tamen</strong></span> 
     </span>
    </p>
   </div>
   <div class='ocr_carea' id='block_1_47' title="bbox 168 4623 1750 4696">
    <p class='ocr_par' dir='ltr' id='par_1_47' title="bbox 168 4623 1750 4696">
     <span class='ocr_line' id='line_1_47' title="bbox 168 4623 1750 4696; baseline -0.001 -19"><span class='ocrx_word' id='word_1_402' title='bbox 168 4628 210 4677; x_wconf 89' lang='lat' dir='ltr'><strong>si</strong></span> <span class='ocrx_word' id='word_1_403' title='bbox 237 4624 306 4677; x_wconf 90' lang='lat' dir='ltr'><strong>ab</strong></span> <span class='ocrx_word' id='word_1_404' title='bbox 329 4637 396 4680; x_wconf 90' lang='lat' dir='ltr'><strong>eo</strong></span> <span class='ocrx_word' id='word_1_405' title='bbox 423 4623 762 4696; x_wconf 65' lang='lat' dir='ltr'><strong>quaereretis,</strong></span> <span class='ocrx_word' id='word_1_406' title='bbox 787 4623 912 4694; x_wconf 90' lang='lat' dir='ltr'><strong>quid</strong></span> <span class='ocrx_word' id='word_1_407' title='bbox 943 4624 1143 4694; x_wconf 87' lang='lat' dir='ltr'><strong>peccati</strong></span> <span class='ocrx_word' id='word_1_408' title='bbox 1165 4623 1242 4678; x_wconf 90' lang='lat' dir='ltr'><strong>cis</strong></span> <span class='ocrx_word' id='word_1_409' title='bbox 1261 4623 1511 4678; x_wconf 88' lang='lat' dir='ltr'><strong>credatur</strong></span> <span class='ocrx_word' id='word_1_410' title='bbox 1531 4623 1750 4689; x_wconf 89' lang='lat' dir='ltr'><strong>remitti,</strong></span> 
     </span>
    </p>
   </div>
   <div class='ocr_carea' id='block_1_48' title="bbox 171 4714 1753 4785">
    <p class='ocr_par' dir='ltr' id='par_1_48' title="bbox 171 4714 1753 4785">
     <span class='ocr_line' id='line_1_48' title="bbox 171 4714 1753 4785; baseline -0.001 -16"><span class='ocrx_word' id='word_1_411' title='bbox 171 4731 274 4770; x_wconf 92' lang='lat' dir='ltr'><strong>non</strong></span> <span class='ocrx_word' id='word_1_412' title='bbox 303 4731 400 4771; x_wconf 88' lang='lat' dir='ltr'><strong>eos</strong></span> <span class='ocrx_word' id='word_1_413' title='bbox 429 4715 628 4785; x_wconf 90' lang='lat' dir='ltr'><strong>aliquid</strong></span> <span class='ocrx_word' id='word_1_414' title='bbox 663 4714 860 4770; x_wconf 83' lang='lat' dir='ltr'><strong>habere</strong></span> <span class='ocrx_word' id='word_1_415' title='bbox 889 4714 1254 4770; x_wconf 89' lang='lat' dir='ltr'><strong>contenderet.</strong></span> <span class='ocrx_word' id='word_1_416' title='bbox 1740 4722 1753 4735; x_wconf 88' lang='lat'>&#39;</span> 
     </span>
    </p>
   </div>
   <div class='ocr_carea' id='block_1_49' title="bbox 239 4793 1758 4871">
    <p class='ocr_par' dir='ltr' id='par_1_49' title="bbox 239 4793 1758 4871">
     <span class='ocr_line' id='line_1_49' title="bbox 239 4793 1758 4871; baseline -0.001 -11"><span class='ocrx_word' id='word_1_417' title='bbox 239 4803 470 4860; x_wconf 82' lang='lat' dir='ltr'><strong>CAPUT</strong></span> <span class='ocrx_word' id='word_1_418' title='bbox 511 4802 749 4858; x_wconf 76' lang='lat' dir='ltr'><strong>XXXIII.</strong></span> <span class='ocrx_word' id='word_1_419' title='bbox 785 4833 860 4843; x_wconf 98' lang='lat'><strong>—</strong></span> <span class='ocrx_word' id='word_1_420' title='bbox 897 4804 984 4860; x_wconf 76' lang='lat'><strong>56.</strong></span> <span class='ocrx_word' id='word_1_421' title='bbox 1018 4805 1146 4871; x_wconf 85' lang='lat' dir='ltr'><strong>Quis</strong></span> <span class='ocrx_word' id='word_1_422' title='bbox 1183 4803 1462 4869; x_wconf 88' lang='lat' dir='ltr'><strong>crederet,</strong></span> <span class='ocrx_word' id='word_1_423' title='bbox 1514 4793 1622 4858; x_wconf 53' lang='lat' dir='ltr'><strong>subf</strong></span> <span class='ocrx_word' id='word_1_424' title='bbox 1660 4803 1758 4858; x_wconf 82' lang='lat' dir='ltr'><strong>hac</strong></span> 
     </span>
    </p>
   </div>
   <div class='ocr_carea' id='block_1_50' title="bbox 171 4875 1756 4978">
    <p class='ocr_par' dir='ltr' id='par_1_50' title="bbox 171 4875 1756 4978">
     <span class='ocr_line' id='line_1_50' title="bbox 171 4875 1756 4978; baseline 0.003 -35"><span class='ocrx_word' id='word_1_425' title='bbox 171 4895 322 4962; x_wconf 85' lang='lat' dir='ltr'><strong>quasi</strong></span> <span class='ocrx_word' id='word_1_426' title='bbox 370 4893 655 4978; x_wconf 80' lang='lat' dir='ltr'><strong>manifesta</strong></span> <span class='ocrx_word' id='word_1_427' title='bbox 690 4893 1030 4950; x_wconf 82' lang='lat' dir='ltr'><strong>confessione</strong></span> <span class='ocrx_word' id='word_1_428' title='bbox 1071 4910 1283 4950; x_wconf 86' lang='lat' dir='ltr'><strong>sensum</strong></span> <span class='ocrx_word' id='word_1_429' title='bbox 1331 4875 1498 4950; x_wconf 86' lang='lat' dir='ltr'><strong>latere</strong></span> <span class='ocrx_word' id='word_1_430' title='bbox 1543 4906 1756 4950; x_wconf 81' lang='lat' dir='ltr'><strong>contra-</strong></span> 
     </span>
    </p>
   </div>
   <div class='ocr_carea' id='block_1_51' title="bbox 172 4971 1756 5057">
    <p class='ocr_par' dir='ltr' id='par_1_51' title="bbox 172 4971 1756 5057">
     <span class='ocr_line' id='line_1_51' title="bbox 172 4971 1756 5057; baseline -0.001 -16"><span class='ocrx_word' id='word_1_431' title='bbox 172 4991 344 5056; x_wconf 81' lang='lat' dir='ltr'><strong>rium,</strong></span> <span class='ocrx_word' id='word_1_432' title='bbox 366 4989 470 5043; x_wconf 88' lang='lat' dir='ltr'><strong>nisi</strong></span> <span class='ocrx_word' id='word_1_433' title='bbox 505 4971 626 5044; x_wconf 87' lang='lat' dir='ltr'><strong>eum</strong></span> <span class='ocrx_word' id='word_1_434' title='bbox 669 4989 954 5044; x_wconf 73' lang='lat' dir='ltr'><strong>leestius</strong></span> <span class='ocrx_word' id='word_1_435' title='bbox 991 4986 1328 5057; x_wconf 83' lang='lat' dir='ltr'><strong>aperuisset?</strong></span> <span class='ocrx_word' id='word_1_436' title='bbox 1355 4988 1455 5055; x_wconf 87' lang='lat' dir='ltr'><strong>Qui</strong></span> <span class='ocrx_word' id='word_1_437' title='bbox 1494 4989 1544 5041; x_wconf 93' lang='lat' dir='ltr'><strong>in</strong></span> <span class='ocrx_word' id='word_1_438' title='bbox 1575 4971 1756 5043; x_wconf 86' lang='lat' dir='ltr'><strong>libello</strong></span> 
     </span>
    </p>
   </div>
   <div class='ocr_carea' id='block_1_52' title="bbox 173 5079 1758 5151">
    <p class='ocr_par' dir='ltr' id='par_1_52' title="bbox 173 5079 1758 5151">
     <span class='ocr_line' id='line_1_52' title="bbox 173 5079 1758 5151; baseline -0.001 -17"><span class='ocrx_word' id='word_1_439' title='bbox 173 5093 290 5148; x_wconf 75' lang='lat' dir='ltr'><strong>suo,</strong></span> <span class='ocrx_word' id='word_1_440' title='bbox 311 5097 474 5150; x_wconf 84' lang='lat' dir='ltr'><strong>quem</strong></span> <span class='ocrx_word' id='word_1_441' title='bbox 503 5081 688 5136; x_wconf 60' lang='lat' dir='ltr'><strong>Romae</strong></span> <span class='ocrx_word' id='word_1_442' title='bbox 715 5081 883 5151; x_wconf 88' lang='lat' dir='ltr'><strong>gestis</strong></span> <span class='ocrx_word' id='word_1_443' title='bbox 909 5079 1284 5134; x_wconf 82' lang='lat' dir='ltr'><strong>ecclesiaSticis</strong></span> <span class='ocrx_word' id='word_1_444' title='bbox 1309 5079 1576 5150; x_wconf 81' lang='lat' dir='ltr'><strong>allegavit,</strong></span> <span class='ocrx_word' id='word_1_445' title='bbox 1607 5095 1758 5148; x_wconf 71' lang='lat' dir='ltr'><strong>«par-</strong></span> 
     </span>
    </p>
   </div>
   <div class='ocr_carea' id='block_1_53' title="bbox 173 5161 1756 5242">
    <p class='ocr_par' dir='ltr' id='par_1_53' title="bbox 173 5161 1756 5242">
     <span class='ocr_line' id='line_1_53' title="bbox 173 5161 1756 5242; baseline 0.001 -18"><span class='ocrx_word' id='word_1_446' title='bbox 173 5172 322 5226; x_wconf 73' lang='lat' dir='ltr'><strong>vulos</strong></span> <span class='ocrx_word' id='word_1_447' title='bbox 343 5181 400 5228; x_wconf 91' lang='lat' dir='ltr'><strong>et</strong></span> <span class='ocrx_word' id='word_1_448' title='bbox 423 5173 679 5242; x_wconf 86' lang='lat' dir='ltr'><strong>baptizari</strong></span> <span class='ocrx_word' id='word_1_449' title='bbox 712 5173 764 5226; x_wconf 93' lang='lat' dir='ltr'><strong>in</strong></span> <span class='ocrx_word' id='word_1_450' title='bbox 795 5172 1166 5226; x_wconf 80' lang='lat' dir='ltr'><strong>remissionem</strong></span> <span class='ocrx_word' id='word_1_451' title='bbox 1207 5161 1544 5242; x_wconf 77' lang='lat' dir='ltr'><strong>peccatorum</strong></span> <span class='ocrx_word' id='word_1_452' title='bbox 1576 5189 1596 5224; x_wconf 83' lang='grc'><strong>›</strong></span> <span class='ocrx_word' id='word_1_453' title='bbox 1627 5186 1756 5226; x_wconf 87' lang='lat' dir='ltr'><strong>con-</strong></span> 
     </span>
    </p>
   </div>
   <div class='ocr_carea' id='block_1_54' title="bbox 177 5263 1758 5338">
    <p class='ocr_par' dir='ltr' id='par_1_54' title="bbox 177 5263 1758 5338">
     <span class='ocr_line' id='line_1_54' title="bbox 177 5263 1758 5338; baseline 0.003 -22"><span class='ocrx_word' id='word_1_454' title='bbox 177 5263 347 5320; x_wconf 85' lang='lat' dir='ltr'><strong>fessus</strong></span> <span class='ocrx_word' id='word_1_455' title='bbox 378 5273 492 5330; x_wconf 85' lang='lat' dir='ltr'><strong>est,</strong></span> <span class='ocrx_word' id='word_1_456' title='bbox 527 5275 581 5319; x_wconf 92' lang='lat' dir='ltr'><strong>et</strong></span> <span class='ocrx_word' id='word_1_457' title='bbox 605 5267 820 5336; x_wconf 79' lang='lat' dir='ltr'><strong>negavit</strong></span> <span class='ocrx_word' id='word_1_458' title='bbox 853 5284 871 5317; x_wconf 73' lang='grc' dir='ltr'><strong>ε</strong></span> <span class='ocrx_word' id='word_1_459' title='bbox 908 5265 1072 5319; x_wconf 89' lang='lat' dir='ltr'><strong>ullum</strong></span> <span class='ocrx_word' id='word_1_460' title='bbox 1107 5263 1303 5318; x_wconf 86' lang='lat' dir='ltr'><strong>habere</strong></span> <span class='ocrx_word' id='word_1_461' title='bbox 1340 5264 1594 5338; x_wconf 79' lang='lat' dir='ltr'><strong>originale</strong></span> <span class='ocrx_word' id='word_1_462' title='bbox 1630 5279 1758 5333; x_wconf 86' lang='lat' dir='ltr'><strong>pec-</strong></span> 
     </span>
    </p>
   </div>
   <div class='ocr_carea' id='block_1_55' title="bbox 175 5353 1756 5426">
    <p class='ocr_par' dir='ltr' id='par_1_55' title="bbox 175 5353 1756 5426">
     <span class='ocr_line' id='line_1_55' title="bbox 175 5353 1756 5426; baseline -0.001 -19"><span class='ocrx_word' id='word_1_463' title='bbox 175 5365 371 5409; x_wconf 83' lang='lat' dir='ltr'><strong>catum.</strong></span> <span class='ocrx_word' id='word_1_464' title='bbox 405 5375 424 5407; x_wconf 75' lang='grc' dir='ltr'><strong><em>ι</em></strong></span> <span class='ocrx_word' id='word_1_465' title='bbox 453 5355 562 5410; x_wconf 85' lang='lat' dir='ltr'><strong>Sed</strong></span> <span class='ocrx_word' id='word_1_466' title='bbox 594 5371 734 5411; x_wconf 90' lang='lat' dir='ltr'><strong>nunc</strong></span> <span class='ocrx_word' id='word_1_467' title='bbox 773 5371 878 5411; x_wconf 85' lang='lat' dir='ltr'><strong>non</strong></span> <span class='ocrx_word' id='word_1_468' title='bbox 918 5356 985 5412; x_wconf 89' lang='lat' dir='ltr'><strong>de</strong></span> <span class='ocrx_word' id='word_1_469' title='bbox 1011 5357 1336 5426; x_wconf 85' lang='lat' dir='ltr'><strong>Baptismate</strong></span> <span class='ocrx_word' id='word_1_470' title='bbox 1375 5353 1712 5424; x_wconf 85' lang='lat' dir='ltr'><strong>parvulorum</strong></span> <span class='ocrx_word' id='word_1_471' title='bbox 1741 5397 1756 5420; x_wconf 88' lang='lat'><strong>,</strong></span> 
     </span>
    </p>
   </div>
   <div class='ocr_carea' id='block_1_56' title="bbox 178 5445 1760 5518">
    <p class='ocr_par' dir='ltr' id='par_1_56' title="bbox 178 5445 1760 5518">
     <span class='ocr_line' id='line_1_56' title="bbox 178 5445 1760 5518; baseline 0.001 -18"><span class='ocrx_word' id='word_1_472' title='bbox 178 5445 264 5500; x_wconf 83' lang='lat' dir='ltr'><strong>sed</strong></span> <span class='ocrx_word' id='word_1_473' title='bbox 289 5447 364 5502; x_wconf 89' lang='lat' dir='ltr'><strong>de</strong></span> <span class='ocrx_word' id='word_1_474' title='bbox 401 5446 668 5517; x_wconf 70' lang='lat' dir='ltr'><strong>adiutorio</strong></span> <span class='ocrx_word' id='word_1_475' title='bbox 699 5447 882 5518; x_wconf 78' lang='lat' dir='ltr'><strong>gratia:</strong></span> <span class='ocrx_word' id='word_1_476' title='bbox 912 5448 1087 5518; x_wconf 90' lang='lat' dir='ltr'><strong>potius</strong></span> <span class='ocrx_word' id='word_1_477' title='bbox 1106 5490 1121 5513; x_wconf 91' lang='lat'><strong>,</strong></span> <span class='ocrx_word' id='word_1_478' title='bbox 1149 5447 1307 5502; x_wconf 80' lang='lat' dir='ltr'><strong>etiam</strong></span> <span class='ocrx_word' id='word_1_479' title='bbox 1341 5452 1392 5501; x_wconf 86' lang='lat' dir='ltr'><strong>in</strong></span> <span class='ocrx_word' id='word_1_480' title='bbox 1430 5446 1611 5500; x_wconf 88' lang='lat' dir='ltr'><strong>libello</strong></span> <span class='ocrx_word' id='word_1_481' title='bbox 1639 5445 1760 5502; x_wconf 87' lang='lat' dir='ltr'><strong>ﬁdei</strong></span> 
     </span>
    </p>
   </div>
   <div class='ocr_carea' id='block_1_57' title="bbox 234 5561 1762 5638">
    <p class='ocr_par' dir='ltr' id='par_1_57' title="bbox 234 5561 1762 5638">
     <span class='ocr_line' id='line_1_57' title="bbox 234 5561 1762 5638; baseline 0 -26"><span class='ocrx_word' id='word_1_482' title='bbox 234 5561 260 5638; x_wconf 55' lang='grc' dir='ltr'><strong>ξ</strong></span> <span class='ocrx_word' id='word_1_483' title='bbox 276 5566 476 5638; x_wconf 36' lang='lat' dir='ltr'><strong>Inuus-7</strong></span> <span class='ocrx_word' id='word_1_484' title='bbox 489 5575 656 5638; x_wconf 74' lang='lat' dir='ltr'><strong>verum</strong></span> <span class='ocrx_word' id='word_1_485' title='bbox 677 5563 822 5614; x_wconf 78' lang='lat' dir='ltr'><strong>etiam</strong></span> <span class='ocrx_word' id='word_1_486' title='bbox 842 5561 1092 5628; x_wconf 63' lang='lat' dir='ltr'><strong>patiamini</strong></span> <span class='ocrx_word' id='word_1_487' title='bbox 1110 5575 1198 5628; x_wconf 82' lang='lat' dir='ltr'><strong>pro</strong></span> <span class='ocrx_word' id='word_1_488' title='bbox 1218 5576 1303 5624; x_wconf 76' lang='lat' dir='ltr'><strong>eo;</strong></span> <span class='ocrx_word' id='word_1_489' title='bbox 1324 5565 1519 5623; x_wconf 70' lang='lat' dir='ltr'><strong>omisso,</strong></span> <span class='ocrx_word' id='word_1_490' title='bbox 1538 5568 1583 5612; x_wconf 78' lang='lat' dir='ltr'><strong>nt</strong></span> <span class='ocrx_word' id='word_1_491' title='bbox 1600 5574 1616 5622; x_wconf 91' lang='lat'><em>;</em></span> <span class='ocrx_word' id='word_1_492' title='bbox 1633 5561 1762 5624; x_wconf 86' lang='lat' dir='ltr'><strong>quod</strong></span> 
     </span>
    </p>
   </div>
   <div class='ocr_carea' id='block_1_58' title="bbox 180 5631 806 5688">
    <p class='ocr_par' dir='ltr' id='par_1_58' title="bbox 180 5631 806 5688">
     <span class='ocr_line' id='line_1_58' title="bbox 180 5631 806 5688; baseline 0.006 -18"><span class='ocrx_word' id='word_1_493' title='bbox 180 5635 266 5688; x_wconf 82' lang='lat' dir='ltr'><strong>nec</strong></span> <span class='ocrx_word' id='word_1_494' title='bbox 285 5631 533 5686; x_wconf 86' lang='lat' dir='ltr'><strong>repetitur</strong></span> <span class='ocrx_word' id='word_1_495' title='bbox 556 5631 603 5674; x_wconf 86' lang='lat' dir='ltr'><strong>in</strong></span> <span class='ocrx_word' id='word_1_496' title='bbox 627 5639 806 5688; x_wconf 69' lang='lat' dir='ltr'><strong>gram.</strong></span> 
     </span>
    </p>
   </div>
   <div class='ocr_carea' id='block_1_59' title="bbox 237 5686 888 5746">
    <p class='ocr_par' dir='ltr' id='par_1_59' title="bbox 237 5686 888 5746">
     <span class='ocr_line' id='line_1_59' title="bbox 237 5686 888 5746; baseline 0.002 -12"><span class='ocrx_word' id='word_1_497' title='bbox 237 5686 255 5715; x_wconf 89' lang='grc'><strong><em>²</em></strong></span> <span class='ocrx_word' id='word_1_498' title='bbox 281 5692 386 5734; x_wconf 78' lang='lat' dir='ltr'><strong>Am.</strong></span> <span class='ocrx_word' id='word_1_499' title='bbox 412 5692 485 5736; x_wconf 77' lang='lat' dir='ltr'><strong>Er.</strong></span> <span class='ocrx_word' id='word_1_500' title='bbox 511 5692 564 5736; x_wconf 92' lang='lat' dir='ltr'><strong>et</strong></span> <span class='ocrx_word' id='word_1_501' title='bbox 586 5686 712 5746; x_wconf 55' lang='lat' dir='ltr'><strong>Mss,</strong></span> <span class='ocrx_word' id='word_1_502' title='bbox 737 5686 888 5738; x_wconf 82' lang='lat' dir='ltr'><strong>nobis.</strong></span> 
     </span>
    </p>
   </div>
   <div class='ocr_carea' id='block_1_60' title="bbox 239 5745 648 5804">
    <p class='ocr_par' dir='ltr' id='par_1_60' title="bbox 239 5745 648 5804">
     <span class='ocr_line' id='line_1_60' title="bbox 239 5745 648 5804; baseline 0 -10"><span class='ocrx_word' id='word_1_503' title='bbox 239 5745 258 5777; x_wconf 81' lang='grc'>³</span> <span class='ocrx_word' id='word_1_504' title='bbox 274 5751 436 5804; x_wconf 77' lang='lat' dir='ltr'><strong>Forte,</strong></span> <span class='ocrx_word' id='word_1_505' title='bbox 461 5748 648 5798; x_wconf 75' lang='lat' dir='ltr'><strong>credat.</strong></span> 
     </span>
    </p>
   </div>
   <div class='ocr_carea' id='block_1_61' title="bbox 236 5807 1322 5879">
    <p class='ocr_par' dir='ltr' id='par_1_61' title="bbox 236 5807 1322 5879">
     <span class='ocr_line' id='line_1_61' title="bbox 236 5807 1322 5879; baseline 0 -23"><span class='ocrx_word' id='word_1_506' title='bbox 236 5807 309 5869; x_wconf 70' lang='lat' dir='ltr'><strong>(a)</strong></span> <span class='ocrx_word' id='word_1_507' title='bbox 348 5810 640 5879; x_wconf 74' lang='lat' dir='ltr'><strong>Exhibemns</strong></span> <span class='ocrx_word' id='word_1_508' title='bbox 661 5809 802 5872; x_wconf 71' lang='lat' dir='ltr'><strong>infra,</strong></span> <span class='ocrx_word' id='word_1_509' title='bbox 827 5809 1040 5872; x_wconf 66' lang='lat' dir='ltr'><strong>spretui.</strong></span> <span class='ocrx_word' id='word_1_510' title='bbox 1069 5818 1205 5872; x_wconf 75' lang='lat' dir='ltr'><strong>parte</strong></span> <span class='ocrx_word' id='word_1_511' title='bbox 1231 5809 1276 5858; x_wconf 71' lang='lat'><strong>:2.</strong></span> <span class='ocrx_word' id='word_1_512' title='bbox 1319 5865 1322 5871; x_wconf 27' lang='grc' dir='ltr'><strong><em>ι</em></strong></span> 
     </span>
    </p>
   </div>
   <div class='ocr_carea' id='block_1_62' title="bbox 1314 386 2268 448">
    <p class='ocr_par' dir='ltr' id='par_1_62' title="bbox 1314 386 2268 448">
     <span class='ocr_line' id='line_1_62' title="bbox 1314 386 2268 448; baseline -0.005 0"><span class='ocrx_word' id='word_1_513' title='bbox 1314 389 1513 448; x_wconf 78' lang='lat' dir='ltr'><strong>LIBER</strong></span> <span class='ocrx_word' id='word_1_514' title='bbox 1553 389 1639 446; x_wconf 81' lang='lat' dir='ltr'><strong>DE</strong></span> <span class='ocrx_word' id='word_1_515' title='bbox 1676 386 1930 446; x_wconf 73' lang='lat' dir='ltr'><strong>GRATIA</strong></span> <span class='ocrx_word' id='word_1_516' title='bbox 1971 387 2268 448; x_wconf 76' lang='lat' dir='ltr'><strong>CHRISTI.</strong></span> 
     </span>
    </p>
   </div>
   <div class='ocr_carea' id='block_1_63' title="bbox 3326 388 3432 448">
    <p class='ocr_par' dir='ltr' id='par_1_63' title="bbox 3326 388 3432 448">
     <span class='ocr_line' id='line_1_63' title="bbox 3326 388 3432 448; baseline -0.038 0"><span class='ocrx_word' id='word_1_517' title='bbox 3326 388 3432 448; x_wconf 75' lang='lat'><strong>378</strong></span> 
     </span>
    </p>
   </div>
   <div class='ocr_carea' id='block_1_64' title="bbox 1848 499 3430 574">
    <p class='ocr_par' dir='ltr' id='par_1_64' title="bbox 1848 499 3430 574">
     <span class='ocr_line' id='line_1_64' title="bbox 1848 499 3430 574; baseline 0.001 -17"><span class='ocrx_word' id='word_1_518' title='bbox 1848 515 1978 567; x_wconf 71' lang='lat' dir='ltr'><strong>sum,</strong></span> <span class='ocrx_word' id='word_1_519' title='bbox 2011 519 2168 573; x_wconf 90' lang='lat' dir='ltr'><strong>quem</strong></span> <span class='ocrx_word' id='word_1_520' title='bbox 2198 503 2420 558; x_wconf 73' lang='lat' dir='ltr'><strong>Romam</strong></span> <span class='ocrx_word' id='word_1_521' title='bbox 2451 500 2627 570; x_wconf 88' lang='lat' dir='ltr'><strong>misit,</strong></span> <span class='ocrx_word' id='word_1_522' title='bbox 2657 503 2781 574; x_wconf 84' lang='lat' dir='ltr'><strong>quid</strong></span> <span class='ocrx_word' id='word_1_523' title='bbox 2804 499 3044 574; x_wconf 82' lang='lat' dir='ltr'><strong>Pelagius</strong></span> <span class='ocrx_word' id='word_1_524' title='bbox 3087 505 3315 558; x_wconf 85' lang='lat' dir='ltr'><strong>senserit</strong></span> <span class='ocrx_word' id='word_1_525' title='bbox 3348 515 3430 560; x_wconf 85' lang='lat' dir='ltr'><strong>at-</strong></span> 
     </span>
    </p>
   </div>
   <div class='ocr_carea' id='block_1_65' title="bbox 1844 591 3427 666">
    <p class='ocr_par' dir='ltr' id='par_1_65' title="bbox 1844 591 3427 666">
     <span class='ocr_line' id='line_1_65' title="bbox 1844 591 3427 666; baseline 0.003 -20"><span class='ocrx_word' id='word_1_526' title='bbox 1844 591 2146 648; x_wconf 89' lang='lat' dir='ltr'><strong>tendamus.</strong></span> <span class='ocrx_word' id='word_1_527' title='bbox 2193 611 2212 645; x_wconf 85' lang='grc'>‹</span> <span class='ocrx_word' id='word_1_528' title='bbox 2243 593 2522 659; x_wconf 88' lang='lat' dir='ltr'><strong>Liberum,</strong></span> <span class='ocrx_word' id='word_1_529' title='bbox 2554 613 2574 647; x_wconf 72' lang='grc' dir='ltr'><strong><em>ι</em></strong></span> <span class='ocrx_word' id='word_1_530' title='bbox 2609 595 2773 666; x_wconf 89' lang='lat' dir='ltr'><strong>inquit</strong></span> <span class='ocrx_word' id='word_1_531' title='bbox 2799 635 2816 663; x_wconf 96' lang='lat'><strong>,</strong></span> <span class='ocrx_word' id='word_1_532' title='bbox 2850 613 2871 647; x_wconf 75' lang='grc' dir='ltr'>σ</span> <span class='ocrx_word' id='word_1_533' title='bbox 2904 595 2982 650; x_wconf 87' lang='lat' dir='ltr'><strong>sic</strong></span> <span class='ocrx_word' id='word_1_534' title='bbox 3008 593 3324 650; x_wconf 89' lang='lat' dir='ltr'><strong>conﬁtemur</strong></span> <span class='ocrx_word' id='word_1_535' title='bbox 3344 611 3427 650; x_wconf 78' lang='lat' dir='ltr'><strong>ar-</strong></span> 
     </span>
    </p>
   </div>
   <div class='ocr_carea' id='block_1_66' title="bbox 1843 682 3427 757">
    <p class='ocr_par' dir='ltr' id='par_1_66' title="bbox 1843 682 3427 757">
     <span class='ocr_line' id='line_1_66' title="bbox 1843 682 3427 757; baseline 0 -19"><span class='ocrx_word' id='word_1_536' title='bbox 1843 682 2060 739; x_wconf 90' lang='lat' dir='ltr'><strong>bitrium</strong></span> <span class='ocrx_word' id='word_1_537' title='bbox 2081 727 2097 752; x_wconf 95' lang='lat'><strong>,</strong></span> <span class='ocrx_word' id='word_1_538' title='bbox 2125 695 2186 740; x_wconf 91' lang='lat' dir='ltr'><strong>ut</strong></span> <span class='ocrx_word' id='word_1_539' title='bbox 2219 685 2460 741; x_wconf 88' lang='lat' dir='ltr'><strong>dicamus</strong></span> <span class='ocrx_word' id='word_1_540' title='bbox 2499 701 2598 742; x_wconf 90' lang='lat' dir='ltr'><strong>nos</strong></span> <span class='ocrx_word' id='word_1_541' title='bbox 2636 687 2875 757; x_wconf 75' lang='lat' dir='ltr'><strong>indigere</strong></span> <span class='ocrx_word' id='word_1_542' title='bbox 2912 687 3006 742; x_wconf 91' lang='lat' dir='ltr'><strong>Dei</strong></span> <span class='ocrx_word' id='word_1_543' title='bbox 3039 701 3252 756; x_wconf 88' lang='lat' dir='ltr'><strong>semper</strong></span> <span class='ocrx_word' id='word_1_544' title='bbox 3278 687 3427 740; x_wconf 80' lang='lat' dir='ltr'><strong>auxi-</strong></span> 
     </span>
    </p>
   </div>
   <div class='ocr_carea' id='block_1_67' title="bbox 1843 773 3426 848">
    <p class='ocr_par' dir='ltr' id='par_1_67' title="bbox 1843 773 3426 848">
     <span class='ocr_line' id='line_1_67' title="bbox 1843 773 3426 848; baseline 0.001 -18"><span class='ocrx_word' id='word_1_545' title='bbox 1843 773 1936 830; x_wconf 90' lang='lat' dir='ltr'><strong>lio.</strong></span> <span class='ocrx_word' id='word_1_546' title='bbox 1967 793 1987 828; x_wconf 72' lang='grc' dir='ltr'><strong><em>ι</em></strong></span> <span class='ocrx_word' id='word_1_547' title='bbox 2021 775 2160 832; x_wconf 83' lang='lat' dir='ltr'><strong>Ecce</strong></span> <span class='ocrx_word' id='word_1_548' title='bbox 2185 777 2374 832; x_wconf 91' lang='lat' dir='ltr'><strong>iterum</strong></span> <span class='ocrx_word' id='word_1_549' title='bbox 2393 779 2699 848; x_wconf 62' lang='lat' dir='ltr'><strong>quaerimus,</strong></span> <span class='ocrx_word' id='word_1_550' title='bbox 2723 793 2828 848; x_wconf 90' lang='lat' dir='ltr'><strong>quo</strong></span> <span class='ocrx_word' id='word_1_551' title='bbox 2845 778 3040 832; x_wconf 74' lang='lat' dir='ltr'><strong>auxilio</strong></span> <span class='ocrx_word' id='word_1_552' title='bbox 3066 792 3163 832; x_wconf 92' lang='lat' dir='ltr'><strong>nos</strong></span> <span class='ocrx_word' id='word_1_553' title='bbox 3187 777 3426 845; x_wconf 82' lang='lat' dir='ltr'><strong>indigere</strong></span> 
     </span>
    </p>
   </div>
   <div class='ocr_carea' id='block_1_68' title="bbox 1842 865 3426 938">
    <p class='ocr_par' dir='ltr' id='par_1_68' title="bbox 1842 865 3426 938">
     <span class='ocr_line' id='line_1_68' title="bbox 1842 865 3426 938; baseline -0.001 -18"><span class='ocrx_word' id='word_1_554' title='bbox 1842 865 2072 922; x_wconf 81' lang='lat' dir='ltr'><strong>fateatur</strong></span> <span class='ocrx_word' id='word_1_555' title='bbox 2101 884 2116 922; x_wconf 90' lang='lat'><strong>:</strong></span> <span class='ocrx_word' id='word_1_556' title='bbox 2141 877 2197 922; x_wconf 90' lang='lat' dir='ltr'><strong>et</strong></span> <span class='ocrx_word' id='word_1_557' title='bbox 2237 869 2426 923; x_wconf 89' lang='lat' dir='ltr'><strong>iterum</strong></span> <span class='ocrx_word' id='word_1_558' title='bbox 2467 869 2765 923; x_wconf 89' lang='lat' dir='ltr'><strong>invenimus</strong></span> <span class='ocrx_word' id='word_1_559' title='bbox 2803 869 3107 938; x_wconf 85' lang='lat' dir='ltr'><strong>ambiguum</strong></span> <span class='ocrx_word' id='word_1_560' title='bbox 3128 908 3142 930; x_wconf 93' lang='lat'><strong>,</strong></span> <span class='ocrx_word' id='word_1_561' title='bbox 3175 867 3426 936; x_wconf 88' lang='lat' dir='ltr'><strong>quoniam</strong></span> 
     </span>
    </p>
   </div>
   <div class='ocr_carea' id='block_1_69' title="bbox 1842 958 3426 1030">
    <p class='ocr_par' dir='ltr' id='par_1_69' title="bbox 1842 958 3426 1030">
     <span class='ocr_line' id='line_1_69' title="bbox 1842 958 3426 1030; baseline 0.001 -19"><span class='ocrx_word' id='word_1_562' title='bbox 1842 967 2019 1027; x_wconf 83' lang='lat' dir='ltr'><strong>potest</strong></span> <span class='ocrx_word' id='word_1_563' title='bbox 2044 959 2392 1029; x_wconf 86' lang='lat' dir='ltr'><strong>respondere,</strong></span> <span class='ocrx_word' id='word_1_564' title='bbox 2425 961 2593 1030; x_wconf 88' lang='lat' dir='ltr'><strong>legem</strong></span> <span class='ocrx_word' id='word_1_565' title='bbox 2621 976 2678 1015; x_wconf 88' lang='lat' dir='ltr'><strong>se</strong></span> <span class='ocrx_word' id='word_1_566' title='bbox 2701 961 2878 1016; x_wconf 90' lang='lat' dir='ltr'><strong>dicere</strong></span> <span class='ocrx_word' id='word_1_567' title='bbox 2897 961 3258 1014; x_wconf 90' lang='lat' dir='ltr'><strong>doctrinamve</strong></span> <span class='ocrx_word' id='word_1_568' title='bbox 3278 958 3426 1013; x_wconf 89' lang='lat' dir='ltr'><strong>chri-</strong></span> 
     </span>
    </p>
   </div>
   <div class='ocr_carea' id='block_1_70' title="bbox 1841 1048 3426 1120">
    <p class='ocr_par' dir='ltr' id='par_1_70' title="bbox 1841 1048 3426 1120">
     <span class='ocr_line' id='line_1_70' title="bbox 1841 1048 3426 1120; baseline 0 -16"><span class='ocrx_word' id='word_1_569' title='bbox 1841 1049 2090 1116; x_wconf 87' lang='lat' dir='ltr'><strong>stianam,</strong></span> <span class='ocrx_word' id='word_1_570' title='bbox 2123 1053 2243 1120; x_wconf 70' lang='lat' dir='ltr'><strong>qua‘</strong></span> <span class='ocrx_word' id='word_1_571' title='bbox 2256 1051 2512 1106; x_wconf 89' lang='lat' dir='ltr'><strong>naturalis</strong></span> <span class='ocrx_word' id='word_1_572' title='bbox 2541 1053 2626 1105; x_wconf 84' lang='lat' dir='ltr'><strong>illa</strong></span> <span class='ocrx_word' id='word_1_573' title='bbox 2649 1051 2972 1120; x_wconf 86' lang='lat' dir='ltr'><strong>possibilitas</strong></span> <span class='ocrx_word' id='word_1_574' title='bbox 2987 1051 3286 1120; x_wconf 85' lang='lat' dir='ltr'><strong>adjuvetur.</strong></span> <span class='ocrx_word' id='word_1_575' title='bbox 3315 1048 3426 1104; x_wconf 81' lang='lat' dir='ltr'><strong>Nos</strong></span> 
     </span>
    </p>
   </div>
   <div class='ocr_carea' id='block_1_71' title="bbox 1840 1140 3428 1215">
    <p class='ocr_par' dir='ltr' id='par_1_71' title="bbox 1840 1140 3428 1215">
     <span class='ocr_line' id='line_1_71' title="bbox 1840 1140 3428 1215; baseline -0.003 -17"><span class='ocrx_word' id='word_1_576' title='bbox 1840 1153 2018 1198; x_wconf 88' lang='lat' dir='ltr'><strong>autem</strong></span> <span class='ocrx_word' id='word_1_577' title='bbox 2053 1145 2198 1198; x_wconf 88' lang='lat' dir='ltr'><strong>illam</strong></span> <span class='ocrx_word' id='word_1_578' title='bbox 2233 1145 2457 1215; x_wconf 82' lang='lat' dir='ltr'><strong>gratiam</strong></span> <span class='ocrx_word' id='word_1_579' title='bbox 2497 1144 2548 1198; x_wconf 93' lang='lat' dir='ltr'><strong>in</strong></span> <span class='ocrx_word' id='word_1_580' title='bbox 2590 1159 2778 1199; x_wconf 92' lang='lat' dir='ltr'><strong>eorum</strong></span> <span class='ocrx_word' id='word_1_581' title='bbox 2820 1142 3158 1198; x_wconf 80' lang='lat' dir='ltr'><strong>confessione</strong></span> <span class='ocrx_word' id='word_1_582' title='bbox 3199 1140 3428 1211; x_wconf 87' lang='lat' dir='ltr'><strong>requiri-</strong></span> 
     </span>
    </p>
   </div>
   <div class='ocr_carea' id='block_1_72' title="bbox 1842 1229 3428 1304">
    <p class='ocr_par' dir='ltr' id='par_1_72' title="bbox 1842 1229 3428 1304">
     <span class='ocr_line' id='line_1_72' title="bbox 1842 1229 3428 1304; baseline -0.003 -17"><span class='ocrx_word' id='word_1_583' title='bbox 1842 1250 1962 1290; x_wconf 87' lang='lat' dir='ltr'><strong>mus</strong></span> <span class='ocrx_word' id='word_1_584' title='bbox 1987 1276 2000 1297; x_wconf 84' lang='lat'><strong>.</strong></span> <span class='ocrx_word' id='word_1_585' title='bbox 2025 1234 2094 1291; x_wconf 88' lang='lat' dir='ltr'><strong>de</strong></span> <span class='ocrx_word' id='word_1_586' title='bbox 2127 1250 2229 1304; x_wconf 88' lang='lat' dir='ltr'><strong>qua</strong></span> <span class='ocrx_word' id='word_1_587' title='bbox 2265 1235 2395 1290; x_wconf 92' lang='lat' dir='ltr'><strong>dicit</strong></span> <span class='ocrx_word' id='word_1_588' title='bbox 2425 1234 2714 1304; x_wconf 85' lang='lat' dir='ltr'><strong>Apostolus</strong></span> <span class='ocrx_word' id='word_1_589' title='bbox 2738 1275 2753 1299; x_wconf 93' lang='lat'><strong>,</strong></span> <span class='ocrx_word' id='word_1_590' title='bbox 2789 1231 2911 1287; x_wconf 91' lang='lat' dir='ltr'><strong>Non</strong></span> <span class='ocrx_word' id='word_1_591' title='bbox 2955 1232 3086 1286; x_wconf 79' lang='lat' dir='ltr'><strong>enim</strong></span> <span class='ocrx_word' id='word_1_592' title='bbox 3112 1231 3249 1286; x_wconf 85' lang='lat' dir='ltr'><strong>dedit</strong></span> <span class='ocrx_word' id='word_1_593' title='bbox 3285 1229 3428 1284; x_wconf 77' lang='lat' dir='ltr'><strong>nobis</strong></span> 
     </span>
    </p>
   </div>
   <div class='ocr_carea' id='block_1_73' title="bbox 1842 1322 3428 1395">
    <p class='ocr_par' dir='ltr' id='par_1_73' title="bbox 1842 1322 3428 1395">
     <span class='ocr_line' id='line_1_73' title="bbox 1842 1322 3428 1395; baseline -0.004 -15"><span class='ocrx_word' id='word_1_594' title='bbox 1842 1325 1984 1380; x_wconf 83' lang='lat' dir='ltr'><strong>Deus</strong></span> <span class='ocrx_word' id='word_1_595' title='bbox 1999 1325 2234 1395; x_wconf 80' lang='lat' dir='ltr'><strong>spiritum</strong></span> <span class='ocrx_word' id='word_1_596' title='bbox 2259 1327 2453 1379; x_wconf 83' lang='lat' dir='ltr'><strong>timoris</strong></span> <span class='ocrx_word' id='word_1_597' title='bbox 2474 1367 2487 1386; x_wconf 91' lang='lat'><strong>,</strong></span> <span class='ocrx_word' id='word_1_598' title='bbox 2516 1327 2605 1380; x_wconf 76' lang='lat' dir='ltr'><strong>sed</strong></span> <span class='ocrx_word' id='word_1_599' title='bbox 2634 1325 2832 1378; x_wconf 83' lang='lat' dir='ltr'><strong>virtutis</strong></span> <span class='ocrx_word' id='word_1_600' title='bbox 2861 1333 2907 1377; x_wconf 83' lang='lat' dir='ltr'><strong>et</strong></span> <span class='ocrx_word' id='word_1_601' title='bbox 2935 1322 3194 1378; x_wconf 77' lang='lat' dir='ltr'><strong>charitatis</strong></span> <span class='ocrx_word' id='word_1_602' title='bbox 3223 1331 3268 1376; x_wconf 82' lang='lat' dir='ltr'><strong>et</strong></span> <span class='ocrx_word' id='word_1_603' title='bbox 3303 1337 3428 1374; x_wconf 84' lang='lat' dir='ltr'><strong>con-</strong></span> 
     </span>
    </p>
   </div>
   <div class='ocr_carea' id='block_1_74' title="bbox 1843 1414 3432 1486">
    <p class='ocr_par' dir='ltr' id='par_1_74' title="bbox 1843 1414 3432 1486">
     <span class='ocr_line' id='line_1_74' title="bbox 1843 1414 3432 1486; baseline -0.004 -16"><span class='ocrx_word' id='word_1_604' title='bbox 1843 1416 2067 1470; x_wconf 69' lang='lat' dir='ltr'><strong>tiuentiat</strong></span> <span class='ocrx_word' id='word_1_605' title='bbox 2095 1415 2160 1486; x_wconf 93' lang='grc' dir='ltr'><strong>(ΙΙ</strong></span> <span class='ocrx_word' id='word_1_606' title='bbox 2195 1414 2326 1468; x_wconf 86' lang='lat' dir='ltr'><strong>Tim.</strong></span> <span class='ocrx_word' id='word_1_607' title='bbox 2356 1432 2394 1482; x_wconf 82' lang='grc' dir='ltr'><strong>ι,</strong></span> <span class='ocrx_word' id='word_1_608' title='bbox 2427 1416 2505 1486; x_wconf 89' lang='lat'><strong>7).</strong></span> <span class='ocrx_word' id='word_1_609' title='bbox 2535 1414 2651 1470; x_wconf 83' lang='lat' dir='ltr'><strong>Non</strong></span> <span class='ocrx_word' id='word_1_610' title='bbox 2683 1422 2765 1469; x_wconf 89' lang='lat' dir='ltr'><strong>est</strong></span> <span class='ocrx_word' id='word_1_611' title='bbox 2798 1423 2974 1468; x_wconf 89' lang='lat' dir='ltr'><strong>autem</strong></span> <span class='ocrx_word' id='word_1_612' title='bbox 3011 1426 3344 1482; x_wconf 86' lang='lat' dir='ltr'><strong>consequens</strong></span> <span class='ocrx_word' id='word_1_613' title='bbox 3371 1420 3432 1465; x_wconf 89' lang='lat' dir='ltr'><strong>ut</strong></span> 
     </span>
    </p>
   </div>
   <div class='ocr_carea' id='block_1_75' title="bbox 1841 1501 3428 1575">
    <p class='ocr_par' dir='ltr' id='par_1_75' title="bbox 1841 1501 3428 1575">
     <span class='ocr_line' id='line_1_75' title="bbox 1841 1501 3428 1575; baseline -0.001 -19"><span class='ocrx_word' id='word_1_614' title='bbox 1841 1507 1929 1575; x_wconf 89' lang='lat' dir='ltr'><strong>qui</strong></span> <span class='ocrx_word' id='word_1_615' title='bbox 1974 1505 2130 1560; x_wconf 81' lang='lat' dir='ltr'><strong>habet</strong></span> <span class='ocrx_word' id='word_1_616' title='bbox 2162 1503 2360 1559; x_wconf 91' lang='lat' dir='ltr'><strong>donum</strong></span> <span class='ocrx_word' id='word_1_617' title='bbox 2404 1505 2674 1568; x_wconf 71' lang='lat' dir='ltr'><strong>scientize,</strong></span> <span class='ocrx_word' id='word_1_618' title='bbox 2713 1518 2818 1574; x_wconf 90' lang='lat' dir='ltr'><strong>quo</strong></span> <span class='ocrx_word' id='word_1_619' title='bbox 2856 1503 3067 1558; x_wconf 83' lang='lat' dir='ltr'><strong>noverit</strong></span> <span class='ocrx_word' id='word_1_620' title='bbox 3104 1501 3230 1572; x_wconf 92' lang='lat' dir='ltr'><strong>quid</strong></span> <span class='ocrx_word' id='word_1_621' title='bbox 3270 1515 3428 1571; x_wconf 79' lang='lat' dir='ltr'><strong>agere</strong></span> 
     </span>
    </p>
   </div>
   <div class='ocr_carea' id='block_1_76' title="bbox 1841 1592 3037 1663">
    <p class='ocr_par' dir='ltr' id='par_1_76' title="bbox 1841 1592 3037 1663">
     <span class='ocr_line' id='line_1_76' title="bbox 1841 1592 3037 1663; baseline -0.003 -14"><span class='ocrx_word' id='word_1_622' title='bbox 1841 1593 2056 1658; x_wconf 83' lang='lat' dir='ltr'><strong>debeat,</strong></span> <span class='ocrx_word' id='word_1_623' title='bbox 2082 1593 2274 1650; x_wconf 85' lang='lat' dir='ltr'><strong>habeat</strong></span> <span class='ocrx_word' id='word_1_624' title='bbox 2299 1594 2457 1648; x_wconf 83' lang='lat' dir='ltr'><strong>etiam</strong></span> <span class='ocrx_word' id='word_1_625' title='bbox 2487 1592 2780 1658; x_wconf 86' lang='lat' dir='ltr'><strong>charitatis,</strong></span> <span class='ocrx_word' id='word_1_626' title='bbox 2809 1601 2866 1646; x_wconf 93' lang='lat' dir='ltr'><strong>nt</strong></span> <span class='ocrx_word' id='word_1_627' title='bbox 2894 1600 3037 1663; x_wconf 86' lang='lat' dir='ltr'><strong>agat.</strong></span> 
     </span>
    </p>
   </div>
   <div class='ocr_carea' id='block_1_77' title="bbox 1911 1679 3427 1752">
    <p class='ocr_par' dir='ltr' id='par_1_77' title="bbox 1911 1679 3427 1752">
     <span class='ocr_line' id='line_1_77' title="bbox 1911 1679 3427 1752; baseline -0.004 -11"><span class='ocrx_word' id='word_1_628' title='bbox 1911 1684 2137 1741; x_wconf 78' lang='lat' dir='ltr'><strong>CAPUT</strong></span> <span class='ocrx_word' id='word_1_629' title='bbox 2164 1683 2498 1740; x_wconf 77' lang='lat' dir='ltr'><strong>XXXIV.&#39;—-</strong></span> <span class='ocrx_word' id='word_1_630' title='bbox 2523 1685 2612 1739; x_wconf 79' lang='lat'><strong>57.</strong></span> <span class='ocrx_word' id='word_1_631' title='bbox 2644 1683 2768 1738; x_wconf 88' lang='lat' dir='ltr'><strong>Illos</strong></span> <span class='ocrx_word' id='word_1_632' title='bbox 2788 1683 2970 1748; x_wconf 88' lang='lat' dir='ltr'><strong>etiam,</strong></span> <span class='ocrx_word' id='word_1_633' title='bbox 2996 1697 3130 1752; x_wconf 91' lang='lat' dir='ltr'><strong>quos</strong></span> <span class='ocrx_word' id='word_1_634' title='bbox 3154 1681 3206 1736; x_wconf 93' lang='lat' dir='ltr'><strong>in</strong></span> <span class='ocrx_word' id='word_1_635' title='bbox 3225 1679 3427 1736; x_wconf 78' lang='lat' dir='ltr'><strong>eisdem</strong></span> 
     </span>
    </p>
   </div>
   <div class='ocr_carea' id='block_1_78' title="bbox 1841 1773 3429 1846">
    <p class='ocr_par' dir='ltr' id='par_1_78' title="bbox 1841 1773 3429 1846">
     <span class='ocr_line' id='line_1_78' title="bbox 1841 1773 3429 1846; baseline -0.002 -15"><span class='ocrx_word' id='word_1_636' title='bbox 1841 1775 2033 1832; x_wconf 85' lang='lat' dir='ltr'><strong>litteris</strong></span> <span class='ocrx_word' id='word_1_637' title='bbox 2056 1819 2069 1842; x_wconf 90' lang='lat'><strong>,</strong></span> <span class='ocrx_word' id='word_1_638' title='bbox 2097 1791 2228 1846; x_wconf 88' lang='lat' dir='ltr'><strong>quas</strong></span> <span class='ocrx_word' id='word_1_639' title='bbox 2255 1777 2400 1832; x_wconf 90' lang='lat' dir='ltr'><strong>misit</strong></span> <span class='ocrx_word' id='word_1_640' title='bbox 2433 1775 2498 1830; x_wconf 90' lang='lat' dir='ltr'><strong>ad</strong></span> <span class='ocrx_word' id='word_1_641' title='bbox 2523 1783 2720 1830; x_wconf 79' lang='lat' dir='ltr'><strong>sancta:</strong></span> <span class='ocrx_word' id='word_1_642' title='bbox 2750 1775 3021 1830; x_wconf 65' lang='lat' dir='ltr'><strong>merueris:</strong></span> <span class='ocrx_word' id='word_1_643' title='bbox 3051 1789 3240 1844; x_wconf 84' lang='lat' dir='ltr'><strong>papam</strong></span> <span class='ocrx_word' id='word_1_644' title='bbox 3270 1773 3429 1828; x_wconf 85' lang='lat' dir='ltr'><strong>luno-</strong></span> 
     </span>
    </p>
   </div>
   <div class='ocr_carea' id='block_1_79' title="bbox 1842 1865 3414 1937">
    <p class='ocr_par' dir='ltr' id='par_1_79' title="bbox 1842 1865 3414 1937">
     <span class='ocr_line' id='line_1_79' title="bbox 1842 1865 3414 1937; baseline -0.003 -14"><span class='ocrx_word' id='word_1_645' title='bbox 1842 1869 2073 1923; x_wconf 86' lang='lat' dir='ltr'><strong>centium</strong></span> <span class='ocrx_word' id='word_1_646' title='bbox 2099 1909 2112 1933; x_wconf 95' lang='lat'><strong>,</strong></span> <span class='ocrx_word' id='word_1_647' title='bbox 2145 1868 2310 1924; x_wconf 88' lang='lat' dir='ltr'><strong>libros</strong></span> <span class='ocrx_word' id='word_1_648' title='bbox 2349 1883 2473 1923; x_wconf 89' lang='lat' dir='ltr'><strong>suos</strong></span> <span class='ocrx_word' id='word_1_649' title='bbox 2503 1867 2586 1922; x_wconf 88' lang='lat' dir='ltr'><strong>vel</strong></span> <span class='ocrx_word' id='word_1_650' title='bbox 2615 1867 2812 1937; x_wconf 90' lang='lat' dir='ltr'><strong>scripta</strong></span> <span class='ocrx_word' id='word_1_651' title='bbox 2839 1873 3258 1929; x_wconf 88' lang='lat' dir='ltr'><strong>commemorat,</strong></span> <span class='ocrx_word' id='word_1_652' title='bbox 3290 1865 3414 1934; x_wconf 77' lang='lat' dir='ltr'><strong>legi,</strong></span> 
     </span>
    </p>
   </div>
   <div class='ocr_carea' id='block_1_80' title="bbox 1844 1948 3428 2028">
    <p class='ocr_par' dir='ltr' id='par_1_80' title="bbox 1844 1948 3428 2028">
     <span class='ocr_line' id='line_1_80' title="bbox 1844 1948 3428 2028; baseline -0.003 -16"><span class='ocrx_word' id='word_1_653' title='bbox 1844 1969 2038 2028; x_wconf 83' lang='lat' dir='ltr'><strong>praeter</strong></span> <span class='ocrx_word' id='word_1_654' title='bbox 2076 1973 2232 2012; x_wconf 90' lang='lat' dir='ltr'><strong>unam</strong></span> <span class='ocrx_word' id='word_1_655' title='bbox 2267 1948 2549 2028; x_wconf 84' lang='lat' dir='ltr'><strong>epistolam</strong></span> <span class='ocrx_word' id='word_1_656' title='bbox 2570 2002 2584 2023; x_wconf 95' lang='lat'><strong>,</strong></span> <span class='ocrx_word' id='word_1_657' title='bbox 2609 1973 2764 2028; x_wconf 90' lang='lat' dir='ltr'><strong>quam</strong></span> <span class='ocrx_word' id='word_1_658' title='bbox 2793 1971 2854 2012; x_wconf 89' lang='lat' dir='ltr'><strong>se</strong></span> <span class='ocrx_word' id='word_1_659' title='bbox 2879 1956 3094 2012; x_wconf 89' lang='lat' dir='ltr'><strong>brevem</strong></span> <span class='ocrx_word' id='word_1_660' title='bbox 3126 1956 3334 2010; x_wconf 85' lang='lat' dir='ltr'><strong>misisse</strong></span> <span class='ocrx_word' id='word_1_661' title='bbox 3362 1955 3428 2008; x_wconf 92' lang='lat' dir='ltr'><strong>ad</strong></span> 
     </span>
    </p>
   </div>
   <div class='ocr_carea' id='block_1_81' title="bbox 1843 2045 3428 2117">
    <p class='ocr_par' dir='ltr' id='par_1_81' title="bbox 1843 2045 3428 2117">
     <span class='ocr_line' id='line_1_81' title="bbox 1843 2045 3428 2117; baseline -0.003 -13"><span class='ocrx_word' id='word_1_662' title='bbox 1843 2059 2084 2104; x_wconf 89' lang='lat' dir='ltr'><strong>sanctum</strong></span> <span class='ocrx_word' id='word_1_663' title='bbox 2125 2047 2494 2103; x_wconf 88' lang='lat' dir='ltr'><strong>Constantium</strong></span> <span class='ocrx_word' id='word_1_664' title='bbox 2533 2049 2839 2117; x_wconf 85' lang='lat' dir='ltr'><strong>episcopum</strong></span> <span class='ocrx_word' id='word_1_665' title='bbox 2878 2046 3044 2101; x_wconf 89' lang='lat' dir='ltr'><strong>dicit:</strong></span> <span class='ocrx_word' id='word_1_666' title='bbox 3090 2060 3190 2100; x_wconf 87' lang='lat' dir='ltr'><strong>nec</strong></span> <span class='ocrx_word' id='word_1_667' title='bbox 3231 2045 3428 2100; x_wconf 83' lang='lat' dir='ltr'><strong>alicubi</strong></span> 
     </span>
    </p>
   </div>
   <div class='ocr_carea' id='block_1_82' title="bbox 1844 2134 3428 2211">
    <p class='ocr_par' dir='ltr' id='par_1_82' title="bbox 1844 2134 3428 2211">
     <span class='ocr_line' id='line_1_82' title="bbox 1844 2134 3428 2211; baseline 0.003 -23"><span class='ocrx_word' id='word_1_668' title='bbox 1844 2140 1989 2211; x_wconf 81' lang='lat' dir='ltr'><strong>potui</strong></span> <span class='ocrx_word' id='word_1_669' title='bbox 2020 2139 2254 2210; x_wconf 89' lang='lat' dir='ltr'><strong>reperire</strong></span> <span class='ocrx_word' id='word_1_670' title='bbox 2272 2181 2287 2204; x_wconf 90' lang='lat'><strong>,</strong></span> <span class='ocrx_word' id='word_1_671' title='bbox 2322 2139 2458 2194; x_wconf 89' lang='lat' dir='ltr'><strong>hanc</strong></span> <span class='ocrx_word' id='word_1_672' title='bbox 2483 2153 2605 2193; x_wconf 91' lang='lat' dir='ltr'><strong>eum</strong></span> <span class='ocrx_word' id='word_1_673' title='bbox 2634 2134 2856 2209; x_wconf 79' lang='lat' dir='ltr'><strong>gratiam</strong></span> <span class='ocrx_word' id='word_1_674' title='bbox 2883 2137 3120 2192; x_wconf 85' lang='lat' dir='ltr'><strong>conﬁteri</strong></span> <span class='ocrx_word' id='word_1_675' title='bbox 3143 2175 3160 2204; x_wconf 94' lang='lat'><strong>,</strong></span> <span class='ocrx_word' id='word_1_676' title='bbox 3189 2151 3292 2207; x_wconf 90' lang='lat' dir='ltr'><strong>qua</strong></span> <span class='ocrx_word' id='word_1_677' title='bbox 3321 2149 3428 2192; x_wconf 91' lang='lat' dir='ltr'><strong>non</strong></span> 
     </span>
    </p>
   </div>
   <div class='ocr_carea' id='block_1_83' title="bbox 1843 2227 3426 2301">
    <p class='ocr_par' dir='ltr' id='par_1_83' title="bbox 1843 2227 3426 2301">
     <span class='ocr_line' id='line_1_83' title="bbox 1843 2227 3426 2301; baseline -0.004 -13"><span class='ocrx_word' id='word_1_678' title='bbox 1843 2235 2014 2288; x_wconf 88' lang='lat' dir='ltr'><strong>solum</strong></span> <span class='ocrx_word' id='word_1_679' title='bbox 2061 2232 2384 2301; x_wconf 86' lang='lat' dir='ltr'><strong>possibilitas</strong></span> <span class='ocrx_word' id='word_1_680' title='bbox 2421 2231 2677 2286; x_wconf 87' lang='lat' dir='ltr'><strong>naturalis</strong></span> <span class='ocrx_word' id='word_1_681' title='bbox 2725 2230 3010 2285; x_wconf 88' lang='lat' dir='ltr'><strong>voluntatis</strong></span> <span class='ocrx_word' id='word_1_682' title='bbox 3056 2237 3114 2283; x_wconf 91' lang='lat' dir='ltr'><strong>et</strong></span> <span class='ocrx_word' id='word_1_683' title='bbox 3159 2227 3426 2292; x_wconf 88' lang='lat' dir='ltr'><strong>actionis,</strong></span> 
     </span>
    </p>
   </div>
   <div class='ocr_carea' id='block_1_84' title="bbox 1844 2319 3434 2395">
    <p class='ocr_par' dir='ltr' id='par_1_84' title="bbox 1844 2319 3434 2395">
     <span class='ocr_line' id='line_1_84' title="bbox 1844 2319 3434 2395; baseline -0.002 -20"><span class='ocrx_word' id='word_1_684' title='bbox 1844 2340 2000 2395; x_wconf 88' lang='lat' dir='ltr'><strong>quam</strong></span> <span class='ocrx_word' id='word_1_685' title='bbox 2029 2324 2158 2378; x_wconf 90' lang='lat' dir='ltr'><strong>dicit</strong></span> <span class='ocrx_word' id='word_1_686' title='bbox 2181 2339 2277 2377; x_wconf 88' lang='lat' dir='ltr'><strong>nos</strong></span> <span class='ocrx_word' id='word_1_687' title='bbox 2302 2323 2500 2378; x_wconf 86' lang='lat' dir='ltr'><strong>habere</strong></span> <span class='ocrx_word' id='word_1_688' title='bbox 2536 2322 2743 2377; x_wconf 87' lang='lat' dir='ltr'><strong>etiamsi</strong></span> <span class='ocrx_word' id='word_1_689' title='bbox 2785 2336 2886 2377; x_wconf 91' lang='lat' dir='ltr'><strong>nec</strong></span> <span class='ocrx_word' id='word_1_690' title='bbox 2922 2321 3166 2374; x_wconf 87' lang='lat' dir='ltr'><strong>volumus</strong></span> <span class='ocrx_word' id='word_1_691' title='bbox 3195 2335 3292 2374; x_wconf 91' lang='lat' dir='ltr'><strong>nec</strong></span> <span class='ocrx_word' id='word_1_692' title='bbox 3319 2319 3434 2389; x_wconf 85' lang='lat' dir='ltr'><strong>agi-</strong></span> 
     </span>
    </p>
   </div>
   <div class='ocr_carea' id='block_1_85' title="bbox 1846 2411 3434 2484">
    <p class='ocr_par' dir='ltr' id='par_1_85' title="bbox 1846 2411 3434 2484">
     <span class='ocr_line' id='line_1_85' title="bbox 1846 2411 3434 2484; baseline -0.003 -13"><span class='ocrx_word' id='word_1_693' title='bbox 1846 2431 1966 2471; x_wconf 88' lang='lat' dir='ltr'><strong>mus</strong></span> <span class='ocrx_word' id='word_1_694' title='bbox 1995 2417 2189 2472; x_wconf 88' lang='lat' dir='ltr'><strong>bonum</strong></span> <span class='ocrx_word' id='word_1_695' title='bbox 2217 2457 2230 2479; x_wconf 93' lang='lat'><strong>,</strong></span> <span class='ocrx_word' id='word_1_696' title='bbox 2261 2414 2356 2470; x_wconf 90' lang='lat' dir='ltr'><strong>sed</strong></span> <span class='ocrx_word' id='word_1_697' title='bbox 2385 2415 2500 2484; x_wconf 87' lang='lat' dir='ltr'><strong>ipsa</strong></span> <span class='ocrx_word' id='word_1_698' title='bbox 2529 2416 2688 2470; x_wconf 88' lang='lat' dir='ltr'><strong>etiam</strong></span> <span class='ocrx_word' id='word_1_699' title='bbox 2715 2413 2959 2468; x_wconf 84' lang='lat' dir='ltr'><strong>voluntas</strong></span> <span class='ocrx_word' id='word_1_700' title='bbox 2986 2421 3040 2468; x_wconf 90' lang='lat' dir='ltr'><strong>ot</strong></span> <span class='ocrx_word' id='word_1_701' title='bbox 3069 2413 3208 2468; x_wconf 88' lang='lat' dir='ltr'><strong>actio</strong></span> <span class='ocrx_word' id='word_1_702' title='bbox 3232 2411 3434 2467; x_wconf 84' lang='lat' dir='ltr'><strong>submi-</strong></span> 
     </span>
    </p>
   </div>
   <div class='ocr_carea' id='block_1_86' title="bbox 1845 2505 2940 2576">
    <p class='ocr_par' dir='ltr' id='par_1_86' title="bbox 1845 2505 2940 2576">
     <span class='ocr_line' id='line_1_86' title="bbox 1845 2505 2940 2576; baseline -0.005 -14"><span class='ocrx_word' id='word_1_703' title='bbox 1845 2507 2158 2562; x_wconf 80' lang='lat' dir='ltr'><strong>uistratione</strong></span> <span class='ocrx_word' id='word_1_704' title='bbox 2189 2509 2357 2562; x_wconf 88' lang='lat' dir='ltr'><strong>sancti</strong></span> <span class='ocrx_word' id='word_1_705' title='bbox 2389 2506 2617 2576; x_wconf 84' lang='lat' dir='ltr'><strong>Spiritus</strong></span> <span class='ocrx_word' id='word_1_706' title='bbox 2640 2505 2940 2576; x_wconf 80' lang='lat' dir='ltr'><strong>adjuvatur.</strong></span> 
     </span>
    </p>
   </div>
   <div class='ocr_carea' id='block_1_87' title="bbox 1917 2594 3432 2666">
    <p class='ocr_par' dir='ltr' id='par_1_87' title="bbox 1917 2594 3432 2666">
     <span class='ocr_line' id='line_1_87' title="bbox 1917 2594 3432 2666; baseline -0.003 -14"><span class='ocrx_word' id='word_1_707' title='bbox 1917 2597 2143 2654; x_wconf 74' lang='lat' dir='ltr'><strong>CAPUT</strong></span> <span class='ocrx_word' id='word_1_708' title='bbox 2181 2597 2400 2652; x_wconf 78' lang='lat' dir='ltr'><strong>XXXV.</strong></span> <span class='ocrx_word' id='word_1_709' title='bbox 2426 2626 2501 2638; x_wconf 91' lang='lat'><strong>-—</strong></span> <span class='ocrx_word' id='word_1_710' title='bbox 2525 2597 2614 2652; x_wconf 78' lang='lat'><strong>58.</strong></span> <span class='ocrx_word' id='word_1_711' title='bbox 2653 2615 2672 2648; x_wconf 72' lang='grc' dir='ltr'><strong><em>α</em></strong></span> <span class='ocrx_word' id='word_1_712' title='bbox 2705 2596 2926 2666; x_wconf 82' lang='lat' dir='ltr'><strong>Legam,</strong></span> <span class='ocrx_word' id='word_1_713' title='bbox 2958 2613 2978 2647; x_wconf 72' lang='grc' dir='ltr'><strong><em>ι</em></strong></span> <span class='ocrx_word' id='word_1_714' title='bbox 3011 2594 3198 2665; x_wconf 82' lang='lat' dir='ltr'><strong>inquit,</strong></span> <span class='ocrx_word' id='word_1_715' title='bbox 3235 2613 3254 2646; x_wconf 77' lang='grc' dir='ltr'>σ</span> <span class='ocrx_word' id='word_1_716' title='bbox 3291 2595 3432 2649; x_wconf 82' lang='lat' dir='ltr'><strong>illam</strong></span> 
     </span>
    </p>
   </div>
   <div class='ocr_carea' id='block_1_88' title="bbox 1845 2687 3434 2760">
    <p class='ocr_par' dir='ltr' id='par_1_88' title="bbox 1845 2687 3434 2760">
     <span class='ocr_line' id='line_1_88' title="bbox 1845 2687 3434 2760; baseline -0.003 -15"><span class='ocrx_word' id='word_1_717' title='bbox 1845 2691 2146 2760; x_wconf 68' lang='lat' dir='ltr'><strong>epistolam,</strong></span> <span class='ocrx_word' id='word_1_718' title='bbox 2174 2705 2331 2760; x_wconf 89' lang='lat' dir='ltr'><strong>quam</strong></span> <span class='ocrx_word' id='word_1_719' title='bbox 2361 2689 2428 2744; x_wconf 92' lang='lat' dir='ltr'><strong>ad</strong></span> <span class='ocrx_word' id='word_1_720' title='bbox 2453 2700 2694 2744; x_wconf 90' lang='lat' dir='ltr'><strong>sanctum</strong></span> <span class='ocrx_word' id='word_1_721' title='bbox 2722 2689 2894 2742; x_wconf 86' lang='lat' dir='ltr'><strong>virum</strong></span> <span class='ocrx_word' id='word_1_722' title='bbox 2925 2687 3200 2742; x_wconf 82' lang='lat' dir='ltr'><strong>Paulinum</strong></span> <span class='ocrx_word' id='word_1_723' title='bbox 3223 2687 3434 2756; x_wconf 87' lang='lat' dir='ltr'><strong>episco-</strong></span> 
     </span>
    </p>
   </div>
   <div class='ocr_carea' id='block_1_89' title="bbox 1820 2777 3434 2854">
    <p class='ocr_par' dir='ltr' id='par_1_89' title="bbox 1820 2777 3434 2854">
     <span class='ocr_line' id='line_1_89' title="bbox 1820 2777 3434 2854; baseline -0.006 -16"><span class='ocrx_word' id='word_1_724' title='bbox 1820 2798 1972 2854; x_wconf 84' lang='lat' dir='ltr'><strong>-pum</strong></span> <span class='ocrx_word' id='word_1_725' title='bbox 2004 2790 2127 2835; x_wconf 89' lang='lat' dir='ltr'><strong>ante</strong></span> <span class='ocrx_word' id='word_1_726' title='bbox 2151 2780 2433 2835; x_wconf 89' lang='lat' dir='ltr'><strong>duodecim</strong></span> <span class='ocrx_word' id='word_1_727' title='bbox 2463 2779 2574 2835; x_wconf 86' lang='lat' dir='ltr'><strong>fere</strong></span> <span class='ocrx_word' id='word_1_728' title='bbox 2597 2793 2768 2834; x_wconf 92' lang='lat' dir='ltr'><strong>annos</strong></span> <span class='ocrx_word' id='word_1_729' title='bbox 2798 2777 3111 2846; x_wconf 88' lang='lat' dir='ltr'><strong>scripsimus</strong></span> <span class='ocrx_word' id='word_1_730' title='bbox 3133 2819 3148 2844; x_wconf 92' lang='lat'><strong>,</strong></span> <span class='ocrx_word' id='word_1_731' title='bbox 3177 2791 3294 2845; x_wconf 76' lang='lat' dir='ltr'><strong>qua:</strong></span> <span class='ocrx_word' id='word_1_732' title='bbox 3325 2785 3434 2830; x_wconf 86' lang='lat' dir='ltr'><strong>tre-</strong></span> 
     </span>
    </p>
   </div>
   <div class='ocr_carea' id='block_1_90' title="bbox 1845 2865 3433 2948">
    <p class='ocr_par' dir='ltr' id='par_1_90' title="bbox 1845 2865 3433 2948">
     <span class='ocr_line' id='line_1_90' title="bbox 1845 2865 3433 2948; baseline -0.006 -20"><span class='ocrx_word' id='word_1_733' title='bbox 1845 2873 2019 2928; x_wconf 88' lang='lat' dir='ltr'><strong>centis</strong></span> <span class='ocrx_word' id='word_1_734' title='bbox 2041 2871 2177 2926; x_wconf 89' lang='lat' dir='ltr'><strong>forte</strong></span> <span class='ocrx_word' id='word_1_735' title='bbox 2206 2869 2606 2948; x_wconf 78' lang='lat' dir='ltr'><strong>versibusnihil</strong></span> <span class='ocrx_word' id='word_1_736' title='bbox 2645 2867 2790 2922; x_wconf 88' lang='lat' dir='ltr'><strong>aliud</strong></span> <span class='ocrx_word' id='word_1_737' title='bbox 2822 2882 2978 2936; x_wconf 88' lang='lat' dir='ltr'><strong>quam</strong></span> <span class='ocrx_word' id='word_1_738' title='bbox 3010 2867 3100 2920; x_wconf 89' lang='lat' dir='ltr'><strong>Dei</strong></span> <span class='ocrx_word' id='word_1_739' title='bbox 3131 2865 3352 2936; x_wconf 84' lang='lat' dir='ltr'><strong>gratiam</strong></span> <span class='ocrx_word' id='word_1_740' title='bbox 3380 2871 3433 2920; x_wconf 82' lang='lat' dir='ltr'><strong>et</strong></span> 
     </span>
    </p>
   </div>
   <div class='ocr_carea' id='block_1_91' title="bbox 1845 2957 3432 3031">
    <p class='ocr_par' dir='ltr' id='par_1_91' title="bbox 1845 2957 3432 3031">
     <span class='ocr_line' id='line_1_91' title="bbox 1845 2957 3432 3031; baseline -0.004 -12"><span class='ocrx_word' id='word_1_741' title='bbox 1845 2965 2100 3024; x_wconf 75' lang='lat' dir='ltr'><strong>auxilium</strong></span> <span class='ocrx_word' id='word_1_742' title='bbox 2131 2961 2433 3025; x_wconf 87' lang='lat' dir='ltr'><strong>conﬁtetur,</strong></span> <span class='ocrx_word' id='word_1_743' title='bbox 2463 2975 2667 3031; x_wconf 89' lang='lat' dir='ltr'><strong>nosque</strong></span> <span class='ocrx_word' id='word_1_744' title='bbox 2691 2959 2821 3014; x_wconf 91' lang='lat' dir='ltr'><strong>nihil</strong></span> <span class='ocrx_word' id='word_1_745' title='bbox 2847 2959 3066 3012; x_wconf 91' lang='lat' dir='ltr'><strong>omnino</strong></span> <span class='ocrx_word' id='word_1_746' title='bbox 3102 2957 3229 3012; x_wconf 90' lang='lat' dir='ltr'><strong>boni</strong></span> <span class='ocrx_word' id='word_1_747' title='bbox 3257 2957 3432 3012; x_wconf 88' lang='lat' dir='ltr'><strong>facere</strong></span> 
     </span>
    </p>
   </div>
   <div class='ocr_carea' id='block_1_92' title="bbox 1847 3049 3435 3125">
    <p class='ocr_par' dir='ltr' id='par_1_92' title="bbox 1847 3049 3435 3125">
     <span class='ocr_line' id='line_1_92' title="bbox 1847 3049 3435 3125; baseline -0.005 -15"><span class='ocrx_word' id='word_1_748' title='bbox 1847 3070 2008 3125; x_wconf 75' lang='lat' dir='ltr'><strong>posse</strong></span> <span class='ocrx_word' id='word_1_749' title='bbox 2036 3055 2152 3110; x_wconf 90' lang='lat' dir='ltr'><strong>sine</strong></span> <span class='ocrx_word' id='word_1_750' title='bbox 2182 3053 2310 3109; x_wconf 92' lang='lat' dir='ltr'><strong>Deo.</strong></span> <span class='ocrx_word' id='word_1_751' title='bbox 2345 3071 2364 3105; x_wconf 82' lang='grc'>›</span> <span class='ocrx_word' id='word_1_752' title='bbox 2389 3052 2538 3108; x_wconf 84' lang='lat' dir='ltr'><strong>Hanc</strong></span> <span class='ocrx_word' id='word_1_753' title='bbox 2562 3067 2690 3122; x_wconf 88' lang='lat' dir='ltr'><strong>ergo</strong></span> <span class='ocrx_word' id='word_1_754' title='bbox 2723 3051 3000 3122; x_wconf 79' lang='lat' dir='ltr'><strong>epismlam</strong></span> <span class='ocrx_word' id='word_1_755' title='bbox 3027 3049 3152 3119; x_wconf 84' lang='lat' dir='ltr'><strong>legi,</strong></span> <span class='ocrx_word' id='word_1_756' title='bbox 3181 3058 3235 3104; x_wconf 91' lang='lat' dir='ltr'><strong>et</strong></span> <span class='ocrx_word' id='word_1_757' title='bbox 3257 3049 3435 3104; x_wconf 89' lang='lat' dir='ltr'><strong>inveni</strong></span> 
     </span>
    </p>
   </div>
   <div class='ocr_carea' id='block_1_93' title="bbox 1847 3139 3437 3216">
    <p class='ocr_par' dir='ltr' id='par_1_93' title="bbox 1847 3139 3437 3216">
     <span class='ocr_line' id='line_1_93' title="bbox 1847 3139 3437 3216; baseline -0.003 -15"><span class='ocrx_word' id='word_1_758' title='bbox 1847 3161 1972 3202; x_wconf 84' lang='lat' dir='ltr'><strong>eum</strong></span> <span class='ocrx_word' id='word_1_759' title='bbox 2011 3161 2148 3216; x_wconf 89' lang='lat' dir='ltr'><strong>pene</strong></span> <span class='ocrx_word' id='word_1_760' title='bbox 2184 3160 2282 3215; x_wconf 87' lang='lat' dir='ltr'><strong>per</strong></span> <span class='ocrx_word' id='word_1_761' title='bbox 2307 3152 2470 3200; x_wconf 91' lang='lat' dir='ltr'><strong>totam</strong></span> <span class='ocrx_word' id='word_1_762' title='bbox 2499 3158 2604 3198; x_wconf 91' lang='lat' dir='ltr'><strong>non</strong></span> <span class='ocrx_word' id='word_1_763' title='bbox 2631 3142 2924 3205; x_wconf 86' lang='lat' dir='ltr'><strong>immorari,</strong></span> <span class='ocrx_word' id='word_1_764' title='bbox 2954 3141 3056 3196; x_wconf 90' lang='lat' dir='ltr'><strong>nisi</strong></span> <span class='ocrx_word' id='word_1_765' title='bbox 3089 3141 3140 3196; x_wconf 95' lang='lat' dir='ltr'><strong>in</strong></span> <span class='ocrx_word' id='word_1_766' title='bbox 3185 3139 3437 3196; x_wconf 87' lang='lat' dir='ltr'><strong>facultate</strong></span> 
     </span>
    </p>
   </div>
   <div class='ocr_carea' id='block_1_94' title="bbox 1848 3231 3437 3307">
    <p class='ocr_par' dir='ltr' id='par_1_94' title="bbox 1848 3231 3437 3307">
     <span class='ocr_line' id='line_1_94' title="bbox 1848 3231 3437 3307; baseline -0.006 -14"><span class='ocrx_word' id='word_1_767' title='bbox 1848 3245 1905 3293; x_wconf 84' lang='lat' dir='ltr'><strong>et</strong></span> <span class='ocrx_word' id='word_1_768' title='bbox 1925 3237 2274 3307; x_wconf 74' lang='lat' dir='ltr'><strong>possibilitate</strong></span> <span class='ocrx_word' id='word_1_769' title='bbox 2291 3243 2514 3301; x_wconf 66' lang='lat' dir='ltr'><strong>naturat,</strong></span> <span class='ocrx_word' id='word_1_770' title='bbox 2533 3241 2588 3288; x_wconf 89' lang='lat' dir='ltr'><strong>et</strong></span> <span class='ocrx_word' id='word_1_771' title='bbox 2607 3248 2743 3304; x_wconf 90' lang='lat' dir='ltr'><strong>pene</strong></span> <span class='ocrx_word' id='word_1_772' title='bbox 2763 3232 2833 3286; x_wconf 91' lang='lat' dir='ltr'><strong>ibi</strong></span> <span class='ocrx_word' id='word_1_773' title='bbox 2864 3239 3067 3286; x_wconf 82' lang='lat' dir='ltr'><strong>tantum</strong></span> <span class='ocrx_word' id='word_1_774' title='bbox 3095 3231 3184 3285; x_wconf 90' lang='lat' dir='ltr'><strong>Dei</strong></span> <span class='ocrx_word' id='word_1_775' title='bbox 3212 3231 3437 3301; x_wconf 85' lang='lat' dir='ltr'><strong>gratiam</strong></span> 
     </span>
    </p>
   </div>
   <div class='ocr_carea' id='block_1_95' title="bbox 1851 3321 3438 3392">
    <p class='ocr_par' dir='ltr' id='par_1_95' title="bbox 1851 3321 3438 3392">
     <span class='ocr_line' id='line_1_95' title="bbox 1851 3321 3438 3392; baseline -0.005 -10"><span class='ocrx_word' id='word_1_776' title='bbox 1851 3328 2212 3384; x_wconf 87' lang='lat' dir='ltr'><strong>constituere:</strong></span> <span class='ocrx_word' id='word_1_777' title='bbox 2244 3326 2589 3381; x_wconf 85' lang='lat' dir='ltr'><strong>christianum</strong></span> <span class='ocrx_word' id='word_1_778' title='bbox 2616 3339 2744 3380; x_wconf 85' lang='lat' dir='ltr'><strong>vero</strong></span> <span class='ocrx_word' id='word_1_779' title='bbox 2771 3323 2994 3392; x_wconf 86' lang='lat' dir='ltr'><strong>gratiam</strong></span> <span class='ocrx_word' id='word_1_780' title='bbox 3015 3331 3158 3377; x_wconf 86' lang='lat' dir='ltr'><strong>tanta</strong></span> <span class='ocrx_word' id='word_1_781' title='bbox 3180 3321 3438 3376; x_wconf 80' lang='lat' dir='ltr'><strong>brevitate</strong></span> 
     </span>
    </p>
   </div>
   <div class='ocr_carea' id='block_1_96' title="bbox 1851 3412 3439 3485">
    <p class='ocr_par' dir='ltr' id='par_1_96' title="bbox 1851 3412 3439 3485">
     <span class='ocr_line' id='line_1_96' title="bbox 1851 3412 3439 3485; baseline -0.005 -11"><span class='ocrx_word' id='word_1_782' title='bbox 1851 3419 1964 3474; x_wconf 78' lang='lat' dir='ltr'><strong>sola</strong></span> <span class='ocrx_word' id='word_1_783' title='bbox 2011 3419 2243 3474; x_wconf 88' lang='lat' dir='ltr'><strong>nominis</strong></span> <span class='ocrx_word' id='word_1_784' title='bbox 2285 3416 2797 3472; x_wconf 89' lang='lat' dir='ltr'><strong>commemoratione</strong></span> <span class='ocrx_word' id='word_1_785' title='bbox 2845 3413 3171 3485; x_wconf 86' lang='lat' dir='ltr'><strong>perstringit,</strong></span> <span class='ocrx_word' id='word_1_786' title='bbox 3214 3421 3272 3466; x_wconf 92' lang='lat' dir='ltr'><strong>ut</strong></span> <span class='ocrx_word' id='word_1_787' title='bbox 3308 3412 3439 3467; x_wconf 83' lang='lat' dir='ltr'><strong>nihil</strong></span> 
     </span>
    </p>
   </div>
   <div class='ocr_carea' id='block_1_97' title="bbox 1851 3503 3441 3579">
    <p class='ocr_par' dir='ltr' id='par_1_97' title="bbox 1851 3503 3441 3579">
     <span class='ocr_line' id='line_1_97' title="bbox 1851 3503 3441 3579; baseline -0.006 -14"><span class='ocrx_word' id='word_1_788' title='bbox 1851 3511 1992 3566; x_wconf 90' lang='lat' dir='ltr'><strong>aliud</strong></span> <span class='ocrx_word' id='word_1_789' title='bbox 2023 3509 2284 3573; x_wconf 90' lang='lat' dir='ltr'><strong>videatur,</strong></span> <span class='ocrx_word' id='word_1_790' title='bbox 2318 3522 2477 3579; x_wconf 90' lang='lat' dir='ltr'><strong>quam</strong></span> <span class='ocrx_word' id='word_1_791' title='bbox 2507 3521 2626 3562; x_wconf 88' lang='lat' dir='ltr'><strong>eam</strong></span> <span class='ocrx_word' id='word_1_792' title='bbox 2652 3515 2830 3562; x_wconf 88' lang='lat' dir='ltr'><strong>tacere</strong></span> <span class='ocrx_word' id='word_1_793' title='bbox 2855 3505 3114 3558; x_wconf 91' lang='lat' dir='ltr'><strong>timuisse.</strong></span> <span class='ocrx_word' id='word_1_794' title='bbox 3139 3503 3330 3559; x_wconf 89' lang='lat' dir='ltr'><strong>Utrum</strong></span> <span class='ocrx_word' id='word_1_795' title='bbox 3364 3512 3441 3556; x_wconf 88' lang='lat' dir='ltr'><strong>ta-</strong></span> 
     </span>
    </p>
   </div>
   <div class='ocr_carea' id='block_1_98' title="bbox 1852 3593 3438 3665">
    <p class='ocr_par' dir='ltr' id='par_1_98' title="bbox 1852 3593 3438 3665">
     <span class='ocr_line' id='line_1_98' title="bbox 1852 3593 3438 3665; baseline -0.008 -9"><span class='ocrx_word' id='word_1_796' title='bbox 1852 3617 1977 3656; x_wconf 75' lang='lat' dir='ltr'><strong>men</strong></span> <span class='ocrx_word' id='word_1_797' title='bbox 2000 3617 2116 3656; x_wconf 89' lang='lat' dir='ltr'><strong>eam</strong></span> <span class='ocrx_word' id='word_1_798' title='bbox 2143 3600 2196 3654; x_wconf 90' lang='lat' dir='ltr'><strong>in</strong></span> <span class='ocrx_word' id='word_1_799' title='bbox 2224 3597 2542 3655; x_wconf 85' lang='lat' dir='ltr'><strong>remissione</strong></span> <span class='ocrx_word' id='word_1_800' title='bbox 2565 3606 2900 3665; x_wconf 84' lang='lat' dir='ltr'><strong>peccatorum</strong></span> <span class='ocrx_word' id='word_1_801' title='bbox 2931 3594 3059 3649; x_wconf 88' lang='lat' dir='ltr'><strong>velit</strong></span> <span class='ocrx_word' id='word_1_802' title='bbox 3081 3593 3298 3664; x_wconf 83' lang='lat' dir='ltr'><strong>intelligi</strong></span> <span class='ocrx_word' id='word_1_803' title='bbox 3329 3634 3342 3658; x_wconf 87' lang='lat'><strong>,</strong></span> <span class='ocrx_word' id='word_1_804' title='bbox 3371 3609 3438 3646; x_wconf 89' lang='lat' dir='ltr'><strong>an</strong></span> 
     </span>
    </p>
   </div>
   <div class='ocr_carea' id='block_1_99' title="bbox 1854 3684 3442 3753">
    <p class='ocr_par' dir='ltr' id='par_1_99' title="bbox 1854 3684 3442 3753">
     <span class='ocr_line' id='line_1_99' title="bbox 1854 3684 3442 3753; baseline -0.008 -5"><span class='ocrx_word' id='word_1_805' title='bbox 1854 3693 2012 3748; x_wconf 85' lang='lat' dir='ltr'><strong>etiam</strong></span> <span class='ocrx_word' id='word_1_806' title='bbox 2046 3694 2097 3746; x_wconf 91' lang='lat' dir='ltr'><strong>in</strong></span> <span class='ocrx_word' id='word_1_807' title='bbox 2140 3691 2377 3746; x_wconf 89' lang='lat' dir='ltr'><strong>doctrina</strong></span> <span class='ocrx_word' id='word_1_808' title='bbox 2416 3687 2648 3753; x_wconf 89' lang='lat' dir='ltr'><strong>Christi,</strong></span> <span class='ocrx_word' id='word_1_809' title='bbox 2682 3687 2768 3742; x_wconf 90' lang='lat' dir='ltr'><strong>ubi</strong></span> <span class='ocrx_word' id='word_1_810' title='bbox 2804 3695 2886 3741; x_wconf 90' lang='lat' dir='ltr'><strong>est</strong></span> <span class='ocrx_word' id='word_1_811' title='bbox 2923 3695 2978 3741; x_wconf 91' lang='lat' dir='ltr'><strong>et</strong></span> <span class='ocrx_word' id='word_1_812' title='bbox 3017 3684 3442 3740; x_wconf 85' lang='lat' dir='ltr'><strong>conversationis</strong></span> 
     </span>
    </p>
   </div>
   <div class='ocr_carea' id='block_1_100' title="bbox 1854 3773 3438 3853">
    <p class='ocr_par' dir='ltr' id='par_1_100' title="bbox 1854 3773 3438 3853">
     <span class='ocr_line' id='line_1_100' title="bbox 1854 3773 3438 3853; baseline -0.009 -15"><span class='ocrx_word' id='word_1_813' title='bbox 1854 3783 1970 3853; x_wconf 88' lang='lat' dir='ltr'><strong>ejus</strong></span> <span class='ocrx_word' id='word_1_814' title='bbox 2011 3783 2308 3852; x_wconf 78' lang='lat' dir='ltr'><strong>exemplum</strong></span> <span class='ocrx_word' id='word_1_815' title='bbox 2331 3821 2346 3846; x_wconf 91' lang='lat'><strong>,</strong></span> <span class='ocrx_word' id='word_1_816' title='bbox 2377 3779 2517 3850; x_wconf 87' lang='lat' dir='ltr'><strong>quod</strong></span> <span class='ocrx_word' id='word_1_817' title='bbox 2555 3776 2767 3847; x_wconf 88' lang='lat' dir='ltr'><strong>aliquod</strong></span> <span class='ocrx_word' id='word_1_818' title='bbox 2805 3791 3022 3832; x_wconf 90' lang='lat' dir='ltr'><strong>suorum</strong></span> <span class='ocrx_word' id='word_1_819' title='bbox 3062 3773 3438 3846; x_wconf 89' lang='lat' dir='ltr'><strong>opusculormn</strong></span> 
     </span>
    </p>
   </div>
   <div class='ocr_carea' id='block_1_101' title="bbox 1855 3863 3438 3942">
    <p class='ocr_par' dir='ltr' id='par_1_101' title="bbox 1855 3863 3438 3942">
     <span class='ocr_line' id='line_1_101' title="bbox 1855 3863 3438 3942; baseline -0.008 -13"><span class='ocrx_word' id='word_1_820' title='bbox 1855 3875 1988 3929; x_wconf 89' lang='lat' dir='ltr'><strong>locis</strong></span> <span class='ocrx_word' id='word_1_821' title='bbox 2017 3873 2160 3940; x_wconf 90' lang='lat' dir='ltr'><strong>facit,</strong></span> <span class='ocrx_word' id='word_1_822' title='bbox 2187 3889 2254 3928; x_wconf 91' lang='lat' dir='ltr'><strong>an</strong></span> <span class='ocrx_word' id='word_1_823' title='bbox 2277 3873 2462 3928; x_wconf 87' lang='lat' dir='ltr'><strong>credat</strong></span> <span class='ocrx_word' id='word_1_824' title='bbox 2490 3869 2702 3942; x_wconf 88' lang='lat' dir='ltr'><strong>aliquod</strong></span> <span class='ocrx_word' id='word_1_825' title='bbox 2733 3869 3056 3938; x_wconf 89' lang='lat' dir='ltr'><strong>adjutorium</strong></span> <span class='ocrx_word' id='word_1_826' title='bbox 3091 3867 3228 3921; x_wconf 90' lang='lat' dir='ltr'><strong>bene</strong></span> <span class='ocrx_word' id='word_1_827' title='bbox 3245 3863 3438 3934; x_wconf 85' lang='lat' dir='ltr'><strong>agendi</strong></span> 
     </span>
    </p>
   </div>
   <div class='ocr_carea' id='block_1_102' title="bbox 1855 3959 3436 4036">
    <p class='ocr_par' dir='ltr' id='par_1_102' title="bbox 1855 3959 3436 4036">
     <span class='ocr_line' id='line_1_102' title="bbox 1855 3959 3436 4036; baseline -0.006 -16"><span class='ocrx_word' id='word_1_828' title='bbox 1855 3965 2158 4036; x_wconf 84' lang='lat' dir='ltr'><strong>adjunctum</strong></span> <span class='ocrx_word' id='word_1_829' title='bbox 2204 3973 2406 4020; x_wconf 76' lang='lat' dir='ltr'><strong>natura:</strong></span> <span class='ocrx_word' id='word_1_830' title='bbox 2435 3972 2596 4033; x_wconf 88' lang='lat' dir='ltr'><strong>atque</strong></span> <span class='ocrx_word' id='word_1_831' title='bbox 2630 3962 2884 4018; x_wconf 75' lang='lat' dir='ltr'><strong>doctrina:</strong></span> <span class='ocrx_word' id='word_1_832' title='bbox 2921 3959 3436 4031; x_wconf 84' lang='lat' dir='ltr'><strong>pcriuspirationcm</strong></span> 
     </span>
    </p>
   </div>
   <div class='ocr_carea' id='block_1_103' title="bbox 1859 4051 3442 4127">
    <p class='ocr_par' dir='ltr' id='par_1_103' title="bbox 1859 4051 3442 4127">
     <span class='ocr_line' id='line_1_103' title="bbox 1859 4051 3442 4127; baseline -0.008 -17"><span class='ocrx_word' id='word_1_833' title='bbox 1859 4057 2281 4127; x_wconf 76' lang='lat' dir='ltr'><strong>flagrantissima:</strong></span> <span class='ocrx_word' id='word_1_834' title='bbox 2302 4067 2356 4110; x_wconf 89' lang='lat' dir='ltr'><strong>et</strong></span> <span class='ocrx_word' id='word_1_835' title='bbox 2376 4054 2806 4109; x_wconf 77' lang='lat' dir='ltr'><strong>luminosissima:</strong></span> <span class='ocrx_word' id='word_1_836' title='bbox 2835 4051 3130 4117; x_wconf 73' lang='lat' dir='ltr'><strong>charitatis,</strong></span> <span class='ocrx_word' id='word_1_837' title='bbox 3152 4064 3259 4104; x_wconf 87' lang='lat' dir='ltr'><strong>non</strong></span> <span class='ocrx_word' id='word_1_838' title='bbox 3279 4065 3442 4118; x_wconf 81' lang='lat' dir='ltr'><strong>appa-</strong></span> 
     </span>
    </p>
   </div>
   <div class='ocr_carea' id='block_1_104' title="bbox 1859 4147 2610 4201">
    <p class='ocr_par' dir='ltr' id='par_1_104' title="bbox 1859 4147 2610 4201">
     <span class='ocr_line' id='line_1_104' title="bbox 1859 4147 2610 4201; baseline -0.005 -1"><span class='ocrx_word' id='word_1_839' title='bbox 1859 4156 1940 4201; x_wconf 92' lang='lat' dir='ltr'><strong>ret</strong></span> <span class='ocrx_word' id='word_1_840' title='bbox 1966 4147 2203 4200; x_wconf 90' lang='lat' dir='ltr'><strong>omnino.</strong></span> <span class='ocrx_word' id='word_1_841' title='bbox 2607 4192 2610 4196; x_wconf 89' lang='lat'><strong>.</strong></span> 
     </span>
    </p>
   </div>
   <div class='ocr_carea' id='block_1_105' title="bbox 1929 4230 3438 4302">
    <p class='ocr_par' dir='ltr' id='par_1_105' title="bbox 1929 4230 3438 4302">
     <span class='ocr_line' id='line_1_105' title="bbox 1929 4230 3438 4302; baseline -0.006 -10"><span class='ocrx_word' id='word_1_842' title='bbox 1929 4236 2154 4292; x_wconf 79' lang='lat' dir='ltr'><strong>CAPUT</strong></span> <span class='ocrx_word' id='word_1_843' title='bbox 2195 4234 2436 4291; x_wconf 76' lang='lat' dir='ltr'><strong>XXXVI.</strong></span> <span class='ocrx_word' id='word_1_844' title='bbox 2458 4265 2529 4275; x_wconf 89' lang='lat'><strong>—</strong></span> <span class='ocrx_word' id='word_1_845' title='bbox 2550 4235 2637 4290; x_wconf 80' lang='lat'><strong>59.</strong></span> <span class='ocrx_word' id='word_1_846' title='bbox 2669 4253 2686 4284; x_wconf 78' lang='grc' dir='ltr'>ι</span> <span class='ocrx_word' id='word_1_847' title='bbox 2717 4234 2919 4302; x_wconf 81' lang='lat' dir='ltr'><strong>Legant</strong></span> <span class='ocrx_word' id='word_1_848' title='bbox 2949 4232 3108 4287; x_wconf 88' lang='lat' dir='ltr'><strong>etiam</strong></span> <span class='ocrx_word' id='word_1_849' title='bbox 3130 4272 3144 4294; x_wconf 93' lang='lat'><strong>,</strong></span> <span class='ocrx_word' id='word_1_850' title='bbox 3181 4249 3200 4282; x_wconf 70' lang='grc' dir='ltr'><strong><em>ι</em></strong></span> <span class='ocrx_word' id='word_1_851' title='bbox 3235 4230 3438 4300; x_wconf 83' lang='lat' dir='ltr'><strong>inquit,</strong></span> 
     </span>
    </p>
   </div>
   <div class='ocr_carea' id='block_1_106' title="bbox 1865 4322 3444 4394">
    <p class='ocr_par' dir='ltr' id='par_1_106' title="bbox 1865 4322 3444 4394">
     <span class='ocr_line' id='line_1_106' title="bbox 1865 4322 3444 4394; baseline -0.004 -13"><span class='ocrx_word' id='word_1_852' title='bbox 1865 4348 1885 4381; x_wconf 73' lang='grc' dir='ltr'><strong>ε</strong></span> <span class='ocrx_word' id='word_1_853' title='bbox 1919 4328 1984 4382; x_wconf 80' lang='lat' dir='ltr'><strong>ad</strong></span> <span class='ocrx_word' id='word_1_854' title='bbox 2014 4335 2252 4382; x_wconf 90' lang='lat' dir='ltr'><strong>sanctum</strong></span> <span class='ocrx_word' id='word_1_855' title='bbox 2298 4326 2668 4382; x_wconf 89' lang='lat' dir='ltr'><strong>Constantium</strong></span> <span class='ocrx_word' id='word_1_856' title='bbox 2712 4325 3054 4394; x_wconf 88' lang='lat' dir='ltr'><strong>episcopum,</strong></span> <span class='ocrx_word' id='word_1_857' title='bbox 3082 4322 3170 4376; x_wconf 90' lang='lat' dir='ltr'><strong>ubi</strong></span> <span class='ocrx_word' id='word_1_858' title='bbox 3213 4322 3444 4376; x_wconf 76' lang='lat' dir='ltr'><strong>breviter</strong></span> 
     </span>
    </p>
   </div>
   <div class='ocr_carea' id='block_1_107' title="bbox 1859 4411 3443 4489">
    <p class='ocr_par' dir='ltr' id='par_1_107' title="bbox 1859 4411 3443 4489">
     <span class='ocr_line' id='line_1_107' title="bbox 1859 4411 3443 4489; baseline -0.004 -18"><span class='ocrx_word' id='word_1_859' title='bbox 1859 4418 2090 4489; x_wconf 88' lang='lat' dir='ltr'><strong>quidem,</strong></span> <span class='ocrx_word' id='word_1_860' title='bbox 2115 4417 2212 4473; x_wconf 91' lang='lat' dir='ltr'><strong>sed</strong></span> <span class='ocrx_word' id='word_1_861' title='bbox 2243 4417 2396 4487; x_wconf 90' lang='lat' dir='ltr'><strong>plane</strong></span> <span class='ocrx_word' id='word_1_862' title='bbox 2422 4416 2594 4470; x_wconf 88' lang='lat' dir='ltr'><strong>libero</strong></span> <span class='ocrx_word' id='word_1_863' title='bbox 2616 4415 2848 4468; x_wconf 89' lang='lat' dir='ltr'><strong>hominis</strong></span> <span class='ocrx_word' id='word_1_864' title='bbox 2872 4412 3089 4467; x_wconf 87' lang='lat' dir='ltr'><strong>arbitrio</strong></span> <span class='ocrx_word' id='word_1_865' title='bbox 3107 4412 3199 4467; x_wconf 92' lang='lat' dir='ltr'><strong>Dei</strong></span> <span class='ocrx_word' id='word_1_866' title='bbox 3221 4411 3443 4482; x_wconf 85' lang='lat' dir='ltr'><strong>gratiam</strong></span> 
     </span>
    </p>
   </div>
   <div class='ocr_carea' id='block_1_108' title="bbox 1861 4505 3446 4580">
    <p class='ocr_par' dir='ltr' id='par_1_108' title="bbox 1861 4505 3446 4580">
     <span class='ocr_line' id='line_1_108' title="bbox 1861 4505 3446 4580; baseline -0.004 -15"><span class='ocrx_word' id='word_1_867' title='bbox 1861 4511 2221 4580; x_wconf 82' lang='lat' dir='ltr'><strong>auxiliumque</strong></span> <span class='ocrx_word' id='word_1_868' title='bbox 2247 4509 2519 4580; x_wconf 74' lang='lat' dir='ltr'><strong>conjunxi.</strong></span> <span class='ocrx_word' id='word_1_869' title='bbox 2553 4529 2572 4562; x_wconf 76' lang='grc' dir='ltr'><strong><em>ι</em></strong></span> <span class='ocrx_word' id='word_1_870' title='bbox 2609 4507 2758 4562; x_wconf 83' lang='lat' dir='ltr'><strong>Hauc</strong></span> <span class='ocrx_word' id='word_1_871' title='bbox 2787 4507 3092 4577; x_wconf 79' lang='lat' dir='ltr'><strong>epistolam,</strong></span> <span class='ocrx_word' id='word_1_872' title='bbox 3115 4515 3178 4559; x_wconf 85' lang='lat' dir='ltr'><strong>ut</strong></span> <span class='ocrx_word' id='word_1_873' title='bbox 3201 4505 3446 4576; x_wconf 85' lang='lat' dir='ltr'><strong>superius</strong></span> 
     </span>
    </p>
   </div>
   <div class='ocr_carea' id='block_1_109' title="bbox 1861 4597 3446 4676">
    <p class='ocr_par' dir='ltr' id='par_1_109' title="bbox 1861 4597 3446 4676">
     <span class='ocr_line' id='line_1_109' title="bbox 1861 4597 3446 4676; baseline -0.006 -17"><span class='ocrx_word' id='word_1_874' title='bbox 1861 4605 1968 4660; x_wconf 79' lang='lat' dir='ltr'><strong>dixi</strong></span> <span class='ocrx_word' id='word_1_875' title='bbox 1992 4603 2141 4676; x_wconf 83' lang='lat' dir='ltr'><strong>(Cap.</strong></span> <span class='ocrx_word' id='word_1_876' title='bbox 2173 4603 2244 4658; x_wconf 70' lang='grc'><strong>’54</strong></span> <span class='ocrx_word' id='word_1_877' title='bbox 2265 4643 2280 4667; x_wconf 86' lang='grc'><em>,</em></span> <span class='ocrx_word' id='word_1_878' title='bbox 2306 4619 2358 4656; x_wconf 87' lang='lat' dir='ltr'><strong>n.</strong></span> <span class='ocrx_word' id='word_1_879' title='bbox 2393 4601 2506 4673; x_wconf 78' lang='lat'><strong>57),</strong></span> <span class='ocrx_word' id='word_1_880' title='bbox 2533 4616 2639 4655; x_wconf 91' lang='lat' dir='ltr'><strong>non</strong></span> <span class='ocrx_word' id='word_1_881' title='bbox 2670 4600 2774 4669; x_wconf 83' lang='lat' dir='ltr'><strong>legi</strong></span> <span class='ocrx_word' id='word_1_882' title='bbox 2807 4617 2820 4652; x_wconf 94' lang='lat'><strong>:</strong></span> <span class='ocrx_word' id='word_1_883' title='bbox 2853 4598 2946 4654; x_wconf 89' lang='lat' dir='ltr'><strong>sed</strong></span> <span class='ocrx_word' id='word_1_884' title='bbox 2972 4598 3016 4652; x_wconf 92' lang='lat' dir='ltr'><strong>si</strong></span> <span class='ocrx_word' id='word_1_885' title='bbox 3046 4613 3150 4651; x_wconf 92' lang='lat' dir='ltr'><strong>non</strong></span> <span class='ocrx_word' id='word_1_886' title='bbox 3175 4604 3258 4652; x_wconf 90' lang='lat' dir='ltr'><strong>est</strong></span> <span class='ocrx_word' id='word_1_887' title='bbox 3284 4597 3446 4651; x_wconf 90' lang='lat' dir='ltr'><strong>dissi-</strong></span> 
     </span>
    </p>
   </div>
   <div class='ocr_carea' id='block_1_110' title="bbox 1863 4687 3450 4762">
    <p class='ocr_par' dir='ltr' id='par_1_110' title="bbox 1863 4687 3450 4762">
     <span class='ocr_line' id='line_1_110' title="bbox 1863 4687 3450 4762; baseline -0.005 -14"><span class='ocrx_word' id='word_1_888' title='bbox 1863 4695 2003 4749; x_wconf 92' lang='lat' dir='ltr'><strong>milis</strong></span> <span class='ocrx_word' id='word_1_889' title='bbox 2028 4694 2257 4758; x_wconf 70' lang='lat' dir='ltr'><strong>ctcteris,</strong></span> <span class='ocrx_word' id='word_1_890' title='bbox 2287 4708 2406 4762; x_wconf 77' lang='lat' dir='ltr'><strong>qua:</strong></span> <span class='ocrx_word' id='word_1_891' title='bbox 2435 4691 2560 4745; x_wconf 88' lang='lat' dir='ltr'><strong>mihi</strong></span> <span class='ocrx_word' id='word_1_892' title='bbox 2588 4699 2712 4745; x_wconf 90' lang='lat' dir='ltr'><strong>nota</strong></span> <span class='ocrx_word' id='word_1_893' title='bbox 2733 4696 3137 4756; x_wconf 90' lang='lat' dir='ltr'><strong>commemorat,</strong></span> <span class='ocrx_word' id='word_1_894' title='bbox 3167 4702 3270 4742; x_wconf 90' lang='lat' dir='ltr'><strong>non</strong></span> <span class='ocrx_word' id='word_1_895' title='bbox 3290 4687 3450 4741; x_wconf 89' lang='lat' dir='ltr'><strong>habet</strong></span> 
     </span>
    </p>
   </div>
   <div class='ocr_carea' id='block_1_111' title="bbox 1865 4784 2671 4856">
    <p class='ocr_par' dir='ltr' id='par_1_111' title="bbox 1865 4784 2671 4856">
     <span class='ocr_line' id='line_1_111' title="bbox 1865 4784 2671 4856; baseline -0.004 -15"><span class='ocrx_word' id='word_1_896' title='bbox 1865 4788 2024 4843; x_wconf 89' lang='lat' dir='ltr'><strong>etiam</strong></span> <span class='ocrx_word' id='word_1_897' title='bbox 2055 4785 2167 4856; x_wconf 91' lang='lat' dir='ltr'><strong>ipsa</strong></span> <span class='ocrx_word' id='word_1_898' title='bbox 2193 4784 2334 4855; x_wconf 89' lang='lat' dir='ltr'><strong>quod</strong></span> <span class='ocrx_word' id='word_1_899' title='bbox 2361 4785 2671 4854; x_wconf 73' lang='lat' dir='ltr'><strong>qumrimus.</strong></span> 
     </span>
    </p>
   </div>
   <div class='ocr_carea' id='block_1_112' title="bbox 1932 4869 3447 4943">
    <p class='ocr_par' dir='ltr' id='par_1_112' title="bbox 1932 4869 3447 4943">
     <span class='ocr_line' id='line_1_112' title="bbox 1932 4869 3447 4943; baseline -0.007 -11"><span class='ocrx_word' id='word_1_900' title='bbox 1932 4876 2158 4932; x_wconf 77' lang='lat' dir='ltr'><strong>CAPUT</strong></span> <span class='ocrx_word' id='word_1_901' title='bbox 2195 4875 2548 4931; x_wconf 76' lang='lat' dir='ltr'><strong>XXXVII.—</strong></span> <span class='ocrx_word' id='word_1_902' title='bbox 2577 4875 2666 4930; x_wconf 67' lang='grc'><strong>40.</strong></span> <span class='ocrx_word' id='word_1_903' title='bbox 2690 4893 2707 4926; x_wconf 76' lang='grc' dir='ltr'><strong><em>ι</em></strong></span> <span class='ocrx_word' id='word_1_904' title='bbox 2745 4873 2946 4943; x_wconf 86' lang='lat' dir='ltr'><strong>Legant</strong></span> <span class='ocrx_word' id='word_1_905' title='bbox 2971 4872 3150 4933; x_wconf 89' lang='lat' dir='ltr'><strong>etiam,</strong></span> <span class='ocrx_word' id='word_1_906' title='bbox 3186 4888 3203 4920; x_wconf 75' lang='grc' dir='ltr'><strong><em>ι</em></strong></span> <span class='ocrx_word' id='word_1_907' title='bbox 3239 4869 3408 4939; x_wconf 83' lang='lat' dir='ltr'><strong>inquit</strong></span> <span class='ocrx_word' id='word_1_908' title='bbox 3433 4911 3447 4931; x_wconf 82' lang='lat'><strong>,</strong></span> 
     </span>
    </p>
   </div>
   <div class='ocr_carea' id='block_1_113' title="bbox 1872 4961 3448 5040">
    <p class='ocr_par' dir='ltr' id='par_1_113' title="bbox 1872 4961 3448 5040">
     <span class='ocr_line' id='line_1_113' title="bbox 1872 4961 3448 5040; baseline -0.006 -18"><span class='ocrx_word' id='word_1_909' title='bbox 1872 4989 1890 5022; x_wconf 73' lang='grc' dir='ltr'>ι</span> <span class='ocrx_word' id='word_1_910' title='bbox 1924 4985 2080 5040; x_wconf 88' lang='lat' dir='ltr'><strong>quam</strong></span> <span class='ocrx_word' id='word_1_911' title='bbox 2111 4968 2177 5022; x_wconf 89' lang='lat' dir='ltr'><strong>ad</strong></span> <span class='ocrx_word' id='word_1_912' title='bbox 2204 4983 2409 5022; x_wconf 84' lang='lat' dir='ltr'><strong>sacram</strong></span> <span class='ocrx_word' id='word_1_913' title='bbox 2439 4965 2637 5022; x_wconf 86' lang='lat' dir='ltr'><strong>Christi</strong></span> <span class='ocrx_word' id='word_1_914' title='bbox 2675 4965 2936 5036; x_wconf 88' lang='lat' dir='ltr'><strong>virginem</strong></span> <span class='ocrx_word' id='word_1_915' title='bbox 2979 4961 3364 5018; x_wconf 90' lang='lat' dir='ltr'><strong>Demetriadem</strong></span> <span class='ocrx_word' id='word_1_916' title='bbox 3397 4963 3448 5014; x_wconf 91' lang='lat' dir='ltr'><strong>in</strong></span> 
     </span>
    </p>
   </div>
   <div class='ocr_carea' id='block_1_114' title="bbox 1866 5052 3452 5132">
    <p class='ocr_par' dir='ltr' id='par_1_114' title="bbox 1866 5052 3452 5132">
     <span class='ocr_line' id='line_1_114' title="bbox 1866 5052 3452 5132; baseline -0.009 -12"><span class='ocrx_word' id='word_1_917' title='bbox 1866 5052 2082 5120; x_wconf 88' lang='lat' dir='ltr'><strong>Oriente</strong></span> <span class='ocrx_word' id='word_1_918' title='bbox 2110 5061 2528 5130; x_wconf 83' lang='lat' dir='ltr'><strong>conscripsimus</strong></span> <span class='ocrx_word' id='word_1_919' title='bbox 2553 5057 2654 5132; x_wconf 84' lang='lat' dir='ltr'><strong>(a),</strong></span> <span class='ocrx_word' id='word_1_920' title='bbox 2679 5068 2733 5114; x_wconf 92' lang='lat' dir='ltr'><strong>et</strong></span> <span class='ocrx_word' id='word_1_921' title='bbox 2759 5057 3032 5112; x_wconf 86' lang='lat' dir='ltr'><strong>invenient</strong></span> <span class='ocrx_word' id='word_1_922' title='bbox 3059 5069 3156 5108; x_wconf 84' lang='lat' dir='ltr'><strong>nos</strong></span> <span class='ocrx_word' id='word_1_923' title='bbox 3187 5055 3256 5107; x_wconf 91' lang='lat' dir='ltr'><strong>ita</strong></span> <span class='ocrx_word' id='word_1_924' title='bbox 3281 5052 3452 5107; x_wconf 86' lang='lat' dir='ltr'><strong>homi-</strong></span> 
     </span>
    </p>
   </div>
   <div class='ocr_carea' id='block_1_115' title="bbox 1865 5141 3452 5216">
    <p class='ocr_par' dir='ltr' id='par_1_115' title="bbox 1865 5141 3452 5216">
     <span class='ocr_line' id='line_1_115' title="bbox 1865 5141 3452 5216; baseline -0.007 -8"><span class='ocrx_word' id='word_1_925' title='bbox 1865 5154 1950 5208; x_wconf 89' lang='lat' dir='ltr'><strong>nis</strong></span> <span class='ocrx_word' id='word_1_926' title='bbox 1977 5151 2194 5208; x_wconf 88' lang='lat' dir='ltr'><strong>laudare</strong></span> <span class='ocrx_word' id='word_1_927' title='bbox 2227 5162 2470 5206; x_wconf 88' lang='lat' dir='ltr'><strong>naturam</strong></span> <span class='ocrx_word' id='word_1_928' title='bbox 2493 5193 2506 5214; x_wconf 91' lang='lat'><strong>,</strong></span> <span class='ocrx_word' id='word_1_929' title='bbox 2535 5160 2593 5205; x_wconf 92' lang='lat' dir='ltr'><strong>ut</strong></span> <span class='ocrx_word' id='word_1_930' title='bbox 2619 5149 2712 5203; x_wconf 89' lang='lat' dir='ltr'><strong>Dei</strong></span> <span class='ocrx_word' id='word_1_931' title='bbox 2745 5161 2958 5216; x_wconf 85' lang='lat' dir='ltr'><strong>semper</strong></span> <span class='ocrx_word' id='word_1_932' title='bbox 2981 5143 3167 5215; x_wconf 82' lang='lat' dir='ltr'><strong>gratia:</strong></span> <span class='ocrx_word' id='word_1_933' title='bbox 3193 5141 3452 5197; x_wconf 87' lang='lat' dir='ltr'><strong>addamus</strong></span> 
     </span>
    </p>
   </div>
   <div class='ocr_carea' id='block_1_116' title="bbox 1867 5236 3452 5311">
    <p class='ocr_par' dir='ltr' id='par_1_116' title="bbox 1867 5236 3452 5311">
     <span class='ocr_line' id='line_1_116' title="bbox 1867 5236 3452 5311; baseline -0.005 -17"><span class='ocrx_word' id='word_1_934' title='bbox 1867 5242 2143 5296; x_wconf 78' lang='lat' dir='ltr'><strong>auxilium.</strong></span> <span class='ocrx_word' id='word_1_935' title='bbox 2178 5260 2197 5293; x_wconf 70' lang='grc' dir='ltr'>ι</span> <span class='ocrx_word' id='word_1_936' title='bbox 2226 5239 2386 5298; x_wconf 88' lang='lat' dir='ltr'><strong>Istam</strong></span> <span class='ocrx_word' id='word_1_937' title='bbox 2411 5255 2542 5296; x_wconf 89' lang='lat' dir='ltr'><strong>sane</strong></span> <span class='ocrx_word' id='word_1_938' title='bbox 2565 5239 2666 5311; x_wconf 77' lang='lat' dir='ltr'><strong>legi</strong></span> <span class='ocrx_word' id='word_1_939' title='bbox 2690 5279 2705 5304; x_wconf 96' lang='lat'><strong>,</strong></span> <span class='ocrx_word' id='word_1_940' title='bbox 2730 5236 2968 5306; x_wconf 89' lang='lat' dir='ltr'><strong>mihique</strong></span> <span class='ocrx_word' id='word_1_941' title='bbox 2997 5249 3130 5304; x_wconf 90' lang='lat' dir='ltr'><strong>pene</strong></span> <span class='ocrx_word' id='word_1_942' title='bbox 3168 5248 3452 5302; x_wconf 85' lang='lat' dir='ltr'><strong>persuase-</strong></span> 
     </span>
    </p>
   </div>
   <div class='ocr_carea' id='block_1_117' title="bbox 1867 5323 3452 5402">
    <p class='ocr_par' dir='ltr' id='par_1_117' title="bbox 1867 5323 3452 5402">
     <span class='ocr_line' id='line_1_117' title="bbox 1867 5323 3452 5402; baseline -0.009 -11"><span class='ocrx_word' id='word_1_943' title='bbox 1867 5341 1969 5398; x_wconf 78' lang='lat' dir='ltr'><strong>rat,</strong></span> <span class='ocrx_word' id='word_1_944' title='bbox 2002 5332 2140 5387; x_wconf 89' lang='lat' dir='ltr'><strong>hanc</strong></span> <span class='ocrx_word' id='word_1_945' title='bbox 2155 5332 2301 5386; x_wconf 85' lang='lat' dir='ltr'><strong>illum</strong></span> <span class='ocrx_word' id='word_1_946' title='bbox 2323 5333 2568 5402; x_wconf 89' lang='lat' dir='ltr'><strong>gratiam,</strong></span> <span class='ocrx_word' id='word_1_947' title='bbox 2587 5329 2655 5384; x_wconf 85' lang='lat' dir='ltr'><strong>de</strong></span> <span class='ocrx_word' id='word_1_948' title='bbox 2671 5343 2772 5398; x_wconf 91' lang='lat' dir='ltr'><strong>qua</strong></span> <span class='ocrx_word' id='word_1_949' title='bbox 2793 5325 3018 5396; x_wconf 70' lang='lat' dir='ltr'><strong>qumsdo</strong></span> <span class='ocrx_word' id='word_1_950' title='bbox 3042 5334 3145 5388; x_wconf 89' lang='lat' dir='ltr'><strong>est,</strong></span> <span class='ocrx_word' id='word_1_951' title='bbox 3175 5323 3414 5377; x_wconf 87' lang='lat' dir='ltr'><strong>conﬁteri</strong></span> <span class='ocrx_word' id='word_1_952' title='bbox 3440 5339 3452 5377; x_wconf 85' lang='lat'><strong>.&#39;</strong></span> 
     </span>
    </p>
   </div>
   <div class='ocr_carea' id='block_1_118' title="bbox 1867 5413 3458 5494">
    <p class='ocr_par' dir='ltr' id='par_1_118' title="bbox 1867 5413 3458 5494">
     <span class='ocr_line' id='line_1_118' title="bbox 1867 5413 3458 5494; baseline -0.008 -16"><span class='ocrx_word' id='word_1_953' title='bbox 1867 5423 2110 5494; x_wconf 89' lang='lat' dir='ltr'><strong>quamvis</strong></span> <span class='ocrx_word' id='word_1_954' title='bbox 2139 5422 2193 5477; x_wconf 91' lang='lat' dir='ltr'><strong>in</strong></span> <span class='ocrx_word' id='word_1_955' title='bbox 2221 5422 2400 5477; x_wconf 90' lang='lat' dir='ltr'><strong>multis</strong></span> <span class='ocrx_word' id='word_1_956' title='bbox 2428 5421 2542 5489; x_wconf 89' lang='lat' dir='ltr'><strong>ejus</strong></span> <span class='ocrx_word' id='word_1_957' title='bbox 2569 5416 2807 5488; x_wconf 87' lang='lat' dir='ltr'><strong>epusculi</strong></span> <span class='ocrx_word' id='word_1_958' title='bbox 2831 5415 2963 5470; x_wconf 90' lang='lat' dir='ltr'><strong>locis</strong></span> <span class='ocrx_word' id='word_1_959' title='bbox 2981 5414 3082 5468; x_wconf 89' lang='lat' dir='ltr'><strong>sibi</strong></span> <span class='ocrx_word' id='word_1_960' title='bbox 3105 5413 3218 5482; x_wconf 89' lang='lat' dir='ltr'><strong>ipse</strong></span> <span class='ocrx_word' id='word_1_961' title='bbox 3245 5423 3458 5468; x_wconf 81' lang='lat' dir='ltr'><strong>contra-</strong></span> 
     </span>
    </p>
   </div>
   <div class='ocr_carea' id='block_1_119' title="bbox 1869 5501 3456 5568">
    <p class='ocr_par' dir='ltr' id='par_1_119' title="bbox 1869 5501 3456 5568">
     <span class='ocr_line' id='line_1_119' title="bbox 1869 5501 3456 5568; baseline -0.006 0"><span class='ocrx_word' id='word_1_962' title='bbox 1869 5513 2048 5568; x_wconf 87' lang='lat' dir='ltr'><strong>dicere</strong></span> <span class='ocrx_word' id='word_1_963' title='bbox 2071 5511 2342 5567; x_wconf 86' lang='lat' dir='ltr'><strong>videretur</strong></span> <span class='ocrx_word' id='word_1_964' title='bbox 2372 5528 2387 5565; x_wconf 91' lang='lat'><strong>:</strong></span> <span class='ocrx_word' id='word_1_965' title='bbox 2417 5507 2514 5565; x_wconf 89' lang='lat' dir='ltr'><strong>sed</strong></span> <span class='ocrx_word' id='word_1_966' title='bbox 2543 5519 2664 5564; x_wconf 89' lang='lat' dir='ltr'><strong>cum</strong></span> <span class='ocrx_word' id='word_1_967' title='bbox 2687 5507 2742 5561; x_wconf 93' lang='lat' dir='ltr'><strong>in</strong></span> <span class='ocrx_word' id='word_1_968' title='bbox 2771 5501 2961 5560; x_wconf 76' lang='lat' dir='ltr'><strong>manus</strong></span> <span class='ocrx_word' id='word_1_969' title='bbox 2987 5519 3135 5560; x_wconf 89' lang='lat' dir='ltr'><strong>meas</strong></span> <span class='ocrx_word' id='word_1_970' title='bbox 3161 5510 3217 5558; x_wconf 89' lang='lat' dir='ltr'><strong>et</strong></span> <span class='ocrx_word' id='word_1_971' title='bbox 3242 5503 3344 5558; x_wconf 89' lang='lat' dir='ltr'><strong>alia</strong></span> <span class='ocrx_word' id='word_1_972' title='bbox 3365 5518 3456 5558; x_wconf 86' lang='lat' dir='ltr'><strong>ve-</strong></span> 
     </span>
    </p>
   </div>
   <div class='ocr_carea' id='block_1_120' title="bbox 1870 5593 3448 5672">
    <p class='ocr_par' dir='ltr' id='par_1_120' title="bbox 1870 5593 3448 5672">
     <span class='ocr_line' id='line_1_120' title="bbox 1870 5593 3448 5672; baseline -0.006 -14"><span class='ocrx_word' id='word_1_973' title='bbox 1870 5603 2096 5669; x_wconf 86' lang='lat' dir='ltr'><strong>nissent,</strong></span> <span class='ocrx_word' id='word_1_974' title='bbox 2143 5617 2263 5672; x_wconf 79' lang='lat' dir='ltr'><strong>qua:</strong></span> <span class='ocrx_word' id='word_1_975' title='bbox 2313 5600 2584 5672; x_wconf 80' lang='lat' dir='ltr'><strong>posterius</strong></span> <span class='ocrx_word' id='word_1_976' title='bbox 2634 5599 2900 5668; x_wconf 87' lang='lat' dir='ltr'><strong>latiusque</strong></span> <span class='ocrx_word' id='word_1_977' title='bbox 2947 5596 3292 5666; x_wconf 85' lang='lat' dir='ltr'><strong>conscripsit;</strong></span> <span class='ocrx_word' id='word_1_978' title='bbox 3344 5593 3448 5650; x_wconf 81' lang='lat' dir='ltr'><strong>vidi</strong></span> 
     </span>
    </p>
   </div>
   <div class='ocr_carea' id='block_1_121' title="bbox 1871 5689 3448 5765">
    <p class='ocr_par' dir='ltr' id='par_1_121' title="bbox 1871 5689 3448 5765">
     <span class='ocr_line' id='line_1_121' title="bbox 1871 5689 3448 5765; baseline -0.005 -17"><span class='ocrx_word' id='word_1_979' title='bbox 1871 5690 2318 5765; x_wconf 83' lang='lat' dir='ltr'><strong>quemadmodan</strong></span> <span class='ocrx_word' id='word_1_980' title='bbox 2347 5691 2578 5764; x_wconf 88' lang='lat' dir='ltr'><strong>potuerit</strong></span> <span class='ocrx_word' id='word_1_981' title='bbox 2601 5691 2759 5747; x_wconf 87' lang='lat' dir='ltr'><strong>etiam</strong></span> <span class='ocrx_word' id='word_1_982' title='bbox 2779 5690 2883 5744; x_wconf 89' lang='lat' dir='ltr'><strong>illic</strong></span> <span class='ocrx_word' id='word_1_983' title='bbox 2907 5689 3127 5760; x_wconf 85' lang='lat' dir='ltr'><strong>gratiam</strong></span> <span class='ocrx_word' id='word_1_984' title='bbox 3152 5689 3448 5743; x_wconf 83' lang='lat' dir='ltr'><strong>nominare.</strong></span> 
     </span>
    </p>
   </div>
   <div class='ocr_carea' id='block_1_122' title="bbox 1936 5799 3156 5870">
    <p class='ocr_par' dir='ltr' id='par_1_122' title="bbox 1936 5799 3156 5870">
     <span class='ocr_line' id='line_1_122' title="bbox 1936 5799 3156 5870; baseline -0.006 -14"><span class='ocrx_word' id='word_1_985' title='bbox 1936 5807 2010 5869; x_wconf 79' lang='lat' dir='ltr'><strong>(a)</strong></span> <span class='ocrx_word' id='word_1_986' title='bbox 2047 5807 2143 5861; x_wconf 79' lang='lat' dir='ltr'><strong>\id.</strong></span> <span class='ocrx_word' id='word_1_987' title='bbox 2170 5807 2292 5856; x_wconf 77' lang='lat' dir='ltr'><strong>hanc</strong></span> <span class='ocrx_word' id='word_1_988' title='bbox 2323 5800 2574 5870; x_wconf 74' lang='lat' dir='ltr'><strong>epistolam</strong></span> <span class='ocrx_word' id='word_1_989' title='bbox 2600 5805 2648 5853; x_wconf 90' lang='lat' dir='ltr'><strong>in</strong></span> <span class='ocrx_word' id='word_1_990' title='bbox 2677 5801 2947 5866; x_wconf 58' lang='lat' dir='ltr'><strong>Appendmc</strong></span> <span class='ocrx_word' id='word_1_991' title='bbox 2973 5801 3086 5853; x_wconf 63' lang='lat' dir='ltr'><strong>toni</strong></span> <span class='ocrx_word' id='word_1_992' title='bbox 3112 5799 3156 5849; x_wconf 65' lang='lat'><strong>&#39;2.</strong></span> 
     </span>
    </p>
   </div>
  </div>
