  <div class='ocr_page' id='page_1' title='image "/cluster/home/n/w/nwhite01/storage/ocr_20150623/44/hvd.32044069687945/195.png"; bbox 0 0 4032 6178; ppageno 0'>
   <div class='ocr_carea' id='block_1_1' title="bbox 505 371 610 430">
    <p class='ocr_par' dir='ltr' id='par_1_1' title="bbox 505 371 610 430">
     <span class='ocr_line' id='line_1_1' title="bbox 505 371 610 430; baseline 0 -1"><span class='ocrx_word' id='word_1_1' title='bbox 505 371 610 430; x_wconf 74' lang='lat'><strong>379</strong></span> 
     </span>
    </p>
   </div>
   <div class='ocr_carea' id='block_1_2' title="bbox 505 469 2081 554">
    <p class='ocr_par' dir='ltr' id='par_1_2' title="bbox 505 469 2081 554">
     <span class='ocr_line' id='line_1_2' title="bbox 505 469 2081 554; baseline -0.01 -16"><span class='ocrx_word' id='word_1_2' title='bbox 505 487 610 542; x_wconf 78' lang='lat' dir='ltr'><strong>sub</strong></span> <span class='ocrx_word' id='word_1_3' title='bbox 638 481 882 554; x_wconf 81' lang='lat' dir='ltr'><strong>ambigua</strong></span> <span class='ocrx_word' id='word_1_4' title='bbox 927 478 1278 552; x_wconf 83' lang='lat' dir='ltr'><strong>generalitate</strong></span> <span class='ocrx_word' id='word_1_5' title='bbox 1302 474 1429 548; x_wconf 91' lang='lat' dir='ltr'><strong>quid</strong></span> <span class='ocrx_word' id='word_1_6' title='bbox 1467 473 1692 530; x_wconf 78' lang='lat' dir='ltr'><strong>sentiret</strong></span> <span class='ocrx_word' id='word_1_7' title='bbox 1715 469 2048 527; x_wconf 78' lang='lat' dir='ltr'><strong>abscondens</strong></span> <span class='ocrx_word' id='word_1_8' title='bbox 2066 511 2081 536; x_wconf 87' lang='lat'><strong>,</strong></span> 
     </span>
    </p>
   </div>
   <div class='ocr_carea' id='block_1_3' title="bbox 506 561 2096 647">
    <p class='ocr_par' dir='ltr' id='par_1_3' title="bbox 506 561 2096 647">
     <span class='ocr_line' id='line_1_3' title="bbox 506 561 2096 647; baseline -0.011 -17"><span class='ocrx_word' id='word_1_9' title='bbox 506 577 690 647; x_wconf 73' lang='lat' dir='ltr'><strong>gratim</strong></span> <span class='ocrx_word' id='word_1_10' title='bbox 718 585 891 630; x_wconf 90' lang='lat' dir='ltr'><strong>tamen</strong></span> <span class='ocrx_word' id='word_1_11' title='bbox 929 570 1186 628; x_wconf 88' lang='lat' dir='ltr'><strong>vocabulo</strong></span> <span class='ocrx_word' id='word_1_12' title='bbox 1232 569 1482 638; x_wconf 77' lang='lat' dir='ltr'><strong>frangens</strong></span> <span class='ocrx_word' id='word_1_13' title='bbox 1521 563 1772 620; x_wconf 72' lang='lat' dir='ltr'><strong>invidiam</strong></span> <span class='ocrx_word' id='word_1_14' title='bbox 1795 604 1811 629; x_wconf 94' lang='lat'><strong>,</strong></span> <span class='ocrx_word' id='word_1_15' title='bbox 1842 561 2096 617; x_wconf 76' lang='lat' dir='ltr'><strong>offensio-</strong></span> 
     </span>
    </p>
   </div>
   <div class='ocr_carea' id='block_1_4' title="bbox 509 653 2092 739">
    <p class='ocr_par' dir='ltr' id='par_1_4' title="bbox 509 653 2092 739">
     <span class='ocr_line' id='line_1_4' title="bbox 509 653 2092 739; baseline -0.011 -16"><span class='ocrx_word' id='word_1_16' title='bbox 509 683 734 739; x_wconf 85' lang='lat' dir='ltr'><strong>nemque</strong></span> <span class='ocrx_word' id='word_1_17' title='bbox 762 666 1054 722; x_wconf 81' lang='lat' dir='ltr'><strong>declinans.</strong></span> <span class='ocrx_word' id='word_1_18' title='bbox 1101 661 1234 717; x_wconf 89' lang='lat' dir='ltr'><strong>Nam</strong></span> <span class='ocrx_word' id='word_1_19' title='bbox 1275 661 1328 714; x_wconf 92' lang='lat' dir='ltr'><strong>in</strong></span> <span class='ocrx_word' id='word_1_20' title='bbox 1360 659 1526 730; x_wconf 94' lang='lat' dir='ltr'><strong>ipsius</strong></span> <span class='ocrx_word' id='word_1_21' title='bbox 1553 654 1840 726; x_wconf 89' lang='lat' dir='ltr'><strong>principio,</strong></span> <span class='ocrx_word' id='word_1_22' title='bbox 1868 654 1958 708; x_wconf 92' lang='lat' dir='ltr'><strong>ubi</strong></span> <span class='ocrx_word' id='word_1_23' title='bbox 1998 653 2092 719; x_wconf 93' lang='lat' dir='ltr'><strong>ait,</strong></span> 
     </span>
    </p>
   </div>
   <div class='ocr_carea' id='block_1_5' title="bbox 477 743 2093 828">
    <p class='ocr_par' dir='ltr' id='par_1_5' title="bbox 477 743 2093 828">
     <span class='ocr_line' id='line_1_5' title="bbox 477 743 2093 828; baseline -0.009 -16"><span class='ocrx_word' id='word_1_24' title='bbox 477 775 482 779; x_wconf 93' lang='grc'>·</span> <span class='ocrx_word' id='word_1_25' title='bbox 513 780 531 812; x_wconf 73' lang='grc' dir='ltr'>ι</span> <span class='ocrx_word' id='word_1_26' title='bbox 567 759 848 828; x_wconf 87' lang='lat' dir='ltr'><strong>Proposito</strong></span> <span class='ocrx_word' id='word_1_27' title='bbox 875 756 1184 812; x_wconf 90' lang='lat' dir='ltr'><strong>insudemus</strong></span> <span class='ocrx_word' id='word_1_28' title='bbox 1203 753 1374 824; x_wconf 86' lang='lat' dir='ltr'><strong>operi,</strong></span> <span class='ocrx_word' id='word_1_29' title='bbox 1413 767 1512 806; x_wconf 91' lang='lat' dir='ltr'><strong>nec</strong></span> <span class='ocrx_word' id='word_1_30' title='bbox 1541 747 1930 804; x_wconf 67' lang='lat' dir='ltr'><strong>mediocritati‘</strong></span> <span class='ocrx_word' id='word_1_31' title='bbox 1949 743 2093 799; x_wconf 84' lang='lat' dir='ltr'><strong>diffi-</strong></span> 
     </span>
    </p>
   </div>
   <div class='ocr_carea' id='block_1_6' title="bbox 508 835 2096 920">
    <p class='ocr_par' dir='ltr' id='par_1_6' title="bbox 508 835 2096 920">
     <span class='ocr_line' id='line_1_6' title="bbox 508 835 2096 920; baseline -0.009 -15"><span class='ocrx_word' id='word_1_32' title='bbox 508 851 696 905; x_wconf 89' lang='lat' dir='ltr'><strong>damus</strong></span> <span class='ocrx_word' id='word_1_33' title='bbox 724 849 954 920; x_wconf 83' lang='lat' dir='ltr'><strong>ingenii,</strong></span> <span class='ocrx_word' id='word_1_34' title='bbox 984 845 1126 918; x_wconf 90' lang='lat' dir='ltr'><strong>quod</strong></span> <span class='ocrx_word' id='word_1_35' title='bbox 1159 844 1426 900; x_wconf 85' lang='lat' dir='ltr'><strong>credimus</strong></span> <span class='ocrx_word' id='word_1_36' title='bbox 1450 841 1554 896; x_wconf 86' lang='lat' dir='ltr'><strong>fide</strong></span> <span class='ocrx_word' id='word_1_37' title='bbox 1595 839 1780 894; x_wconf 84' lang='lat' dir='ltr'><strong>matris</strong></span> <span class='ocrx_word' id='word_1_38' title='bbox 1807 845 1863 893; x_wconf 88' lang='lat' dir='ltr'><strong>et</strong></span> <span class='ocrx_word' id='word_1_39' title='bbox 1901 835 2096 891; x_wconf 91' lang='lat' dir='ltr'><strong>merito</strong></span> 
     </span>
    </p>
   </div>
   <div class='ocr_carea' id='block_1_7' title="bbox 507 927 2094 1012">
    <p class='ocr_par' dir='ltr' id='par_1_7' title="bbox 507 927 2094 1012">
     <span class='ocr_line' id='line_1_7' title="bbox 507 927 2094 1012; baseline -0.011 -15"><span class='ocrx_word' id='word_1_40' title='bbox 507 941 727 1012; x_wconf 73' lang='lat' dir='ltr'><strong>virginis</strong></span> <span class='ocrx_word' id='word_1_41' title='bbox 763 940 1036 1010; x_wconf 87' lang='lat' dir='ltr'><strong>adjuvari;</strong></span> <span class='ocrx_word' id='word_1_42' title='bbox 1067 956 1087 991; x_wconf 75' lang='grc' dir='ltr'><strong><em>ι</em></strong></span> <span class='ocrx_word' id='word_1_43' title='bbox 1137 935 1360 1008; x_wconf 79' lang='lat' dir='ltr'><strong>gratiam</strong></span> <span class='ocrx_word' id='word_1_44' title='bbox 1402 948 1505 1004; x_wconf 88' lang='lat' dir='ltr'><strong>qua</strong></span> <span class='ocrx_word' id='word_1_45' title='bbox 1547 931 1859 1002; x_wconf 89' lang='lat' dir='ltr'><strong>adjuvamur</strong></span> <span class='ocrx_word' id='word_1_46' title='bbox 1897 927 1965 984; x_wconf 90' lang='lat' dir='ltr'><strong>ad</strong></span> <span class='ocrx_word' id='word_1_47' title='bbox 1993 928 2094 981; x_wconf 85' lang='lat' dir='ltr'><strong>ali-</strong></span> 
     </span>
    </p>
   </div>
   <div class='ocr_carea' id='block_1_8' title="bbox 507 1021 2095 1104">
    <p class='ocr_par' dir='ltr' id='par_1_8' title="bbox 507 1021 2095 1104">
     <span class='ocr_line' id='line_1_8' title="bbox 507 1021 2095 1104; baseline -0.01 -17"><span class='ocrx_word' id='word_1_48' title='bbox 507 1033 635 1104; x_wconf 89' lang='lat' dir='ltr'><strong>quid</strong></span> <span class='ocrx_word' id='word_1_49' title='bbox 663 1031 946 1101; x_wconf 89' lang='lat' dir='ltr'><strong>agendum,</strong></span> <span class='ocrx_word' id='word_1_50' title='bbox 979 1029 1106 1084; x_wconf 91' lang='lat' dir='ltr'><strong>mihi</strong></span> <span class='ocrx_word' id='word_1_51' title='bbox 1129 1029 1275 1081; x_wconf 86' lang='lat' dir='ltr'><strong>visus</strong></span> <span class='ocrx_word' id='word_1_52' title='bbox 1306 1027 1474 1079; x_wconf 81' lang='lat' dir='ltr'><strong>fuerat</strong></span> <span class='ocrx_word' id='word_1_53' title='bbox 1501 1021 1765 1086; x_wconf 86' lang='lat' dir='ltr'><strong>confiteri,</strong></span> <span class='ocrx_word' id='word_1_54' title='bbox 1793 1034 1893 1074; x_wconf 89' lang='lat' dir='ltr'><strong>nec</strong></span> <span class='ocrx_word' id='word_1_55' title='bbox 1920 1025 2095 1073; x_wconf 85' lang='lat' dir='ltr'><strong>atten-</strong></span> 
     </span>
    </p>
   </div>
   <div class='ocr_carea' id='block_1_9' title="bbox 508 1109 2093 1189">
    <p class='ocr_par' dir='ltr' id='par_1_9' title="bbox 508 1109 2093 1189">
     <span class='ocr_line' id='line_1_9' title="bbox 508 1109 2093 1189; baseline -0.008 -12"><span class='ocrx_word' id='word_1_56' title='bbox 508 1121 692 1178; x_wconf 90' lang='lat' dir='ltr'><strong>dcram</strong></span> <span class='ocrx_word' id='word_1_57' title='bbox 719 1123 857 1178; x_wconf 89' lang='lat' dir='ltr'><strong>hanc</strong></span> <span class='ocrx_word' id='word_1_58' title='bbox 884 1135 1005 1178; x_wconf 90' lang='lat' dir='ltr'><strong>eum</strong></span> <span class='ocrx_word' id='word_1_59' title='bbox 1031 1132 1230 1189; x_wconf 89' lang='lat' dir='ltr'><strong>ponere</strong></span> <span class='ocrx_word' id='word_1_60' title='bbox 1252 1115 1487 1187; x_wconf 88' lang='lat' dir='ltr'><strong>petuisse</strong></span> <span class='ocrx_word' id='word_1_61' title='bbox 1525 1113 1579 1168; x_wconf 92' lang='lat' dir='ltr'><strong>in</strong></span> <span class='ocrx_word' id='word_1_62' title='bbox 1619 1111 1731 1168; x_wconf 86' lang='lat' dir='ltr'><strong>sola</strong></span> <span class='ocrx_word' id='word_1_63' title='bbox 1760 1109 2093 1166; x_wconf 89' lang='lat' dir='ltr'><strong>revelatione</strong></span> 
     </span>
    </p>
   </div>
   <div class='ocr_carea' id='block_1_10' title="bbox 507 1212 1933 1268">
    <p class='ocr_par' dir='ltr' id='par_1_10' title="bbox 507 1212 1933 1268">
     <span class='ocr_line' id='line_1_10' title="bbox 507 1212 1933 1268; baseline -0.008 0"><span class='ocrx_word' id='word_1_64' title='bbox 507 1212 784 1268; x_wconf 80' lang='lat' dir='ltr'><strong>doctrinae.</strong></span> <span class='ocrx_word' id='word_1_65' title='bbox 1920 1231 1933 1256; x_wconf 80' lang='grc' dir='ltr'>ι</span> 
     </span>
    </p>
   </div>
   <div class='ocr_carea' id='block_1_11' title="bbox 577 1288 2096 1367">
    <p class='ocr_par' dir='ltr' id='par_1_11' title="bbox 577 1288 2096 1367">
     <span class='ocr_line' id='line_1_11' title="bbox 577 1288 2096 1367; baseline -0.009 -9"><span class='ocrx_word' id='word_1_66' title='bbox 577 1302 668 1358; x_wconf 70' lang='grc'><strong>41.</strong></span> <span class='ocrx_word' id='word_1_67' title='bbox 697 1302 827 1356; x_wconf 91' lang='lat' dir='ltr'><strong>Item</strong></span> <span class='ocrx_word' id='word_1_68' title='bbox 880 1299 932 1353; x_wconf 92' lang='lat' dir='ltr'><strong>in</strong></span> <span class='ocrx_word' id='word_1_69' title='bbox 972 1297 1160 1356; x_wconf 88' lang='lat' dir='ltr'><strong>eodem</strong></span> <span class='ocrx_word' id='word_1_70' title='bbox 1205 1311 1366 1367; x_wconf 83' lang='lat' dir='ltr'><strong>opere</strong></span> <span class='ocrx_word' id='word_1_71' title='bbox 1414 1295 1521 1349; x_wconf 88' lang='lat' dir='ltr'><strong>alio</strong></span> <span class='ocrx_word' id='word_1_72' title='bbox 1573 1293 1689 1347; x_wconf 93' lang='lat' dir='ltr'><strong>loco</strong></span> <span class='ocrx_word' id='word_1_73' title='bbox 1731 1310 1744 1346; x_wconf 87' lang='lat'><strong>:</strong></span> <span class='ocrx_word' id='word_1_74' title='bbox 1797 1309 1816 1342; x_wconf 76' lang='grc' dir='ltr'>ι</span> <span class='ocrx_word' id='word_1_75' title='bbox 1846 1288 1996 1358; x_wconf 83' lang='lat' dir='ltr'><strong>Quod</strong></span> <span class='ocrx_word' id='word_1_76' title='bbox 2047 1288 2096 1344; x_wconf 90' lang='lat' dir='ltr'><strong>si</strong></span> 
     </span>
    </p>
   </div>
   <div class='ocr_carea' id='block_1_12' title="bbox 509 1382 2094 1458">
    <p class='ocr_par' dir='ltr' id='par_1_12' title="bbox 509 1382 2094 1458">
     <span class='ocr_line' id='line_1_12' title="bbox 509 1382 2094 1458; baseline -0.01 -9"><span class='ocrx_word' id='word_1_77' title='bbox 509 1394 670 1450; x_wconf 89' lang='lat' dir='ltr'><strong>etiam</strong></span> <span class='ocrx_word' id='word_1_78' title='bbox 697 1393 813 1448; x_wconf 89' lang='lat' dir='ltr'><strong>sine</strong></span> <span class='ocrx_word' id='word_1_79' title='bbox 843 1391 973 1455; x_wconf 91' lang='lat' dir='ltr'><strong>Deo,</strong></span> <span class='ocrx_word' id='word_1_80' title='bbox 1003 1408 1023 1441; x_wconf 75' lang='grc' dir='ltr'><strong><em>ι</em></strong></span> <span class='ocrx_word' id='word_1_81' title='bbox 1057 1388 1266 1458; x_wconf 90' lang='lat' dir='ltr'><strong>inquit,</strong></span> <span class='ocrx_word' id='word_1_82' title='bbox 1301 1405 1320 1438; x_wconf 77' lang='grc' dir='ltr'>ι</span> <span class='ocrx_word' id='word_1_83' title='bbox 1353 1385 1598 1439; x_wconf 84' lang='lat' dir='ltr'><strong>homines</strong></span> <span class='ocrx_word' id='word_1_84' title='bbox 1625 1382 1929 1445; x_wconf 84' lang='lat' dir='ltr'><strong>ostendunt,</strong></span> <span class='ocrx_word' id='word_1_85' title='bbox 1959 1395 2094 1450; x_wconf 88' lang='lat' dir='ltr'><strong>qua-</strong></span> 
     </span>
    </p>
   </div>
   <div class='ocr_carea' id='block_1_13' title="bbox 510 1471 2094 1546">
    <p class='ocr_par' dir='ltr' id='par_1_13' title="bbox 510 1471 2094 1546">
     <span class='ocr_line' id='line_1_13' title="bbox 510 1471 2094 1546; baseline -0.009 -8"><span class='ocrx_word' id='word_1_86' title='bbox 510 1484 588 1539; x_wconf 86' lang='lat' dir='ltr'><strong>les</strong></span> <span class='ocrx_word' id='word_1_87' title='bbox 616 1498 644 1536; x_wconf 92' lang='lat' dir='ltr'><strong>a</strong></span> <span class='ocrx_word' id='word_1_88' title='bbox 671 1483 782 1538; x_wconf 89' lang='lat' dir='ltr'><strong>Deo</strong></span> <span class='ocrx_word' id='word_1_89' title='bbox 808 1480 928 1536; x_wconf 89' lang='lat' dir='ltr'><strong>facti</strong></span> <span class='ocrx_word' id='word_1_90' title='bbox 956 1488 1113 1544; x_wconf 86' lang='lat' dir='ltr'><strong>sunt;</strong></span> <span class='ocrx_word' id='word_1_91' title='bbox 1141 1477 1262 1532; x_wconf 94' lang='lat' dir='ltr'><strong>vide</strong></span> <span class='ocrx_word' id='word_1_92' title='bbox 1291 1475 1414 1546; x_wconf 89' lang='lat' dir='ltr'><strong>quid</strong></span> <span class='ocrx_word' id='word_1_93' title='bbox 1437 1473 1724 1529; x_wconf 80' lang='lat' dir='ltr'><strong>Christiani</strong></span> <span class='ocrx_word' id='word_1_94' title='bbox 1765 1471 1938 1526; x_wconf 84' lang='lat' dir='ltr'><strong>facere</strong></span> <span class='ocrx_word' id='word_1_95' title='bbox 1967 1484 2094 1540; x_wconf 85' lang='lat' dir='ltr'><strong>pos-</strong></span> 
     </span>
    </p>
   </div>
   <div class='ocr_carea' id='block_1_14' title="bbox 506 1562 2096 1642">
    <p class='ocr_par' dir='ltr' id='par_1_14' title="bbox 506 1562 2096 1642">
     <span class='ocr_line' id='line_1_14' title="bbox 506 1562 2096 1642; baseline -0.007 -15"><span class='ocrx_word' id='word_1_96' title='bbox 506 1573 648 1638; x_wconf 87' lang='lat' dir='ltr'><strong>sint,</strong></span> <span class='ocrx_word' id='word_1_97' title='bbox 709 1586 932 1642; x_wconf 89' lang='lat' dir='ltr'><strong>quorum</strong></span> <span class='ocrx_word' id='word_1_98' title='bbox 978 1571 1032 1624; x_wconf 91' lang='lat' dir='ltr'><strong>in</strong></span> <span class='ocrx_word' id='word_1_99' title='bbox 1086 1567 1278 1624; x_wconf 91' lang='lat' dir='ltr'><strong>melius</strong></span> <span class='ocrx_word' id='word_1_100' title='bbox 1329 1581 1424 1637; x_wconf 83' lang='lat' dir='ltr'><strong>per</strong></span> <span class='ocrx_word' id='word_1_101' title='bbox 1477 1564 1752 1619; x_wconf 85' lang='lat' dir='ltr'><strong>Christum</strong></span> <span class='ocrx_word' id='word_1_102' title='bbox 1807 1562 2096 1616; x_wconf 82' lang='lat' dir='ltr'><strong>instaurata</strong></span> 
     </span>
    </p>
   </div>
   <div class='ocr_carea' id='block_1_15' title="bbox 512 1653 2096 1732">
    <p class='ocr_par' dir='ltr' id='par_1_15' title="bbox 512 1653 2096 1732">
     <span class='ocr_line' id='line_1_15' title="bbox 512 1653 2096 1732; baseline -0.008 -13"><span class='ocrx_word' id='word_1_103' title='bbox 512 1673 700 1718; x_wconf 89' lang='lat' dir='ltr'><strong>natura</strong></span> <span class='ocrx_word' id='word_1_104' title='bbox 747 1671 869 1728; x_wconf 84' lang='lat' dir='ltr'><strong>est,</strong></span> <span class='ocrx_word' id='word_1_105' title='bbox 901 1670 952 1716; x_wconf 91' lang='lat' dir='ltr'><strong>et</strong></span> <span class='ocrx_word' id='word_1_106' title='bbox 983 1659 1071 1732; x_wconf 91' lang='lat' dir='ltr'><strong>qui</strong></span> <span class='ocrx_word' id='word_1_107' title='bbox 1112 1659 1308 1714; x_wconf 66' lang='lat' dir='ltr'><strong>divinae</strong></span> <span class='ocrx_word' id='word_1_108' title='bbox 1353 1671 1566 1728; x_wconf 87' lang='lat' dir='ltr'><strong>quoque</strong></span> <span class='ocrx_word' id='word_1_109' title='bbox 1617 1657 1803 1726; x_wconf 68' lang='lat' dir='ltr'><strong>gratiae</strong></span> <span class='ocrx_word' id='word_1_110' title='bbox 1846 1653 2096 1723; x_wconf 88' lang='lat' dir='ltr'><strong>juvautur</strong></span> 
     </span>
    </p>
   </div>
   <div class='ocr_carea' id='block_1_16' title="bbox 509 1744 2098 1810">
    <p class='ocr_par' dir='ltr' id='par_1_16' title="bbox 509 1744 2098 1810">
     <span class='ocr_line' id='line_1_16' title="bbox 509 1744 2098 1810; baseline -0.008 0"><span class='ocrx_word' id='word_1_111' title='bbox 509 1755 758 1810; x_wconf 65' lang='lat' dir='ltr'><strong>auxilio.»</strong></span> <span class='ocrx_word' id='word_1_112' title='bbox 781 1753 1031 1808; x_wconf 83' lang='lat' dir='ltr'><strong>Naturam</strong></span> <span class='ocrx_word' id='word_1_113' title='bbox 1061 1751 1114 1806; x_wconf 90' lang='lat' dir='ltr'><strong>in</strong></span> <span class='ocrx_word' id='word_1_114' title='bbox 1131 1751 1320 1806; x_wconf 86' lang='lat' dir='ltr'><strong>melius</strong></span> <span class='ocrx_word' id='word_1_115' title='bbox 1338 1750 1702 1810; x_wconf 88' lang='lat' dir='ltr'><strong>instauratam,</strong></span> <span class='ocrx_word' id='word_1_116' title='bbox 1727 1744 2098 1800; x_wconf 86' lang='lat' dir='ltr'><strong>remissionem</strong></span> 
     </span>
    </p>
   </div>
   <div class='ocr_carea' id='block_1_17' title="bbox 510 1837 2098 1914">
    <p class='ocr_par' dir='ltr' id='par_1_17' title="bbox 510 1837 2098 1914">
     <span class='ocr_line' id='line_1_17' title="bbox 510 1837 2098 1914; baseline -0.005 -16"><span class='ocrx_word' id='word_1_117' title='bbox 510 1845 623 1900; x_wconf 84' lang='lat' dir='ltr'><strong>vult</strong></span> <span class='ocrx_word' id='word_1_118' title='bbox 648 1844 868 1914; x_wconf 78' lang='lat' dir='ltr'><strong>intelligi</strong></span> <span class='ocrx_word' id='word_1_119' title='bbox 899 1851 1238 1914; x_wconf 79' lang='lat' dir='ltr'><strong>peccatorum</strong></span> <span class='ocrx_word' id='word_1_120' title='bbox 1268 1857 1282 1894; x_wconf 89' lang='lat'><strong>:</strong></span> <span class='ocrx_word' id='word_1_121' title='bbox 1321 1839 1463 1911; x_wconf 92' lang='lat' dir='ltr'><strong>quod</strong></span> <span class='ocrx_word' id='word_1_122' title='bbox 1487 1839 1594 1894; x_wconf 90' lang='lat' dir='ltr'><strong>alio</strong></span> <span class='ocrx_word' id='word_1_123' title='bbox 1623 1838 1742 1894; x_wconf 91' lang='lat' dir='ltr'><strong>loco</strong></span> <span class='ocrx_word' id='word_1_124' title='bbox 1768 1838 1820 1891; x_wconf 91' lang='lat' dir='ltr'><strong>in</strong></span> <span class='ocrx_word' id='word_1_125' title='bbox 1855 1837 1954 1890; x_wconf 90' lang='lat' dir='ltr'><strong>hoc</strong></span> <span class='ocrx_word' id='word_1_126' title='bbox 1982 1837 2098 1904; x_wconf 88' lang='lat' dir='ltr'><strong>ipso</strong></span> 
     </span>
    </p>
   </div>
   <div class='ocr_carea' id='block_1_18' title="bbox 508 1926 2100 1998">
    <p class='ocr_par' dir='ltr' id='par_1_18' title="bbox 508 1926 2100 1998">
     <span class='ocr_line' id='line_1_18' title="bbox 508 1926 2100 1998; baseline -0.006 -8"><span class='ocrx_word' id='word_1_127' title='bbox 508 1936 647 1991; x_wconf 88' lang='lat' dir='ltr'><strong>libro</strong></span> <span class='ocrx_word' id='word_1_128' title='bbox 675 1935 802 1990; x_wconf 89' lang='lat' dir='ltr'><strong>satis</strong></span> <span class='ocrx_word' id='word_1_129' title='bbox 829 1933 1234 1998; x_wconf 84' lang='lat' dir='ltr'><strong>demonstravit,</strong></span> <span class='ocrx_word' id='word_1_130' title='bbox 1261 1932 1352 1987; x_wconf 91' lang='lat' dir='ltr'><strong>ubi</strong></span> <span class='ocrx_word' id='word_1_131' title='bbox 1375 1931 1468 1996; x_wconf 88' lang='lat' dir='ltr'><strong>ait,</strong></span> <span class='ocrx_word' id='word_1_132' title='bbox 1503 1948 1524 1982; x_wconf 75' lang='grc' dir='ltr'>ι</span> <span class='ocrx_word' id='word_1_133' title='bbox 1563 1928 1732 1984; x_wconf 87' lang='lat' dir='ltr'><strong>Etiam</strong></span> <span class='ocrx_word' id='word_1_134' title='bbox 1765 1927 1840 1982; x_wconf 88' lang='lat' dir='ltr'><strong>illi</strong></span> <span class='ocrx_word' id='word_1_135' title='bbox 1871 1926 1958 1996; x_wconf 89' lang='lat' dir='ltr'><strong>qui</strong></span> <span class='ocrx_word' id='word_1_136' title='bbox 1983 1926 2100 1981; x_wconf 91' lang='lat' dir='ltr'><strong>lon-</strong></span> 
     </span>
    </p>
   </div>
   <div class='ocr_carea' id='block_1_19' title="bbox 513 2018 2098 2100">
    <p class='ocr_par' dir='ltr' id='par_1_19' title="bbox 513 2018 2098 2100">
     <span class='ocr_line' id='line_1_19' title="bbox 513 2018 2098 2100; baseline -0.008 -16"><span class='ocrx_word' id='word_1_137' title='bbox 513 2043 582 2100; x_wconf 86' lang='lat' dir='ltr'><strong>go</strong></span> <span class='ocrx_word' id='word_1_138' title='bbox 610 2027 865 2100; x_wconf 78' lang='lat' dir='ltr'><strong>peccandi</strong></span> <span class='ocrx_word' id='word_1_139' title='bbox 889 2043 988 2082; x_wconf 92' lang='lat' dir='ltr'><strong>usu</strong></span> <span class='ocrx_word' id='word_1_140' title='bbox 1016 2025 1246 2097; x_wconf 90' lang='lat' dir='ltr'><strong>quodam</strong></span> <span class='ocrx_word' id='word_1_141' title='bbox 1277 2023 1437 2078; x_wconf 88' lang='lat' dir='ltr'><strong>modo</strong></span> <span class='ocrx_word' id='word_1_142' title='bbox 1461 2021 1782 2087; x_wconf 86' lang='lat' dir='ltr'><strong>obduruere,</strong></span> <span class='ocrx_word' id='word_1_143' title='bbox 1813 2018 2098 2074; x_wconf 89' lang='lat' dir='ltr'><strong>instaurari</strong></span> 
     </span>
    </p>
   </div>
   <div class='ocr_carea' id='block_1_20' title="bbox 510 2109 2100 2190">
    <p class='ocr_par' dir='ltr' id='par_1_20' title="bbox 510 2109 2100 2190">
     <span class='ocr_line' id='line_1_20' title="bbox 510 2109 2100 2190; baseline -0.007 -15"><span class='ocrx_word' id='word_1_144' title='bbox 510 2135 608 2190; x_wconf 90' lang='lat' dir='ltr'><strong>per</strong></span> <span class='ocrx_word' id='word_1_145' title='bbox 647 2119 1014 2190; x_wconf 70' lang='lat' dir='ltr'><strong>paenitentiam</strong></span> <span class='ocrx_word' id='word_1_146' title='bbox 1054 2124 1297 2188; x_wconf 88' lang='lat' dir='ltr'><strong>possunt.</strong></span> <span class='ocrx_word' id='word_1_147' title='bbox 1351 2132 1370 2166; x_wconf 71' lang='grc' dir='ltr'><strong>ι</strong></span> <span class='ocrx_word' id='word_1_148' title='bbox 1410 2113 1679 2168; x_wconf 82' lang='lat' dir='ltr'><strong>Auxilium</strong></span> <span class='ocrx_word' id='word_1_149' title='bbox 1731 2125 1862 2166; x_wconf 89' lang='lat' dir='ltr'><strong>vero</strong></span> <span class='ocrx_word' id='word_1_150' title='bbox 1907 2109 2100 2164; x_wconf 63' lang='lat' dir='ltr'><strong>divina:</strong></span> 
     </span>
    </p>
   </div>
   <div class='ocr_carea' id='block_1_21' title="bbox 509 2198 2101 2282">
    <p class='ocr_par' dir='ltr' id='par_1_21' title="bbox 509 2198 2101 2282">
     <span class='ocr_line' id='line_1_21' title="bbox 509 2198 2101 2282; baseline -0.006 -18"><span class='ocrx_word' id='word_1_151' title='bbox 509 2211 696 2280; x_wconf 77' lang='lat' dir='ltr'><strong>gratiae</strong></span> <span class='ocrx_word' id='word_1_152' title='bbox 745 2216 924 2282; x_wconf 85' lang='lat' dir='ltr'><strong>potest</strong></span> <span class='ocrx_word' id='word_1_153' title='bbox 983 2215 1038 2263; x_wconf 90' lang='lat' dir='ltr'><strong>ct</strong></span> <span class='ocrx_word' id='word_1_154' title='bbox 1099 2205 1185 2261; x_wconf 90' lang='lat' dir='ltr'><strong>hic</strong></span> <span class='ocrx_word' id='word_1_155' title='bbox 1246 2219 1446 2276; x_wconf 90' lang='lat' dir='ltr'><strong>ponere</strong></span> <span class='ocrx_word' id='word_1_156' title='bbox 1505 2203 1560 2257; x_wconf 91' lang='lat' dir='ltr'><strong>in</strong></span> <span class='ocrx_word' id='word_1_157' title='bbox 1625 2201 1948 2258; x_wconf 87' lang='lat' dir='ltr'><strong>revelatione</strong></span> <span class='ocrx_word' id='word_1_158' title='bbox 1997 2198 2101 2255; x_wconf 85' lang='lat' dir='ltr'><strong>do-</strong></span> 
     </span>
    </p>
   </div>
   <div class='ocr_carea' id='block_1_22' title="bbox 509 2303 717 2358">
    <p class='ocr_par' dir='ltr' id='par_1_22' title="bbox 509 2303 717 2358">
     <span class='ocr_line' id='line_1_22' title="bbox 509 2303 717 2358; baseline 0 0"><span class='ocrx_word' id='word_1_159' title='bbox 509 2303 717 2358; x_wconf 69' lang='lat' dir='ltr'><strong>ctrinze.</strong></span> 
     </span>
    </p>
   </div>
   <div class='ocr_carea' id='block_1_23' title="bbox 579 2385 2100 2456">
    <p class='ocr_par' dir='ltr' id='par_1_23' title="bbox 579 2385 2100 2456">
     <span class='ocr_line' id='line_1_23' title="bbox 579 2385 2100 2456; baseline -0.007 -6"><span class='ocrx_word' id='word_1_160' title='bbox 579 2393 803 2450; x_wconf 83' lang='lat' dir='ltr'><strong>CAPUT</strong></span> <span class='ocrx_word' id='word_1_161' title='bbox 839 2391 1125 2448; x_wconf 74' lang='lat' dir='ltr'><strong>XXXVIII.</strong></span> <span class='ocrx_word' id='word_1_162' title='bbox 1150 2421 1226 2432; x_wconf 89' lang='lat'><strong>—</strong></span> <span class='ocrx_word' id='word_1_163' title='bbox 1247 2390 1336 2446; x_wconf 68' lang='grc'><strong>42.</strong></span> <span class='ocrx_word' id='word_1_164' title='bbox 1363 2388 1494 2445; x_wconf 89' lang='lat' dir='ltr'><strong>Item</strong></span> <span class='ocrx_word' id='word_1_165' title='bbox 1520 2387 1644 2442; x_wconf 90' lang='lat' dir='ltr'><strong>alibi</strong></span> <span class='ocrx_word' id='word_1_166' title='bbox 1669 2389 1721 2442; x_wconf 92' lang='lat' dir='ltr'><strong>in</strong></span> <span class='ocrx_word' id='word_1_167' title='bbox 1751 2386 1938 2443; x_wconf 89' lang='lat' dir='ltr'><strong>eadem</strong></span> <span class='ocrx_word' id='word_1_168' title='bbox 1985 2385 2100 2456; x_wconf 89' lang='lat' dir='ltr'><strong>epi-</strong></span> 
     </span>
    </p>
   </div>
   <div class='ocr_carea' id='block_1_24' title="bbox 510 2477 2104 2550">
    <p class='ocr_par' dir='ltr' id='par_1_24' title="bbox 510 2477 2104 2550">
     <span class='ocr_line' id='line_1_24' title="bbox 510 2477 2104 2550; baseline -0.006 -10"><span class='ocrx_word' id='word_1_169' title='bbox 510 2483 690 2541; x_wconf 85' lang='lat' dir='ltr'><strong>stola:</strong></span> <span class='ocrx_word' id='word_1_170' title='bbox 727 2501 747 2535; x_wconf 73' lang='lat' dir='ltr'><strong>c</strong></span> <span class='ocrx_word' id='word_1_171' title='bbox 787 2481 919 2537; x_wconf 88' lang='lat' dir='ltr'><strong>Nam</strong></span> <span class='ocrx_word' id='word_1_172' title='bbox 969 2482 1012 2536; x_wconf 91' lang='lat' dir='ltr'><strong>si</strong></span> <span class='ocrx_word' id='word_1_173' title='bbox 1057 2483 1217 2536; x_wconf 81' lang='lat' dir='ltr'><strong>etiam</strong></span> <span class='ocrx_word' id='word_1_174' title='bbox 1261 2489 1385 2534; x_wconf 91' lang='lat' dir='ltr'><strong>ante</strong></span> <span class='ocrx_word' id='word_1_175' title='bbox 1429 2478 1632 2550; x_wconf 88' lang='lat' dir='ltr'><strong>legem,</strong></span> <span class='ocrx_word' id='word_1_176' title='bbox 1679 2495 1699 2530; x_wconf 70' lang='grc' dir='ltr'><strong><em>ι</em></strong></span> <span class='ocrx_word' id='word_1_177' title='bbox 1735 2477 1940 2546; x_wconf 85' lang='lat' dir='ltr'><strong>inquit,</strong></span> <span class='ocrx_word' id='word_1_178' title='bbox 1995 2493 2014 2527; x_wconf 86' lang='grc'><em>‹</em></span> <span class='ocrx_word' id='word_1_179' title='bbox 2043 2481 2104 2530; x_wconf 84' lang='lat' dir='ltr'><strong>ut</strong></span> 
     </span>
    </p>
   </div>
   <div class='ocr_carea' id='block_1_25' title="bbox 509 2566 2103 2640">
    <p class='ocr_par' dir='ltr' id='par_1_25' title="bbox 509 2566 2103 2640">
     <span class='ocr_line' id='line_1_25' title="bbox 509 2566 2103 2640; baseline -0.003 -14"><span class='ocrx_word' id='word_1_180' title='bbox 509 2573 774 2640; x_wconf 78' lang='lat' dir='ltr'><strong>diximus,</strong></span> <span class='ocrx_word' id='word_1_181' title='bbox 797 2587 860 2626; x_wconf 90' lang='lat' dir='ltr'><strong>ac</strong></span> <span class='ocrx_word' id='word_1_182' title='bbox 888 2572 1054 2628; x_wconf 89' lang='lat' dir='ltr'><strong>multo</strong></span> <span class='ocrx_word' id='word_1_183' title='bbox 1095 2580 1220 2626; x_wconf 89' lang='lat' dir='ltr'><strong>ante</strong></span> <span class='ocrx_word' id='word_1_184' title='bbox 1255 2569 1460 2624; x_wconf 89' lang='lat' dir='ltr'><strong>Domini</strong></span> <span class='ocrx_word' id='word_1_185' title='bbox 1511 2567 1680 2623; x_wconf 90' lang='lat' dir='ltr'><strong>nostri</strong></span> <span class='ocrx_word' id='word_1_186' title='bbox 1713 2577 1767 2623; x_wconf 91' lang='lat' dir='ltr'><strong>et</strong></span> <span class='ocrx_word' id='word_1_187' title='bbox 1809 2566 2103 2622; x_wconf 87' lang='lat' dir='ltr'><strong>Salvatoris</strong></span> 
     </span>
    </p>
   </div>
   <div class='ocr_carea' id='block_1_26' title="bbox 509 2643 2098 2733">
    <p class='ocr_par' dir='ltr' id='par_1_26' title="bbox 509 2643 2098 2733">
     <span class='ocr_line' id='line_1_26' title="bbox 509 2643 2098 2733; baseline -0.003 -14"><span class='ocrx_word' id='word_1_188' title='bbox 509 2643 980 2733; x_wconf 73' lang='lat' dir='ltr'><strong>adventum,juste</strong></span> <span class='ocrx_word' id='word_1_189' title='bbox 1006 2661 1218 2732; x_wconf 77' lang='lat' dir='ltr'><strong>quidam</strong></span> <span class='ocrx_word' id='word_1_190' title='bbox 1249 2669 1303 2716; x_wconf 91' lang='lat' dir='ltr'><strong>et</strong></span> <span class='ocrx_word' id='word_1_191' title='bbox 1322 2667 1506 2715; x_wconf 88' lang='lat' dir='ltr'><strong>sancte</strong></span> <span class='ocrx_word' id='word_1_192' title='bbox 1527 2660 1726 2714; x_wconf 80' lang='lat' dir='ltr'><strong>vixisse</strong></span> <span class='ocrx_word' id='word_1_193' title='bbox 1755 2657 2098 2726; x_wconf 82' lang='lat' dir='ltr'><strong>referuntur;</strong></span> 
     </span>
    </p>
   </div>
   <div class='ocr_carea' id='block_1_27' title="bbox 509 2748 2104 2824">
    <p class='ocr_par' dir='ltr' id='par_1_27' title="bbox 509 2748 2104 2824">
     <span class='ocr_line' id='line_1_27' title="bbox 509 2748 2104 2824; baseline -0.002 -15"><span class='ocrx_word' id='word_1_194' title='bbox 509 2765 708 2824; x_wconf 90' lang='lat' dir='ltr'><strong>quanto</strong></span> <span class='ocrx_word' id='word_1_195' title='bbox 749 2753 916 2824; x_wconf 84' lang='lat' dir='ltr'><strong>magis</strong></span> <span class='ocrx_word' id='word_1_196' title='bbox 956 2762 1076 2822; x_wconf 91' lang='lat' dir='ltr'><strong>post</strong></span> <span class='ocrx_word' id='word_1_197' title='bbox 1104 2749 1512 2806; x_wconf 75' lang='lat' dir='ltr'><strong>illustrationem</strong></span> <span class='ocrx_word' id='word_1_198' title='bbox 1557 2749 1816 2804; x_wconf 80' lang='lat' dir='ltr'><strong>adventus</strong></span> <span class='ocrx_word' id='word_1_199' title='bbox 1861 2748 1977 2820; x_wconf 86' lang='lat' dir='ltr'><strong>ejus</strong></span> <span class='ocrx_word' id='word_1_200' title='bbox 2005 2763 2104 2806; x_wconf 90' lang='lat' dir='ltr'><strong>nos</strong></span> 
     </span>
    </p>
   </div>
   <div class='ocr_carea' id='block_1_28' title="bbox 513 2837 2104 2915">
    <p class='ocr_par' dir='ltr' id='par_1_28' title="bbox 513 2837 2104 2915">
     <span class='ocr_line' id='line_1_28' title="bbox 513 2837 2104 2915; baseline -0.003 -16"><span class='ocrx_word' id='word_1_201' title='bbox 513 2844 568 2899; x_wconf 90' lang='lat' dir='ltr'><strong>id</strong></span> <span class='ocrx_word' id='word_1_202' title='bbox 611 2858 766 2915; x_wconf 83' lang='lat' dir='ltr'><strong>posse</strong></span> <span class='ocrx_word' id='word_1_203' title='bbox 811 2841 1137 2899; x_wconf 88' lang='lat' dir='ltr'><strong>credendum</strong></span> <span class='ocrx_word' id='word_1_204' title='bbox 1183 2849 1286 2905; x_wconf 85' lang='lat' dir='ltr'><strong>est,</strong></span> <span class='ocrx_word' id='word_1_205' title='bbox 1317 2839 1414 2909; x_wconf 90' lang='lat' dir='ltr'><strong>qui</strong></span> <span class='ocrx_word' id='word_1_206' title='bbox 1449 2839 1725 2894; x_wconf 80' lang='lat' dir='ltr'><strong>instaurati</strong></span> <span class='ocrx_word' id='word_1_207' title='bbox 1774 2854 1870 2909; x_wconf 90' lang='lat' dir='ltr'><strong>per</strong></span> <span class='ocrx_word' id='word_1_208' title='bbox 1905 2837 2104 2894; x_wconf 88' lang='lat' dir='ltr'><strong>Christi</strong></span> 
     </span>
    </p>
   </div>
   <div class='ocr_carea' id='block_1_29' title="bbox 510 2930 2100 3006">
    <p class='ocr_par' dir='ltr' id='par_1_29' title="bbox 510 2930 2100 3006">
     <span class='ocr_line' id='line_1_29' title="bbox 510 2930 2100 3006; baseline -0.003 -17"><span class='ocrx_word' id='word_1_209' title='bbox 510 2935 732 3006; x_wconf 82' lang='lat' dir='ltr'><strong>gratiam</strong></span> <span class='ocrx_word' id='word_1_210' title='bbox 761 2943 814 2988; x_wconf 89' lang='lat' dir='ltr'><strong>et</strong></span> <span class='ocrx_word' id='word_1_211' title='bbox 855 2935 906 2987; x_wconf 91' lang='lat' dir='ltr'><strong>in</strong></span> <span class='ocrx_word' id='word_1_212' title='bbox 950 2933 1226 2988; x_wconf 89' lang='lat' dir='ltr'><strong>meliorem</strong></span> <span class='ocrx_word' id='word_1_213' title='bbox 1257 2930 1524 2986; x_wconf 90' lang='lat' dir='ltr'><strong>hominem</strong></span> <span class='ocrx_word' id='word_1_214' title='bbox 1559 2931 1728 2985; x_wconf 87' lang='lat' dir='ltr'><strong>renati</strong></span> <span class='ocrx_word' id='word_1_215' title='bbox 1758 2944 1976 2997; x_wconf 90' lang='lat' dir='ltr'><strong>sumus,</strong></span> <span class='ocrx_word' id='word_1_216' title='bbox 2007 2931 2100 3000; x_wconf 90' lang='lat' dir='ltr'><strong>qui</strong></span> 
     </span>
    </p>
   </div>
   <div class='ocr_carea' id='block_1_30' title="bbox 509 3020 2096 3094">
    <p class='ocr_par' dir='ltr' id='par_1_30' title="bbox 509 3020 2096 3094">
     <span class='ocr_line' id='line_1_30' title="bbox 509 3020 2096 3094; baseline -0.004 -14"><span class='ocrx_word' id='word_1_217' title='bbox 509 3025 768 3094; x_wconf 84' lang='lat' dir='ltr'><strong>sanguine</strong></span> <span class='ocrx_word' id='word_1_218' title='bbox 795 3023 908 3091; x_wconf 87' lang='lat' dir='ltr'><strong>ejus</strong></span> <span class='ocrx_word' id='word_1_219' title='bbox 933 3037 1000 3076; x_wconf 84' lang='lat' dir='ltr'><strong>ex</strong></span> <span class='ocrx_word' id='word_1_220' title='bbox 1009 3023 1133 3092; x_wconf 89' lang='lat' dir='ltr'><strong>piati</strong></span> <span class='ocrx_word' id='word_1_221' title='bbox 1161 3030 1320 3090; x_wconf 88' lang='lat' dir='ltr'><strong>atque</strong></span> <span class='ocrx_word' id='word_1_222' title='bbox 1337 3020 1594 3083; x_wconf 85' lang='lat' dir='ltr'><strong>mundati,</strong></span> <span class='ocrx_word' id='word_1_223' title='bbox 1618 3020 1888 3089; x_wconf 90' lang='lat' dir='ltr'><strong>ipsiusque</strong></span> <span class='ocrx_word' id='word_1_224' title='bbox 1911 3034 2096 3074; x_wconf 78' lang='lat' dir='ltr'><strong>exem-</strong></span> 
     </span>
    </p>
   </div>
   <div class='ocr_carea' id='block_1_31' title="bbox 511 3109 2103 3190">
    <p class='ocr_par' dir='ltr' id='par_1_31' title="bbox 511 3109 2103 3190">
     <span class='ocr_line' id='line_1_31' title="bbox 511 3109 2103 3190; baseline -0.002 -21"><span class='ocrx_word' id='word_1_225' title='bbox 511 3117 602 3190; x_wconf 86' lang='lat' dir='ltr'><strong>plo</strong></span> <span class='ocrx_word' id='word_1_226' title='bbox 641 3114 708 3170; x_wconf 86' lang='lat' dir='ltr'><strong>ad</strong></span> <span class='ocrx_word' id='word_1_227' title='bbox 751 3113 1132 3184; x_wconf 78' lang='lat' dir='ltr'><strong>perfectionem</strong></span> <span class='ocrx_word' id='word_1_228' title='bbox 1173 3113 1374 3166; x_wconf 85' lang='lat' dir='ltr'><strong>incitati</strong></span> <span class='ocrx_word' id='word_1_229' title='bbox 1403 3111 1660 3182; x_wconf 76' lang='lat' dir='ltr'><strong>justiti-ae,</strong></span> <span class='ocrx_word' id='word_1_230' title='bbox 1701 3111 1949 3166; x_wconf 87' lang='lat' dir='ltr'><strong>meliores</strong></span> <span class='ocrx_word' id='word_1_231' title='bbox 1995 3109 2103 3166; x_wconf 80' lang='lat' dir='ltr'><strong>illis</strong></span> 
     </span>
    </p>
   </div>
   <div class='ocr_carea' id='block_1_32' title="bbox 513 3203 2106 3276">
    <p class='ocr_par' dir='ltr' id='par_1_32' title="bbox 513 3203 2106 3276">
     <span class='ocr_line' id='line_1_32' title="bbox 513 3203 2106 3276; baseline -0.004 -12"><span class='ocrx_word' id='word_1_232' title='bbox 513 3223 636 3264; x_wconf 87' lang='lat' dir='ltr'><strong>esse</strong></span> <span class='ocrx_word' id='word_1_233' title='bbox 660 3206 936 3270; x_wconf 87' lang='lat' dir='ltr'><strong>debemus,</strong></span> <span class='ocrx_word' id='word_1_234' title='bbox 965 3205 1056 3276; x_wconf 88' lang='lat' dir='ltr'><strong>qui</strong></span> <span class='ocrx_word' id='word_1_235' title='bbox 1083 3211 1208 3260; x_wconf 84' lang='lat' dir='ltr'><strong>ante</strong></span> <span class='ocrx_word' id='word_1_236' title='bbox 1233 3204 1404 3274; x_wconf 88' lang='lat' dir='ltr'><strong>legem</strong></span> <span class='ocrx_word' id='word_1_237' title='bbox 1434 3203 1624 3260; x_wconf 80' lang='lat' dir='ltr'><strong>fuere?</strong></span> <span class='ocrx_word' id='word_1_238' title='bbox 1656 3222 1676 3258; x_wconf 73' lang='grc' dir='ltr'><strong><em>ι</em></strong></span> <span class='ocrx_word' id='word_1_239' title='bbox 1706 3203 1898 3260; x_wconf 76' lang='lat' dir='ltr'><strong>Videte</strong></span> <span class='ocrx_word' id='word_1_240' title='bbox 1919 3219 2106 3274; x_wconf 84' lang='lat' dir='ltr'><strong>quem-</strong></span> 
     </span>
    </p>
   </div>
   <div class='ocr_carea' id='block_1_33' title="bbox 515 3297 2102 3368">
    <p class='ocr_par' dir='ltr' id='par_1_33' title="bbox 515 3297 2102 3368">
     <span class='ocr_line' id='line_1_33' title="bbox 515 3297 2102 3368; baseline -0.002 -12"><span class='ocrx_word' id='word_1_241' title='bbox 515 3299 802 3357; x_wconf 90' lang='lat' dir='ltr'><strong>admodum</strong></span> <span class='ocrx_word' id='word_1_242' title='bbox 825 3309 880 3356; x_wconf 91' lang='lat' dir='ltr'><strong>et</strong></span> <span class='ocrx_word' id='word_1_243' title='bbox 907 3298 994 3353; x_wconf 89' lang='lat' dir='ltr'><strong>hic</strong></span> <span class='ocrx_word' id='word_1_244' title='bbox 1013 3298 1131 3354; x_wconf 91' lang='lat' dir='ltr'><strong>aliis</strong></span> <span class='ocrx_word' id='word_1_245' title='bbox 1157 3297 1373 3368; x_wconf 88' lang='lat' dir='ltr'><strong>quidem</strong></span> <span class='ocrx_word' id='word_1_246' title='bbox 1393 3297 1589 3362; x_wconf 84' lang='lat' dir='ltr'><strong>verbis,</strong></span> <span class='ocrx_word' id='word_1_247' title='bbox 1613 3300 1708 3354; x_wconf 89' lang='lat' dir='ltr'><strong>sed</strong></span> <span class='ocrx_word' id='word_1_248' title='bbox 1731 3305 1906 3356; x_wconf 89' lang='lat' dir='ltr'><strong>tamen</strong></span> <span class='ocrx_word' id='word_1_249' title='bbox 1929 3297 1980 3350; x_wconf 90' lang='lat' dir='ltr'><strong>in</strong></span> <span class='ocrx_word' id='word_1_250' title='bbox 2009 3311 2102 3353; x_wconf 85' lang='lat' dir='ltr'><strong>re-</strong></span> 
     </span>
    </p>
   </div>
   <div class='ocr_carea' id='block_1_34' title="bbox 521 3385 2105 3466">
    <p class='ocr_par' dir='ltr' id='par_1_34' title="bbox 521 3385 2105 3466">
     <span class='ocr_line' id='line_1_34' title="bbox 521 3385 2105 3466; baseline -0.004 -18"><span class='ocrx_word' id='word_1_251' title='bbox 521 3393 778 3449; x_wconf 81' lang='lat' dir='ltr'><strong>missione</strong></span> <span class='ocrx_word' id='word_1_252' title='bbox 825 3397 1161 3466; x_wconf 86' lang='lat' dir='ltr'><strong>peccatorum</strong></span> <span class='ocrx_word' id='word_1_253' title='bbox 1195 3397 1250 3443; x_wconf 89' lang='lat' dir='ltr'><strong>et</strong></span> <span class='ocrx_word' id='word_1_254' title='bbox 1285 3387 1338 3448; x_wconf 90' lang='lat' dir='ltr'><strong>in</strong></span> <span class='ocrx_word' id='word_1_255' title='bbox 1357 3387 1604 3457; x_wconf 81' lang='lat' dir='ltr'><strong>exemplo</strong></span> <span class='ocrx_word' id='word_1_256' title='bbox 1645 3386 1848 3444; x_wconf 90' lang='lat' dir='ltr'><strong>Christi</strong></span> <span class='ocrx_word' id='word_1_257' title='bbox 1899 3385 2105 3456; x_wconf 86' lang='lat' dir='ltr'><strong>adjuto-</strong></span> 
     </span>
    </p>
   </div>
   <div class='ocr_carea' id='block_1_35' title="bbox 515 3475 2101 3554">
    <p class='ocr_par' dir='ltr' id='par_1_35' title="bbox 515 3475 2101 3554">
     <span class='ocr_line' id='line_1_35' title="bbox 515 3475 2101 3554; baseline -0.006 -15"><span class='ocrx_word' id='word_1_258' title='bbox 515 3485 656 3540; x_wconf 86' lang='lat' dir='ltr'><strong>rium</strong></span> <span class='ocrx_word' id='word_1_259' title='bbox 682 3481 867 3554; x_wconf 63' lang='lat' dir='ltr'><strong>gratia;</strong></span> <span class='ocrx_word' id='word_1_260' title='bbox 909 3478 1268 3536; x_wconf 87' lang='lat' dir='ltr'><strong>constituerit.</strong></span> <span class='ocrx_word' id='word_1_261' title='bbox 1308 3477 1511 3535; x_wconf 90' lang='lat' dir='ltr'><strong>Deinde</strong></span> <span class='ocrx_word' id='word_1_262' title='bbox 1535 3476 1806 3547; x_wconf 83' lang='lat' dir='ltr'><strong>subjungit</strong></span> <span class='ocrx_word' id='word_1_263' title='bbox 1846 3485 1902 3532; x_wconf 85' lang='lat' dir='ltr'><strong>et</strong></span> <span class='ocrx_word' id='word_1_264' title='bbox 1928 3475 2101 3531; x_wconf 85' lang='lat' dir='ltr'><strong>dicit:</strong></span> 
     </span>
    </p>
   </div>
   <div class='ocr_carea' id='block_1_36' title="bbox 524 3569 2108 3643">
    <p class='ocr_par' dir='ltr' id='par_1_36' title="bbox 524 3569 2108 3643">
     <span class='ocr_line' id='line_1_36' title="bbox 524 3569 2108 3643; baseline -0.005 -13"><span class='ocrx_word' id='word_1_265' title='bbox 524 3596 543 3630; x_wconf 72' lang='grc' dir='ltr'>ι</span> <span class='ocrx_word' id='word_1_266' title='bbox 571 3576 812 3631; x_wconf 76' lang='lat' dir='ltr'><strong>Meliores</strong></span> <span class='ocrx_word' id='word_1_267' title='bbox 831 3574 991 3628; x_wconf 89' lang='lat' dir='ltr'><strong>etiam</strong></span> <span class='ocrx_word' id='word_1_268' title='bbox 1019 3588 1178 3643; x_wconf 90' lang='lat' dir='ltr'><strong>quam</strong></span> <span class='ocrx_word' id='word_1_269' title='bbox 1205 3571 1420 3628; x_wconf 90' lang='lat' dir='ltr'><strong>fuerunt</strong></span> <span class='ocrx_word' id='word_1_270' title='bbox 1448 3569 1550 3626; x_wconf 85' lang='lat' dir='ltr'><strong>sub</strong></span> <span class='ocrx_word' id='word_1_271' title='bbox 1571 3571 1706 3640; x_wconf 89' lang='lat' dir='ltr'><strong>lege,</strong></span> <span class='ocrx_word' id='word_1_272' title='bbox 1729 3569 1940 3626; x_wconf 90' lang='lat' dir='ltr'><strong>dicente</strong></span> <span class='ocrx_word' id='word_1_273' title='bbox 1963 3571 2108 3639; x_wconf 80' lang='lat' dir='ltr'><strong>Apo-</strong></span> 
     </span>
    </p>
   </div>
   <div class='ocr_carea' id='block_1_37' title="bbox 519 3659 2105 3728">
    <p class='ocr_par' dir='ltr' id='par_1_37' title="bbox 519 3659 2105 3728">
     <span class='ocr_line' id='line_1_37' title="bbox 519 3659 2105 3728; baseline -0.006 -6"><span class='ocrx_word' id='word_1_274' title='bbox 519 3667 676 3728; x_wconf 90' lang='lat' dir='ltr'><strong>stolo,</strong></span> <span class='ocrx_word' id='word_1_275' title='bbox 705 3663 974 3718; x_wconf 79' lang='lat' dir='ltr'><strong>Peccatum</strong></span> <span class='ocrx_word' id='word_1_276' title='bbox 999 3663 1138 3718; x_wconf 75' lang='lat' dir='ltr'><strong>vobis</strong></span> <span class='ocrx_word' id='word_1_277' title='bbox 1173 3679 1276 3718; x_wconf 87' lang='lat' dir='ltr'><strong>non</strong></span> <span class='ocrx_word' id='word_1_278' title='bbox 1317 3661 1696 3725; x_wconf 82' lang='lat' dir='ltr'><strong>dominabitur;</strong></span> <span class='ocrx_word' id='word_1_279' title='bbox 1717 3677 1816 3715; x_wconf 88' lang='lat' dir='ltr'><strong>non</strong></span> <span class='ocrx_word' id='word_1_280' title='bbox 1854 3660 1985 3714; x_wconf 86' lang='lat' dir='ltr'><strong>enim</strong></span> <span class='ocrx_word' id='word_1_281' title='bbox 2013 3659 2105 3714; x_wconf 72' lang='lat' dir='ltr'><strong>sub</strong></span> 
     </span>
    </p>
   </div>
   <div class='ocr_carea' id='block_1_38' title="bbox 517 3749 2102 3826">
    <p class='ocr_par' dir='ltr' id='par_1_38' title="bbox 517 3749 2102 3826">
     <span class='ocr_line' id='line_1_38' title="bbox 517 3749 2102 3826; baseline -0.005 -14"><span class='ocrx_word' id='word_1_282' title='bbox 517 3760 626 3826; x_wconf 73' lang='lat' dir='ltr'><strong>tege</strong></span> <span class='ocrx_word' id='word_1_283' title='bbox 655 3755 771 3811; x_wconf 74' lang='lat' dir='ltr'><strong>estis</strong></span> <span class='ocrx_word' id='word_1_284' title='bbox 793 3795 809 3820; x_wconf 89' lang='lat'><strong>,</strong></span> <span class='ocrx_word' id='word_1_285' title='bbox 831 3753 920 3809; x_wconf 79' lang='lat' dir='ltr'><strong>sed</strong></span> <span class='ocrx_word' id='word_1_286' title='bbox 958 3753 1047 3809; x_wconf 75' lang='lat' dir='ltr'><strong>sub</strong></span> <span class='ocrx_word' id='word_1_287' title='bbox 1075 3754 1240 3824; x_wconf 88' lang='lat' dir='ltr'><strong>gratia</strong></span> <span class='ocrx_word' id='word_1_288' title='bbox 1268 3751 1444 3825; x_wconf 85' lang='lat' dir='ltr'><strong>(Rom.</strong></span> <span class='ocrx_word' id='word_1_289' title='bbox 1483 3767 1556 3814; x_wconf 71' lang='grc' dir='ltr'><strong>γι,</strong></span> <span class='ocrx_word' id='word_1_290' title='bbox 1594 3751 1703 3822; x_wconf 66' lang='lat' dir='ltr'><strong>Li).</strong></span> <span class='ocrx_word' id='word_1_291' title='bbox 1742 3750 1810 3806; x_wconf 88' lang='lat' dir='ltr'><strong>Et</strong></span> <span class='ocrx_word' id='word_1_292' title='bbox 1850 3749 2102 3821; x_wconf 90' lang='lat' dir='ltr'><strong>quoniam</strong></span> 
     </span>
    </p>
   </div>
   <div class='ocr_carea' id='block_1_39' title="bbox 521 3842 2107 3921">
    <p class='ocr_par' dir='ltr' id='par_1_39' title="bbox 521 3842 2107 3921">
     <span class='ocr_line' id='line_1_39' title="bbox 521 3842 2107 3921; baseline -0.006 -16"><span class='ocrx_word' id='word_1_293' title='bbox 521 3852 666 3918; x_wconf 92' lang='lat' dir='ltr'><strong>hinc,</strong></span> <span class='ocrx_word' id='word_1_294' title='bbox 699 3869 719 3906; x_wconf 75' lang='grc' dir='ltr'><strong><em>ι</em></strong></span> <span class='ocrx_word' id='word_1_295' title='bbox 752 3851 944 3921; x_wconf 90' lang='lat' dir='ltr'><strong>inquit,</strong></span> <span class='ocrx_word' id='word_1_296' title='bbox 980 3867 998 3900; x_wconf 73' lang='grc' dir='ltr'>ι</span> <span class='ocrx_word' id='word_1_297' title='bbox 1031 3847 1378 3910; x_wconf 87' lang='lat' dir='ltr'><strong>sufficienter,</strong></span> <span class='ocrx_word' id='word_1_298' title='bbox 1409 3854 1468 3900; x_wconf 89' lang='lat' dir='ltr'><strong>ut</strong></span> <span class='ocrx_word' id='word_1_299' title='bbox 1499 3853 1645 3914; x_wconf 89' lang='lat' dir='ltr'><strong>puto,</strong></span> <span class='ocrx_word' id='word_1_300' title='bbox 1673 3842 1904 3898; x_wconf 78' lang='lat' dir='ltr'><strong>diximus</strong></span> <span class='ocrx_word' id='word_1_301' title='bbox 1925 3883 1940 3910; x_wconf 86' lang='lat'><strong>,</strong></span> <span class='ocrx_word' id='word_1_302' title='bbox 1965 3857 2107 3897; x_wconf 88' lang='lat' dir='ltr'><strong>nune</strong></span> 
     </span>
    </p>
   </div>
   <div class='ocr_carea' id='block_1_40' title="bbox 520 3936 2110 4010">
    <p class='ocr_par' dir='ltr' id='par_1_40' title="bbox 520 3936 2110 4010">
     <span class='ocr_line' id='line_1_40' title="bbox 520 3936 2110 4010; baseline -0.007 -13"><span class='ocrx_word' id='word_1_303' title='bbox 520 3941 807 4010; x_wconf 74' lang='lat' dir='ltr'><strong>perfectam</strong></span> <span class='ocrx_word' id='word_1_304' title='bbox 836 3939 1172 3994; x_wconf 87' lang='lat' dir='ltr'><strong>instituamus</strong></span> <span class='ocrx_word' id='word_1_305' title='bbox 1199 3936 1479 4004; x_wconf 76' lang='lat' dir='ltr'><strong>virginem,</strong></span> <span class='ocrx_word' id='word_1_306' title='bbox 1503 3950 1621 4004; x_wconf 74' lang='lat' dir='ltr'><strong>qua:</strong></span> <span class='ocrx_word' id='word_1_307' title='bbox 1642 3949 1707 3988; x_wconf 83' lang='lat' dir='ltr'><strong>ex</strong></span> <span class='ocrx_word' id='word_1_308' title='bbox 1731 3941 1952 4002; x_wconf 87' lang='lat' dir='ltr'><strong>utroque</strong></span> <span class='ocrx_word' id='word_1_309' title='bbox 1967 3946 2110 3987; x_wconf 74' lang='lat' dir='ltr'><strong>sem-</strong></span> 
     </span>
    </p>
   </div>
   <div class='ocr_carea' id='block_1_41' title="bbox 519 4023 2104 4102">
    <p class='ocr_par' dir='ltr' id='par_1_41' title="bbox 519 4023 2104 4102">
     <span class='ocr_line' id='line_1_41' title="bbox 519 4023 2104 4102; baseline -0.005 -18"><span class='ocrx_word' id='word_1_310' title='bbox 519 4046 616 4102; x_wconf 89' lang='lat' dir='ltr'><strong>per</strong></span> <span class='ocrx_word' id='word_1_311' title='bbox 639 4045 885 4096; x_wconf 88' lang='lat' dir='ltr'><strong>accensa,</strong></span> <span class='ocrx_word' id='word_1_312' title='bbox 905 4036 958 4084; x_wconf 90' lang='lat' dir='ltr'><strong>et</strong></span> <span class='ocrx_word' id='word_1_313' title='bbox 983 4037 1183 4081; x_wconf 69' lang='lat' dir='ltr'><strong>natura:</strong></span> <span class='ocrx_word' id='word_1_314' title='bbox 1211 4026 1367 4080; x_wconf 90' lang='lat' dir='ltr'><strong>simul</strong></span> <span class='ocrx_word' id='word_1_315' title='bbox 1397 4033 1448 4079; x_wconf 90' lang='lat' dir='ltr'><strong>et</strong></span> <span class='ocrx_word' id='word_1_316' title='bbox 1472 4023 1658 4094; x_wconf 71' lang='lat' dir='ltr'><strong>gratia:</strong></span> <span class='ocrx_word' id='word_1_317' title='bbox 1680 4024 1875 4078; x_wconf 88' lang='lat' dir='ltr'><strong>bonum</strong></span> <span class='ocrx_word' id='word_1_318' title='bbox 1898 4037 2104 4077; x_wconf 89' lang='lat' dir='ltr'><strong>morum</strong></span> 
     </span>
    </p>
   </div>
   <div class='ocr_carea' id='block_1_42' title="bbox 519 4112 2106 4177">
    <p class='ocr_par' dir='ltr' id='par_1_42' title="bbox 519 4112 2106 4177">
     <span class='ocr_line' id='line_1_42' title="bbox 519 4112 2106 4177; baseline -0.004 -2"><span class='ocrx_word' id='word_1_319' title='bbox 519 4121 798 4177; x_wconf 75' lang='lat' dir='ltr'><strong>sanctitate</strong></span> <span class='ocrx_word' id='word_1_320' title='bbox 831 4127 1072 4174; x_wconf 89' lang='lat' dir='ltr'><strong>testetur.</strong></span> <span class='ocrx_word' id='word_1_321' title='bbox 1105 4136 1125 4171; x_wconf 76' lang='grc' dir='ltr'><strong><em>ι</em></strong></span> <span class='ocrx_word' id='word_1_322' title='bbox 1157 4116 1224 4171; x_wconf 87' lang='grc' dir='ltr'><strong>Ει</strong></span> <span class='ocrx_word' id='word_1_323' title='bbox 1262 4115 1316 4170; x_wconf 90' lang='lat' dir='ltr'><strong>iu</strong></span> <span class='ocrx_word' id='word_1_324' title='bbox 1361 4116 1442 4170; x_wconf 90' lang='lat' dir='ltr'><strong>his</strong></span> <span class='ocrx_word' id='word_1_325' title='bbox 1471 4113 1648 4169; x_wconf 89' lang='lat' dir='ltr'><strong>verbis</strong></span> <span class='ocrx_word' id='word_1_326' title='bbox 1675 4112 1880 4168; x_wconf 86' lang='lat' dir='ltr'><strong>debetis</strong></span> <span class='ocrx_word' id='word_1_327' title='bbox 1913 4113 2106 4168; x_wconf 88' lang='lat' dir='ltr'><strong>adver-</strong></span> 
     </span>
    </p>
   </div>
   <div class='ocr_carea' id='block_1_43' title="bbox 521 4201 2105 4279">
    <p class='ocr_par' dir='ltr' id='par_1_43' title="bbox 521 4201 2105 4279">
     <span class='ocr_line' id='line_1_43' title="bbox 521 4201 2105 4279; baseline -0.004 -14"><span class='ocrx_word' id='word_1_328' title='bbox 521 4223 654 4275; x_wconf 87' lang='lat' dir='ltr'><strong>tere,</strong></span> <span class='ocrx_word' id='word_1_329' title='bbox 679 4209 800 4267; x_wconf 90' lang='lat' dir='ltr'><strong>ideo</strong></span> <span class='ocrx_word' id='word_1_330' title='bbox 825 4207 970 4265; x_wconf 92' lang='lat' dir='ltr'><strong>illum</strong></span> <span class='ocrx_word' id='word_1_331' title='bbox 994 4207 1134 4279; x_wconf 91' lang='lat' dir='ltr'><strong>quod</strong></span> <span class='ocrx_word' id='word_1_332' title='bbox 1153 4207 1384 4272; x_wconf 85' lang='lat' dir='ltr'><strong>dicebat,</strong></span> <span class='ocrx_word' id='word_1_333' title='bbox 1413 4206 1494 4260; x_wconf 89' lang='lat' dir='ltr'><strong>sic</strong></span> <span class='ocrx_word' id='word_1_334' title='bbox 1519 4203 1749 4260; x_wconf 89' lang='lat' dir='ltr'><strong>voluisse</strong></span> <span class='ocrx_word' id='word_1_335' title='bbox 1763 4201 2105 4269; x_wconf 84' lang='lat' dir='ltr'><strong>concludere,</strong></span> 
     </span>
    </p>
   </div>
   <div class='ocr_carea' id='block_1_44' title="bbox 520 4294 2109 4369">
    <p class='ocr_par' dir='ltr' id='par_1_44' title="bbox 520 4294 2109 4369">
     <span class='ocr_line' id='line_1_44' title="bbox 520 4294 2109 4369; baseline -0.007 -11"><span class='ocrx_word' id='word_1_336' title='bbox 520 4315 576 4358; x_wconf 89' lang='lat' dir='ltr'><strong>ut</strong></span> <span class='ocrx_word' id='word_1_337' title='bbox 601 4312 804 4358; x_wconf 65' lang='lat' dir='ltr'><strong>naturae</strong></span> <span class='ocrx_word' id='word_1_338' title='bbox 828 4302 1026 4358; x_wconf 89' lang='lat' dir='ltr'><strong>bonum</strong></span> <span class='ocrx_word' id='word_1_339' title='bbox 1057 4299 1410 4369; x_wconf 87' lang='lat' dir='ltr'><strong>intelligamus</strong></span> <span class='ocrx_word' id='word_1_340' title='bbox 1429 4339 1442 4360; x_wconf 90' lang='lat'><strong>,</strong></span> <span class='ocrx_word' id='word_1_341' title='bbox 1469 4294 1614 4366; x_wconf 88' lang='lat' dir='ltr'><strong>quod</strong></span> <span class='ocrx_word' id='word_1_342' title='bbox 1637 4310 1759 4350; x_wconf 89' lang='lat' dir='ltr'><strong>cum</strong></span> <span class='ocrx_word' id='word_1_343' title='bbox 1794 4309 2109 4352; x_wconf 84' lang='lat' dir='ltr'><strong>crearemur</strong></span> 
     </span>
    </p>
   </div>
   <div class='ocr_carea' id='block_1_45' title="bbox 521 4385 2106 4462">
    <p class='ocr_par' dir='ltr' id='par_1_45' title="bbox 521 4385 2106 4462">
     <span class='ocr_line' id='line_1_45' title="bbox 521 4385 2106 4462; baseline -0.006 -14"><span class='ocrx_word' id='word_1_344' title='bbox 521 4393 860 4462; x_wconf 81' lang='lat' dir='ltr'><strong>accepimus;</strong></span> <span class='ocrx_word' id='word_1_345' title='bbox 907 4391 1094 4462; x_wconf 68' lang='lat' dir='ltr'><strong>gratia:</strong></span> <span class='ocrx_word' id='word_1_346' title='bbox 1143 4398 1358 4453; x_wconf 88' lang='lat' dir='ltr'><strong>autem,</strong></span> <span class='ocrx_word' id='word_1_347' title='bbox 1399 4402 1520 4442; x_wconf 89' lang='lat' dir='ltr'><strong>cum</strong></span> <span class='ocrx_word' id='word_1_348' title='bbox 1554 4385 1752 4441; x_wconf 86' lang='lat' dir='ltr'><strong>Christi</strong></span> <span class='ocrx_word' id='word_1_349' title='bbox 1795 4385 2106 4442; x_wconf 54' lang='lat' dir='ltr'><strong>intuemur”</strong></span> 
     </span>
    </p>
   </div>
   <div class='ocr_carea' id='block_1_46' title="bbox 523 4473 2109 4552">
    <p class='ocr_par' dir='ltr' id='par_1_46' title="bbox 523 4473 2109 4552">
     <span class='ocr_line' id='line_1_46' title="bbox 523 4473 2109 4552; baseline -0.006 -14"><span class='ocrx_word' id='word_1_350' title='bbox 523 4483 871 4552; x_wconf 82' lang='lat' dir='ltr'><strong>exemplum:</strong></span> <span class='ocrx_word' id='word_1_351' title='bbox 901 4490 1151 4549; x_wconf 88' lang='lat' dir='ltr'><strong>tanquam</strong></span> <span class='ocrx_word' id='word_1_352' title='bbox 1201 4477 1322 4533; x_wconf 86' lang='lat' dir='ltr'><strong>ideo</strong></span> <span class='ocrx_word' id='word_1_353' title='bbox 1365 4487 1641 4546; x_wconf 88' lang='lat' dir='ltr'><strong>peccatum</strong></span> <span class='ocrx_word' id='word_1_354' title='bbox 1688 4489 1795 4529; x_wconf 92' lang='lat' dir='ltr'><strong>non</strong></span> <span class='ocrx_word' id='word_1_355' title='bbox 1846 4473 2109 4529; x_wconf 89' lang='lat' dir='ltr'><strong>indultum</strong></span> 
     </span>
    </p>
   </div>
   <div class='ocr_carea' id='block_1_47' title="bbox 523 4563 2109 4642">
    <p class='ocr_par' dir='ltr' id='par_1_47' title="bbox 523 4563 2109 4642">
     <span class='ocr_line' id='line_1_47' title="bbox 523 4563 2109 4642; baseline -0.006 -14"><span class='ocrx_word' id='word_1_356' title='bbox 523 4571 689 4628; x_wconf 89' lang='lat' dir='ltr'><strong>fuerit</strong></span> <span class='ocrx_word' id='word_1_357' title='bbox 711 4571 792 4628; x_wconf 89' lang='lat' dir='ltr'><strong>eis</strong></span> <span class='ocrx_word' id='word_1_358' title='bbox 818 4570 908 4642; x_wconf 92' lang='lat' dir='ltr'><strong>qui</strong></span> <span class='ocrx_word' id='word_1_359' title='bbox 949 4569 1050 4624; x_wconf 91' lang='lat' dir='ltr'><strong>sub</strong></span> <span class='ocrx_word' id='word_1_360' title='bbox 1071 4567 1190 4638; x_wconf 88' lang='lat' dir='ltr'><strong>lege</strong></span> <span class='ocrx_word' id='word_1_361' title='bbox 1231 4565 1446 4621; x_wconf 86' lang='lat' dir='ltr'><strong>fuerunt</strong></span> <span class='ocrx_word' id='word_1_362' title='bbox 1477 4564 1560 4621; x_wconf 88' lang='lat' dir='ltr'><strong>vel</strong></span> <span class='ocrx_word' id='word_1_363' title='bbox 1585 4573 1745 4631; x_wconf 90' lang='lat' dir='ltr'><strong>sunt,</strong></span> <span class='ocrx_word' id='word_1_364' title='bbox 1773 4563 1896 4634; x_wconf 85' lang='lat' dir='ltr'><strong>quia</strong></span> <span class='ocrx_word' id='word_1_365' title='bbox 1925 4579 2109 4619; x_wconf 83' lang='lat' dir='ltr'><strong>exem-</strong></span> 
     </span>
    </p>
   </div>
   <div class='ocr_carea' id='block_1_48' title="bbox 527 4655 2070 4736">
    <p class='ocr_par' dir='ltr' id='par_1_48' title="bbox 527 4655 2070 4736">
     <span class='ocr_line' id='line_1_48' title="bbox 527 4655 2070 4736; baseline -0.005 -18"><span class='ocrx_word' id='word_1_366' title='bbox 527 4666 673 4736; x_wconf 90' lang='lat' dir='ltr'><strong>plum</strong></span> <span class='ocrx_word' id='word_1_367' title='bbox 702 4661 901 4720; x_wconf 89' lang='lat' dir='ltr'><strong>Christi</strong></span> <span class='ocrx_word' id='word_1_368' title='bbox 926 4661 1040 4716; x_wconf 86' lang='lat' dir='ltr'><strong>sive</strong></span> <span class='ocrx_word' id='word_1_369' title='bbox 1068 4674 1174 4715; x_wconf 91' lang='lat' dir='ltr'><strong>non</strong></span> <span class='ocrx_word' id='word_1_370' title='bbox 1204 4656 1524 4721; x_wconf 88' lang='lat' dir='ltr'><strong>habuerunt,</strong></span> <span class='ocrx_word' id='word_1_371' title='bbox 1553 4657 1665 4711; x_wconf 87' lang='lat' dir='ltr'><strong>sive</strong></span> <span class='ocrx_word' id='word_1_372' title='bbox 1693 4670 1797 4710; x_wconf 91' lang='lat' dir='ltr'><strong>non</strong></span> <span class='ocrx_word' id='word_1_373' title='bbox 1827 4655 2070 4711; x_wconf 84' lang='lat' dir='ltr'><strong>credunt.</strong></span> 
     </span>
    </p>
   </div>
   <div class='ocr_carea' id='block_1_49' title="bbox 594 4748 2113 4817">
    <p class='ocr_par' dir='ltr' id='par_1_49' title="bbox 594 4748 2113 4817">
     <span class='ocr_line' id='line_1_49' title="bbox 594 4748 2113 4817; baseline -0.006 -6"><span class='ocrx_word' id='word_1_374' title='bbox 594 4753 823 4811; x_wconf 81' lang='lat' dir='ltr'><strong>CAPUT</strong></span> <span class='ocrx_word' id='word_1_375' title='bbox 859 4751 1105 4809; x_wconf 86' lang='lat' dir='ltr'><strong>XXXIX.</strong></span> <span class='ocrx_word' id='word_1_376' title='bbox 1163 4779 1236 4793; x_wconf 90' lang='lat'><strong>—-</strong></span> <span class='ocrx_word' id='word_1_377' title='bbox 1263 4751 1352 4806; x_wconf 68' lang='grc'><strong>45.</strong></span> <span class='ocrx_word' id='word_1_378' title='bbox 1409 4748 1518 4803; x_wconf 91' lang='lat' dir='ltr'><strong>lloc</strong></span> <span class='ocrx_word' id='word_1_379' title='bbox 1559 4757 1736 4804; x_wconf 88' lang='lat' dir='ltr'><strong>autem</strong></span> <span class='ocrx_word' id='word_1_380' title='bbox 1770 4749 1927 4802; x_wconf 84' lang='lat' dir='ltr'><strong>istum</strong></span> <span class='ocrx_word' id='word_1_381' title='bbox 1953 4748 2113 4817; x_wconf 50' lang='lat' dir='ltr'><strong>sape;</strong></span> 
     </span>
    </p>
   </div>
   <div class='ocr_carea' id='block_1_50' title="bbox 527 4839 2107 4914">
    <p class='ocr_par' dir='ltr' id='par_1_50' title="bbox 527 4839 2107 4914">
     <span class='ocr_line' id='line_1_50' title="bbox 527 4839 2107 4914; baseline -0.006 -12"><span class='ocrx_word' id='word_1_382' title='bbox 527 4865 617 4912; x_wconf 88' lang='lat' dir='ltr'><strong>re,</strong></span> <span class='ocrx_word' id='word_1_383' title='bbox 649 4857 702 4902; x_wconf 90' lang='lat' dir='ltr'><strong>et</strong></span> <span class='ocrx_word' id='word_1_384' title='bbox 727 4845 830 4900; x_wconf 91' lang='lat' dir='ltr'><strong>alia</strong></span> <span class='ocrx_word' id='word_1_385' title='bbox 859 4845 976 4914; x_wconf 88' lang='lat' dir='ltr'><strong>ejus</strong></span> <span class='ocrx_word' id='word_1_386' title='bbox 1017 4842 1178 4897; x_wconf 88' lang='lat' dir='ltr'><strong>verba</strong></span> <span class='ocrx_word' id='word_1_387' title='bbox 1222 4839 1544 4906; x_wconf 87' lang='lat' dir='ltr'><strong>ostendunt,</strong></span> <span class='ocrx_word' id='word_1_388' title='bbox 1575 4854 1685 4893; x_wconf 91' lang='lat' dir='ltr'><strong>non</strong></span> <span class='ocrx_word' id='word_1_389' title='bbox 1729 4839 1782 4892; x_wconf 92' lang='lat' dir='ltr'><strong>in</strong></span> <span class='ocrx_word' id='word_1_390' title='bbox 1813 4839 1913 4893; x_wconf 89' lang='lat' dir='ltr'><strong>hoc</strong></span> <span class='ocrx_word' id='word_1_391' title='bbox 1939 4839 2107 4901; x_wconf 88' lang='lat' dir='ltr'><strong>libro,</strong></span> 
     </span>
    </p>
   </div>
   <div class='ocr_carea' id='block_1_51' title="bbox 526 4927 2112 5006">
    <p class='ocr_par' dir='ltr' id='par_1_51' title="bbox 526 4927 2112 5006">
     <span class='ocr_line' id='line_1_51' title="bbox 526 4927 2112 5006; baseline -0.008 -11"><span class='ocrx_word' id='word_1_392' title='bbox 526 4937 621 4996; x_wconf 81' lang='lat' dir='ltr'><strong>sed</strong></span> <span class='ocrx_word' id='word_1_393' title='bbox 652 4937 706 4992; x_wconf 90' lang='lat' dir='ltr'><strong>in</strong></span> <span class='ocrx_word' id='word_1_394' title='bbox 735 4935 891 4990; x_wconf 91' lang='lat' dir='ltr'><strong>tertio</strong></span> <span class='ocrx_word' id='word_1_395' title='bbox 909 4949 1006 5006; x_wconf 89' lang='lat' dir='ltr'><strong>pro</strong></span> <span class='ocrx_word' id='word_1_396' title='bbox 1031 4933 1224 4987; x_wconf 90' lang='lat' dir='ltr'><strong>Libero</strong></span> <span class='ocrx_word' id='word_1_397' title='bbox 1252 4929 1504 4996; x_wconf 87' lang='lat' dir='ltr'><strong>Arbitrio,</strong></span> <span class='ocrx_word' id='word_1_398' title='bbox 1529 4929 1616 4984; x_wconf 91' lang='lat' dir='ltr'><strong>ubi</strong></span> <span class='ocrx_word' id='word_1_399' title='bbox 1643 4927 1711 4982; x_wconf 90' lang='lat' dir='ltr'><strong>ad</strong></span> <span class='ocrx_word' id='word_1_400' title='bbox 1741 4943 1861 4984; x_wconf 91' lang='lat' dir='ltr'><strong>eum</strong></span> <span class='ocrx_word' id='word_1_401' title='bbox 1889 4928 2112 4998; x_wconf 89' lang='lat' dir='ltr'><strong>loquens</strong></span> 
     </span>
    </p>
   </div>
   <div class='ocr_carea' id='block_1_52' title="bbox 526 5018 2112 5098">
    <p class='ocr_par' dir='ltr' id='par_1_52' title="bbox 526 5018 2112 5098">
     <span class='ocr_line' id='line_1_52' title="bbox 526 5018 2112 5098; baseline -0.006 -15"><span class='ocrx_word' id='word_1_402' title='bbox 526 5039 714 5086; x_wconf 88' lang='lat' dir='ltr'><strong>contra</strong></span> <span class='ocrx_word' id='word_1_403' title='bbox 749 5041 910 5098; x_wconf 88' lang='lat' dir='ltr'><strong>quem</strong></span> <span class='ocrx_word' id='word_1_404' title='bbox 965 5024 1229 5094; x_wconf 87' lang='lat' dir='ltr'><strong>disputat,</strong></span> <span class='ocrx_word' id='word_1_405' title='bbox 1267 5021 1514 5092; x_wconf 87' lang='lat' dir='ltr'><strong>quoniam</strong></span> <span class='ocrx_word' id='word_1_406' title='bbox 1552 5020 1640 5075; x_wconf 90' lang='lat' dir='ltr'><strong>ille</strong></span> <span class='ocrx_word' id='word_1_407' title='bbox 1672 5028 1921 5090; x_wconf 88' lang='lat' dir='ltr'><strong>posuerat</strong></span> <span class='ocrx_word' id='word_1_408' title='bbox 1953 5018 2112 5074; x_wconf 88' lang='lat' dir='ltr'><strong>verba</strong></span> 
     </span>
    </p>
   </div>
   <div class='ocr_carea' id='block_1_53' title="bbox 529 5106 2115 5188">
    <p class='ocr_par' dir='ltr' id='par_1_53' title="bbox 529 5106 2115 5188">
     <span class='ocr_line' id='line_1_53' title="bbox 529 5106 2115 5188; baseline -0.009 -12"><span class='ocrx_word' id='word_1_409' title='bbox 529 5117 768 5188; x_wconf 81' lang='lat' dir='ltr'><strong>Apostoli</strong></span> <span class='ocrx_word' id='word_1_410' title='bbox 797 5114 1044 5181; x_wconf 87' lang='lat' dir='ltr'><strong>dicentis,</strong></span> <span class='ocrx_word' id='word_1_411' title='bbox 1072 5111 1192 5168; x_wconf 87' lang='lat' dir='ltr'><strong>Non</strong></span> <span class='ocrx_word' id='word_1_412' title='bbox 1220 5111 1354 5182; x_wconf 82' lang='lat' dir='ltr'><strong>quod</strong></span> <span class='ocrx_word' id='word_1_413' title='bbox 1381 5111 1492 5165; x_wconf 83' lang='grc' dir='ltr'><strong>υοιο</strong></span> <span class='ocrx_word' id='word_1_414' title='bbox 1517 5124 1614 5181; x_wconf 86' lang='lat' dir='ltr'><strong>ago</strong></span> <span class='ocrx_word' id='word_1_415' title='bbox 1635 5125 1654 5172; x_wconf 87' lang='lat'><strong><em>;</em></strong></span> <span class='ocrx_word' id='word_1_416' title='bbox 1673 5115 1748 5174; x_wconf 88' lang='lat' dir='ltr'><strong>et,</strong></span> <span class='ocrx_word' id='word_1_417' title='bbox 1782 5106 1938 5162; x_wconf 85' lang='lat' dir='ltr'><strong>Video</strong></span> <span class='ocrx_word' id='word_1_418' title='bbox 1958 5108 2115 5162; x_wconf 83' lang='lat' dir='ltr'><strong>aliam</strong></span> 
     </span>
    </p>
   </div>
   <div class='ocr_carea' id='block_1_54' title="bbox 529 5200 2107 5282">
    <p class='ocr_par' dir='ltr' id='par_1_54' title="bbox 529 5200 2107 5282">
     <span class='ocr_line' id='line_1_54' title="bbox 529 5200 2107 5282; baseline -0.01 -13"><span class='ocrx_word' id='word_1_419' title='bbox 529 5213 690 5282; x_wconf 81' lang='lat' dir='ltr'><strong>legem</strong></span> <span class='ocrx_word' id='word_1_420' title='bbox 715 5211 768 5264; x_wconf 87' lang='lat' dir='ltr'><strong>in</strong></span> <span class='ocrx_word' id='word_1_421' title='bbox 805 5207 1039 5263; x_wconf 76' lang='lat' dir='ltr'><strong>membris</strong></span> <span class='ocrx_word' id='word_1_422' title='bbox 1068 5205 1192 5260; x_wconf 74' lang='lat' dir='ltr'><strong>meis</strong></span> <span class='ocrx_word' id='word_1_423' title='bbox 1219 5211 1582 5275; x_wconf 84' lang='lat' dir='ltr'><strong>repugnantem</strong></span> <span class='ocrx_word' id='word_1_424' title='bbox 1614 5200 1714 5268; x_wconf 84' lang='lat' dir='ltr'><strong>legi</strong></span> <span class='ocrx_word' id='word_1_425' title='bbox 1745 5201 1926 5255; x_wconf 78' lang='lat' dir='ltr'><strong>mentis</strong></span> <span class='ocrx_word' id='word_1_426' title='bbox 1955 5216 2107 5266; x_wconf 71' lang='lat' dir='ltr'><strong>mete,</strong></span> 
     </span>
    </p>
   </div>
   <div class='ocr_carea' id='block_1_55' title="bbox 529 5290 2110 5371">
    <p class='ocr_par' dir='ltr' id='par_1_55' title="bbox 529 5290 2110 5371">
     <span class='ocr_line' id='line_1_55' title="bbox 529 5290 2110 5371; baseline -0.008 -15"><span class='ocrx_word' id='word_1_427' title='bbox 529 5310 586 5356; x_wconf 89' lang='lat' dir='ltr'><strong>et</strong></span> <span class='ocrx_word' id='word_1_428' title='bbox 607 5310 799 5357; x_wconf 61' lang='lat' dir='ltr'><strong>caetera</strong></span> <span class='ocrx_word' id='word_1_429' title='bbox 823 5315 942 5371; x_wconf 67' lang='lat' dir='ltr'><strong>quae</strong></span> <span class='ocrx_word' id='word_1_430' title='bbox 966 5299 1040 5353; x_wconf 92' lang='lat' dir='ltr'><strong>ibi</strong></span> <span class='ocrx_word' id='word_1_431' title='bbox 1063 5297 1343 5358; x_wconf 88' lang='lat' dir='ltr'><strong>dicuntur;</strong></span> <span class='ocrx_word' id='word_1_432' title='bbox 1375 5293 1476 5350; x_wconf 91' lang='lat' dir='ltr'><strong>iste</strong></span> <span class='ocrx_word' id='word_1_433' title='bbox 1500 5290 1797 5363; x_wconf 87' lang='lat' dir='ltr'><strong>respondit,</strong></span> <span class='ocrx_word' id='word_1_434' title='bbox 1825 5299 1982 5362; x_wconf 89' lang='lat' dir='ltr'><strong>atque</strong></span> <span class='ocrx_word' id='word_1_435' title='bbox 2001 5291 2075 5346; x_wconf 89' lang='lat' dir='ltr'><strong>ait</strong></span> <span class='ocrx_word' id='word_1_436' title='bbox 2098 5309 2110 5344; x_wconf 92' lang='lat'><strong>:</strong></span> 
     </span>
    </p>
   </div>
   <div class='ocr_carea' id='block_1_56' title="bbox 539 5383 2112 5463">
    <p class='ocr_par' dir='ltr' id='par_1_56' title="bbox 539 5383 2112 5463">
     <span class='ocr_line' id='line_1_56' title="bbox 539 5383 2112 5463; baseline -0.007 -14"><span class='ocrx_word' id='word_1_437' title='bbox 539 5414 558 5449; x_wconf 79' lang='grc' dir='ltr'>ι</span> <span class='ocrx_word' id='word_1_438' title='bbox 595 5394 706 5450; x_wconf 81' lang='lat' dir='ltr'><strong>Hoc</strong></span> <span class='ocrx_word' id='word_1_439' title='bbox 737 5394 880 5449; x_wconf 91' lang='lat' dir='ltr'><strong>enim</strong></span> <span class='ocrx_word' id='word_1_440' title='bbox 922 5391 1064 5463; x_wconf 92' lang='lat' dir='ltr'><strong>quod</strong></span> <span class='ocrx_word' id='word_1_441' title='bbox 1089 5400 1147 5446; x_wconf 90' lang='lat' dir='ltr'><strong>tu</strong></span> <span class='ocrx_word' id='word_1_442' title='bbox 1189 5389 1255 5445; x_wconf 89' lang='lat' dir='ltr'><strong>de</strong></span> <span class='ocrx_word' id='word_1_443' title='bbox 1300 5385 1556 5458; x_wconf 82' lang='lat' dir='ltr'><strong>Apostolo</strong></span> <span class='ocrx_word' id='word_1_444' title='bbox 1601 5384 1892 5456; x_wconf 82' lang='lat' dir='ltr'><strong>intelligere</strong></span> <span class='ocrx_word' id='word_1_445' title='bbox 1929 5383 2112 5454; x_wconf 89' lang='lat' dir='ltr'><strong>cupis,</strong></span> 
     </span>
    </p>
   </div>
   <div class='ocr_carea' id='block_1_57' title="bbox 532 5463 2115 5551">
    <p class='ocr_par' dir='ltr' id='par_1_57' title="bbox 532 5463 2115 5551">
     <span class='ocr_line' id='line_1_57' title="bbox 532 5463 2115 5551; baseline -0.008 -11"><span class='ocrx_word' id='word_1_446' title='bbox 532 5501 720 5551; x_wconf 72' lang='lat' dir='ltr'><strong>omnes</strong></span> <span class='ocrx_word' id='word_1_447' title='bbox 743 5482 1092 5541; x_wconf 87' lang='lat' dir='ltr'><strong>ecclesiastici</strong></span> <span class='ocrx_word' id='word_1_448' title='bbox 1129 5463 1322 5538; x_wconf 42' lang='lat' dir='ltr'><strong>viri&#39;in</strong></span> <span class='ocrx_word' id='word_1_449' title='bbox 1353 5477 1643 5551; x_wconf 85' lang='lat' dir='ltr'><strong>peccatoris</strong></span> <span class='ocrx_word' id='word_1_450' title='bbox 1669 5485 1724 5534; x_wconf 91' lang='lat' dir='ltr'><strong>et</strong></span> <span class='ocrx_word' id='word_1_451' title='bbox 1752 5476 1850 5532; x_wconf 88' lang='lat' dir='ltr'><strong>sub</strong></span> <span class='ocrx_word' id='word_1_452' title='bbox 1880 5475 1994 5545; x_wconf 81' lang='lat' dir='ltr'><strong>lege</strong></span> <span class='ocrx_word' id='word_1_453' title='bbox 2023 5473 2115 5529; x_wconf 87' lang='lat' dir='ltr'><strong>ad-</strong></span> 
     </span>
    </p>
   </div>
   <div class='ocr_carea' id='block_1_58' title="bbox 603 5650 2118 5726">
    <p class='ocr_par' dir='ltr' id='par_1_58' title="bbox 603 5650 2118 5726">
     <span class='ocr_line' id='line_1_58' title="bbox 603 5650 2118 5726; baseline -0.004 -18"><span class='ocrx_word' id='word_1_454' title='bbox 603 5661 618 5692; x_wconf 85' lang='grc'>¹</span> <span class='ocrx_word' id='word_1_455' title='bbox 648 5665 750 5708; x_wconf 72' lang='lat' dir='ltr'><strong>Am.</strong></span> <span class='ocrx_word' id='word_1_456' title='bbox 789 5665 840 5709; x_wconf 91' lang='lat' dir='ltr'><strong>et</strong></span> <span class='ocrx_word' id='word_1_457' title='bbox 871 5665 1008 5726; x_wconf 63' lang='lat' dir='ltr'><strong>uss,</strong></span> <span class='ocrx_word' id='word_1_458' title='bbox 1051 5657 1482 5726; x_wconf 59' lang='lat' dir='ltr'><strong>megior_z°itntr.__tu</strong></span> <span class='ocrx_word' id='word_1_459' title='bbox 1521 5653 1723 5726; x_wconf 79' lang='lat' dir='ltr'><strong>epistola</strong></span> <span class='ocrx_word' id='word_1_460' title='bbox 1764 5650 1822 5702; x_wconf 86' lang='lat' dir='ltr'><strong>ad</strong></span> <span class='ocrx_word' id='word_1_461' title='bbox 1855 5653 2118 5703; x_wconf 84' lang='lat' dir='ltr'><strong>Demetria-</strong></span> 
     </span>
    </p>
   </div>
   <div class='ocr_carea' id='block_1_59' title="bbox 541 5719 1654 5834">
    <p class='ocr_par' dir='ltr' id='par_1_59' title="bbox 541 5719 1654 5834">
     <span class='ocr_line' id='line_1_59' title="bbox 541 5719 1654 5784; baseline -0.01 -10"><span class='ocrx_word' id='word_1_462' title='bbox 541 5719 680 5784; x_wconf 75' lang='lat' dir='ltr'><strong>dem,</strong></span> <span class='ocrx_word' id='word_1_463' title='bbox 717 5722 926 5782; x_wconf 68' lang='lat' dir='ltr'><strong>Ajpend.</strong></span> <span class='ocrx_word' id='word_1_464' title='bbox 966 5725 1080 5768; x_wconf 86' lang='lat' dir='ltr'><strong>tom.</strong></span> <span class='ocrx_word' id='word_1_465' title='bbox 1119 5719 1180 5776; x_wconf 76' lang='grc'><strong>2,</strong></span> <span class='ocrx_word' id='word_1_466' title='bbox 1213 5719 1272 5770; x_wconf 38' lang='lat' dir='ltr'><strong>ile</strong></span> <span class='ocrx_word' id='word_1_467' title='bbox 1313 5719 1654 5767; x_wconf 63' lang='grc' dir='ltr'><strong>ιη’ϋοι-Γὶιιιιρ.</strong></span> 
     </span>
     <span class='ocr_line' id='line_1_60' title="bbox 542 5773 1169 5834; baseline -0.013 1"><span class='ocrx_word' id='word_1_468' title='bbox 542 5773 560 5798; x_wconf 53' lang='grc'>⁸</span> <span class='ocrx_word' id='word_1_469' title='bbox 604 5791 625 5824; x_wconf 73' lang='grc'><em>³</em></span> <span class='ocrx_word' id='word_1_470' title='bbox 643 5796 764 5834; x_wconf 82' lang='grc' dir='ltr'><strong>Αιη..</strong></span> <span class='ocrx_word' id='word_1_471' title='bbox 789 5781 1046 5834; x_wconf 56' lang='lat' dir='ltr'><strong>imitamur.</strong></span> <span class='ocrx_word' id='word_1_472' title='bbox 1075 5787 1169 5834; x_wconf 73' lang='lat' dir='ltr'><strong>tir.,</strong></span> 
     </span>
    </p>
   </div>
   <div class='ocr_carea' id='block_1_60' title="bbox 1767 357 2574 418">
    <p class='ocr_par' dir='ltr' id='par_1_60' title="bbox 1767 357 2574 418">
     <span class='ocr_line' id='line_1_61' title="bbox 1767 357 2574 418; baseline 0.001 -2"><span class='ocrx_word' id='word_1_473' title='bbox 1767 359 1824 416; x_wconf 81' lang='lat' dir='ltr'><strong>S.</strong></span> <span class='ocrx_word' id='word_1_474' title='bbox 1866 357 2234 415; x_wconf 75' lang='lat' dir='ltr'><strong>AUGUSTINI</strong></span> <span class='ocrx_word' id='word_1_475' title='bbox 2277 359 2574 418; x_wconf 78' lang='lat' dir='ltr'><strong>EPISCOPI</strong></span> 
     </span>
    </p>
   </div>
   <div class='ocr_carea' id='block_1_61' title="bbox 3685 361 3799 419">
    <p class='ocr_par' dir='ltr' id='par_1_61' title="bbox 3685 361 3799 419">
     <span class='ocr_line' id='line_1_62' title="bbox 3685 361 3799 419; baseline -0.009 0"><span class='ocrx_word' id='word_1_476' title='bbox 3685 361 3799 419; x_wconf 81' lang='lat'><strong>380</strong></span> 
     </span>
    </p>
   </div>
   <div class='ocr_carea' id='block_1_62' title="bbox 2210 472 3798 546">
    <p class='ocr_par' dir='ltr' id='par_1_62' title="bbox 2210 472 3798 546">
     <span class='ocr_line' id='line_1_63' title="bbox 2210 472 3798 546; baseline 0.004 -22"><span class='ocrx_word' id='word_1_477' title='bbox 2210 472 2312 528; x_wconf 91' lang='lat' dir='ltr'><strong>huc</strong></span> <span class='ocrx_word' id='word_1_478' title='bbox 2346 473 2499 543; x_wconf 87' lang='lat' dir='ltr'><strong>positi</strong></span> <span class='ocrx_word' id='word_1_479' title='bbox 2531 483 2777 528; x_wconf 88' lang='lat' dir='ltr'><strong>asserunt</strong></span> <span class='ocrx_word' id='word_1_480' title='bbox 2814 489 2937 529; x_wconf 86' lang='lat' dir='ltr'><strong>eum</strong></span> <span class='ocrx_word' id='word_1_481' title='bbox 2968 474 3168 530; x_wconf 72' lang='lat' dir='ltr'><strong>dixisse</strong></span> <span class='ocrx_word' id='word_1_482' title='bbox 3203 490 3426 546; x_wconf 76' lang='lat' dir='ltr'><strong>persona</strong></span> <span class='ocrx_word' id='word_1_483' title='bbox 3448 515 3464 541; x_wconf 92' lang='lat'><strong>,</strong></span> <span class='ocrx_word' id='word_1_484' title='bbox 3490 476 3582 545; x_wconf 89' lang='lat' dir='ltr'><strong>qui</strong></span> <span class='ocrx_word' id='word_1_485' title='bbox 3623 476 3798 532; x_wconf 75' lang='lat' dir='ltr'><strong>nimia</strong></span> 
     </span>
    </p>
   </div>
   <div class='ocr_carea' id='block_1_63' title="bbox 2197 564 3802 636">
    <p class='ocr_par' dir='ltr' id='par_1_63' title="bbox 2197 564 3802 636">
     <span class='ocr_line' id='line_1_64' title="bbox 2197 564 3802 636; baseline 0.002 -18"><span class='ocrx_word' id='word_1_486' title='bbox 2197 565 2446 618; x_wconf 88' lang='lat' dir='ltr'><strong>vitiorum</strong></span> <span class='ocrx_word' id='word_1_487' title='bbox 2473 564 2860 622; x_wconf 89' lang='lat' dir='ltr'><strong>consuetudine</strong></span> <span class='ocrx_word' id='word_1_488' title='bbox 2888 565 3032 621; x_wconf 89' lang='lat' dir='ltr'><strong>velut</strong></span> <span class='ocrx_word' id='word_1_489' title='bbox 3055 566 3280 636; x_wconf 88' lang='lat' dir='ltr'><strong>quadam</strong></span> <span class='ocrx_word' id='word_1_490' title='bbox 3306 575 3574 622; x_wconf 90' lang='lat' dir='ltr'><strong>teneretur</strong></span> <span class='ocrx_word' id='word_1_491' title='bbox 3595 583 3802 623; x_wconf 83' lang='lat' dir='ltr'><strong>neces-</strong></span> 
     </span>
    </p>
   </div>
   <div class='ocr_carea' id='block_1_64' title="bbox 2197 653 3792 728">
    <p class='ocr_par' dir='ltr' id='par_1_64' title="bbox 2197 653 3792 728">
     <span class='ocr_line' id='line_1_65' title="bbox 2197 653 3792 728; baseline 0.003 -20"><span class='ocrx_word' id='word_1_492' title='bbox 2197 653 2352 709; x_wconf 90' lang='lat' dir='ltr'><strong>sitate</strong></span> <span class='ocrx_word' id='word_1_493' title='bbox 2381 655 2668 724; x_wconf 88' lang='lat' dir='ltr'><strong>peccandi,</strong></span> <span class='ocrx_word' id='word_1_494' title='bbox 2693 665 2747 711; x_wconf 90' lang='lat' dir='ltr'><strong>et</strong></span> <span class='ocrx_word' id='word_1_495' title='bbox 2771 656 3014 726; x_wconf 85' lang='lat' dir='ltr'><strong>quamvis</strong></span> <span class='ocrx_word' id='word_1_496' title='bbox 3041 656 3239 712; x_wconf 88' lang='lat' dir='ltr'><strong>bonum</strong></span> <span class='ocrx_word' id='word_1_497' title='bbox 3275 668 3550 728; x_wconf 87' lang='lat' dir='ltr'><strong>appeteret</strong></span> <span class='ocrx_word' id='word_1_498' title='bbox 3587 659 3792 712; x_wconf 83' lang='lat' dir='ltr'><strong>volun-</strong></span> 
     </span>
    </p>
   </div>
   <div class='ocr_carea' id='block_1_65' title="bbox 2201 748 3797 828">
    <p class='ocr_par' dir='ltr' id='par_1_65' title="bbox 2201 748 3797 828">
     <span class='ocr_line' id='line_1_66' title="bbox 2201 748 3797 828; baseline 0.006 -28"><span class='ocrx_word' id='word_1_499' title='bbox 2201 755 2338 812; x_wconf 88' lang='lat' dir='ltr'><strong>tate,</strong></span> <span class='ocrx_word' id='word_1_500' title='bbox 2367 760 2467 802; x_wconf 92' lang='lat' dir='ltr'><strong>usu</strong></span> <span class='ocrx_word' id='word_1_501' title='bbox 2491 754 2668 802; x_wconf 90' lang='lat' dir='ltr'><strong>tamen</strong></span> <span class='ocrx_word' id='word_1_502' title='bbox 2696 748 3113 818; x_wconf 62' lang='lat' dir='ltr'><strong>praecipitaretur</strong></span> <span class='ocrx_word' id='word_1_503' title='bbox 3139 749 3190 804; x_wconf 89' lang='lat' dir='ltr'><strong>in</strong></span> <span class='ocrx_word' id='word_1_504' title='bbox 3219 751 3439 805; x_wconf 90' lang='lat' dir='ltr'><strong>malum.</strong></span> <span class='ocrx_word' id='word_1_505' title='bbox 3468 751 3539 828; x_wconf 20' lang='lat' dir='ltr'><strong>In.</strong></span> <span class='ocrx_word' id='word_1_506' title='bbox 3557 767 3797 822; x_wconf 83' lang='lat' dir='ltr'><strong>persona</strong></span> 
     </span>
    </p>
   </div>
   <div class='ocr_carea' id='block_1_66' title="bbox 2197 839 3791 916">
    <p class='ocr_par' dir='ltr' id='par_1_66' title="bbox 2197 839 3791 916">
     <span class='ocr_line' id='line_1_67' title="bbox 2197 839 3791 916; baseline 0.006 -24"><span class='ocrx_word' id='word_1_507' title='bbox 2197 846 2398 905; x_wconf 90' lang='lat' dir='ltr'><strong>autem,</strong></span> <span class='ocrx_word' id='word_1_508' title='bbox 2429 858 2448 890; x_wconf 72' lang='grc' dir='ltr'><strong><em>ι</em></strong></span> <span class='ocrx_word' id='word_1_509' title='bbox 2481 839 2672 910; x_wconf 88' lang='lat' dir='ltr'><strong>inquit,</strong></span> <span class='ocrx_word' id='word_1_510' title='bbox 2707 858 2726 891; x_wconf 77' lang='grc' dir='ltr'>ι</span> <span class='ocrx_word' id='word_1_511' title='bbox 2755 839 2989 895; x_wconf 87' lang='lat' dir='ltr'><strong>hominis</strong></span> <span class='ocrx_word' id='word_1_512' title='bbox 3017 843 3173 897; x_wconf 91' lang='lat' dir='ltr'><strong>unius</strong></span> <span class='ocrx_word' id='word_1_513' title='bbox 3196 884 3212 910; x_wconf 93' lang='lat'><strong>,</strong></span> <span class='ocrx_word' id='word_1_514' title='bbox 3242 842 3486 915; x_wconf 87' lang='lat' dir='ltr'><strong>designat</strong></span> <span class='ocrx_word' id='word_1_515' title='bbox 3525 845 3791 916; x_wconf 88' lang='lat' dir='ltr'><strong>populum</strong></span> 
     </span>
    </p>
   </div>
   <div class='ocr_carea' id='block_1_67' title="bbox 2197 929 3794 1002">
    <p class='ocr_par' dir='ltr' id='par_1_67' title="bbox 2197 929 3794 1002">
     <span class='ocr_line' id='line_1_68' title="bbox 2197 929 3794 1002; baseline 0.004 -19"><span class='ocrx_word' id='word_1_516' title='bbox 2197 929 2298 984; x_wconf 92' lang='lat' dir='ltr'><strong>sub</strong></span> <span class='ocrx_word' id='word_1_517' title='bbox 2325 940 2506 985; x_wconf 88' lang='lat' dir='ltr'><strong>vetere</strong></span> <span class='ocrx_word' id='word_1_518' title='bbox 2531 929 2706 986; x_wconf 88' lang='lat' dir='ltr'><strong>adhuc</strong></span> <span class='ocrx_word' id='word_1_519' title='bbox 2735 931 2852 1000; x_wconf 86' lang='lat' dir='ltr'><strong>lege</strong></span> <span class='ocrx_word' id='word_1_520' title='bbox 2878 944 3218 1002; x_wconf 86' lang='lat' dir='ltr'><strong>peccantem;</strong></span> <span class='ocrx_word' id='word_1_521' title='bbox 3247 949 3402 1002; x_wconf 88' lang='lat' dir='ltr'><strong>quem</strong></span> <span class='ocrx_word' id='word_1_522' title='bbox 3429 935 3496 990; x_wconf 90' lang='lat' dir='ltr'><strong>ab</strong></span> <span class='ocrx_word' id='word_1_523' title='bbox 3523 934 3624 990; x_wconf 90' lang='lat' dir='ltr'><strong>hoc</strong></span> <span class='ocrx_word' id='word_1_524' title='bbox 3650 952 3794 990; x_wconf 83' lang='lat' dir='ltr'><strong>con-</strong></span> 
     </span>
    </p>
   </div>
   <div class='ocr_carea' id='block_1_68' title="bbox 2197 1019 3792 1095">
    <p class='ocr_par' dir='ltr' id='par_1_68' title="bbox 2197 1019 3792 1095">
     <span class='ocr_line' id='line_1_69' title="bbox 2197 1019 3792 1095; baseline 0.004 -21"><span class='ocrx_word' id='word_1_525' title='bbox 2197 1019 2493 1074; x_wconf 90' lang='lat' dir='ltr'><strong>suetudinis</strong></span> <span class='ocrx_word' id='word_1_526' title='bbox 2531 1024 2672 1076; x_wconf 85' lang='lat' dir='ltr'><strong>malo</strong></span> <span class='ocrx_word' id='word_1_527' title='bbox 2709 1021 2836 1077; x_wconf 84' lang='lat' dir='ltr'><strong>dicit</strong></span> <span class='ocrx_word' id='word_1_528' title='bbox 2868 1022 3200 1078; x_wconf 88' lang='lat' dir='ltr'><strong>liberandum</strong></span> <span class='ocrx_word' id='word_1_529' title='bbox 3227 1039 3346 1080; x_wconf 86' lang='lat' dir='ltr'><strong>esse</strong></span> <span class='ocrx_word' id='word_1_530' title='bbox 3373 1041 3470 1095; x_wconf 89' lang='lat' dir='ltr'><strong>per</strong></span> <span class='ocrx_word' id='word_1_531' title='bbox 3492 1026 3792 1094; x_wconf 85' lang='lat' dir='ltr'><strong>Christum,</strong></span> 
     </span>
    </p>
   </div>
   <div class='ocr_carea' id='block_1_69' title="bbox 2197 1111 3793 1188">
    <p class='ocr_par' dir='ltr' id='par_1_69' title="bbox 2197 1111 3793 1188">
     <span class='ocr_line' id='line_1_70' title="bbox 2197 1111 3793 1188; baseline 0.008 -26"><span class='ocrx_word' id='word_1_532' title='bbox 2197 1111 2288 1182; x_wconf 90' lang='lat' dir='ltr'><strong>qui</strong></span> <span class='ocrx_word' id='word_1_533' title='bbox 2331 1112 2673 1168; x_wconf 89' lang='lat' dir='ltr'><strong>credentibus</strong></span> <span class='ocrx_word' id='word_1_534' title='bbox 2719 1113 2820 1168; x_wconf 90' lang='lat' dir='ltr'><strong>sibi</strong></span> <span class='ocrx_word' id='word_1_535' title='bbox 2869 1115 3045 1184; x_wconf 89' lang='lat' dir='ltr'><strong>primo</strong></span> <span class='ocrx_word' id='word_1_536' title='bbox 3085 1115 3264 1170; x_wconf 90' lang='lat' dir='ltr'><strong>omnia</strong></span> <span class='ocrx_word' id='word_1_537' title='bbox 3313 1132 3408 1186; x_wconf 89' lang='lat' dir='ltr'><strong>per</strong></span> <span class='ocrx_word' id='word_1_538' title='bbox 3463 1119 3793 1188; x_wconf 78' lang='lat' dir='ltr'><strong>Baptismnm</strong></span> 
     </span>
    </p>
   </div>
   <div class='ocr_carea' id='block_1_70' title="bbox 2201 1203 3797 1279">
    <p class='ocr_par' dir='ltr' id='par_1_70' title="bbox 2201 1203 3797 1279">
     <span class='ocr_line' id='line_1_71' title="bbox 2201 1203 3797 1279; baseline 0.005 -23"><span class='ocrx_word' id='word_1_539' title='bbox 2201 1212 2414 1272; x_wconf 88' lang='lat' dir='ltr'><strong>peccata</strong></span> <span class='ocrx_word' id='word_1_540' title='bbox 2444 1203 2695 1272; x_wconf 91' lang='lat' dir='ltr'><strong>dimittit,</strong></span> <span class='ocrx_word' id='word_1_541' title='bbox 2722 1203 2914 1262; x_wconf 90' lang='lat' dir='ltr'><strong>deinde</strong></span> <span class='ocrx_word' id='word_1_542' title='bbox 2943 1205 3236 1262; x_wconf 88' lang='lat' dir='ltr'><strong>imitatione</strong></span> <span class='ocrx_word' id='word_1_543' title='bbox 3263 1207 3342 1262; x_wconf 89' lang='lat' dir='ltr'><strong>sui</strong></span> <span class='ocrx_word' id='word_1_544' title='bbox 3381 1208 3448 1262; x_wconf 89' lang='lat' dir='ltr'><strong>ad</strong></span> <span class='ocrx_word' id='word_1_545' title='bbox 3496 1209 3797 1279; x_wconf 82' lang='lat' dir='ltr'><strong>perfectam</strong></span> 
     </span>
    </p>
   </div>
   <div class='ocr_carea' id='block_1_71' title="bbox 2197 1293 3801 1362">
    <p class='ocr_par' dir='ltr' id='par_1_71' title="bbox 2197 1293 3801 1362">
     <span class='ocr_line' id='line_1_72' title="bbox 2197 1293 3801 1362; baseline 0.004 -14"><span class='ocrx_word' id='word_1_546' title='bbox 2197 1293 2381 1348; x_wconf 88' lang='lat' dir='ltr'><strong>incitat</strong></span> <span class='ocrx_word' id='word_1_547' title='bbox 2409 1295 2766 1362; x_wconf 88' lang='lat' dir='ltr'><strong>sanctitatem,</strong></span> <span class='ocrx_word' id='word_1_548' title='bbox 2799 1307 2853 1352; x_wconf 93' lang='lat' dir='ltr'><strong>et</strong></span> <span class='ocrx_word' id='word_1_549' title='bbox 2879 1297 3126 1352; x_wconf 89' lang='lat' dir='ltr'><strong>vitiorum</strong></span> <span class='ocrx_word' id='word_1_550' title='bbox 3155 1299 3594 1356; x_wconf 85' lang='lat' dir='ltr'><strong>consuetudinem</strong></span> <span class='ocrx_word' id='word_1_551' title='bbox 3625 1301 3801 1354; x_wconf 83' lang='lat' dir='ltr'><strong>virtu-</strong></span> 
     </span>
    </p>
   </div>
   <div class='ocr_carea' id='block_1_72' title="bbox 2199 1386 3796 1460">
    <p class='ocr_par' dir='ltr' id='par_1_72' title="bbox 2199 1386 3796 1460">
     <span class='ocr_line' id='line_1_73' title="bbox 2199 1386 3796 1460; baseline 0.004 -22"><span class='ocrx_word' id='word_1_552' title='bbox 2199 1392 2310 1440; x_wconf 91' lang='lat' dir='ltr'><strong>tum</strong></span> <span class='ocrx_word' id='word_1_553' title='bbox 2347 1386 2510 1441; x_wconf 86' lang='lat' dir='ltr'><strong>vincit</strong></span> <span class='ocrx_word' id='word_1_554' title='bbox 2549 1387 2812 1457; x_wconf 83' lang='lat' dir='ltr'><strong>exemplo.</strong></span> <span class='ocrx_word' id='word_1_555' title='bbox 2850 1406 2868 1440; x_wconf 77' lang='grc' dir='ltr'><strong><em>ι</em></strong></span> <span class='ocrx_word' id='word_1_556' title='bbox 2919 1389 3055 1444; x_wconf 86' lang='lat' dir='ltr'><strong>Ecce</strong></span> <span class='ocrx_word' id='word_1_557' title='bbox 3100 1390 3368 1459; x_wconf 88' lang='lat' dir='ltr'><strong>quomodo</strong></span> <span class='ocrx_word' id='word_1_558' title='bbox 3415 1391 3526 1445; x_wconf 87' lang='lat' dir='ltr'><strong>vult</strong></span> <span class='ocrx_word' id='word_1_559' title='bbox 3570 1391 3796 1460; x_wconf 75' lang='lat' dir='ltr'><strong>intelligi</strong></span> 
     </span>
    </p>
   </div>
   <div class='ocr_carea' id='block_1_73' title="bbox 2197 1477 3797 1551">
    <p class='ocr_par' dir='ltr' id='par_1_73' title="bbox 2197 1477 3797 1551">
     <span class='ocr_line' id='line_1_74' title="bbox 2197 1477 3797 1551; baseline 0.004 -21"><span class='ocrx_word' id='word_1_560' title='bbox 2197 1477 2435 1548; x_wconf 87' lang='lat' dir='ltr'><strong>adjuvari</strong></span> <span class='ocrx_word' id='word_1_561' title='bbox 2477 1492 2572 1532; x_wconf 87' lang='lat' dir='ltr'><strong>eos</strong></span> <span class='ocrx_word' id='word_1_562' title='bbox 2617 1479 2706 1548; x_wconf 90' lang='lat' dir='ltr'><strong>qui</strong></span> <span class='ocrx_word' id='word_1_563' title='bbox 2749 1479 2848 1534; x_wconf 90' lang='lat' dir='ltr'><strong>sub</strong></span> <span class='ocrx_word' id='word_1_564' title='bbox 2895 1479 3010 1550; x_wconf 87' lang='lat' dir='ltr'><strong>lege</strong></span> <span class='ocrx_word' id='word_1_565' title='bbox 3057 1490 3296 1550; x_wconf 87' lang='lat' dir='ltr'><strong>peccant,</strong></span> <span class='ocrx_word' id='word_1_566' title='bbox 3335 1490 3391 1535; x_wconf 92' lang='lat' dir='ltr'><strong>ut</strong></span> <span class='ocrx_word' id='word_1_567' title='bbox 3435 1497 3528 1551; x_wconf 89' lang='lat' dir='ltr'><strong>per</strong></span> <span class='ocrx_word' id='word_1_568' title='bbox 3566 1483 3797 1551; x_wconf 84' lang='lat' dir='ltr'><strong>gratiam</strong></span> 
     </span>
    </p>
   </div>
   <div class='ocr_carea' id='block_1_74' title="bbox 2197 1568 3798 1642">
    <p class='ocr_par' dir='ltr' id='par_1_74' title="bbox 2197 1568 3798 1642">
     <span class='ocr_line' id='line_1_75' title="bbox 2197 1568 3798 1642; baseline -0.001 -16"><span class='ocrx_word' id='word_1_569' title='bbox 2197 1569 2394 1626; x_wconf 88' lang='lat' dir='ltr'><strong>Christi</strong></span> <span class='ocrx_word' id='word_1_570' title='bbox 2411 1568 2686 1640; x_wconf 87' lang='lat' dir='ltr'><strong>justificati</strong></span> <span class='ocrx_word' id='word_1_571' title='bbox 2711 1569 3026 1635; x_wconf 87' lang='lat' dir='ltr'><strong>liberentur,</strong></span> <span class='ocrx_word' id='word_1_572' title='bbox 3056 1581 3302 1642; x_wconf 87' lang='lat' dir='ltr'><strong>tanquam</strong></span> <span class='ocrx_word' id='word_1_573' title='bbox 3329 1572 3408 1626; x_wconf 90' lang='lat' dir='ltr'><strong>eis</strong></span> <span class='ocrx_word' id='word_1_574' title='bbox 3431 1587 3538 1626; x_wconf 91' lang='lat' dir='ltr'><strong>non</strong></span> <span class='ocrx_word' id='word_1_575' title='bbox 3564 1572 3798 1626; x_wconf 82' lang='lat' dir='ltr'><strong>sufficiat</strong></span> 
     </span>
    </p>
   </div>
   <div class='ocr_carea' id='block_1_75' title="bbox 2197 1661 3795 1734">
    <p class='ocr_par' dir='ltr' id='par_1_75' title="bbox 2197 1661 3795 1734">
     <span class='ocr_line' id='line_1_76' title="bbox 2197 1661 3795 1734; baseline 0.003 -19"><span class='ocrx_word' id='word_1_576' title='bbox 2197 1661 2309 1716; x_wconf 91' lang='lat' dir='ltr'><strong>sola</strong></span> <span class='ocrx_word' id='word_1_577' title='bbox 2353 1661 2457 1728; x_wconf 83' lang='lat' dir='ltr'><strong>lex,</strong></span> <span class='ocrx_word' id='word_1_578' title='bbox 2501 1672 2719 1732; x_wconf 88' lang='lat' dir='ltr'><strong>propter</strong></span> <span class='ocrx_word' id='word_1_579' title='bbox 2764 1663 2980 1718; x_wconf 88' lang='lat' dir='ltr'><strong>nimiam</strong></span> <span class='ocrx_word' id='word_1_580' title='bbox 3027 1664 3278 1734; x_wconf 88' lang='lat' dir='ltr'><strong>peccandi</strong></span> <span class='ocrx_word' id='word_1_581' title='bbox 3326 1665 3795 1732; x_wconf 74' lang='lat' dir='ltr'><strong>consuetudinem,</strong></span> 
     </span>
    </p>
   </div>
   <div class='ocr_carea' id='block_1_76' title="bbox 2198 1749 3798 1826">
    <p class='ocr_par' dir='ltr' id='par_1_76' title="bbox 2198 1749 3798 1826">
     <span class='ocr_line' id='line_1_77' title="bbox 2198 1749 3798 1826; baseline 0.002 -20"><span class='ocrx_word' id='word_1_582' title='bbox 2198 1751 2299 1806; x_wconf 90' lang='lat' dir='ltr'><strong>nisi</strong></span> <span class='ocrx_word' id='word_1_583' title='bbox 2326 1749 2521 1807; x_wconf 87' lang='lat' dir='ltr'><strong>Christi</strong></span> <span class='ocrx_word' id='word_1_584' title='bbox 2546 1751 2786 1820; x_wconf 85' lang='lat' dir='ltr'><strong>accedat,</strong></span> <span class='ocrx_word' id='word_1_585' title='bbox 2815 1770 2919 1808; x_wconf 92' lang='lat' dir='ltr'><strong>non</strong></span> <span class='ocrx_word' id='word_1_586' title='bbox 2952 1753 3226 1824; x_wconf 86' lang='lat' dir='ltr'><strong>iuspiratio</strong></span> <span class='ocrx_word' id='word_1_587' title='bbox 3255 1754 3528 1810; x_wconf 88' lang='lat' dir='ltr'><strong>charitatis</strong></span> <span class='ocrx_word' id='word_1_588' title='bbox 3552 1771 3646 1826; x_wconf 83' lang='lat' dir='ltr'><strong>per</strong></span> <span class='ocrx_word' id='word_1_589' title='bbox 3664 1757 3798 1826; x_wconf 77' lang='lat' dir='ltr'><strong>Spi-</strong></span> 
     </span>
    </p>
   </div>
   <div class='ocr_carea' id='block_1_77' title="bbox 2199 1844 3794 1913">
    <p class='ocr_par' dir='ltr' id='par_1_77' title="bbox 2199 1844 3794 1913">
     <span class='ocr_line' id='line_1_78' title="bbox 2199 1844 3794 1913; baseline 0.003 -15"><span class='ocrx_word' id='word_1_590' title='bbox 2199 1844 2358 1898; x_wconf 90' lang='lat' dir='ltr'><strong>ritum</strong></span> <span class='ocrx_word' id='word_1_591' title='bbox 2388 1854 2627 1900; x_wconf 89' lang='lat' dir='ltr'><strong>sanctum</strong></span> <span class='ocrx_word' id='word_1_592' title='bbox 2649 1887 2665 1913; x_wconf 92' lang='lat'><strong>,</strong></span> <span class='ocrx_word' id='word_1_593' title='bbox 2696 1846 2788 1901; x_wconf 90' lang='lat' dir='ltr'><strong>sed</strong></span> <span class='ocrx_word' id='word_1_594' title='bbox 2831 1846 3143 1902; x_wconf 89' lang='lat' dir='ltr'><strong>intuendum</strong></span> <span class='ocrx_word' id='word_1_595' title='bbox 3171 1857 3226 1902; x_wconf 91' lang='lat' dir='ltr'><strong>et</strong></span> <span class='ocrx_word' id='word_1_596' title='bbox 3252 1847 3564 1903; x_wconf 88' lang='lat' dir='ltr'><strong>imitandum</strong></span> <span class='ocrx_word' id='word_1_597' title='bbox 3603 1851 3659 1904; x_wconf 87' lang='lat' dir='ltr'><strong>in</strong></span> <span class='ocrx_word' id='word_1_598' title='bbox 3688 1849 3794 1903; x_wconf 76' lang='lat' dir='ltr'><strong>do-</strong></span> 
     </span>
    </p>
   </div>
   <div class='ocr_carea' id='block_1_78' title="bbox 2199 1936 3796 2010">
    <p class='ocr_par' dir='ltr' id='par_1_78' title="bbox 2199 1936 3796 2010">
     <span class='ocr_line' id='line_1_79' title="bbox 2199 1936 3796 2010; baseline 0.004 -20"><span class='ocrx_word' id='word_1_599' title='bbox 2199 1936 2368 1990; x_wconf 88' lang='lat' dir='ltr'><strong>ctrina</strong></span> <span class='ocrx_word' id='word_1_600' title='bbox 2411 1936 2716 2007; x_wconf 87' lang='lat' dir='ltr'><strong>evangelica</strong></span> <span class='ocrx_word' id='word_1_601' title='bbox 2753 1936 2964 1992; x_wconf 86' lang='lat' dir='ltr'><strong>virtutis</strong></span> <span class='ocrx_word' id='word_1_602' title='bbox 3001 1939 3117 2007; x_wconf 89' lang='lat' dir='ltr'><strong>ejus</strong></span> <span class='ocrx_word' id='word_1_603' title='bbox 3152 1941 3480 2010; x_wconf 85' lang='lat' dir='ltr'><strong>exemplum.</strong></span> <span class='ocrx_word' id='word_1_604' title='bbox 3534 1941 3603 1995; x_wconf 83' lang='lat' dir='ltr'><strong>Et</strong></span> <span class='ocrx_word' id='word_1_605' title='bbox 3643 1949 3796 1996; x_wconf 81' lang='lat' dir='ltr'><strong>certe</strong></span> 
     </span>
    </p>
   </div>
   <div class='ocr_carea' id='block_1_79' title="bbox 2200 2025 3798 2100">
    <p class='ocr_par' dir='ltr' id='par_1_79' title="bbox 2200 2025 3798 2100">
     <span class='ocr_line' id='line_1_80' title="bbox 2200 2025 3798 2100; baseline 0.004 -20"><span class='ocrx_word' id='word_1_606' title='bbox 2200 2026 2431 2080; x_wconf 81' lang='lat' dir='ltr'><strong>maxima</strong></span> <span class='ocrx_word' id='word_1_607' title='bbox 2478 2025 2566 2081; x_wconf 91' lang='lat' dir='ltr'><strong>hic</strong></span> <span class='ocrx_word' id='word_1_608' title='bbox 2601 2035 2720 2082; x_wconf 90' lang='lat' dir='ltr'><strong>erat</strong></span> <span class='ocrx_word' id='word_1_609' title='bbox 2761 2043 2919 2082; x_wconf 89' lang='lat' dir='ltr'><strong>causa</strong></span> <span class='ocrx_word' id='word_1_610' title='bbox 2964 2028 3342 2098; x_wconf 78' lang='lat' dir='ltr'><strong>exprimendi,</strong></span> <span class='ocrx_word' id='word_1_611' title='bbox 3389 2045 3548 2100; x_wconf 88' lang='lat' dir='ltr'><strong>quam</strong></span> <span class='ocrx_word' id='word_1_612' title='bbox 3589 2031 3798 2088; x_wconf 88' lang='lat' dir='ltr'><strong>diceret</strong></span> 
     </span>
    </p>
   </div>
   <div class='ocr_carea' id='block_1_80' title="bbox 2199 2117 3789 2191">
    <p class='ocr_par' dir='ltr' id='par_1_80' title="bbox 2199 2117 3789 2191">
     <span class='ocr_line' id='line_1_81' title="bbox 2199 2117 3789 2191; baseline 0.004 -21"><span class='ocrx_word' id='word_1_613' title='bbox 2199 2117 2446 2186; x_wconf 82' lang='lat' dir='ltr'><strong>gratiam,</strong></span> <span class='ocrx_word' id='word_1_614' title='bbox 2475 2117 2560 2172; x_wconf 90' lang='lat' dir='ltr'><strong>ubi</strong></span> <span class='ocrx_word' id='word_1_615' title='bbox 2590 2119 2764 2174; x_wconf 91' lang='lat' dir='ltr'><strong>locum</strong></span> <span class='ocrx_word' id='word_1_616' title='bbox 2793 2119 2965 2188; x_wconf 91' lang='lat' dir='ltr'><strong>ipsum</strong></span> <span class='ocrx_word' id='word_1_617' title='bbox 2991 2119 3058 2174; x_wconf 88' lang='lat' dir='ltr'><strong>de</strong></span> <span class='ocrx_word' id='word_1_618' title='bbox 3084 2135 3190 2190; x_wconf 92' lang='lat' dir='ltr'><strong>quo</strong></span> <span class='ocrx_word' id='word_1_619' title='bbox 3215 2121 3523 2191; x_wconf 84' lang='lat' dir='ltr'><strong>respondet,</strong></span> <span class='ocrx_word' id='word_1_620' title='bbox 3546 2121 3626 2176; x_wconf 91' lang='lat' dir='ltr'><strong>sic</strong></span> <span class='ocrx_word' id='word_1_621' title='bbox 3655 2137 3789 2176; x_wconf 89' lang='lat' dir='ltr'><strong>con-</strong></span> 
     </span>
    </p>
   </div>
   <div class='ocr_carea' id='block_1_81' title="bbox 2201 2207 3794 2284">
    <p class='ocr_par' dir='ltr' id='par_1_81' title="bbox 2201 2207 3794 2284">
     <span class='ocr_line' id='line_1_82' title="bbox 2201 2207 3794 2284; baseline 0.002 -22"><span class='ocrx_word' id='word_1_622' title='bbox 2201 2207 2358 2262; x_wconf 86' lang='lat' dir='ltr'><strong>clusit</strong></span> <span class='ocrx_word' id='word_1_623' title='bbox 2385 2209 2670 2278; x_wconf 84' lang='lat' dir='ltr'><strong>Apostolus</strong></span> <span class='ocrx_word' id='word_1_624' title='bbox 2690 2251 2704 2275; x_wconf 94' lang='lat'><strong>,</strong></span> <span class='ocrx_word' id='word_1_625' title='bbox 2737 2217 2796 2264; x_wconf 75' lang='lat' dir='ltr'><strong>ut</strong></span> <span class='ocrx_word' id='word_1_626' title='bbox 2821 2209 3023 2265; x_wconf 86' lang='lat' dir='ltr'><strong>diceret</strong></span> <span class='ocrx_word' id='word_1_627' title='bbox 3055 2228 3068 2262; x_wconf 89' lang='lat'><strong>:</strong></span> <span class='ocrx_word' id='word_1_628' title='bbox 3111 2209 3306 2281; x_wconf 74' lang='lat' dir='ltr'><strong>Infelix</strong></span> <span class='ocrx_word' id='word_1_629' title='bbox 3329 2227 3421 2281; x_wconf 84' lang='lat' dir='ltr'><strong>ego</strong></span> <span class='ocrx_word' id='word_1_630' title='bbox 3469 2211 3639 2279; x_wconf 86' lang='lat' dir='ltr'><strong>homo,</strong></span> <span class='ocrx_word' id='word_1_631' title='bbox 3679 2213 3794 2284; x_wconf 75' lang='lat' dir='ltr'><strong>quis</strong></span> 
     </span>
    </p>
   </div>
   <div class='ocr_carea' id='block_1_82' title="bbox 2202 2298 3796 2374">
    <p class='ocr_par' dir='ltr' id='par_1_82' title="bbox 2202 2298 3796 2374">
     <span class='ocr_line' id='line_1_83' title="bbox 2202 2298 3796 2374; baseline 0.004 -22"><span class='ocrx_word' id='word_1_632' title='bbox 2202 2315 2282 2353; x_wconf 88' lang='lat' dir='ltr'><strong>me</strong></span> <span class='ocrx_word' id='word_1_633' title='bbox 2305 2298 2530 2354; x_wconf 79' lang='lat' dir='ltr'><strong>liberabit</strong></span> <span class='ocrx_word' id='word_1_634' title='bbox 2573 2299 2636 2354; x_wconf 86' lang='lat' dir='ltr'><strong>de</strong></span> <span class='ocrx_word' id='word_1_635' title='bbox 2671 2317 2882 2372; x_wconf 84' lang='lat' dir='ltr'><strong>corpore</strong></span> <span class='ocrx_word' id='word_1_636' title='bbox 2908 2302 3081 2356; x_wconf 79' lang='lat' dir='ltr'><strong>mortis</strong></span> <span class='ocrx_word' id='word_1_637' title='bbox 3110 2301 3304 2372; x_wconf 74' lang='lat' dir='ltr'><strong>hujus?</strong></span> <span class='ocrx_word' id='word_1_638' title='bbox 3345 2302 3522 2358; x_wconf 85' lang='lat' dir='ltr'><strong>Gratia</strong></span> <span class='ocrx_word' id='word_1_639' title='bbox 3562 2302 3661 2358; x_wconf 85' lang='lat' dir='ltr'><strong>Dei</strong></span> <span class='ocrx_word' id='word_1_640' title='bbox 3703 2321 3796 2374; x_wconf 84' lang='lat' dir='ltr'><strong>per</strong></span> 
     </span>
    </p>
   </div>
   <div class='ocr_carea' id='block_1_83' title="bbox 2202 2387 3794 2464">
    <p class='ocr_par' dir='ltr' id='par_1_83' title="bbox 2202 2387 3794 2464">
     <span class='ocr_line' id='line_1_84' title="bbox 2202 2387 3794 2464; baseline 0.004 -22"><span class='ocrx_word' id='word_1_641' title='bbox 2202 2387 2380 2444; x_wconf 70' lang='lat' dir='ltr'><strong>Iesum</strong></span> <span class='ocrx_word' id='word_1_642' title='bbox 2407 2389 2661 2444; x_wconf 76' lang='lat' dir='ltr'><strong>Christum</strong></span> <span class='ocrx_word' id='word_1_643' title='bbox 2690 2390 2964 2446; x_wconf 86' lang='lat' dir='ltr'><strong>Dominum</strong></span> <span class='ocrx_word' id='word_1_644' title='bbox 2993 2403 3220 2447; x_wconf 78' lang='lat' dir='ltr'><strong>nostrum</strong></span> <span class='ocrx_word' id='word_1_645' title='bbox 3244 2393 3418 2464; x_wconf 88' lang='lat' dir='ltr'><strong>(Rom.</strong></span> <span class='ocrx_word' id='word_1_646' title='bbox 3451 2408 3542 2456; x_wconf 78' lang='lat' dir='ltr'><strong>vit,</strong></span> <span class='ocrx_word' id='word_1_647' title='bbox 3571 2394 3659 2457; x_wconf 76' lang='grc'><strong>15,</strong></span> <span class='ocrx_word' id='word_1_648' title='bbox 3687 2393 3794 2448; x_wconf 75' lang='grc'><strong>25-</strong></span> 
     </span>
    </p>
   </div>
   <div class='ocr_carea' id='block_1_84' title="bbox 2202 2478 3796 2553">
    <p class='ocr_par' dir='ltr' id='par_1_84' title="bbox 2202 2478 3796 2553">
     <span class='ocr_line' id='line_1_85' title="bbox 2202 2478 3796 2553; baseline 0.005 -22"><span class='ocrx_word' id='word_1_649' title='bbox 2202 2478 2316 2550; x_wconf 74' lang='grc'><strong>25).</strong></span> <span class='ocrx_word' id='word_1_650' title='bbox 2349 2479 2496 2535; x_wconf 82' lang='lat' dir='ltr'><strong>Ilaec</strong></span> <span class='ocrx_word' id='word_1_651' title='bbox 2535 2481 2636 2536; x_wconf 89' lang='lat' dir='ltr'><strong>istc</strong></span> <span class='ocrx_word' id='word_1_652' title='bbox 2663 2497 2784 2536; x_wconf 89' lang='lat' dir='ltr'><strong>cum</strong></span> <span class='ocrx_word' id='word_1_653' title='bbox 2829 2483 3153 2548; x_wconf 90' lang='lat' dir='ltr'><strong>constituat,</strong></span> <span class='ocrx_word' id='word_1_654' title='bbox 3185 2497 3291 2538; x_wconf 93' lang='lat' dir='ltr'><strong>non</strong></span> <span class='ocrx_word' id='word_1_655' title='bbox 3334 2483 3386 2537; x_wconf 90' lang='lat' dir='ltr'><strong>in</strong></span> <span class='ocrx_word' id='word_1_656' title='bbox 3431 2484 3636 2538; x_wconf 84' lang='lat' dir='ltr'><strong>virtutis</strong></span> <span class='ocrx_word' id='word_1_657' title='bbox 3677 2483 3796 2553; x_wconf 89' lang='lat' dir='ltr'><strong>ejus</strong></span> 
     </span>
    </p>
   </div>
   <div class='ocr_carea' id='block_1_85' title="bbox 2206 2569 3796 2642">
    <p class='ocr_par' dir='ltr' id='par_1_85' title="bbox 2206 2569 3796 2642">
     <span class='ocr_line' id='line_1_86' title="bbox 2206 2569 3796 2642; baseline 0.003 -20"><span class='ocrx_word' id='word_1_658' title='bbox 2206 2569 2422 2635; x_wconf 87' lang='lat' dir='ltr'><strong>auxilio,</strong></span> <span class='ocrx_word' id='word_1_659' title='bbox 2456 2570 2550 2626; x_wconf 90' lang='lat' dir='ltr'><strong>sed</strong></span> <span class='ocrx_word' id='word_1_660' title='bbox 2580 2571 2891 2626; x_wconf 88' lang='lat' dir='ltr'><strong>imitationis</strong></span> <span class='ocrx_word' id='word_1_661' title='bbox 2918 2573 3181 2642; x_wconf 82' lang='lat' dir='ltr'><strong>exemplo,</strong></span> <span class='ocrx_word' id='word_1_662' title='bbox 3216 2572 3340 2642; x_wconf 86' lang='lat' dir='ltr'><strong>quid</strong></span> <span class='ocrx_word' id='word_1_663' title='bbox 3369 2573 3595 2642; x_wconf 90' lang='lat' dir='ltr'><strong>amplius</strong></span> <span class='ocrx_word' id='word_1_664' title='bbox 3614 2573 3680 2627; x_wconf 90' lang='lat' dir='ltr'><strong>de</strong></span> <span class='ocrx_word' id='word_1_665' title='bbox 3700 2575 3796 2628; x_wconf 89' lang='lat' dir='ltr'><strong>illo</strong></span> 
     </span>
    </p>
   </div>
   <div class='ocr_carea' id='block_1_86' title="bbox 2208 2661 3797 2734">
    <p class='ocr_par' dir='ltr' id='par_1_86' title="bbox 2208 2661 3797 2734">
     <span class='ocr_line' id='line_1_87' title="bbox 2208 2661 3797 2734; baseline 0.003 -20"><span class='ocrx_word' id='word_1_666' title='bbox 2208 2675 2425 2730; x_wconf 85' lang='lat' dir='ltr'><strong>sperare</strong></span> <span class='ocrx_word' id='word_1_667' title='bbox 2451 2661 2731 2730; x_wconf 87' lang='lat' dir='ltr'><strong>debemus,</strong></span> <span class='ocrx_word' id='word_1_668' title='bbox 2760 2662 3076 2732; x_wconf 86' lang='lat' dir='ltr'><strong>ubicumque</strong></span> <span class='ocrx_word' id='word_1_669' title='bbox 3103 2664 3286 2734; x_wconf 73' lang='lat' dir='ltr'><strong>gratia:</strong></span> <span class='ocrx_word' id='word_1_670' title='bbox 3311 2678 3508 2718; x_wconf 89' lang='lat' dir='ltr'><strong>nomen</strong></span> <span class='ocrx_word' id='word_1_671' title='bbox 3547 2665 3646 2720; x_wconf 90' lang='lat' dir='ltr'><strong>sub</strong></span> <span class='ocrx_word' id='word_1_672' title='bbox 3679 2679 3797 2719; x_wconf 84' lang='lat' dir='ltr'><strong>am-</strong></span> 
     </span>
    </p>
   </div>
   <div class='ocr_carea' id='block_1_87' title="bbox 2207 2749 3173 2820">
    <p class='ocr_par' dir='ltr' id='par_1_87' title="bbox 2207 2749 3173 2820">
     <span class='ocr_line' id='line_1_88' title="bbox 2207 2749 3173 2820; baseline 0.001 -14"><span class='ocrx_word' id='word_1_673' title='bbox 2207 2749 2360 2820; x_wconf 88' lang='lat' dir='ltr'><strong>bigua</strong></span> <span class='ocrx_word' id='word_1_674' title='bbox 2389 2753 2732 2820; x_wconf 85' lang='lat' dir='ltr'><strong>generalitate</strong></span> <span class='ocrx_word' id='word_1_675' title='bbox 2756 2753 3173 2808; x_wconf 84' lang='lat' dir='ltr'><strong>commemorat?</strong></span> 
     </span>
    </p>
   </div>
   <div class='ocr_carea' id='block_1_88' title="bbox 2277 2838 3794 2916">
    <p class='ocr_par' dir='ltr' id='par_1_88' title="bbox 2277 2838 3794 2916">
     <span class='ocr_line' id='line_1_89' title="bbox 2277 2838 3794 2916; baseline 0.003 -20"><span class='ocrx_word' id='word_1_676' title='bbox 2277 2838 2503 2896; x_wconf 82' lang='lat' dir='ltr'><strong>CAPUT</strong></span> <span class='ocrx_word' id='word_1_677' title='bbox 2533 2841 2645 2897; x_wconf 87' lang='lat' dir='ltr'><strong>XL.</strong></span> <span class='ocrx_word' id='word_1_678' title='bbox 2675 2872 2748 2882; x_wconf 95' lang='lat'><strong>—</strong></span> <span class='ocrx_word' id='word_1_679' title='bbox 2773 2843 2862 2898; x_wconf 71' lang='grc'><strong>44.</strong></span> <span class='ocrx_word' id='word_1_680' title='bbox 2894 2842 3024 2898; x_wconf 90' lang='lat' dir='ltr'><strong>ltcm</strong></span> <span class='ocrx_word' id='word_1_681' title='bbox 3058 2843 3111 2898; x_wconf 92' lang='lat' dir='ltr'><strong>in</strong></span> <span class='ocrx_word' id='word_1_682' title='bbox 3141 2843 3330 2898; x_wconf 90' lang='lat' dir='ltr'><strong>eodem</strong></span> <span class='ocrx_word' id='word_1_683' title='bbox 3374 2843 3510 2900; x_wconf 91' lang='lat' dir='ltr'><strong>libro</strong></span> <span class='ocrx_word' id='word_1_684' title='bbox 3539 2844 3604 2899; x_wconf 88' lang='lat' dir='ltr'><strong>ad</strong></span> <span class='ocrx_word' id='word_1_685' title='bbox 3630 2845 3794 2916; x_wconf 85' lang='lat' dir='ltr'><strong>virgi-</strong></span> 
     </span>
    </p>
   </div>
   <div class='ocr_carea' id='block_1_89' title="bbox 2206 2933 3799 3004">
    <p class='ocr_par' dir='ltr' id='par_1_89' title="bbox 2206 2933 3799 3004">
     <span class='ocr_line' id='line_1_90' title="bbox 2206 2933 3799 3004; baseline 0.004 -18"><span class='ocrx_word' id='word_1_686' title='bbox 2206 2946 2329 2988; x_wconf 92' lang='lat' dir='ltr'><strong>nem</strong></span> <span class='ocrx_word' id='word_1_687' title='bbox 2357 2945 2562 2987; x_wconf 83' lang='lat' dir='ltr'><strong>sacram</strong></span> <span class='ocrx_word' id='word_1_688' title='bbox 2588 2974 2602 3000; x_wconf 89' lang='lat'><strong>,</strong></span> <span class='ocrx_word' id='word_1_689' title='bbox 2636 2933 2777 2988; x_wconf 90' lang='lat' dir='ltr'><strong>unde</strong></span> <span class='ocrx_word' id='word_1_690' title='bbox 2795 2933 2906 3002; x_wconf 87' lang='lat' dir='ltr'><strong>jam</strong></span> <span class='ocrx_word' id='word_1_691' title='bbox 2931 2935 3091 2990; x_wconf 89' lang='lat' dir='ltr'><strong>etiam</strong></span> <span class='ocrx_word' id='word_1_692' title='bbox 3122 2949 3281 3004; x_wconf 90' lang='lat' dir='ltr'><strong>supra</strong></span> <span class='ocrx_word' id='word_1_693' title='bbox 3307 2933 3675 3002; x_wconf 84' lang='lat' dir='ltr'><strong>disseruimus,</strong></span> <span class='ocrx_word' id='word_1_694' title='bbox 3703 2937 3799 2992; x_wconf 88' lang='lat' dir='ltr'><strong>ubi</strong></span> 
     </span>
    </p>
   </div>
   <div class='ocr_carea' id='block_1_90' title="bbox 2205 3021 3800 3096">
    <p class='ocr_par' dir='ltr' id='par_1_90' title="bbox 2205 3021 3800 3096">
     <span class='ocr_line' id='line_1_91' title="bbox 2205 3021 3800 3096; baseline 0.006 -22"><span class='ocrx_word' id='word_1_695' title='bbox 2205 3021 2281 3075; x_wconf 89' lang='lat' dir='ltr'><strong>ait</strong></span> <span class='ocrx_word' id='word_1_696' title='bbox 2303 3039 2316 3073; x_wconf 86' lang='lat'><strong>:</strong></span> <span class='ocrx_word' id='word_1_697' title='bbox 2347 3021 2582 3077; x_wconf 64' lang='lat' dir='ltr'><strong>«Subditi</strong></span> <span class='ocrx_word' id='word_1_698' title='bbox 2601 3023 2766 3077; x_wconf 90' lang='lat' dir='ltr'><strong>simus</strong></span> <span class='ocrx_word' id='word_1_699' title='bbox 2787 3025 2918 3090; x_wconf 87' lang='lat' dir='ltr'><strong>Deo,</strong></span> <span class='ocrx_word' id='word_1_700' title='bbox 2941 3025 3160 3094; x_wconf 89' lang='lat' dir='ltr'><strong>ejusque</strong></span> <span class='ocrx_word' id='word_1_701' title='bbox 3179 3023 3423 3081; x_wconf 89' lang='lat' dir='ltr'><strong>faciendo</strong></span> <span class='ocrx_word' id='word_1_702' title='bbox 3443 3026 3800 3096; x_wconf 86' lang='lat' dir='ltr'><strong>voluntatem,</strong></span> 
     </span>
    </p>
   </div>
   <div class='ocr_carea' id='block_1_91' title="bbox 2206 3109 3802 3187">
    <p class='ocr_par' dir='ltr' id='par_1_91' title="bbox 2206 3109 3802 3187">
     <span class='ocr_line' id='line_1_92' title="bbox 2206 3109 3802 3187; baseline 0.005 -23"><span class='ocrx_word' id='word_1_703' title='bbox 2206 3109 2438 3166; x_wconf 89' lang='lat' dir='ltr'><strong>divinam</strong></span> <span class='ocrx_word' id='word_1_704' title='bbox 2465 3127 2764 3167; x_wconf 90' lang='lat' dir='ltr'><strong>mereamur</strong></span> <span class='ocrx_word' id='word_1_705' title='bbox 2787 3115 3030 3182; x_wconf 85' lang='lat' dir='ltr'><strong>gratiam,</strong></span> <span class='ocrx_word' id='word_1_706' title='bbox 3059 3123 3113 3169; x_wconf 89' lang='lat' dir='ltr'><strong>et</strong></span> <span class='ocrx_word' id='word_1_707' title='bbox 3145 3114 3354 3170; x_wconf 89' lang='lat' dir='ltr'><strong>facilius</strong></span> <span class='ocrx_word' id='word_1_708' title='bbox 3380 3131 3604 3186; x_wconf 87' lang='lat' dir='ltr'><strong>nequam</strong></span> <span class='ocrx_word' id='word_1_709' title='bbox 3633 3117 3802 3187; x_wconf 88' lang='lat' dir='ltr'><strong>spiri-</strong></span> 
     </span>
    </p>
   </div>
   <div class='ocr_carea' id='block_1_92' title="bbox 2207 3201 3804 3279">
    <p class='ocr_par' dir='ltr' id='par_1_92' title="bbox 2207 3201 3804 3279">
     <span class='ocr_line' id='line_1_93' title="bbox 2207 3201 3804 3279; baseline 0.006 -23"><span class='ocrx_word' id='word_1_710' title='bbox 2207 3203 2305 3266; x_wconf 93' lang='lat' dir='ltr'><strong>tui,</strong></span> <span class='ocrx_word' id='word_1_711' title='bbox 2339 3201 2508 3258; x_wconf 89' lang='lat' dir='ltr'><strong>sancti</strong></span> <span class='ocrx_word' id='word_1_712' title='bbox 2539 3203 2771 3273; x_wconf 90' lang='lat' dir='ltr'><strong>Spiritus</strong></span> <span class='ocrx_word' id='word_1_713' title='bbox 2812 3205 3030 3271; x_wconf 78' lang='lat' dir='ltr'><strong>auxilio,</strong></span> <span class='ocrx_word' id='word_1_714' title='bbox 3077 3207 3406 3262; x_wconf 90' lang='lat' dir='ltr'><strong>resistamus.</strong></span> <span class='ocrx_word' id='word_1_715' title='bbox 3437 3225 3460 3262; x_wconf 73' lang='grc' dir='ltr'><strong><em>ι</em></strong></span> <span class='ocrx_word' id='word_1_716' title='bbox 3505 3207 3562 3262; x_wconf 82' lang='grc' dir='ltr'><strong>1η</strong></span> <span class='ocrx_word' id='word_1_717' title='bbox 3605 3209 3804 3279; x_wconf 84' lang='lat' dir='ltr'><strong>quibus</strong></span> 
     </span>
    </p>
   </div>
   <div class='ocr_carea' id='block_1_93' title="bbox 2206 3292 3802 3364">
    <p class='ocr_par' dir='ltr' id='par_1_93' title="bbox 2206 3292 3802 3364">
     <span class='ocr_line' id='line_1_94' title="bbox 2206 3292 3802 3364; baseline 0.006 -17"><span class='ocrx_word' id='word_1_718' title='bbox 2206 3293 2324 3364; x_wconf 79' lang='lat' dir='ltr'><strong>eius</strong></span> <span class='ocrx_word' id='word_1_719' title='bbox 2347 3292 2526 3348; x_wconf 89' lang='lat' dir='ltr'><strong>verbis</strong></span> <span class='ocrx_word' id='word_1_720' title='bbox 2553 3301 2697 3349; x_wconf 89' lang='lat' dir='ltr'><strong>certe</strong></span> <span class='ocrx_word' id='word_1_721' title='bbox 2725 3292 3063 3350; x_wconf 90' lang='lat' dir='ltr'><strong>manifestum</strong></span> <span class='ocrx_word' id='word_1_722' title='bbox 3091 3303 3192 3360; x_wconf 86' lang='lat' dir='ltr'><strong>est,</strong></span> <span class='ocrx_word' id='word_1_723' title='bbox 3240 3297 3312 3351; x_wconf 90' lang='lat' dir='ltr'><strong>ita</strong></span> <span class='ocrx_word' id='word_1_724' title='bbox 3347 3313 3469 3352; x_wconf 90' lang='lat' dir='ltr'><strong>eum</strong></span> <span class='ocrx_word' id='word_1_725' title='bbox 3519 3299 3654 3355; x_wconf 90' lang='lat' dir='ltr'><strong>velle</strong></span> <span class='ocrx_word' id='word_1_726' title='bbox 3697 3315 3802 3356; x_wconf 90' lang='lat' dir='ltr'><strong>nos</strong></span> 
     </span>
    </p>
   </div>
   <div class='ocr_carea' id='block_1_94' title="bbox 2207 3384 3805 3460">
    <p class='ocr_par' dir='ltr' id='par_1_94' title="bbox 2207 3384 3805 3460">
     <span class='ocr_line' id='line_1_95' title="bbox 2207 3384 3805 3460; baseline 0.006 -21"><span class='ocrx_word' id='word_1_727' title='bbox 2207 3384 2446 3455; x_wconf 88' lang='lat' dir='ltr'><strong>adjuvari</strong></span> <span class='ocrx_word' id='word_1_728' title='bbox 2487 3387 2653 3460; x_wconf 86' lang='lat' dir='ltr'><strong>gratia</strong></span> <span class='ocrx_word' id='word_1_729' title='bbox 2703 3385 2934 3456; x_wconf 89' lang='lat' dir='ltr'><strong>Spiritus</strong></span> <span class='ocrx_word' id='word_1_730' title='bbox 2983 3389 3172 3452; x_wconf 71' lang='lat' dir='ltr'><strong>sancti,</strong></span> <span class='ocrx_word' id='word_1_731' title='bbox 3215 3405 3324 3444; x_wconf 91' lang='lat' dir='ltr'><strong>non</strong></span> <span class='ocrx_word' id='word_1_732' title='bbox 3375 3390 3499 3460; x_wconf 90' lang='lat' dir='ltr'><strong>quia</strong></span> <span class='ocrx_word' id='word_1_733' title='bbox 3544 3391 3660 3448; x_wconf 90' lang='lat' dir='ltr'><strong>sine</strong></span> <span class='ocrx_word' id='word_1_734' title='bbox 3705 3392 3805 3448; x_wconf 91' lang='lat' dir='ltr'><strong>illo</strong></span> 
     </span>
    </p>
   </div>
   <div class='ocr_carea' id='block_1_95' title="bbox 2209 3476 3803 3552">
    <p class='ocr_par' dir='ltr' id='par_1_95' title="bbox 2209 3476 3803 3552">
     <span class='ocr_line' id='line_1_96' title="bbox 2209 3476 3803 3552; baseline 0.006 -22"><span class='ocrx_word' id='word_1_735' title='bbox 2209 3476 2368 3530; x_wconf 89' lang='lat' dir='ltr'><strong>etiam</strong></span> <span class='ocrx_word' id='word_1_736' title='bbox 2392 3490 2486 3544; x_wconf 89' lang='lat' dir='ltr'><strong>per</strong></span> <span class='ocrx_word' id='word_1_737' title='bbox 2513 3477 2680 3532; x_wconf 86' lang='lat' dir='ltr'><strong>solam</strong></span> <span class='ocrx_word' id='word_1_738' title='bbox 2713 3484 2916 3533; x_wconf 72' lang='lat' dir='ltr'><strong>natura:</strong></span> <span class='ocrx_word' id='word_1_739' title='bbox 2946 3479 3350 3548; x_wconf 85' lang='lat' dir='ltr'><strong>possibilitatem</strong></span> <span class='ocrx_word' id='word_1_740' title='bbox 3377 3495 3484 3536; x_wconf 92' lang='lat' dir='ltr'><strong>non</strong></span> <span class='ocrx_word' id='word_1_741' title='bbox 3515 3497 3803 3552; x_wconf 87' lang='lat' dir='ltr'><strong>possumus</strong></span> 
     </span>
    </p>
   </div>
   <div class='ocr_carea' id='block_1_96' title="bbox 2210 3568 3804 3642">
    <p class='ocr_par' dir='ltr' id='par_1_96' title="bbox 2210 3568 3804 3642">
     <span class='ocr_line' id='line_1_97' title="bbox 2210 3568 3804 3642; baseline 0.005 -20"><span class='ocrx_word' id='word_1_742' title='bbox 2210 3568 2464 3624; x_wconf 84' lang='lat' dir='ltr'><strong>resistere</strong></span> <span class='ocrx_word' id='word_1_743' title='bbox 2494 3568 2741 3624; x_wconf 83' lang='lat' dir='ltr'><strong>teutatori</strong></span> <span class='ocrx_word' id='word_1_744' title='bbox 2763 3609 2778 3634; x_wconf 94' lang='lat'><strong>,</strong></span> <span class='ocrx_word' id='word_1_745' title='bbox 2804 3569 2901 3625; x_wconf 88' lang='lat' dir='ltr'><strong>sed</strong></span> <span class='ocrx_word' id='word_1_746' title='bbox 2931 3578 2990 3624; x_wconf 90' lang='lat' dir='ltr'><strong>ut</strong></span> <span class='ocrx_word' id='word_1_747' title='bbox 3033 3569 3238 3627; x_wconf 87' lang='lat' dir='ltr'><strong>facilius</strong></span> <span class='ocrx_word' id='word_1_748' title='bbox 3265 3573 3597 3628; x_wconf 89' lang='lat' dir='ltr'><strong>resistamus.</strong></span> <span class='ocrx_word' id='word_1_749' title='bbox 3643 3574 3804 3642; x_wconf 87' lang='lat' dir='ltr'><strong>Quod</strong></span> 
     </span>
    </p>
   </div>
   <div class='ocr_carea' id='block_1_97' title="bbox 2211 3658 3796 3734">
    <p class='ocr_par' dir='ltr' id='par_1_97' title="bbox 2211 3658 3796 3734">
     <span class='ocr_line' id='line_1_98' title="bbox 2211 3658 3796 3734; baseline 0.004 -22"><span class='ocrx_word' id='word_1_750' title='bbox 2211 3669 2386 3712; x_wconf 81' lang='lat' dir='ltr'><strong>tamen</strong></span> <span class='ocrx_word' id='word_1_751' title='bbox 2412 3658 2796 3729; x_wconf 89' lang='lat' dir='ltr'><strong>qualecumque</strong></span> <span class='ocrx_word' id='word_1_752' title='bbox 2819 3668 2873 3716; x_wconf 91' lang='lat' dir='ltr'><strong>et</strong></span> <span class='ocrx_word' id='word_1_753' title='bbox 2891 3663 3430 3733; x_wconf 88' lang='lat' dir='ltr'><strong>quantulumcumque</strong></span> <span class='ocrx_word' id='word_1_754' title='bbox 3451 3663 3796 3734; x_wconf 88' lang='lat' dir='ltr'><strong>adjutorium,</strong></span> 
     </span>
    </p>
   </div>
   <div class='ocr_carea' id='block_1_98' title="bbox 2211 3749 3802 3824">
    <p class='ocr_par' dir='ltr' id='par_1_98' title="bbox 2211 3749 3802 3824">
     <span class='ocr_line' id='line_1_99' title="bbox 2211 3749 3802 3824; baseline 0.005 -20"><span class='ocrx_word' id='word_1_755' title='bbox 2211 3765 2332 3804; x_wconf 84' lang='lat' dir='ltr'><strong>eum</strong></span> <span class='ocrx_word' id='word_1_756' title='bbox 2357 3749 2614 3806; x_wconf 88' lang='lat' dir='ltr'><strong>credibile</strong></span> <span class='ocrx_word' id='word_1_757' title='bbox 2642 3760 2725 3806; x_wconf 89' lang='lat' dir='ltr'><strong>est</strong></span> <span class='ocrx_word' id='word_1_758' title='bbox 2753 3752 2805 3806; x_wconf 93' lang='lat' dir='ltr'><strong>in</strong></span> <span class='ocrx_word' id='word_1_759' title='bbox 2835 3753 2936 3807; x_wconf 91' lang='lat' dir='ltr'><strong>hoc</strong></span> <span class='ocrx_word' id='word_1_760' title='bbox 2965 3755 3313 3822; x_wconf 90' lang='lat' dir='ltr'><strong>constituere,</strong></span> <span class='ocrx_word' id='word_1_761' title='bbox 3343 3755 3483 3824; x_wconf 89' lang='lat' dir='ltr'><strong>quod</strong></span> <span class='ocrx_word' id='word_1_762' title='bbox 3514 3755 3674 3810; x_wconf 92' lang='lat' dir='ltr'><strong>nobis</strong></span> <span class='ocrx_word' id='word_1_763' title='bbox 3701 3756 3802 3812; x_wconf 85' lang='lat' dir='ltr'><strong>ad-</strong></span> 
     </span>
    </p>
   </div>
   <div class='ocr_carea' id='block_1_99' title="bbox 2209 3841 3802 3916">
    <p class='ocr_par' dir='ltr' id='par_1_99' title="bbox 2209 3841 3802 3916">
     <span class='ocr_line' id='line_1_100' title="bbox 2209 3841 3802 3916; baseline 0.004 -19"><span class='ocrx_word' id='word_1_764' title='bbox 2209 3841 2352 3897; x_wconf 88' lang='lat' dir='ltr'><strong>ditur</strong></span> <span class='ocrx_word' id='word_1_765' title='bbox 2377 3841 2598 3898; x_wconf 90' lang='lat' dir='ltr'><strong>scientia</strong></span> <span class='ocrx_word' id='word_1_766' title='bbox 2630 3843 2898 3900; x_wconf 85' lang='lat' dir='ltr'><strong>revelante</strong></span> <span class='ocrx_word' id='word_1_767' title='bbox 2925 3842 3126 3914; x_wconf 88' lang='lat' dir='ltr'><strong>Spiritu</strong></span> <span class='ocrx_word' id='word_1_768' title='bbox 3166 3861 3260 3915; x_wconf 87' lang='lat' dir='ltr'><strong>per</strong></span> <span class='ocrx_word' id='word_1_769' title='bbox 3286 3847 3606 3909; x_wconf 86' lang='lat' dir='ltr'><strong>doctrinam.</strong></span> <span class='ocrx_word' id='word_1_770' title='bbox 3637 3863 3802 3916; x_wconf 85' lang='lat' dir='ltr'><strong>quam</strong></span> 
     </span>
    </p>
   </div>
   <div class='ocr_carea' id='block_1_100' title="bbox 2210 3933 3792 4008">
    <p class='ocr_par' dir='ltr' id='par_1_100' title="bbox 2210 3933 3792 4008">
     <span class='ocr_line' id='line_1_101' title="bbox 2210 3933 3792 4008; baseline 0.005 -22"><span class='ocrx_word' id='word_1_771' title='bbox 2210 3933 2294 3988; x_wconf 84' lang='lat' dir='ltr'><strong>vel</strong></span> <span class='ocrx_word' id='word_1_772' title='bbox 2323 3947 2429 3988; x_wconf 93' lang='lat' dir='ltr'><strong>non</strong></span> <span class='ocrx_word' id='word_1_773' title='bbox 2454 3948 2760 4005; x_wconf 89' lang='lat' dir='ltr'><strong>possumus,</strong></span> <span class='ocrx_word' id='word_1_774' title='bbox 2789 3935 2876 3990; x_wconf 83' lang='lat' dir='ltr'><strong>vel</strong></span> <span class='ocrx_word' id='word_1_775' title='bbox 2903 3935 3117 3990; x_wconf 83' lang='lat' dir='ltr'><strong>difficile</strong></span> <span class='ocrx_word' id='word_1_776' title='bbox 3140 3936 3333 3992; x_wconf 87' lang='lat' dir='ltr'><strong>habere</strong></span> <span class='ocrx_word' id='word_1_777' title='bbox 3376 3952 3660 4007; x_wconf 86' lang='lat' dir='ltr'><strong>possumus</strong></span> <span class='ocrx_word' id='word_1_778' title='bbox 3689 3953 3792 4008; x_wconf 87' lang='lat' dir='ltr'><strong>per</strong></span> 
     </span>
    </p>
   </div>
   <div class='ocr_carea' id='block_1_101' title="bbox 2213 4023 3802 4100">
    <p class='ocr_par' dir='ltr' id='par_1_101' title="bbox 2213 4023 3802 4100">
     <span class='ocr_line' id='line_1_102' title="bbox 2213 4023 3802 4100; baseline 0.006 -24"><span class='ocrx_word' id='word_1_779' title='bbox 2213 4029 2481 4082; x_wconf 86' lang='lat' dir='ltr'><strong>naturam.</strong></span> <span class='ocrx_word' id='word_1_780' title='bbox 2515 4023 2616 4078; x_wconf 89' lang='lat' dir='ltr'><strong>Ista</strong></span> <span class='ocrx_word' id='word_1_781' title='bbox 2661 4031 2786 4080; x_wconf 89' lang='lat' dir='ltr'><strong>sunt</strong></span> <span class='ocrx_word' id='word_1_782' title='bbox 2823 4041 2943 4094; x_wconf 80' lang='lat' dir='ltr'><strong>qua:</strong></span> <span class='ocrx_word' id='word_1_783' title='bbox 2985 4025 3042 4081; x_wconf 91' lang='lat' dir='ltr'><strong>in</strong></span> <span class='ocrx_word' id='word_1_784' title='bbox 3079 4027 3248 4090; x_wconf 88' lang='lat' dir='ltr'><strong>libro,</strong></span> <span class='ocrx_word' id='word_1_785' title='bbox 3295 4043 3453 4097; x_wconf 89' lang='lat' dir='ltr'><strong>quem</strong></span> <span class='ocrx_word' id='word_1_786' title='bbox 3495 4028 3802 4100; x_wconf 81' lang='lat' dir='ltr'><strong>scripsitad</strong></span> 
     </span>
    </p>
   </div>
   <div class='ocr_carea' id='block_1_102' title="bbox 2211 4113 3802 4192">
    <p class='ocr_par' dir='ltr' id='par_1_102' title="bbox 2211 4113 3802 4192">
     <span class='ocr_line' id='line_1_103' title="bbox 2211 4113 3802 4192; baseline 0.006 -25"><span class='ocrx_word' id='word_1_787' title='bbox 2211 4115 2470 4184; x_wconf 83' lang='lat' dir='ltr'><strong>virginem</strong></span> <span class='ocrx_word' id='word_1_788' title='bbox 2513 4113 2730 4182; x_wconf 86' lang='lat' dir='ltr'><strong>Christi,</strong></span> <span class='ocrx_word' id='word_1_789' title='bbox 2779 4115 3056 4174; x_wconf 84' lang='lat' dir='ltr'><strong>advertere</strong></span> <span class='ocrx_word' id='word_1_790' title='bbox 3102 4119 3268 4188; x_wconf 88' lang='lat' dir='ltr'><strong>potui,</strong></span> <span class='ocrx_word' id='word_1_791' title='bbox 3312 4120 3401 4176; x_wconf 88' lang='lat' dir='ltr'><strong>ubi</strong></span> <span class='ocrx_word' id='word_1_792' title='bbox 3428 4121 3639 4178; x_wconf 89' lang='lat' dir='ltr'><strong>videtur</strong></span> <span class='ocrx_word' id='word_1_793' title='bbox 3673 4138 3802 4192; x_wconf 81' lang='lat' dir='ltr'><strong>gra-</strong></span> 
     </span>
    </p>
   </div>
   <div class='ocr_carea' id='block_1_103' title="bbox 2215 4204 3804 4283">
    <p class='ocr_par' dir='ltr' id='par_1_103' title="bbox 2215 4204 3804 4283">
     <span class='ocr_line' id='line_1_104' title="bbox 2215 4204 3804 4283; baseline 0.007 -25"><span class='ocrx_word' id='word_1_794' title='bbox 2215 4204 2344 4260; x_wconf 87' lang='lat' dir='ltr'><strong>tiam</strong></span> <span class='ocrx_word' id='word_1_795' title='bbox 2368 4204 2610 4272; x_wconf 82' lang='lat' dir='ltr'><strong>eonfiteri</strong></span> <span class='ocrx_word' id='word_1_796' title='bbox 2639 4222 2652 4260; x_wconf 91' lang='lat'><strong>:</strong></span> <span class='ocrx_word' id='word_1_797' title='bbox 2682 4221 2802 4280; x_wconf 62' lang='lat' dir='ltr'><strong>qua:</strong></span> <span class='ocrx_word' id='word_1_798' title='bbox 2827 4207 3065 4277; x_wconf 87' lang='lat' dir='ltr'><strong>profecto</strong></span> <span class='ocrx_word' id='word_1_799' title='bbox 3092 4211 3266 4281; x_wconf 86' lang='lat' dir='ltr'><strong>qualia</strong></span> <span class='ocrx_word' id='word_1_800' title='bbox 3293 4211 3400 4266; x_wconf 90' lang='lat' dir='ltr'><strong>sint</strong></span> <span class='ocrx_word' id='word_1_801' title='bbox 3419 4253 3435 4278; x_wconf 86' lang='lat'><strong>,</strong></span> <span class='ocrx_word' id='word_1_802' title='bbox 3466 4213 3648 4283; x_wconf 88' lang='lat' dir='ltr'><strong>utique</strong></span> <span class='ocrx_word' id='word_1_803' title='bbox 3675 4229 3804 4269; x_wconf 90' lang='lat' dir='ltr'><strong>cer-</strong></span> 
     </span>
    </p>
   </div>
   <div class='ocr_carea' id='block_1_104' title="bbox 2213 4295 2360 4351">
    <p class='ocr_par' dir='ltr' id='par_1_104' title="bbox 2213 4295 2360 4351">
     <span class='ocr_line' id='line_1_105' title="bbox 2213 4295 2360 4351; baseline -0.014 -1"><span class='ocrx_word' id='word_1_804' title='bbox 2213 4295 2360 4351; x_wconf 85' lang='lat' dir='ltr'><strong>nilis.</strong></span> 
     </span>
    </p>
   </div>
   <div class='ocr_carea' id='block_1_105' title="bbox 2285 4385 3805 4464">
    <p class='ocr_par' dir='ltr' id='par_1_105' title="bbox 2285 4385 3805 4464">
     <span class='ocr_line' id='line_1_106' title="bbox 2285 4385 3805 4464; baseline 0.006 -21"><span class='ocrx_word' id='word_1_805' title='bbox 2285 4385 2507 4444; x_wconf 84' lang='lat' dir='ltr'><strong>CAPUT</strong></span> <span class='ocrx_word' id='word_1_806' title='bbox 2527 4387 2850 4446; x_wconf 65' lang='grc' dir='ltr'><strong>ιιι-ιδ.</strong></span> <span class='ocrx_word' id='word_1_807' title='bbox 2880 4407 2901 4443; x_wconf 74' lang='grc' dir='ltr'><strong>Ι</strong></span> <span class='ocrx_word' id='word_1_808' title='bbox 2920 4389 3157 4462; x_wconf 66' lang='lat' dir='ltr'><strong>Legam,</strong></span> <span class='ocrx_word' id='word_1_809' title='bbox 3189 4411 3209 4446; x_wconf 75' lang='grc' dir='ltr'><strong><em>ι</em></strong></span> <span class='ocrx_word' id='word_1_810' title='bbox 3244 4393 3441 4464; x_wconf 89' lang='lat' dir='ltr'><strong>inquit,</strong></span> <span class='ocrx_word' id='word_1_811' title='bbox 3473 4413 3492 4447; x_wconf 80' lang='grc' dir='ltr'>ι</span> <span class='ocrx_word' id='word_1_812' title='bbox 3519 4396 3682 4450; x_wconf 82' lang='lat' dir='ltr'><strong>etiam</strong></span> <span class='ocrx_word' id='word_1_813' title='bbox 3719 4414 3805 4452; x_wconf 85' lang='lat' dir='ltr'><strong>re-</strong></span> 
     </span>
    </p>
   </div>
   <div class='ocr_carea' id='block_1_106' title="bbox 2213 4479 3807 4555">
    <p class='ocr_par' dir='ltr' id='par_1_106' title="bbox 2213 4479 3807 4555">
     <span class='ocr_line' id='line_1_107' title="bbox 2213 4479 3807 4555; baseline 0.004 -21"><span class='ocrx_word' id='word_1_814' title='bbox 2213 4491 2342 4537; x_wconf 89' lang='lat' dir='ltr'><strong>cens</strong></span> <span class='ocrx_word' id='word_1_815' title='bbox 2366 4493 2546 4534; x_wconf 88' lang='lat' dir='ltr'><strong>meum</strong></span> <span class='ocrx_word' id='word_1_816' title='bbox 2569 4479 2916 4550; x_wconf 81' lang='lat' dir='ltr'><strong>opusculum,</strong></span> <span class='ocrx_word' id='word_1_817' title='bbox 2959 4480 3102 4551; x_wconf 88' lang='lat' dir='ltr'><strong>quod</strong></span> <span class='ocrx_word' id='word_1_818' title='bbox 3128 4496 3225 4552; x_wconf 91' lang='lat' dir='ltr'><strong>pro</strong></span> <span class='ocrx_word' id='word_1_819' title='bbox 3262 4479 3454 4541; x_wconf 84' lang='lat' dir='ltr'><strong>Libero</strong></span> <span class='ocrx_word' id='word_1_820' title='bbox 3499 4500 3672 4555; x_wconf 87' lang='lat' dir='ltr'><strong>nuper</strong></span> <span class='ocrx_word' id='word_1_821' title='bbox 3697 4487 3807 4540; x_wconf 82' lang='lat' dir='ltr'><strong>Ar-</strong></span> 
     </span>
    </p>
   </div>
   <div class='ocr_carea' id='block_1_107' title="bbox 2213 4567 3845 4647">
    <p class='ocr_par' dir='ltr' id='par_1_107' title="bbox 2213 4567 3845 4647">
     <span class='ocr_line' id='line_1_108' title="bbox 2213 4567 3845 4647; baseline 0.004 -21"><span class='ocrx_word' id='word_1_822' title='bbox 2213 4567 2373 4626; x_wconf 87' lang='lat' dir='ltr'><strong>bitrio</strong></span> <span class='ocrx_word' id='word_1_823' title='bbox 2413 4569 2575 4626; x_wconf 89' lang='lat' dir='ltr'><strong>edere</strong></span> <span class='ocrx_word' id='word_1_824' title='bbox 2615 4570 2876 4640; x_wconf 89' lang='lat' dir='ltr'><strong>compulsi</strong></span> <span class='ocrx_word' id='word_1_825' title='bbox 2921 4585 3140 4638; x_wconf 84' lang='lat' dir='ltr'><strong>sumus;</strong></span> <span class='ocrx_word' id='word_1_826' title='bbox 3207 4581 3262 4628; x_wconf 89' lang='lat' dir='ltr'><strong>et</strong></span> <span class='ocrx_word' id='word_1_827' title='bbox 3302 4586 3588 4643; x_wconf 85' lang='lat' dir='ltr'><strong>agnoscent</strong></span> <span class='ocrx_word' id='word_1_828' title='bbox 3642 4571 3845 4647; x_wconf 70' lang='lat' dir='ltr'><strong>quam‘</strong></span> 
     </span>
    </p>
   </div>
   <div class='ocr_carea' id='block_1_108' title="bbox 2216 4660 3806 4736">
    <p class='ocr_par' dir='ltr' id='par_1_108' title="bbox 2216 4660 3806 4736">
     <span class='ocr_line' id='line_1_109' title="bbox 2216 4660 3806 4736; baseline 0.005 -22"><span class='ocrx_word' id='word_1_829' title='bbox 2216 4660 2394 4730; x_wconf 90' lang='lat' dir='ltr'><strong>inique</strong></span> <span class='ocrx_word' id='word_1_830' title='bbox 2433 4675 2531 4716; x_wconf 90' lang='lat' dir='ltr'><strong>nos</strong></span> <span class='ocrx_word' id='word_1_831' title='bbox 2566 4661 2850 4731; x_wconf 85' lang='lat' dir='ltr'><strong>negatione</strong></span> <span class='ocrx_word' id='word_1_832' title='bbox 2876 4661 3060 4732; x_wconf 67' lang='lat' dir='ltr'><strong>gratiae</strong></span> <span class='ocrx_word' id='word_1_833' title='bbox 3089 4661 3347 4718; x_wconf 85' lang='lat' dir='ltr'><strong>infamare</strong></span> <span class='ocrx_word' id='word_1_834' title='bbox 3372 4664 3650 4733; x_wconf 87' lang='lat' dir='ltr'><strong>gestierint</strong></span> <span class='ocrx_word' id='word_1_835' title='bbox 3669 4705 3684 4729; x_wconf 88' lang='lat'><strong>,</strong></span> <span class='ocrx_word' id='word_1_836' title='bbox 3714 4669 3806 4736; x_wconf 91' lang='lat' dir='ltr'><strong>qui</strong></span> 
     </span>
    </p>
   </div>
   <div class='ocr_carea' id='block_1_109' title="bbox 2217 4753 3810 4828">
    <p class='ocr_par' dir='ltr' id='par_1_109' title="bbox 2217 4753 3810 4828">
     <span class='ocr_line' id='line_1_110' title="bbox 2217 4753 3810 4828; baseline 0.003 -19"><span class='ocrx_word' id='word_1_837' title='bbox 2217 4769 2312 4824; x_wconf 90' lang='lat' dir='ltr'><strong>per</strong></span> <span class='ocrx_word' id='word_1_838' title='bbox 2335 4759 2501 4808; x_wconf 91' lang='lat' dir='ltr'><strong>totum</strong></span> <span class='ocrx_word' id='word_1_839' title='bbox 2540 4768 2678 4822; x_wconf 89' lang='lat' dir='ltr'><strong>pene</strong></span> <span class='ocrx_word' id='word_1_840' title='bbox 2708 4753 2873 4822; x_wconf 87' lang='lat' dir='ltr'><strong>ipsius</strong></span> <span class='ocrx_word' id='word_1_841' title='bbox 2917 4761 3116 4810; x_wconf 82' lang='lat' dir='ltr'><strong>textum</strong></span> <span class='ocrx_word' id='word_1_842' title='bbox 3145 4754 3324 4824; x_wconf 87' lang='lat' dir='ltr'><strong>operis</strong></span> <span class='ocrx_word' id='word_1_843' title='bbox 3367 4753 3602 4824; x_wconf 86' lang='lat' dir='ltr'><strong>perfecte</strong></span> <span class='ocrx_word' id='word_1_844' title='bbox 3635 4765 3810 4828; x_wconf 65' lang='lat' dir='ltr'><strong>amne</strong></span> 
     </span>
    </p>
   </div>
   <div class='ocr_carea' id='block_1_110' title="bbox 2218 4842 3805 4916">
    <p class='ocr_par' dir='ltr' id='par_1_110' title="bbox 2218 4842 3805 4916">
     <span class='ocr_line' id='line_1_111' title="bbox 2218 4842 3805 4916; baseline 0.003 -20"><span class='ocrx_word' id='word_1_845' title='bbox 2218 4843 2424 4914; x_wconf 87' lang='lat' dir='ltr'><strong>integre</strong></span> <span class='ocrx_word' id='word_1_846' title='bbox 2449 4849 2505 4896; x_wconf 89' lang='lat' dir='ltr'><strong>et</strong></span> <span class='ocrx_word' id='word_1_847' title='bbox 2530 4842 2754 4896; x_wconf 91' lang='lat' dir='ltr'><strong>liberum</strong></span> <span class='ocrx_word' id='word_1_848' title='bbox 2784 4842 3060 4903; x_wconf 90' lang='lat' dir='ltr'><strong>arbitrium</strong></span> <span class='ocrx_word' id='word_1_849' title='bbox 3087 4845 3402 4904; x_wconf 86' lang='lat' dir='ltr'><strong>confitemur</strong></span> <span class='ocrx_word' id='word_1_850' title='bbox 3427 4855 3482 4900; x_wconf 89' lang='lat' dir='ltr'><strong>et</strong></span> <span class='ocrx_word' id='word_1_851' title='bbox 3499 4847 3745 4916; x_wconf 85' lang='lat' dir='ltr'><strong>gratiam.</strong></span> <span class='ocrx_word' id='word_1_852' title='bbox 3783 4867 3805 4900; x_wconf 77' lang='grc' dir='ltr'><strong>ι</strong></span> 
     </span>
    </p>
   </div>
   <div class='ocr_carea' id='block_1_111' title="bbox 2217 4932 3815 5007">
    <p class='ocr_par' dir='ltr' id='par_1_111' title="bbox 2217 4932 3815 5007">
     <span class='ocr_line' id='line_1_112' title="bbox 2217 4932 3815 5007; baseline 0.004 -20"><span class='ocrx_word' id='word_1_853' title='bbox 2217 4933 2459 5001; x_wconf 86' lang='lat' dir='ltr'><strong>Quatuor</strong></span> <span class='ocrx_word' id='word_1_854' title='bbox 2485 4942 2609 4988; x_wconf 91' lang='lat' dir='ltr'><strong>sunt</strong></span> <span class='ocrx_word' id='word_1_855' title='bbox 2632 4932 2756 4988; x_wconf 89' lang='lat' dir='ltr'><strong>libri</strong></span> <span class='ocrx_word' id='word_1_856' title='bbox 2777 4935 2954 5004; x_wconf 86' lang='lat' dir='ltr'><strong>operis</strong></span> <span class='ocrx_word' id='word_1_857' title='bbox 2979 4933 3157 5006; x_wconf 85' lang='lat' dir='ltr'><strong>hujus,</strong></span> <span class='ocrx_word' id='word_1_858' title='bbox 3185 4935 3356 4992; x_wconf 89' lang='lat' dir='ltr'><strong>ethos</strong></span> <span class='ocrx_word' id='word_1_859' title='bbox 3377 4936 3502 5007; x_wconf 83' lang='lat' dir='ltr'><strong>legi,</strong></span> <span class='ocrx_word' id='word_1_860' title='bbox 3531 4947 3586 4994; x_wconf 91' lang='lat' dir='ltr'><strong>et</strong></span> <span class='ocrx_word' id='word_1_861' title='bbox 3611 4953 3675 4993; x_wconf 87' lang='lat' dir='ltr'><strong>ex</strong></span> <span class='ocrx_word' id='word_1_862' title='bbox 3705 4939 3815 4994; x_wconf 88' lang='lat' dir='ltr'><strong>illis</strong></span> 
     </span>
    </p>
   </div>
   <div class='ocr_carea' id='block_1_112' title="bbox 2218 5026 3816 5098">
    <p class='ocr_par' dir='ltr' id='par_1_112' title="bbox 2218 5026 3816 5098">
     <span class='ocr_line' id='line_1_113' title="bbox 2218 5026 3816 5098; baseline 0.006 -18"><span class='ocrx_word' id='word_1_863' title='bbox 2218 5026 2420 5096; x_wconf 91' lang='lat' dir='ltr'><strong>sumpsi</strong></span> <span class='ocrx_word' id='word_1_864' title='bbox 2449 5041 2568 5096; x_wconf 70' lang='lat' dir='ltr'><strong>qua:</strong></span> <span class='ocrx_word' id='word_1_865' title='bbox 2597 5026 2870 5080; x_wconf 89' lang='lat' dir='ltr'><strong>tractanda</strong></span> <span class='ocrx_word' id='word_1_866' title='bbox 2899 5034 2954 5080; x_wconf 92' lang='lat' dir='ltr'><strong>et</strong></span> <span class='ocrx_word' id='word_1_867' title='bbox 2977 5027 3308 5084; x_wconf 86' lang='lat' dir='ltr'><strong>discutienda</strong></span> <span class='ocrx_word' id='word_1_868' title='bbox 3345 5030 3637 5098; x_wconf 87' lang='lat' dir='ltr'><strong>proposui,</strong></span> <span class='ocrx_word' id='word_1_869' title='bbox 3669 5039 3722 5085; x_wconf 88' lang='lat' dir='ltr'><strong>et</strong></span> <span class='ocrx_word' id='word_1_870' title='bbox 3753 5039 3816 5089; x_wconf 75' lang='lat' dir='ltr'><strong>ut</strong></span> 
     </span>
    </p>
   </div>
   <div class='ocr_carea' id='block_1_113' title="bbox 2218 5115 3816 5190">
    <p class='ocr_par' dir='ltr' id='par_1_113' title="bbox 2218 5115 3816 5190">
     <span class='ocr_line' id='line_1_114' title="bbox 2218 5115 3816 5190; baseline 0.004 -22"><span class='ocrx_word' id='word_1_871' title='bbox 2218 5115 2365 5186; x_wconf 90' lang='lat' dir='ltr'><strong>potui</strong></span> <span class='ocrx_word' id='word_1_872' title='bbox 2398 5115 2735 5185; x_wconf 88' lang='lat' dir='ltr'><strong>pertractavi,</strong></span> <span class='ocrx_word' id='word_1_873' title='bbox 2763 5123 3047 5186; x_wconf 90' lang='lat' dir='ltr'><strong>antequam</strong></span> <span class='ocrx_word' id='word_1_874' title='bbox 3073 5117 3138 5172; x_wconf 90' lang='lat' dir='ltr'><strong>ad</strong></span> <span class='ocrx_word' id='word_1_875' title='bbox 3166 5118 3282 5187; x_wconf 88' lang='lat' dir='ltr'><strong>ejus</strong></span> <span class='ocrx_word' id='word_1_876' title='bbox 3311 5117 3409 5172; x_wconf 86' lang='lat' dir='ltr'><strong>bas</strong></span> <span class='ocrx_word' id='word_1_877' title='bbox 3436 5117 3663 5186; x_wconf 88' lang='lat' dir='ltr'><strong>litteras,</strong></span> <span class='ocrx_word' id='word_1_878' title='bbox 3689 5135 3816 5190; x_wconf 75' lang='lat' dir='ltr'><strong>qua:</strong></span> 
     </span>
    </p>
   </div>
   <div class='ocr_carea' id='block_1_114' title="bbox 2221 5207 3816 5275">
    <p class='ocr_par' dir='ltr' id='par_1_114' title="bbox 2221 5207 3816 5275">
     <span class='ocr_line' id='line_1_115' title="bbox 2221 5207 3816 5275; baseline 0.004 -14"><span class='ocrx_word' id='word_1_879' title='bbox 2221 5207 2444 5261; x_wconf 82' lang='lat' dir='ltr'><strong>Romam</strong></span> <span class='ocrx_word' id='word_1_880' title='bbox 2493 5207 2672 5262; x_wconf 78' lang='lat' dir='ltr'><strong>missa:</strong></span> <span class='ocrx_word' id='word_1_881' title='bbox 2715 5215 2874 5275; x_wconf 87' lang='lat' dir='ltr'><strong>sunt,</strong></span> <span class='ocrx_word' id='word_1_882' title='bbox 2925 5208 3243 5264; x_wconf 85' lang='lat' dir='ltr'><strong>veniremus.</strong></span> <span class='ocrx_word' id='word_1_883' title='bbox 3285 5209 3392 5266; x_wconf 89' lang='lat' dir='ltr'><strong>Sed</strong></span> <span class='ocrx_word' id='word_1_884' title='bbox 3434 5211 3485 5264; x_wconf 93' lang='lat' dir='ltr'><strong>in</strong></span> <span class='ocrx_word' id='word_1_885' title='bbox 3531 5213 3613 5266; x_wconf 84' lang='lat' dir='ltr'><strong>his</strong></span> <span class='ocrx_word' id='word_1_886' title='bbox 3648 5210 3816 5268; x_wconf 86' lang='lat' dir='ltr'><strong>etiam</strong></span> 
     </span>
    </p>
   </div>
   <div class='ocr_carea' id='block_1_115' title="bbox 2221 5301 3814 5373">
    <p class='ocr_par' dir='ltr' id='par_1_115' title="bbox 2221 5301 3814 5373">
     <span class='ocr_line' id='line_1_116' title="bbox 2221 5301 3814 5373; baseline 0.005 -20"><span class='ocrx_word' id='word_1_887' title='bbox 2221 5309 2449 5371; x_wconf 84' lang='lat' dir='ltr'><strong>quatuor</strong></span> <span class='ocrx_word' id='word_1_888' title='bbox 2471 5301 2620 5357; x_wconf 90' lang='lat' dir='ltr'><strong>libris</strong></span> <span class='ocrx_word' id='word_1_889' title='bbox 2662 5316 3010 5372; x_wconf 80' lang='lat' dir='ltr'><strong>quaecumque</strong></span> <span class='ocrx_word' id='word_1_890' title='bbox 3051 5316 3148 5372; x_wconf 91' lang='lat' dir='ltr'><strong>pro</strong></span> <span class='ocrx_word' id='word_1_891' title='bbox 3171 5303 3341 5373; x_wconf 89' lang='lat' dir='ltr'><strong>gratia</strong></span> <span class='ocrx_word' id='word_1_892' title='bbox 3369 5302 3581 5360; x_wconf 85' lang='lat' dir='ltr'><strong>videtur</strong></span> <span class='ocrx_word' id='word_1_893' title='bbox 3607 5305 3814 5371; x_wconf 86' lang='lat' dir='ltr'><strong>dicere,</strong></span> 
     </span>
    </p>
   </div>
   <div class='ocr_carea' id='block_1_116' title="bbox 2224 5393 3817 5466">
    <p class='ocr_par' dir='ltr' id='par_1_116' title="bbox 2224 5393 3817 5466">
     <span class='ocr_line' id='line_1_117' title="bbox 2224 5393 3817 5466; baseline 0.004 -20"><span class='ocrx_word' id='word_1_894' title='bbox 2224 5408 2322 5464; x_wconf 87' lang='lat' dir='ltr'><strong>qua</strong></span> <span class='ocrx_word' id='word_1_895' title='bbox 2347 5393 2594 5464; x_wconf 87' lang='lat' dir='ltr'><strong>juvamur</strong></span> <span class='ocrx_word' id='word_1_896' title='bbox 2631 5403 2690 5450; x_wconf 91' lang='lat' dir='ltr'><strong>ut</strong></span> <span class='ocrx_word' id='word_1_897' title='bbox 2725 5395 3054 5450; x_wconf 89' lang='lat' dir='ltr'><strong>declinemus</strong></span> <span class='ocrx_word' id='word_1_898' title='bbox 3084 5409 3113 5448; x_wconf 89' lang='lat' dir='ltr'><strong>a</strong></span> <span class='ocrx_word' id='word_1_899' title='bbox 3143 5394 3284 5448; x_wconf 90' lang='lat' dir='ltr'><strong>malo</strong></span> <span class='ocrx_word' id='word_1_900' title='bbox 3315 5395 3622 5466; x_wconf 87' lang='lat' dir='ltr'><strong>bonumque</strong></span> <span class='ocrx_word' id='word_1_901' title='bbox 3649 5394 3817 5453; x_wconf 82' lang='lat' dir='ltr'><strong>facia-</strong></span> 
     </span>
    </p>
   </div>
   <div class='ocr_carea' id='block_1_117' title="bbox 2225 5484 3822 5558">
    <p class='ocr_par' dir='ltr' id='par_1_117' title="bbox 2225 5484 3822 5558">
     <span class='ocr_line' id='line_1_118' title="bbox 2225 5484 3822 5558; baseline 0.003 -20"><span class='ocrx_word' id='word_1_902' title='bbox 2225 5500 2364 5552; x_wconf 89' lang='lat' dir='ltr'><strong>mus,</strong></span> <span class='ocrx_word' id='word_1_903' title='bbox 2391 5487 2461 5539; x_wconf 88' lang='lat' dir='ltr'><strong>ita</strong></span> <span class='ocrx_word' id='word_1_904' title='bbox 2485 5484 2630 5550; x_wconf 84' lang='lat' dir='ltr'><strong>dicit,</strong></span> <span class='ocrx_word' id='word_1_905' title='bbox 2663 5493 2720 5540; x_wconf 93' lang='lat' dir='ltr'><strong>ut</strong></span> <span class='ocrx_word' id='word_1_906' title='bbox 2743 5485 2890 5540; x_wconf 91' lang='lat' dir='ltr'><strong>nullo</strong></span> <span class='ocrx_word' id='word_1_907' title='bbox 2917 5485 3076 5541; x_wconf 90' lang='lat' dir='ltr'><strong>modo</strong></span> <span class='ocrx_word' id='word_1_908' title='bbox 3101 5499 3130 5539; x_wconf 89' lang='lat' dir='ltr'><strong>a</strong></span> <span class='ocrx_word' id='word_1_909' title='bbox 3157 5485 3440 5541; x_wconf 85' lang='lat' dir='ltr'><strong>verborum</strong></span> <span class='ocrx_word' id='word_1_910' title='bbox 3465 5485 3822 5558; x_wconf 84' lang='lat' dir='ltr'><strong>ambiguitate</strong></span> 
     </span>
    </p>
   </div>
   <div class='ocr_carea' id='block_1_118' title="bbox 2225 5575 3821 5648">
    <p class='ocr_par' dir='ltr' id='par_1_118' title="bbox 2225 5575 3821 5648">
     <span class='ocr_line' id='line_1_119' title="bbox 2225 5575 3821 5648; baseline 0.003 -18"><span class='ocrx_word' id='word_1_911' title='bbox 2225 5575 2482 5643; x_wconf 88' lang='lat' dir='ltr'><strong>discedat,</strong></span> <span class='ocrx_word' id='word_1_912' title='bbox 2509 5592 2663 5646; x_wconf 88' lang='lat' dir='ltr'><strong>quam</strong></span> <span class='ocrx_word' id='word_1_913' title='bbox 2695 5577 2966 5647; x_wconf 85' lang='lat' dir='ltr'><strong>discipulis</strong></span> <span class='ocrx_word' id='word_1_914' title='bbox 2996 5577 3073 5634; x_wconf 90' lang='lat' dir='ltr'><strong>sic</strong></span> <span class='ocrx_word' id='word_1_915' title='bbox 3102 5578 3268 5648; x_wconf 87' lang='lat' dir='ltr'><strong>possit</strong></span> <span class='ocrx_word' id='word_1_916' title='bbox 3293 5592 3582 5648; x_wconf 78' lang='lat' dir='ltr'><strong>exponere,</strong></span> <span class='ocrx_word' id='word_1_917' title='bbox 3613 5586 3673 5634; x_wconf 90' lang='lat' dir='ltr'><strong>ut</strong></span> <span class='ocrx_word' id='word_1_918' title='bbox 3697 5577 3821 5636; x_wconf 85' lang='lat' dir='ltr'><strong>nul-</strong></span> 
     </span>
    </p>
   </div>
   <div class='ocr_carea' id='block_1_119' title="bbox 2229 5669 3818 5743">
    <p class='ocr_par' dir='ltr' id='par_1_119' title="bbox 2229 5669 3818 5743">
     <span class='ocr_line' id='line_1_120' title="bbox 2229 5669 3818 5743; baseline 0.004 -20"><span class='ocrx_word' id='word_1_919' title='bbox 2229 5669 2336 5725; x_wconf 91' lang='lat' dir='ltr'><strong>lum</strong></span> <span class='ocrx_word' id='word_1_920' title='bbox 2362 5669 2611 5725; x_wconf 85' lang='lat' dir='ltr'><strong>auxilium</strong></span> <span class='ocrx_word' id='word_1_921' title='bbox 2640 5672 2819 5741; x_wconf 74' lang='lat' dir='ltr'><strong>gratia:</strong></span> <span class='ocrx_word' id='word_1_922' title='bbox 2848 5671 3086 5740; x_wconf 89' lang='lat' dir='ltr'><strong>credant,</strong></span> <span class='ocrx_word' id='word_1_923' title='bbox 3119 5687 3222 5743; x_wconf 89' lang='lat' dir='ltr'><strong>qua</strong></span> <span class='ocrx_word' id='word_1_924' title='bbox 3252 5681 3456 5727; x_wconf 63' lang='lat' dir='ltr'><strong>natura:</strong></span> <span class='ocrx_word' id='word_1_925' title='bbox 3488 5669 3818 5743; x_wconf 77' lang='lat' dir='ltr'><strong>possibilitas</strong></span> 
     </span>
    </p>
   </div>
   <div class='ocr_carea' id='block_1_120' title="bbox 2231 5761 3817 5835">
    <p class='ocr_par' dir='ltr' id='par_1_120' title="bbox 2231 5761 3817 5835">
     <span class='ocr_line' id='line_1_121' title="bbox 2231 5761 3817 5835; baseline 0 -19"><span class='ocrx_word' id='word_1_926' title='bbox 2231 5762 2523 5832; x_wconf 79' lang='lat' dir='ltr'><strong>adjuvetur,</strong></span> <span class='ocrx_word' id='word_1_927' title='bbox 2563 5761 2664 5817; x_wconf 90' lang='lat' dir='ltr'><strong>nisi</strong></span> <span class='ocrx_word' id='word_1_928' title='bbox 2715 5763 2765 5818; x_wconf 88' lang='lat' dir='ltr'><strong>in</strong></span> <span class='ocrx_word' id='word_1_929' title='bbox 2810 5763 2925 5835; x_wconf 79' lang='lat' dir='ltr'><strong>lege</strong></span> <span class='ocrx_word' id='word_1_930' title='bbox 2955 5774 3112 5834; x_wconf 88' lang='lat' dir='ltr'><strong>atque</strong></span> <span class='ocrx_word' id='word_1_931' title='bbox 3147 5764 3386 5819; x_wconf 86' lang='lat' dir='ltr'><strong>doctrina</strong></span> <span class='ocrx_word' id='word_1_932' title='bbox 3421 5781 3434 5815; x_wconf 89' lang='lat'>:</span> <span class='ocrx_word' id='word_1_933' title='bbox 3469 5764 3538 5818; x_wconf 89' lang='lat' dir='ltr'><strong>ita</strong></span> <span class='ocrx_word' id='word_1_934' title='bbox 3571 5773 3628 5818; x_wconf 91' lang='lat' dir='ltr'><strong>ut</strong></span> <span class='ocrx_word' id='word_1_935' title='bbox 3671 5763 3817 5834; x_wconf 73' lang='lat' dir='ltr'><strong>ipsas</strong></span> 
     </span>
    </p>
   </div>
  </div>
