4032 6178
51 355 144 417 εει
450 317 458 322 ’
1281 356 1481 415 LIBER
1522 313 1608 416 ei:
1648 359 1898 415 Gli.\TlA
1941 360 2229 422 cnntsrt.

54 510 262 569 quoque
285 494 592 562 orationes,
625 504 682 549 ut
709 495 762 550 in
788 495 995 564 scriptis
1023 495 1133 550 suis
1159 497 1492 565 apertissime
1511 497 1656 550 altir-

59 597 186 651 mat,
207 584 276 641 ad
307 584 448 640 nihil
475 585 620 640 aliud
645 585 972 642 adhibendas
992 587 1260 656 opinetur,
1287 587 1388 642 nisi
1416 595 1472 650 ut
1502 586 1655 642 nobis

63 676 288 732 doctrina
334 677 506 732 etiam
548 675 728 732 divina
772 676 1099 733 revelatiune
1141 678 1430 748 aperiatur,
1461 693 1568 733 non
1599 687 1656 732 ut

60 769 331 836 adjuvetur
360 781 522 823 mens
550 767 816 836 hominis,
848 777 906 823 ut
935 768 986 826 id
1015 769 1158 838 quod
1189 767 1488 824 faciendum
1531 783 1655 824 esse

61 860 313 924 didicerit,
339 861 512 916 etiam
537 861 826 917 dilectione
853 871 906 916 et
927 862 1138 917 actione
1163 861 1424 932 perticiat.
1456 860 1539 916 Ab
1564 861 1656 916 illo

61 957 188 1011 enim
207 969 320 1010 suo
348 955 794 1012 manifestissimo
820 956 1070 1028 dogmate
1111 972 1217 1012 non
1247 955 1451 1013 recedit
1479 957 1656 1012 omni-

62 1063 141 1114 no,
163 1047 252 1102 ubi
281 1048 396 1102 tria
420 1048 508 1102 illa
527 1049 824 1113 constituit,
851 1047 1278 1118 possibilitatem,
1302 1049 1653 1117 voluntatem,

63 1139 313 1194 actionem
344 1156 362 1194 :
395 1148 450 1195 et
492 1139 660 1194 solam
694 1140 1102 1212 possibilitatem
1137 1141 1267 1197 dicit
1291 1140 1470 1196 divino
1497 1142 1652 1212 adju-

67 1231 155 1283 vari
183 1243 414 1300 semper
437 1230 674 1295 auxilio;
702 1231 1030 1288 voluntatem
1076 1239 1253 1288 autem
1299 1240 1352 1288 et
1389 1232 1653 1288 actionem

69 1320 194 1372 nullo
235 1319 336 1374 Dei
391 1319 658 1388 adjutorio
701 1321 969 1376 existimat
1015 1322 1273 1394 indigere.
1319 1321 1494 1392 Ipsum
1527 1338 1654 1378 vero

47 1410 326 1475 ;auxilium,
373 1426 484 1481 quo
512 1412 918 1480 possibilitatem
959 1414 1251 1468 naturalem
1283 1413 1528 1484 perbibet
1555 1414 1652 1468 ad-

64 1500 245 1568 juvari,
280 1501 339 1554 in
377 1502 496 1572 lege
522 1503 798 1558 constituit
825 1513 983 1576 atque
1010 1504 1249 1561 doctrina
1273 1547 1286 1571 ,
1315 1521 1472 1576 quam
1501 1506 1653 1561 nobis

18 1579 20 1586 ’
71 1590 240 1644 fatetur
267 1591 445 1646 etiam
471 1601 658 1648 sancto
684 1591 882 1663 Spiritu
913 1596 1160 1662 revelari,
1188 1606 1409 1666 promer
1431 1597 1570 1667 quod
1599 1606 1654 1652 et

70 1678 310 1734 orandum
342 1695 470 1736 esse
502 1683 766 1738 concedit.
803 1683 907 1738 Sed
934 1685 1037 1740 hoc
1058 1685 1383 1756 adjutorium
1409 1686 1541 1756 legis
1566 1695 1649 1740 at-

70 1783 159 1836 que
197 1769 473 1826 doctrina:
499 1772 659 1827 etiam
700 1775 1029 1844 prepbeticis
1070 1775 1238 1831 fuisse
1277 1775 1648 1844 temporibus:

73 1861 380 1927 adiutorium
415 1872 598 1920 autem
625 1865 828 1934 gratim,
856 1882 974 1938 qua:
1003 1869 1215 1940 proprie
1249 1869 1414 1938 gratia
1444 1883 1641 1922 nuneu-

74 1962 222 2018 patur,
253 1951 308 2006 in
321 1952 533 2011 Christi
556 1969 674 2012 esse
693 1959 978 2014 arbitratur
995 1961 1273 2030 exemplo;
1295 1960 1434 2030 quod
1461 1959 1653 2016 nihilo-

68 2039 224 2098 minus
246 2043 320 2098 ad
349 2044 649 2102 doctrinam
681 2049 946 2117 pertinere
994 2051 1310 2121 perspicitis,
1350 2066 1468 2121 quae
1497 2051 1652 2106 nobis

69 2137 364 2210 evangelica
395 2139 717 2211 praiicatur
745 2158 758 2197 :
787 2153 848 2199 ut
869 2143 1119 2198 videlicet
1147 2152 1396 2214 tanquam
1441 2145 1522 2201 via
1551 2145 1648 2200 de-

70 2240 375 2299 nionstrata,
421 2247 526 2303 qua
555 2233 830 2290 ambulare
867 2234 1176 2300 debeamus,
1211 2235 1322 2306 jam
1361 2234 1563 2291 viribus
1588 2234 1650 2291 li-

67 2320 166 2375 beri
189 2323 427 2390 arbitrii,
456 2324 722 2394 adjutorio
749 2327 892 2382 nullo
915 2328 1135 2384 alterius
1156 2329 1470 2400 indigentes,
1502 2329 1650 2384 sufﬁ-

70 2412 254 2468 ciamus
279 2415 460 2481 nobis,
489 2432 556 2470 ne
579 2416 888 2474 deﬁciamus
912 2419 962 2472 in
987 2419 1104 2484 via;
1133 2421 1374 2488 quaiuvis
1395 2428 1450 2474 et
1478 2421 1646 2490 ipsam

69 2503 184 2556 viam
211 2507 512 2560 contendat
537 2508 696 2562 etiam
731 2510 841 2564 sola
872 2510 1099 2566 inveniri
1134 2526 1289 2581 posse
1315 2523 1523 2578 natura,
1552 2512 1646 2567 sed

72 2591 278 2658 (salius,
311 2597 356 2649 si
381 2597 596 2667 adjuvet
623 2601 812 2670 gratia.

127 2684 350 2743 CAPUT
380 2686 539 2745 XLII.
569 2719 642 2731 —
667 2691 755 2746 46.
790 2693 915 2749 llaec
941 2708 1070 2765 ergo
1098 2709 1197 2765 pro
1225 2709 1346 2750 meo
1371 2706 1528 2765 captu
1558 2695 1644 2750 in-

77 2778 293 2848 tdiigere
337 2783 491 2850 potui
535 2783 588 2838 in
635 2783 831 2856 Pelagii
873 2787 1106 2858 scriptis,
1152 2787 1367 2858 quando
1407 2787 1647 2844 nominat

74 2873 293 2936 patiam.
326 2872 531 2929 Videtis
557 2884 756 2941 autem,
784 2879 926 2946 quod
955 2879 1044 2948 qui
1077 2879 1174 2934 ista
1200 2881 1454 2945 sentiunt,
1491 2879 1641 2950 ignoa

71 2969 228 3015 rantes
260 2962 354 3018 Dei
382 2962 640 3032 justitiam
667 3009 681 3032 ,
709 2981 860 3022 suam
887 2969 1069 3024 volunt
1101 2969 1426 3024 constituere
1461 2969 1638 3041 (Rom.

63 3066 106 3111 ι,
138 3051 214 3119 5).
241 3061 298 3107 et
343 3054 501 3124 longe
541 3056 610 3111 ab
653 3057 740 3110 illa
775 3067 917 3122 sunt,
961 3074 1080 3130 qme
1118 3060 1272 3115 nobis
1301 3075 1366 3116 ex
1412 3060 1523 3116 Deo
1561 3068 1642 3115 est

60 3137 312 3213 (Philipp.
343 3159 424 3209 ιιι,
455 3145 512 3215 9)
542 3185 558 3212 ,
589 3161 693 3202 non
737 3164 800 3202 ex
845 3149 1018 3216 nobis,
1067 3166 1225 3220 quam
1263 3154 1319 3206 iu
1355 3151 1642 3220 Scripturis

60 3234 281 3287 ruaxime
308 3237 509 3292 sanctis
528 3239 798 3294 canonicis
820 3241 860 3304 ⁸,
876 3241 1154 3298 advertere
1173 3251 1330 3314 atque
1352 3258 1642 3312 agnoscere

63 3317 372 3377 debuerunt.
413 3324 520 3380 Sed
571 3329 694 3396 quia
737 3345 827 3385 eas
867 3332 1157 3387 secundum
1209 3347 1363 3390 suum
1424 3351 1639 3390 sensum

63 3408 250 3478 legunt,
269 3414 508 3482 profecto
526 3417 579 3470 in
597 3417 705 3473 illis
725 3436 823 3476 nec
839 3424 1407 3491 aperta'contuentnr,
1428 3425 1640 3484 Utinam

67 3517 183 3573 ergo
197 3507 386 3562 saltem
406 3508 461 3564 in
474 3511 856 3573 catholicorum
888 3515 1123 3572 virorum
1146 3517 1381 3588 scriptis,
1404 3535 1432 3572 a
1451 3517 1641 3588 quibus

66 3608 148 3650 eas
167 3608 306 3652 recte
327 3599 626 3656 intellectas
654 3619 773 3660 esse
793 3621 900 3660 non
921 3607 1184 3675 dubitant,
1214 3609 1337 3678 quid
1364 3610 1435 3664 sit
1457 3609 1522 3665 de
1548 3611 1642 3665 ad-

62 3685 244 3755 jutorio
285 3690 485 3747 divina:
530 3697 714 3764 gratia:
759 3697 1115 3762 sentiendum,
1167 3714 1272 3754 non
1317 3700 1643 3772 negligenter

64 3780 405 3846 attenderem,
447 3798 549 3839 nec
575 3801 684 3840 sine
709 3789 988 3845 sententia:
1016 3804 1200 3846 amore
1229 3791 1392 3846 nimio
1423 3801 1642 3862 prmter-

64 3867 203 3924 irent.
233 3871 370 3926 Nam
399 3874 502 3929 iste
530 3875 645 3945 ipse
673 3877 916 3949 Pelagius
941 3881 996 3935 in
1027 3881 1116 3936 illo
1145 3882 1261 3952 ipso
1286 3885 1483 3938 recenti
1509 3899 1641 3956 opu-

64 3963 194 4015 sculo
215 3979 337 4030 suo,
369 3965 526 4036 cujus
551 3983 610 4022 se
635 3975 1140 4030 commemoratione
1165 3975 1421 4042 defendit,
1455 3977 1506 4032 id
1533 3989 1635 4048 cst,

67 4050 117 4102 in
140 4055 288 4109 tertio
317 4055 480 4118 Libro
507 4073 604 4127 pro
631 4059 802 4116 libero
843 4063 1097 4130 Arbitrio,
1126 4075 1368 4122 sanctum
1407 4069 1637 4124 Ambro-

67 4140 184 4195 sitim
209 4145 666 4213 quemadmodum
696 4150 894 4217 laudet,
926 4155 1170 4224 accipite.

127 4232 345 4292 CAPUT
371 4236 560 4293 XLIII.
581 4269 654 4282 —-
678 4243 768 4296 47.
804 4260 824 4295 ι
849 4243 1062 4310 Beatus,
1093 4265 1114 4300 ι
1145 4246 1336 4319 inquit,
1365 4265 1385 4300 ι
1413 4248 1640 4304 Ambro-

65 4321 164 4377 sius
177 4326 494 4398 episcopus,
513 4330 565 4384 in
587 4331 738 4400 cujus
755 4335 1019 4404 praecipue
1039 4337 1186 4393 libris
1204 4337 1440 4394 Romana
1465 4339 1641 4396 elucet

66 4411 195 4481 ﬁdes,
221 4415 318 4486 qui
343 4419 666 4490 scriptorum
707 4423 846 4478 inter
873 4424 1094 4482 Latinos
1118 4425 1216 4484 llos
1252 4427 1470 4500 quidam
1510 4443 1638 4500 spe-

63 4503 224 4562 ciosus
240 4509 460 4574 enituit,
484 4512 637 4581 cujus
661 4513 818 4570 ﬁdem
841 4524 895 4572 et
918 4519 1260 4588 purissimum
1281 4521 1332 4576 in
1351 4521 1639 4592 Seriptnris

62 4609 286 4666 salsum,
308 4615 380 4656 ne
397 4601 646 4661 inimicus
665 4607 879 4677 quidem
903 4623 1066 4668 ausus
1087 4621 1168 4666 est
1187 4612 1597 4682 reprehendere.
1613 4633 1633 4672 ι

62 4683 184 4744 Ecce
201 4692 460 4761 qualibus
481 4703 536 4750 et
557 4698 769 4767 quantis
790 4699 1044 4770 przedicat
1062 4702 1322 4769 laudibus,
1347 4706 1640 4776 quamlibet

58 4793 292 4841 unctum
319 4795 377 4843 et
403 4787 620 4845 doctum
646 4791 820 4847 virum
843 4834 860 4860 ,
891 4809 1223 4866 nequaquam
1253 4806 1428 4854 tamen
1455 4815 1638 4856 aucto-

57 4873 184 4929 ritati
211 4875 511 4948 Scriptum
538 4883 810 4938 canonica:
838 4888 1280 4956 comparandum.
1319 4892 1486 4956 Quem
1516 4905 1638 4961 pro-

55 4971 228 5032 pterea
250 4969 333 5024 sic
360 4971 464 5026 iste
502 4974 864 5042 commendat,
894 4977 1017 5048 quia
1061 4979 1269 5034 videtur
1293 4981 1393 5034 sibi
1425 4981 1474 5036 iu
1502 4997 1636 5051 quo-

57 5053 168 5109 dam
199 5057 326 5114 loeo
352 5058 611 5116 librorum
636 5063 752 5134 ejus
793 5080 860 5122 eo
907 5075 1043 5123 teste
1073 5069 1168 5136 uti,
1197 5084 1302 5139 quo
1327 5071 1516 5140 probet
1542 5072 1636 5126 lto—

55 5145 240 5202 minem
264 5163 560 5218 posseesse
579 5156 694 5210 sine
713 5169 962 5226 peccato:
987 5161 1128 5216 unde
1150 5178 1289 5216 nunc
1316 5179 1419 5216 non
1441 5163 1632 5234 agitur,

55 5237 140 5292 sed
164 5242 340 5312 agitur
365 5241 436 5298 de
475 5247 674 5302 auxilio
699 5250 882 5318 gratia:
907 5293 924 5318 ,
953 5267 1058 5321 quo
1085 5253 1149 5306 ad
1179 5269 1282 5308 non
1311 5255 1634 5323 peccandum

55 5329 358 5400 adjuramur
379 5335 634 5410 justeque
663 5340 968 5399 vivendum.

117 5426 342 5485 CAPUT
381 5429 566 5486 XLIV.
593 5461 666 5474 -—
689 5435 780 5503 48.
809 5437 1004 5493 Audiat
1031 5453 1157 5508 ergo
1185 5439 1329 5495 illum
1357 5441 1635 5497 venerabi-

63 5511 152 5569 lem
173 5519 466 5576 antistitem
491 5521 757 5580 dicentem
783 5535 838 5582 et
862 5525 1138 5584 docentem
1165 5530 1219 5585 in
1243 5531 1477 5586 secundo
1502 5532 1636 5588 libro

251 5653 382 5725 “53..
415 5658 470 5702 At
511 5652 752 5725 editi_h_oc
785 5657 1046 5709 verborum
1069 5659 1256 5721 ordine,
1299 5659 1349 5710 in
1374 5658 1635 5725 scripturis

63 5709 218 5758 metis
237 5711 458 5763 Maxime
479 5715 739 5768 muniﬁcis.

111 5775 132 5801 ι
151 5773 282 5840 editi,
307 5784 494 5835 aperte.
511 5778 809 5853 castigantur
837 5793 898 5830 ex
927 5789 1031 5831 Mss.

3255 371 3361 429 δεῖ.

1770 474 2128 543 Ειιιοεὶιῑοιιίε
2146 477 2416 548 Evangelii
2435 480 2724 537 secundum
2743 482 2938 537 Lucam
2958 483 3094 554 (Lib.
3119 487 3175 552 2,
3196 505 3249 540 η.
3265 489 3356 553 84,

1763 569 1830 620 ad
1851 565 1981 622 Luc.
2007 585 2082 633 III,
2109 569 2226 641 22).
2256 573 2532 641 eooperari
2566 573 2846 630 Dominum
2878 578 3038 632 etiam
3069 579 3358 634 voluntati-

1765 657 1863 716 bus
1897 659 2110 715 nostris.
2149 680 2169 715 ι
2201 661 2358 717 Vides
2398 663 2610 734 itaque,
2645 684 2664 716 ι
2709 667 2912 737 inquit,
2952 688 2971 722 ι
2999 670 3120 739 quia
3160 671 3358 743 ubique

1766 747 1976 804 Domini
2003 750 2172 807 virtus
2201 753 2392 809 studiis
2430 767 2748 825 cooperator
2791 757 3068 822 humanis;
3111 774 3167 818 ut
3197 779 3356 826 nemo

1761 841 1931 910 possit
1952 840 2217 901 aediﬁcare
2235 848 2351 901 sine
2374 847 2619 914 Domino,
2643 865 2804 905 nemo
2822 853 3090 910 custodire
3115 855 3230 908 sine
3253 855 3358 909 Dn-

1761 932 1927 998 mino,
1957 949 2116 990 nemo
2142 937 2426 1007 quidquam
2455 938 2692 1009 incipere
2721 942 2835 997 sine
2867 943 3108 999 Domino.
3141 945 3209 1000 Et
3235 945 3356 1002 ideo

1755 1021 1906 1092 juxta
1933 1027 2242 1094 Apostolum
2263 1070 2276 1092 ,
2309 1027 2429 1084 Sive
2451 1033 2767 1088 manducetis
2784 1075 2800 1096 ,
2827 1035 2929 1088 sive
2957 1035 3152 1104 bibitis,
3185 1039 3356 1092 omnia

1759 1113 1813 1166 in
1840 1113 1935 1168 Dei
1959 1115 2180 1186 gloriam
2219 1119 2369 1188 facile
2405 1139 2423 1174 ι
2457 1121 2511 1190 (l
2537 1121 2655 1176 Cor.
2691 1139 2723 1177 x
2743 1164 2756 1188 ,
2790 1124 2900 1194 51).
2931 1125 3133 1181 Videtis
3161 1143 3354 1198 quem-

1760 1204 2044 1261 admodum
2075 1219 2293 1267 sanctus
2321 1211 2636 1266 Ambrosius
2661 1214 2819 1268 etiam
2854 1214 2982 1270 illud
3013 1217 3152 1285 quod
3179 1218 3356 1274 solent

1763 1293 2004 1350 homines
2029 1296 2208 1360 dicere
2227 1340 2242 1366 ,
2272 1299 2380 1354 Nos
2407 1300 2716 1370 incipimus,
2746 1311 2800 1358 et
2829 1305 2968 1359 Deus
2999 1307 3236 1375 perlicit,
3268 1307 3353 1364 his

1760 1385 1938 1440 verbis
1963 1387 2213 1456 abstulit,
2241 1389 2448 1458 dicens,
2484 1410 2500 1444 ι
2529 1393 2806 1448 Neminem
2839 1395 3124 1466 quidquam
3153 1397 3240 1452 vel
3268 1399 3354 1454 in-

1758 1477 1937 1547 cipere
1965 1481 2082 1533 sine
2106 1481 2234 1535 Deo.
2267 1500 2286 1536 ι
2317 1481 2446 1541 ltem
2475 1483 2526 1537 in
2553 1495 2704 1539 sexto
2727 1484 2860 1540 libro
2883 1487 3122 1555 ejusdem
3150 1490 3350 1558 operis,

1759 1582 1878 1620 cum
1908 1567 1974 1622 de
1998 1567 2207 1625 duobus
2234 1571 2336 1624 illis
2358 1571 2669 1633 feneratoris
2697 1575 2850 1629 unius
2877 1575 3208 1632 debitoribus
3227 1595 3352 1649 age-

1758 1667 1840 1711 ret
1879 1675 1892 1711 :
1939 1677 1958 1710 t
1986 1658 2289 1715 Secundum
2321 1660 2563 1718 homines
2584 1704 2599 1730 ,
2629 1683 2648 1717 ι
2680 1665 2883 1735 inquit,
2918 1685 2937 1719 ι
2967 1668 3082 1736 plus
3126 1669 3352 1725 fortasse

1756 1748 1978 1803 ollendit
2000 1788 2016 1814 ,
2047 1751 2136 1818 qui
2181 1751 2298 1821 plus
2340 1752 2598 1808 debuerat
2629 1773 2642 1810 ς
2671 1756 2766 1810 sed
2809 1772 2902 1826 per
2930 1759 3348 1816 misericordiam

1759 1839 1964 1893 Domini
1987 1857 2146 1895 causa
2170 1853 2420 1907 mutatur,
2451 1856 2505 1900 ut
2524 1847 2754 1917 amplius
2779 1849 2982 1919 diligat,
3010 1853 3099 1919 qui
3123 1853 3350 1922 amplius

1755 1931 1958 1998 debuit,
1981 1934 2025 1988 si
2058 1944 2233 1991 tamen
2259 1939 2482 2007 gratiam
2502 1950 2859 2010 consequatur
2885 1961 2904 1995 ι
2931 1943 3066 2016 (Lib.
3091 1944 3146 2012 6,
3171 1963 3224 1998 η.
3253 1946 3345 2012 23,

1755 2023 1822 2076 ad
1847 2022 1971 2078 an.
1997 2041 2104 2091 vn,
2133 2026 2247 2098 41).
2295 2029 2432 2086 Ecce
2467 2033 2804 2101 apertissime
2857 2035 3110 2103 pnedicat
3163 2037 3374 2104 callioy

1755 2113 1887 2170 licus
1933 2115 2120 2172 doctor
2161 2119 2320 2174 etiam
2371 2121 2540 2191 ipsam
2580 2123 2950 2191 dilectionem,
2982 2143 3082 2198 qua
3123 2129 3348 2200 quisque

1753 2205 1983 2274 amplius
2007 2207 2204 2280 diligit,
2233 2210 2301 2266 ad
2326 2210 2640 2270 beneﬁcium
2669 2215 2854 2288 gratim
2878 2224 3165 2288 pertinere.

1827 2299 2054 2357 CAPUT
2095 2303 2252 2358 XLV.
2281 2335 2354 2346 —
2376 2305 2466 2361 49.
2499 2307 2670 2378 Ipsam
2699 2311 2927 2380 denique
2957 2314 3342 2388 paenitentiam,

1753 2406 1910 2461 quam
1938 2394 2117 2461 procul
2145 2395 2306 2451 dubio
2332 2399 2575 2454 voluntas
2599 2401 2724 2472 agit,
2751 2403 2957 2457 Domini
2983 2405 3345 2468 misericordia

1752 2494 1804 2538 ct
1834 2483 2096 2552 adjutorio
2127 2485 2238 2541 ﬁeri
2266 2497 2326 2542 ut
2354 2499 2574 2559 agatur,
2609 2491 2660 2545 iu
2691 2493 2868 2546 rmuo'
2901 2495 3138 2563 ejusdem
3167 2498 3346 2566 operis

1752 2575 1886 2628 libro
1930 2577 2116 2632 beatus
2157 2577 2287 2634 dicit
2329 2581 2676 2650 Ambrosius,
2720 2585 2788 2637 ita
2833 2585 3099 2655 loquens:
3136 2606 3155 2638 ι
3188 2589 3346 2645 Bome

1749 2663 2021 2735 lacrymte,
2049 2682 2170 2736 qua:
2196 2668 2403 2736 culpam
2433 2671 2627 2725 lavant.
2659 2672 2896 2743 Denique
2921 2691 3055 2745 quos
3075 2676 3230 2733 Jesus
3254 2693 3343 2734 re-

1749 2753 1928 2826 spicit,
1957 2756 2228 2826 plerant'.
2253 2758 2472 2828 Negavit
2501 2761 2672 2830 primo
2702 2763 2891 2818 Petrus
2909 2807 2924 2830 ,
2953 2773 3008 2819 et
3033 2781 3142 2822 non
3169 2767 3340 2836 ﬂevit,

1747 2847 1871 2919 quia
1903 2863 2006 2903 non
2029 2859 2340 2918 respexerat
2365 2851 2622 2907 Dominus
2651 2869 2664 2908 :
2698 2855 2909 2924 negavit
2937 2857 3203 2923 secundo,
3233 2875 3339 2915 non

1748 2938 1926 3006 ﬂevit,
1966 2940 2087 3011 quia
2112 2941 2286 2997 adhuc
2311 2957 2417 2997 non
2445 2955 2754 3014 respexerat
2785 2947 3035 3002 Dominus
3077 2967 3090 3004 :
3132 2951 3344 3020 negavit

1747 3040 1802 3086 ct
1841 3033 2018 3097 tertio,
2049 3033 2284 3100 respexit
2319 3033 2494 3100 .lesus,
2543 3045 2599 3090 et
2644 3037 2732 3092 ille
2760 3039 3092 3095 amarissime
3141 3041 3285 3096 llevit
3313 3061 3335 3095 ι

1748 3121 1886 3194 (Lib.
1919 3123 2000 3189 l0,
2025 3141 2078 3178 η.
2107 3125 2198 3190 89,
2227 3124 2295 3178 ad
2318 3125 2446 3180 an.
2475 3143 2616 3191 χχιι.
2647 3129 2757 3201 (il).
2801 3130 3004 3200 Legant
3050 3133 3134 3187 isti
3163 3133 3342 3191 Evan-

1745 3213 1962 3285 gelium,
1994 3224 2047 3270 et
2072 3215 2284 3271 videant
2313 3217 2594 3274 Dominum
2619 3218 2798 3275 Jesum
2830 3231 2955 3277 tunc
2979 3223 3120 3279 intus
3151 3224 3339 3294 fuisse,

1745 3321 1866 3362 cum
1906 3323 1936 3362 a
1975 3309 2310 3364 sacerdotum
2342 3311 2666 3382 principibus
2694 3315 2968 3371 audiretur
2996 3335 3010 3372 :
3039 3320 3336 3389 apostolum

1745 3412 1874 3452 vero
1903 3396 2116 3452 Petrum
2145 3397 2278 3454 foris
2306 3410 2361 3456 et
2387 3400 2638 3457 deorsmn
2670 3403 2721 3458 iu
2753 3405 2890 3460 atrio
2917 3422 3040 3461 cum
3071 3409 3241 3464 servis
3270 3409 3339 3466 ad

1744 3487 1924 3542 locum
1949 3502 2092 3544 nunc
2117 3487 2417 3553 sedentem.
2449 3507 2589 3548 nunc
2614 3481 2862 3562 stantem,
2891 3496 3026 3554 sicut
3053 3500 3334 3556 veracissi-

1745 3594 1830 3634 ma
1858 3591 1912 3635 et
1935 3581 2352 3637 concordissima
2379 3582 2835 3654 Evangelislarum
2859 3589 3162 3647 narratione
3187 3607 3342 3648 mon-

1745 3679 1962 3726 stratur.
1991 3671 2146 3732 Unde
2169 3688 2279 3728 non
2305 3683 2478 3743 potest
2499 3675 2602 3731 dici
2620 3717 2636 3744 ,
2663 3678 2804 3748 quod
2825 3683 3192 3750 corporalibus
3210 3699 3340 3740 ocul-

1747 3759 1813 3818 lis
1855 3777 1978 3817 eum
2020 3762 2276 3818 Dominus
2316 3765 2596 3822 visibilitcr
2634 3769 2972 3826 admonendo
3017 3777 3333 3844 respexerit.

1745 3851 1966 3908 Et‘ideo
1994 3853 2134 3923 quod
2165 3855 2236 3910 ibi
2263 3854 2520 3925 scriptum
2547 3869 2650 3926 est,
2683 3860 2924 3932 Respexit
2950 3879 3063 3916 eum
3093 3863 3339 3921 Dominus

1745 3941 1894 4014 (Luc.
1921 3958 2056 4012 xxn,
2084 3943 2210 4017 6i);
2240 3944 2385 4002 intus
2409 3956 2587 4002 actum
2613 3958 2716 4016 est,
2748 3951 2803 4004 in
2829 3961 3007 4007 mente
3031 3963 3206 4008 actum
3232 3965 3332 4019 est,

1743 4031 1799 4087 in
1823 4033 2098 4091 voluntate
2126 4045 2304 4092 actum
2333 4047 2417 4094 est
2435 4038 2478 4094 ³.
2504 4039 2865 4097 Misericordia
2893 4042 3146 4098 Dominus
3168 4045 3338 4101 laten-

1745 4133 1826 4180 ter
1853 4125 2135 4194 subvenit,
2165 4143 2261 4184 cor
2290 4129 2489 4200 tetigit,
2523 4131 2834 4190 memoriam
2861 4134 3165 4198 revocavit,
3201 4135 3339 4191 inte-

1742 4215 1886 4272 riora
1923 4217 2094 4287 gratia
2134 4231 2230 4274 sua
2261 4219 2488 4275 visitavit
2516 4221 2765 4289 Petrum,
2800 4223 3067 4279 interioris
3107 4225 3338 4282 hominis

1743 4321 1912 4378 usque
1938 4307 2006 4363 ad
2035 4310 2335 4366 exteriores
2371 4311 2633 4384 lacrymas
2675 4315 2840 4370 movit
2875 4323 2929 4371 et
2967 4317 3214 4386 produxit
3253 4320 3336 4374 al-

1745 4398 1964 4454 lectum.
2005 4399 2142 4455 Ecce
2178 4400 2625 4470 quemadmodum
2667 4403 2807 4460 Deus
2845 4405 3146 4477 adjuvando
3185 4409 3365 4466 adest‘

1741 4487 2104 4544 voluntatibus
2136 4497 2192 4547 et
2227 4491 2527 4548 actionibus
2563 4493 2761 4551 nostris
2791 4513 2804 4552 :
2831 4511 2959 4554 ecce
2986 4500 3339 4568 quemadmo-

1742 4579 1868 4638 dum
1896 4590 1952 4637 et
1979 4581 2114 4638 velle
2141 4591 2198 4639 et
2223 4585 2435 4654 operari
2464 4596 2716 4655 operatur
2744 4589 2800 4646 in
2829 4591 3002 4647 nobis.

1812 4671 1904 4731 50.
1938 4671 2068 4728 Item
2096 4673 2152 4728 in
2181 4675 2370 4732 eodem
2401 4676 2540 4732 libro
2569 4678 2708 4735 idem
2737 4692 2953 4738 sanctus
2985 4684 3334 4745 Ambrosius:

1749 4780 1768 4812 ι
1793 4761 1928 4832 Nam
1948 4763 1993 4832 si
2015 4763 2224 4831 Petrus,
2252 4783 2272 4818 ι
2300 4767 2469 4836 inquit
2497 4767 2632 4842 (Lib.
2649 4771 2738 4838 10,
2761 4789 2813 4827 n.
2834 4773 2922 4838 91,
2947 4775 3015 4828 ad
3030 4775 3160 4830 Luc.
3180 4777 3335 4848 χιιι),

1747 4872 1767 4906 ι
1797 4855 1977 4926 lapsus
1995 4864 2097 4933 est,
2123 4857 2214 4929 qui
2239 4857 2394 4926 dixit,
2422 4858 2533 4916 Etsi
2553 4861 2645 4917 alii
2663 4865 2995 4922 scandalizati
3013 4870 3222 4939 fuerint,
3241 4887 3339 4940 ego

1748 4964 1767 4997 ι
1797 4962 1896 5000 non
1918 4947 2301 5004 scandalizabor
2323 4949 2535 5022 (Matth.
2557 4969 2708 5021 xxvi,
2723 4957 2969 5027 '55);quis
2988 4959 3252 5029 aliusjure
3267 4961 3337 5020 de

1747 5053 1767 5088 ι
1797 5050 1854 5092 εε
1881 5041 2204 5108 praesumat?
2234 5040 2476 5121 Denique
2496 5044 2658 5099 David
2689 5047 2807 5116 quia
2830 5047 3064 5116 dixerat,
3088 5050 3200 5120 Ego
3228 5051 3337 5105 dixi

1748 5147 1768 5181 ι
1795 5130 1849 5184 in
1872 5147 1984 5185 mea
2008 5131 2319 5188 abundantia
2337 5175 2354 5202 ,
2388 5133 2511 5191 Non
2531 5139 2763 5192 movebar
2785 5141 2840 5193 in
2876 5149 3156 5205 (sternam;
3184 5157 3334 5197 suam

1747 5240 1768 5274 ι
1793 5222 1895 5278 sibi
1925 5223 2237 5294 jactantiam
2263 5227 2499 5286 obfuisse
2525 5230 2804 5300 proﬁtetur
2821 5271 2835 5294 ,
2859 5229 3041 5286 dicens
3059 5273 3073 5298 ,
3101 5233 3338 5289 Anertisti

1807 5421 1934 5499 {uie
1956 5423 2232 5499 editi_juxt_a
2255 5423 2498 5499 vulgatam
2508 5427 2809 5499 ambrosiam
2831 5427 2976 5492 hujus
2989 5429 3156 5492 operis
3179 5431 3229 5482 in
3251 5431 3337 5482 de-

1739 5496 1849 5534 cem
1872 5483 2023 5535 libros
2058 5483 2471 5548 distributionem,
2500 5486 2548 5537 in
2591 5488 2797 5540 decium.
2837 5483 3098 5543 At'omties
3131 5501 3260 5556 Mss,
3285 5508 3336 5546 tu

1743 5557 1884 5594 ﬂOllO.

1803 5608 1823 5638 ³
1845 5613 1895 5655 ιιι
1921 5608 2064 5679 editis
2080 5643 2096 5670 ,
2120 5608 2312 5679 plorant
2333 5608 2577 5679 delictum.
2604 5619 2732 5664 Hauc
2753 5628 2940 5676 vocem,
2969 5615 3216 5679 delictum,
3243 5632 3336 5670 nec

1739 5673 1847 5716 Mss.
1875 5668 2069 5728 addunt,
2083 5668 2186 5721 nec
2202 5673 2490 5723 Ambrosius.

1805 5731 1949 5801 {Duo
1967 5738 2090 5790 Mss,
2110 5746 2236 5782 unus
2263 5733 2530 5801 Casalensis
2545 5773 2558 5791 ,
2579 5736 2702 5786 alter
2724 5742 3004 5801 Victorinus,
3029 5739 3156 5793 intus
3173 5749 3333 5801 actum

1745 5798 1810 5842 est
1835 5791 1883 5841 in
1908 5802 2058 5843 tllt’ltlt’
2081 5805 2238 5844 artum
2261 5804 2327 5846 est
2353 5797 2402 5848 in
2428 5799 2678 5852 τοιηιιιιιιρ.
2992 5791 3003 5801 ’
3084 5791 3090 5793 ‘
3138 5791 3145 5792 ί
3211 5791 3261 5810 ντί
3321 5791 3335 5816 2
