4032 6178
632 514 654 545 ο
689 498 868 566 faciem
889 504 1046 562 tuam,
1079 503 1125 548 ct
1148 497 1315 564 fectus
1336 509 1446 547 sum
1467 491 1786 546 conturbatus
1811 508 1828 542 ι
1857 487 2031 560 (Psal.
2065 503 2210 548 χχιχ.

627 587 687 652 7,
715 587 792 660 8).
823 587 1018 642 Audiat
1041 588 1141 642 iste
1169 594 1372 642 tantum
1409 584 1582 638 virum
1627 583 1904 638 docentem
1931 622 1946 649 ,
1978 580 2216 634 imitetur

625 677 934 734 credentem
955 721 969 745 ,
999 680 1151 749 cujus
1187 678 1485 732 doctrinam
1514 673 1780 742 ﬁdemque
1809 670 2060 726 laudavit.
2101 671 2212 724 Au-

625 768 736 822 diat
765 769 1066 836 humiliter,
1101 769 1340 824 imitetur
1366 767 1595 822 ﬁdeliter
1620 783 1635 821 :
1662 781 1766 820 non
1801 763 1869 820 de
1897 777 1955 819 se
1981 762 2214 849 pertina-

625 864 760 919 citer
798 872 1076 933 praesumat
1100 903 1115 930 ,
1159 879 1225 917 ne
1269 871 1468 932 pereat.
1501 859 1640 928 Quid
1681 859 1732 914 in
1772 873 1838 913 eo
1878 857 2066 926 pelago
2103 857 2217 909 vult

624 956 791 1026 mergi
813 956 1076 1026 Pelagius,
1101 955 1241 1010 unde
1264 971 1356 1025 per
1377 963 1579 1024 petram
1603 952 1858 1007 liberatus
1883 957 1966 1005 est
1988 949 2216 1004 Petrus?

695 1047 921 1104 CAPUT
961 1047 1143 1102 XLVI.
1179 1076 1253 1088 —
1287 1047 1378 1102 5|.
1411 1045 1604 1099 Audiat
1640 1041 1887 1098 eumdem
1925 1039 2214 1095 antistitem

626 1139 719 1194 Dei
761 1140 817 1194 in
850 1148 1002 1195 sexto
1034 1139 1216 1195 itidem
1259 1138 1395 1193 libro
1436 1135 1675 1206 ejusdem
1705 1133 1884 1204 operis
1908 1132 2172 1187 dicentem
2199 1148 2212 1186 :

631 1250 651 1282 ι
680 1231 790 1287 Cur
824 1241 1002 1287 autem
1045 1247 1150 1287 nen
1194 1230 1493 1300 receperint
1520 1242 1677 1292 eum,
1724 1223 2060 1294 Evangelista
2100 1221 2216 1293 ipse

623 1324 962 1390 memoravit,
989 1323 1170 1378 dicens
1199 1341 1214 1378 :
1245 1321 1376 1388 Quia
1403 1320 1556 1392 facies
1581 1318 1689 1388 ejus
1714 1325 1821 1371 erat
1849 1315 2011 1370 euntis
2037 1315 2090 1367 in
2117 1313 2214 1368 Je-

623 1415 863 1470 rusalem.
889 1414 1139 1485 Discipuli
1159 1422 1337 1469 autem
1362 1410 1526 1480 recipi
1551 1410 1686 1464 intra
1708 1406 2000 1464 Samariam
2023 1404 2215 1476 gestie-

625 1505 770 1560 bant.
805 1504 908 1560 Sed
951 1505 1093 1560 Deus
1137 1519 1270 1576 quos
1307 1503 1555 1573 dignatur
1588 1508 1777 1564 vocat,
1817 1506 1872 1554 ct
1907 1511 2064 1567 quem
2105 1495 2216 1550 vult

621 1596 930 1666 religiosum
979 1595 1102 1653 facit
1155 1615 1174 1648 ι
1203 1595 1337 1667 (Lib.
1366 1596 1420 1660 7,
1465 1611 1519 1649 η.
1557 1593 1664 1659 27,
1705 1591 1773 1644 ad
1807 1589 1933 1644 Luc.
1967 1604 2054 1654 Ix,
2098 1587 2210 1658 55).

622 1685 669 1741 Ο
698 1701 914 1742 sensum
944 1685 1174 1741 hominis
1199 1687 1328 1752 Dei,
1353 1701 1420 1742 ex
1446 1685 1562 1754 ipso
1592 1683 1838 1737 haustum
1865 1679 2006 1735 fonte
2030 1677 2214 1748 gratim

625 1775 752 1830 Dei!
788 1795 806 1828 ι
837 1776 998 1840 Deus,
1029 1794 1048 1828 ι
1081 1775 1270 1847 inquit,
1301 1793 1326 1829 ‹
1352 1789 1486 1845 quos
1510 1773 1756 1844 dignatur
1777 1777 1950 1837 vocat,
1977 1776 2030 1824 et
2053 1781 2212 1838 quem

623 1873 740 1926 vult
763 1872 1069 1943 religiosum
1097 1869 1240 1926 facit.
1272 1889 1291 1922 ι
1318 1869 1504 1924 Videte
1528 1867 1575 1922 si
1601 1881 1705 1920 non
1732 1863 1858 1919 illud
1881 1870 1963 1943 est
1985 1861 2214 1932 prophe-

624 1962 787 2018 ticum
809 2002 826 2029 ,
859 1962 1137 2017 Miserebor
1163 1962 1309 2032 cujus
1340 1961 1568 2016 misertus
1592 1973 1678 2011 ero
1697 1998 1712 2022 ,
1744 1965 1792 2011 et
1816 1952 2214 2008 misericordiam

626 2053 874 2124 prtestabo
918 2054 998 2108 cui
1040 2053 1321 2108 misericors
1364 2055 1506 2125 fuero
1533 2065 1552 2104 :
1578 2056 1632 2105 et
1673 2046 1800 2102 illud
1838 2045 2210 2118 apostolicum,

622 2141 796 2216 Igitur
819 2159 921 2198 non
949 2143 1342 2214 roleutis,neque
1367 2141 1631 2204 currentis,
1663 2139 1754 2195 sed
1778 2137 2056 2193 miserantis
2079 2135 2172 2190 Dei
2193 2137 2211 2169 ι

621 2235 816 2308 (Exod.
847 2250 1056 2303 xxxiii,
1091 2235 1194 2302 19;
1227 2235 1378 2290 Rom.
1409 2251 1460 2289 Ix
1482 2275 1496 2300 ,
1537 2233 1635 2298 15,
1677 2229 1789 2304 16).
1829 2231 1960 2297 Quia
2001 2239 2060 2286 ut
2087 2231 2216 2286 dicit

623 2327 785 2383 etiam
816 2335 1122 2382 nostrorum
1150 2335 1448 2396 temporum
1479 2324 1640 2380 homo
1669 2321 1786 2391 ejus
1805 2321 1846 2386 ',
1887 2340 1908 2374 ι
1936 2320 2102 2387 Quem
2133 2321 2216 2375 di-

624 2427 816 2486 gnatur
851 2425 1041 2483 vocat,
1070 2425 1124 2471 et
1151 2431 1307 2486 quem
1337 2415 1450 2469 vult
1478 2413 1785 2484 religiosum
1816 2411 1957 2468 facit.
1993 2431 2012 2464 ι
2045 2411 2213 2467 Nunt-

625 2507 751 2577 quid
777 2505 968 2578 aliquis
993 2507 1172 2562 dicere
1195 2506 1443 2574 audebit,
1476 2504 1707 2559 nondum
1736 2518 1859 2559 esse
1884 2503 2209 2574 religiosum,

631 2617 651 2652 ι
681 2599 772 2670 qui
799 2599 966 2654 currit
992 2599 1058 2653 ad
1087 2599 1366 2653 Dominum
1388 2639 1402 2662 ,
1434 2607 1488 2654 et
1518 2597 1586 2651 ab
1617 2611 1682 2652 eo
1709 2611 1768 2652 se
1797 2597 1908 2666 regi
1945 2595 2124 2666 cupit,
2161 2604 2216 2650 et

625 2691 952 2747 voluntatem
981 2705 1132 2746 suam
1163 2706 1228 2746 ex
1257 2690 1373 2761 ejus
1401 2689 1670 2746 voluntate
1695 2687 2002 2759 suspendit,
2043 2696 2099 2743 et
2123 2687 2214 2757 qui

624 2783 1023 2840 ciadhterendo
1064 2783 1292 2854 jugiter,
1341 2798 1512 2849 unus,
1556 2781 1848 2838 secundum
1876 2779 2210 2852 Apostolum,

623 2890 744 2930 cum
791 2889 857 2930 eo
893 2873 955 2929 ﬁt
993 2874 1210 2944 spiritus
1237 2892 1256 2926 ι
1305 2871 1528 2945 (Pelagii
1563 2873 1746 2939 verba,
1777 2889 1963 2942 supra,
1996 2889 2050 2926 η.
2078 2870 2216 2940 2‘)?

623 2965 824 3022 Athoc
854 2973 1020 3021 totum
1063 2973 1172 3021 tam
1217 2979 1464 3036 magnum
1507 2963 1739 3035 religiosi
1786 2963 2019 3018 hominis
2057 2975 2214 3032 opus,

625 3056 870 3126 Pelagius
905 3073 926 3108 ι
956 3071 1062 3110 non
1093 3073 1112 3106 ι
1145 3055 1273 3110 dicit
1303 3074 1323 3106 ‹
1351 3055 1511 3121 effici,
1538 3055 1638 3110 nisi
1663 3053 1870 3110 arbitrii
1895 3053 2158 3110 libertate.
2187 3070 2212 3107 υ

626 3146 820 3200 Contra
842 3154 1018 3200 autem
1041 3145 1229 3200 beatus
1245 3145 1559 3200 Ambrosius
1578 3145 1744 3215 ipsius
1764 3155 1868 3200 tam
1891 3143 2216 3200 excellenter

631 3250 726 3289 ore
748 3233 1002 3289 laudatus
1023 3276 1037 3302 ,
1075 3253 1094 3287 ι
1125 3235 1382 3290 Dominus
1405 3233 1579 3300 Deus,
1610 3251 1630 3285 ι
1663 3233 1860 3304 inquit,
1893 3251 1915 3286 ‹
1943 3248 2098 3304 quem
2129 3232 2214 3289 di-

631 3333 822 3394 gnatur
845 3334 1020 3392 vocat,
1046 3333 1100 3380 et
1127 3340 1286 3396 quem
1312 3325 1423 3380 vult
1449 3325 1754 3396 religiosum
1780 3324 1924 3381 facit.
1955 3343 1973 3377 ι
2002 3326 2138 3396 Ergo
2157 3332 2218 3380 ut

627 3425 806 3470 currat
829 3416 897 3471 ad
925 3416 1227 3482 Dominum,
1253 3416 1393 3472 etab
1417 3431 1482 3472 eo
1507 3431 1566 3471 se
1593 3417 1705 3487 regi
1733 3417 1927 3486 cupiat,
1959 3431 2216 3486 suamque

627 3507 957 3564 voluntatem
987 3523 1054 3562 ex
1083 3506 1200 3577 ejus
1227 3507 1497 3562 voluntate
1523 3505 1830 3576 suspendat,
1860 3506 2015 3577 eique
2035 3506 2218 3561 adiue-

627 3596 798 3652 rendo
817 3597 1012 3668 jugiter
1035 3613 1194 3664 unus,
1219 3597 1512 3655 secundum
1537 3597 1872 3668 Apostolum,
1901 3613 2020 3652 cum
2040 3613 2104 3653 eo
2128 3597 2218 3653 ﬁat

627 3686 848 3756 spiritus
879 3687 898 3760 (
917 3687 933 3742 l
961 3687 1078 3742 Cor.
1108 3704 1160 3743 vi
1182 3730 1196 3755 ,
1224 3689 1318 3758 l7)
1339 3731 1354 3756 ,
1389 3689 1527 3744 Deus
1565 3703 1721 3758 quem
1759 3687 1871 3743 vult
1909 3686 2215 3758 religiosum

627 3781 753 3836 facit
779 3799 792 3836 :
822 3791 877 3837 ct
913 3781 1014 3836 hoc
1044 3789 1212 3837 totum
1243 3781 1404 3836 homo
1449 3781 1551 3836 nisi
1594 3780 1873 3851 religiosus
1919 3795 2024 3835 non
2069 3778 2212 3834 facit.

627 3870 961 3941 Quapropter
975 3871 1073 3925 nisi
1089 3885 1120 3924 a
1139 3871 1248 3926 Deo
1266 3869 1386 3934 ﬁat,
1405 3879 1462 3924 ut
1479 3870 1580 3924 hoc
1598 3869 1751 3925 faciat
1765 3911 1780 3934 ,
1797 3870 1918 3941 quis
1933 3870 2035 3925 hoc
2051 3868 2177 3924 facit
2191 3870 2216 3922 'i

696 3960 924 4017 CAPUT
961 3961 1168 4016 XLVII.
1199 3990 1272 4003 —-
1297 3961 1388 4017 52.
1417 3961 1523 4016 Sed
1551 3961 1670 4031 quia
1704 3963 1804 4016 ista
1836 3961 2061 4031 qumstio
2080 4002 2096 4029 ,
2124 3961 2214 4016 ubi

625 4054 693 4108 de
719 4053 940 4108 arbitrio
967 4051 1256 4108 voluntatis
1284 4059 1339 4109 et
1366 4051 1456 4107 Dei
1483 4051 1650 4122 gratia
1678 4051 2002 4122 disputatur,
2033 4052 2106 4106 ita
2133 4061 2217 4108 est

627 4143 694 4199 ad
719 4129 1134 4200 discernendum
1161 4142 1414 4206 difﬁcilis,
1443 4153 1503 4197 ιιι
1525 4142 1738 4214 quando
1761 4142 2062 4199 defenditur
2085 4144 2216 4200 libe-

626 4253 744 4290 rum
785 4235 1098 4302 arbitrium,
1141 4236 1323 4307 negari
1354 4235 1446 4291 Dei
1482 4235 1650 4306 gratia
1689 4234 1964 4302 videatur;
2003 4235 2216 4305 quando

627 4336 804 4383 autem
831 4327 1088 4383 asscritur
1115 4327 1205 4382 Dei
1229 4327 1420 4398 gratia,
1448 4326 1675 4382 liberum
1703 4325 1978 4383 arbitrium
2002 4335 2218 4397 putetur

627 4420 824 4475 auferri
855 4439 868 4474 :
895 4429 1072 4489 potest
1117 4419 1362 4490 Pelagius
1409 4419 1481 4474 ita
1525 4434 1584 4474 se
1625 4419 1844 4474 latebris
1879 4419 2216 4474 obscuritatis

629 4511 786 4581 hujus
815 4513 1087 4566 involvere
1105 4553 1120 4576 ,
1150 4519 1210 4566 ut
1232 4512 1394 4567 etiam
1421 4511 1485 4565 iis
1521 4525 1640 4581 qua:
1667 4526 1698 4566 a
1727 4519 1911 4566 sancto
1937 4511 2216 4566 Ambrosio

629 4602 928 4672 censeripta
971 4601 1277 4672 posuimus,
1317 4602 1622 4657 consentire
1658 4616 1718 4657 se
1752 4601 1928 4669 dicat;
1969 4609 2024 4656 et
2057 4617 2118 4658 ea
2156 4617 2216 4658 se

629 4708 841 4764 quoque
867 4693 1065 4748 sentire
1089 4693 1402 4763 proclamet,
1427 4705 1740 4762 semperque
1767 4693 2033 4758 sensisse;
2057 4701 2218 4764 atque

630 4785 700 4840 ita
727 4783 931 4856 singula
957 4793 1180 4840 conetur
1208 4797 1498 4854 exponere,
1531 4790 1588 4838 ut
1611 4785 1771 4840 etiam
1798 4783 1912 4855 ejus
1937 4785 2216 4840 sententiae

629 4877 916 4932 convenire
945 4875 1246 4930 credantur.
1275 4875 1611 4946 Quapropter
1647 4883 1901 4944 quantum
1935 4876 2125 4932 attinet
2147 4875 2216 4932 ad

630 4969 784 5024 istam
825 4967 894 5024 de
925 4967 1101 5022 divina
1137 4967 1304 5038 gratia
1335 4977 1390 5023 et
1416 4966 1680 5036 adjutorio
1707 4967 2052 5038 quaestionem
2073 5009 2088 5033 ,
2117 4967 2215 5022 tria

627 5061 715 5116 illa
741 5055 860 5131 qtite
889 5058 1226 5132 apertissime
1254 5059 1497 5114 distinxit
1517 5058 1773 5114 attendite
1800 5077 1812 5112 :
1844 5073 2026 5130 posse,
2057 5061 2214 5126 velle,

627 5167 748 5207 esse
768 5151 820 5218 ³;
847 5149 902 5205 id
928 5157 1012 5206 est
1031 5191 1046 5215 ,
1075 5149 1481 5219 possibilitatem
1504 5189 1517 5212 ,
1549 5150 1896 5225 voluntatem,
1927 5149 2214 5204 actionem.

627 5244 681 5299 Si
707 5259 834 5314 ergo
853 5242 1187 5298 consenserit
1211 5241 1386 5308 nobis,
1409 5256 1516 5297 non
1542 5241 1708 5296 solam
1737 5241 2137 5312 possibilitatem
2163 5242 2214 5295 in

630 5336 846 5391 homine
866 5377 882 5402 ,
913 5335 1122 5390 etiamsi
1149 5349 1247 5389 nec
1274 5334 1426 5399 velit,
1461 5348 1558 5388 nec
1583 5343 1706 5403 agat
1731 5333 1867 5388 bene
1885 5375 1900 5399 ,
1928 5333 2021 5390 sed
2047 5333 2215 5404 ipsam

629 5442 841 5497 quoque
869 5427 1197 5481 voluntatem
1227 5435 1280 5480 et
1309 5425 1592 5491 actionem,
1627 5423 1679 5479 id
1705 5433 1807 5492 est,
1837 5434 1895 5480 ut
1922 5425 2054 5481 bene
2080 5425 2218 5480 veli-

631 5532 748 5571 mus
777 5525 833 5572 et
859 5516 996 5572 bene
1023 5531 1241 5587 agamus
1261 5558 1275 5584 ,
1303 5533 1420 5586 quae
1455 5531 1560 5571 non
1603 5524 1728 5570 sunt
1756 5515 1806 5570 in
1840 5515 2083 5580 homine,
2118 5517 2214 5570 nisi

696 5673 714 5704 ί
740 5670 891 5721 Editio
912 5677 1009 5727 F.r.,
1034 5671 1121 5722 sed
1143 5671 1410 5722 miserantis
1429 5680 1496 5720 cst
1528 5681 1626 5722 nrt.
1697 5665 1753 5721 at.

697 5736 718 5777 ν
741 5731 1010 5783 Casslensis
1033 5741 1135 5791 Ms.,
1153 5733 1291 5780 homo
1319 5736 1420 5782 Dei.

699 5796 720 5829 ³
745 5795 997 5844 Vaticanus
1019 5801 1120 5849 313.,
1148 5805 1306 5849 auerte.

1375 377 1433 434 S.
1471 373 1842 437 AUGUSTINI
1884 371 2186 430 EPISCOI‘I
2226 373 2428 430 LiBER
2468 375 2555 432 DE
2595 375 2851 435 GRATIA
2892 380 3184 440 CHRISTI.
3819 383 3916 443 ΞΜ

2326 490 2536 558 quando
2563 491 2701 548 bene
2729 493 2836 547 vult
2873 502 2927 548 et
2967 493 3100 549 bene
3129 493 3236 564 agit
3269 511 3280 546 :
3312 493 3356 548 si
3377 535 3391 554 .
3424 503 3481 548 ut
3507 492 3650 560 dixi,
3680 509 3914 552 consen-

2324 582 2484 646 serit,
2517 583 2674 637 etiam
2715 584 2884 654 ipsam
2925 587 3249 641 voluntatem
3277 594 3333 641 et
3359 585 3622 642 actionem
3657 586 3922 644 divinitus

2325 671 2592 741 adjuvari,
2620 684 2675 729 et
2711 676 2789 730 sic
2823 677 3094 746 adjuvari,
3125 688 3183 732 ut
3218 679 3335 733 sine
3365 678 3454 735 illo
3482 678 3750 748 adjutorio
3787 682 3924 738 nihil

2325 761 2461 818 bene
2485 763 2709 819 velimus
2729 773 2784 820 et
2801 781 3048 836 agamus,
3076 783 3299 838 eamque
3319 783 3439 823 esse
3456 770 3678 838 gratiam
3704 771 3802 826 Dei
3830 786 3924 840 per

2323 852 2504 908 Jesunt
2531 855 2798 910 Christum
2843 857 3120 914 Dominum
3159 870 3432 924 nostrum,
3464 860 3517 915 in
3555 877 3656 932 qua
3687 876 3791 918 nos
3823 878 3921 916 sua

2325 959 2430 998 non
2457 955 2636 1000 nostra
2659 946 2862 1016 justitia
2887 948 3061 1018 justos
3085 949 3247 1018 facit,
3287 962 3338 1006 ut
3381 967 3443 1008 ea
3483 953 3552 1007 sit
3577 969 3701 1009 vera
3728 963 3923 1010 nostra

2318 1034 2520 1104 justitia
2549 1053 2669 1107 qua:
2697 1039 2849 1098 nobis
2877 1040 2944 1096 ab
2969 1041 3063 1098 illo
3086 1051 3202 1108 est;
3229 1043 3360 1097 nihil
3398 1043 3466 1099 de
3499 1045 3765 1111 adjutorio
3789 1061 3924 1116 gra-

2327 1125 2412 1178 tiaz
2456 1125 2582 1189 Dei,
2621 1138 2874 1197 quantum
2919 1129 3180 1197 arbitror,
3214 1131 3354 1188 inter
3393 1147 3492 1188 nos
3532 1135 3922 1190 controversia:

2325 1217 2672 1288 relinquetur.

2394 1310 2621 1368 CAPUT
2658 1313 2890 1370 XLVIII.
2914 1346 2984 1356 —
3009 1317 3096 1372 55.
3126 1315 3258 1373 Illud
3297 1329 3473 1374 autem
3515 1328 3734 1392 propter
3769 1321 3920 1392 quod

2324 1401 2402 1457 sic
2423 1403 2656 1458 laudavit
2680 1414 2922 1460 sanctum
2948 1408 3309 1475 Ambrosium,
3335 1412 3458 1481 quia
3484 1411 3688 1467 scilicet
3707 1413 3757 1467 in
3781 1413 3920 1469 Stri-

2325 1495 2428 1564 ptis
2457 1495 2574 1560 ejus
2612 1497 2810 1558 invenit
2849 1514 2914 1555 ex
2954 1500 3198 1558 laudibus
3227 1501 3498 1558 Zachariae
3529 1511 3586 1558 et
3613 1504 3921 1574 Elisabeth,

2325 1601 2482 1657 posse
2517 1589 2787 1645 hominem
2826 1590 2878 1644 in
2911 1591 3012 1648 hac
3037 1593 3142 1648 vita
3170 1608 3292 1649 esse
3317 1595 3434 1649 sine
3459 1606 3681 1665 peccato
3705 1616 3718 1650 :
3742 1613 3922 1668 quan-

2323 1693 2488 1762 quam
2506 1679 2806 1750 negandum
2832 1696 2938 1736 non
2960 1683 3049 1751 sit,
3072 1684 3117 1738 si
3141 1683 3242 1740 hoc
3264 1685 3388 1740 velit
3411 1686 3572 1753 Deus,
3593 1687 3735 1757 apud
3751 1704 3921 1758 quem

2323 1776 2448 1822 sunt
2475 1770 2652 1826 omnia
2683 1772 2986 1840 possibilia,
3029 1775 3332 1831 consideret
3371 1785 3546 1833 utnon
3585 1778 3918 1850 diligentius,

2322 1862 2775 1930 quemadmodum
2792 1865 2993 1922 dictum
3020 1869 3106 1922 sit.
3135 1869 3342 1924 Dictum
3355 1871 3504 1926 enim
3528 1881 3632 1939 est,
3655 1883 3923 1943 quantum

2323 1955 2453 2010 mihi
2505 1956 2748 2026 videtur,
2801 1959 3092 2015 secundum
3141 1963 3424 2032 quamdam
3477 1965 3618 2020 inter
3665 1964 3924 2022 homines
3985 2024 3996 2032 _

2323 2051 2784 2104 conversationem
2813 2051 3140 2120 probabilem
3178 2062 3339 2123 atque
3366 2054 3683 2112 laudabilem
3702 2098 3719 2122 ,
3750 2073 3923 2128 quam

2324 2137 2501 2192 nullus
2529 2137 2804 2194 hominum
2836 2140 2981 2210 juste
3021 2150 3204 2212 posset
3241 2143 3297 2198 in
3329 2147 3684 2201 accusationis
3719 2157 3776 2203 et
3805 2151 3922 2204 cri-

2324 2227 2628 2284 minationis
2658 2231 2926 2300 querelam
2971 2247 3182 2288 vocare.
3213 2231 3382 2302 Quam
3414 2245 3697 2306 propterea
3733 2238 3792 2292 in
3821 2239 3922 2293 Dei

2325 2328 2611 2388 conspectu
2639 2319 2924 2380 Zacharias
2952 2330 3008 2378 et
3033 2323 3150 2393 ejus
3177 2339 3310 2379 uxor
3337 2324 3583 2381 habuisse
3611 2327 3925 2384 referuntur

2329 2407 2475 2477 (Luc.
2504 2425 2556 2474 ι,
2584 2409 2639 2482 6)
2665 2453 2680 2476 ,
2707 2413 2830 2482 quia
2855 2413 2908 2467 in
2936 2429 2998 2470 ea
3029 2415 3272 2472 homines
3311 2418 3454 2472 nulla
3491 2418 3924 2478 dissimulatione

2326 2496 2598 2566 fallebant,
2627 2501 2724 2556 sed
2749 2511 2804 2556 ut
2831 2505 3156 2573 apparebant
3179 2505 3502 2576 hominibus,
3527 2510 3597 2562 ita
3623 2511 3735 2566 noti
3759 2525 3926 2568 erant

2325 2589 2493 2644 oculis
2516 2591 2628 2646 Dei.
2655 2591 2774 2649 Non
2799 2603 2976 2650 autem
3002 2595 3201 2652 dictum
3227 2607 3311 2653 cst
3335 2598 3436 2655 hoc
3455 2602 3744 2658 secundum
3767 2603 3924 2658 illam

2327 2678 2706 2747 perfectionem
2739 2683 2988 2754 justitite,
3019 2687 3070 2742 in
3099 2704 3202 2758 qua
3231 2705 3354 2744 vere
3378 2701 3536 2761 atque
3561 2695 3878 2751 omnimodo
3905 2698 3924 2728 ⁸

2326 2770 2647 2827 immaculati
2691 2777 3018 2848 perfectique
3059 2779 3317 2835 vivemus.
3359 2781 3492 2837 Nam
3539 2793 3595 2840 et
3638 2787 3927 2854 apostolus

2327 2860 2519 2916 I’aulus
2545 2863 2698 2932 dixit,
2726 2867 3016 2922 secundum
3041 2869 3300 2939 justitiam
3327 2887 3447 2942 qua:
3475 2889 3539 2928 ex
3571 2874 3688 2944 lege
3712 2889 3824 2943 est,
3853 2893 3923 2934 se

2325 2950 2488 3008 fuisse
2513 2954 2628 3010 sine
2654 2959 2905 3026 querela;
2936 2959 2988 3013 in
3018 2975 3120 3030 qua
3151 2963 3266 3032 lege
3293 2963 3456 3020 etiam
3483 2964 3768 3024 Zacharias
3793 2970 3918 3025 sine

2325 3045 2540 3114 querela
2579 3049 2995 3106 conversabatur
3021 3067 3036 3104 :
3065 3052 3160 3108 sed
3187 3052 3326 3109 hanc
3346 3054 3632 3125 Apostolus
3650 3059 3916 3128 justitiam

2325 3133 2380 3192 in
2405 3137 2732 3194 stercoribus
2759 3148 2814 3196 et
2841 3140 3176 3198 detrimentis
3215 3143 3513 3216 deputavit,
3545 3147 3598 3202 in
3634 3163 3918 3220 compara-

2327 3225 2470 3282 tione
2494 3227 2715 3298 justitite
2740 3247 2898 3302 quam
2925 3247 3202 3304 speramus
3241 3235 3504 3308 (Philipp.
3533 3254 3628 3304 ιιι,
3654 3239 3706 3305 6,
3734 3240 3833 3310 8),
3861 3251 3920 3297 et

2323 3334 2482 3389 quam
2513 3337 2655 3378 nunc
2683 3325 2891 3380 esurire
2925 3341 2988 3382 ac
3024 3325 3178 3383 sitire
3209 3327 3470 3384 debemus
3508 3330 3722 3401 (Matth.
3743 3349 3804 3402 v,
3834 3335 3915 3405 ti),

2326 3419 2386 3466 ut
2410 3426 2472 3469 ea
2516 3412 2833 3484 quandoque
2873 3425 3174 3474 saturemur
3202 3419 3254 3476 in
3283 3421 3491 3490 specie,
3521 3439 3642 3493 quae
3665 3440 3811 3480 nunc
3835 3437 3922 3482 est

2325 3501 2381 3557 in
2411 3503 2533 3567 ﬁde,
2567 3506 2818 3574 quamdiu
2841 3507 3017 3576 justus
3044 3523 3110 3564 ex
3137 3508 3242 3565 ﬁde
3269 3511 3400 3566 vivit
3429 3510 3603 3584 (Rom.
3631 3529 3668 3578 ι,
3700 3516 3815 3586 l7).

2395 3595 2621 3652 CAPUT
2662 3595 2848 3652 XLIX.
2873 3628 2944 3638 —
2963 3599 3052 3654 54.
3083 3600 3277 3655 Audiat
3299 3601 3528 3672 denique
3553 3603 3728 3673 ipsum
3754 3621 3921 3663 vene.

2326 3687 2547 3744 rabilem
2579 3690 2870 3746 antistitem
2893 3732 2907 3756 ,
2952 3707 3073 3747 cum
3113 3702 3411 3763 exponeret
3453 3695 3643 3751 Isaiam
3683 3699 3921 3768 prophe-

2328 3789 2433 3836 tam
2462 3779 2541 3854 (α)
2559 3824 2574 3846 ,
2606 3783 2870 3839 dicentem
2894 3827 2908 3851 ,
2938 3786 3183 3841 neminem
3210 3787 3264 3840 in
3289 3787 3384 3841 hoc
3410 3790 3600 3842 ntundo
3635 3806 3744 3845 esse
3769 3808 3924 3861 posse

2325 3871 2434 3928 sine
2459 3883 2684 3943 peccato.
2712 3873 2811 3930 Ubi
2841 3890 3002 3931 nemo
3027 3884 3206 3946 potest
3239 3877 3450 3945 dicere,
3488 3897 3508 3930 ι
3537 3879 3590 3933 in
3619 3879 3723 3936 hoc
3755 3898 3921 3937 mun-

2324 3962 2395 4018 do
2423 3981 2444 4018 ι
2475 3979 2596 4019 eum
2626 3965 2827 4034 dixisse
2854 3967 3000 4024 velut
3027 3969 3079 4024 in
3109 3967 3395 4026 dilectione
3421 3969 3581 4040 hujus
3605 3971 3810 4028 mundi.
3845 3974 3925 4029 De

2325 4057 2582 4126 Apostolo
2623 4058 2819 4114 etenim
2867 4059 3208 4130 loquebatur,
3254 4061 3346 4131 qui
3385 4061 3552 4130 dixit,
3593 4063 3925 4120 Conumatio

2325 4156 2497 4202 nostra
2521 4149 2575 4203 in
2599 4149 2736 4204 cmlis
2759 4159 2832 4205 est
2857 4149 3114 4224 (Philipp.
3137 4168 3216 4218 ιιι,
3237 4152 3351 4225 20).
3375 4153 3527 4210 Hunc
3549 4171 3678 4226 ergo
3697 4171 3924 4213 sensum

2325 4251 2650 4296 memoratus
2670 4242 2953 4313 episcopus
2972 4245 3278 4314 explicans:
3309 4265 3331 4299 ι
3359 4245 3651 4315 Perfectos,
3680 4269 3700 4302 ι
3724 4251 3922 4322 inquit,

2331 4349 2350 4383 ι
2376 4347 2557 4388 secum
2600 4333 2797 4389 multos
2834 4335 2908 4390 ait
2943 4335 3231 4404 Apostolus
3266 4336 3320 4392 in
3363 4336 3464 4394 hoc
3503 4339 3678 4396 adhuc
3715 4345 3928 4400 mundo

2323 4423 2476 4487 sitos,
2502 4425 2591 4494 qui
2617 4427 2662 4481 si
2690 4425 2757 4482 ad
2783 4425 3162 4497 perfectionem
3187 4443 3368 4485 veram
3392 4431 3663 4501 respicias,
3691 4433 3924 4503 perfecti

2325 4532 2446 4573 esse
2471 4532 2575 4574 non
2608 4527 2873 4588 poterant.
2901 4519 3034 4588 Quia
3062 4521 3176 4589 ipse
3199 4521 3362 4589 dixit,
3400 4523 3636 4580 Videmus
3662 4543 3801 4582 nunc
3827 4547 3928 4599 per

2324 4609 2584 4678 speculum
2603 4609 2656 4664 in
2673 4611 2958 4682 (enigmate,
2979 4621 3098 4666 tunc
3117 4623 3282 4668 autem
3302 4614 3434 4685 facie
3451 4614 3521 4668 ad
3540 4615 3723 4687 faciem
3743 4634 3765 4672 :
3783 4636 3926 4674 nunc

2325 4715 2570 4770 cognosco
2593 4717 2656 4758 ea:
2677 4711 2838 4771 parte,
2864 4711 2981 4758 tunc
3005 4711 3173 4758 autem
3199 4721 3498 4776 cognoscam
3519 4707 3646 4762 sicut
3673 4719 3723 4763 et
3746 4711 3924 4780 cogni-

2325 4800 2404 4845 tus
2427 4809 2538 4848 sum
2565 4791 2610 4863 (l
2633 4792 2752 4848 Cor.
2775 4809 2890 4858 xui,
2920 4794 3033 4866 12).
3060 4793 3135 4849 Ita
3161 4804 3216 4850 et
3241 4796 3562 4852 immaculati
3583 4807 3712 4853 sunt
3735 4798 3793 4854 in
3817 4799 3922 4856 hoc

2327 4883 2526 4938 mundo
2564 4892 2619 4938 et
2658 4883 2980 4943 immaculati
3017 4895 3174 4940 erunt
3203 4885 3258 4939 in
3291 4902 3458 4956 regno
3487 4887 3583 4942 Dei
3611 4904 3626 4941 :
3655 4901 3782 4944 cum
3813 4889 3920 4944 uti-

2326 4989 2462 5045 que,
2495 4975 2538 5028 si
2584 4974 2834 5030 minutius
2871 4975 3144 5042 excutias,
3186 4977 3552 5034 immaculatus
3591 4992 3716 5035 esse
3761 4995 3922 5036 nemo

2328 5067 2526 5136 possit,
2559 5067 2680 5138 quia
2729 5083 2888 5126 nemo
2931 5068 3048 5123 sine
3089 5077 3326 5138 peccato.
3360 5088 3380 5122 ι
3414 5069 3546 5124 Illud
3583 5086 3714 5142 ergo
3749 5076 3922 5129 sancti

2329 5159 2592 5214 Ambrosii
2616 5160 2998 5226 testimonium,
3020 5175 3127 5230 quo
3152 5177 3247 5230 pro
3271 5177 3362 5216 sua
3385 5164 3643 5218 sententia
3670 5165 3920 5238 Pelagius

2327 5249 2523 5315 utitur,
2555 5259 2646 5305 aut
2673 5250 2964 5306 secundum
3005 5253 3288 5323 quemdam
3326 5255 3542 5310 modum
3581 5255 3785 5312 dictum
3817 5270 3920 5320 est.

2394 5360 2626 5434 {aliquot
2658 5369 2785 5433 Mss,
2823 5361 3307 5434 omniumhomqu
3333 5365 3477 5430 paulo
3513 5365 3664 5426 infra,
3689 5382 3802 5434 cap.
3827 5373 3922 5432 49,

2328 5438 2375 5474 ιι.
2397 5423 2476 5489 ξὶ-ι,
2493 5423 2634 5484 atque
2657 5423 2846 5489 omnino
2867 5427 3093 5489 perfecta:
3104 5423 3348 5488 jusiitiaz.‘
3650 5423 3659 5426 ’
3751 5423 3767 5444 "

2391 5485 2463 5558 (ιι)
2496 5492 2778 5558 nonex‘stat
2796 5485 2888 5558 hoc
2905 5485 3028 5549 opus
3051 5485 3301 5558 Alllbl'qsli,
3333 5489 3462 5558 quod
3483 5494 3821 5558 rursumcitat
3841 5505 3924 5558 Ali-

2329 5545 2554 5612 gustinus
2595 5548 2646 5595 in
2681 5545 2804 5597 libro
2825 5547 2890 5596 de
2913 5545 3113 5598 P'eccato
3147 5545 3400 5612 originali,
3448 5565 3498 5600 ιι.
3541 5552 3629 5610 47ς
3671 5551 3763 5603 lib.
3812 5557 3924 5607 ide

2330 5609 2580 5674 nuptiiset
2601 5613 2993 5674 concupiscentia
3014 5644 3028 5668 ,
3072 5624 3123 5659 ιι.
3150 5609 3251 5674 4οξ
3285 5611 3370 5661 lib.
3390 5609 3420 5660 ι
3438 5673 3441 5674 ν
3457 5609 3624 5662 contra
3645 5615 3893 5670 lulianum
3909 5654 3923 5674 .

2332 5686 2380 5720 n.
2401 5669 2458 5722 7H
2482 5683 2494 5727 ;
2516 5669 2600 5718 lib.
2641 5669 2672 5733 9.
2691 5669 2856 5720 contra
2877 5674 3130 5730 ennuiem,
3155 5686 3205 5721 ιι.
3227 5669 3318 5733 24;
3343 5686 3398 5722 ac
3433 5673 3517 5724 ιιι).
3559 5674 3589 5722 4
3611 5669 3782 5726 contra
3806 5669 3928 5730 duas

2332 5735 2563 5803 liristolas
2596 5730 3000 5803 pelagianorym,
3039 5747 3088 5782 ιι.
3129 5734 3208 5784 50.
3257 5730 3466 5803 ξιριιιιιιῇι
3489 5737 3716 5803 ejusdem
3734 5745 3924 5803 pperis

2338 5794 2609 5846 antiqui-sim
2631 5794 2734 5855 ipse.
2762 5793 2842 5841 lib.
2872 5793 2901 5842 “2
2922 5797 2966 5842 in
2992 5801 3179 5858 Lucam,
3199 5809 3248 5844 ιι.
3267 5798 3356 5857 56,
3379 5797 3438 5848 ad
3461 5793 3564 5860 cap.
3593 5799 3670 5854 II.
3705 5801 3778 5852 ις).
