4032 6178
111 273 212 333 $85

113 385 450 458 probabilem
475 387 712 458 quidem,
744 386 838 440 sed
866 401 970 439 non
1000 385 1252 438 tninntius
1279 399 1564 438 excussum
1592 399 1606 436 :
1631 393 1721 437 aut

115 487 249 535 certe
276 478 326 533 si
363 479 463 534 ille
499 479 582 546 vir
622 489 836 532 sanctus
880 486 1037 546 atque
1079 475 1297 531 humilis
1327 475 1636 530 Zachariam
1668 484 1721 528 et

117 569 384 627 Elisabcth
421 585 648 626 summa:
677 579 832 639 atque
862 567 1173 622 omnimodo
1204 566 1450 638 periectas
1475 567 1716 637 justitim,

117 662 191 716 cui
216 658 352 714 nihil
384 660 513 715 addi
537 660 647 730 jam
675 667 890 730 posset,
923 657 1086 712 fuisse
1110 657 1450 724 existimavit,
1482 656 1758 726 profecto‘

116 751 442 807 sententiam
476 765 628 804 suam
659 748 911 804 minutius
942 745 1260 803 excutienda
1287 747 1539 801 correxit.

174 842 416 899 CAPUT
444 843 510 899 L.
531 873 604 883 -—
628 843 717 899 55.
746 839 998 896 Attendat
1025 854 1153 894 sane
1179 841 1279 894 iste
1307 839 1360 893 in
1387 839 1574 894 eodem
1604 841 1719 910 ipso

118 939 254 1001 loco,
302 935 457 992 unde
497 935 598 990 hoc
627 933 1038 988 Ambrosianum
1072 931 1466 998 testimonium,
1497 931 1635 1001 quod
1667 931 1719 986 ei

119 1025 382 1094 placebat,
415 1023 744 1092 assumpsit,
775 1023 941 1076 etiam
979 1020 1110 1076 illud
1153 1035 1274 1076 eum
1317 1020 1550 1086 dixisse,
1577 1022 1717 1090 quod

123 1136 138 1166 ι
163 1115 226 1168 ab
265 1113 433 1168 initio
454 1127 576 1168 esse
598 1112 994 1166 immaculatum
1025 1111 1042 1143 ¹
1062 1153 1077 1178 ,
1103 1109 1350 1165 humanae
1391 1111 1720 1180 impossibile

117 1208 172 1259 sil
204 1215 464 1260 naturae:
503 1223 523 1257 ι
562 1204 652 1259 ιὼί
682 1203 902 1259 omnino
933 1203 1075 1257 illam
1116 1202 1409 1256 naturalem
1455 1201 1720 1272 possibili-

121 1309 290 1361 tatem,
318 1311 492 1366 quam
515 1294 760 1365 Pelagius
783 1310 889 1348 non
916 1293 1029 1348 vult
1051 1293 1280 1348 lldeliter
1303 1293 1574 1362 respicere
1595 1307 1721 1362 pec-

121 1397 222 1440 rato
243 1401 374 1442 esse
403 1387 668 1452 vitiatam,
699 1393 755 1440 et
782 1383 903 1439 ideo
925 1383 1189 1455 jactanter
1212 1383 1436 1448 extollit,
1466 1398 1718 1439 enervem

127 1481 490 1547 inﬁrmumque
523 1484 748 1532 testatur
781 1475 1118 1531 venerandus
1146 1475 1459 1529 Ambrosinus
1489 1491 1502 1529 :
1533 1475 1718 1546 procul

125 1568 264 1623 dubio
292 1575 494 1622 contra
534 1567 689 1622 istius
714 1565 1073 1631 voluntatem,
1101 1564 1195 1620 sed
1226 1579 1332 1620 non
1370 1571 1555 1620 contra
1591 1579 1719 1634 apo-

129 1660 350 1716 stolicam
373 1660 683 1727 veritatem,
707 1657 798 1714 ubi
817 1641 1032 1730 legitur,
1059 1654 1278 1710 Fuimus
1301 1665 1351 1712 et
1376 1672 1468 1712 nos
1486 1657 1718 1728 aliquan-

177 1855 194 1888 ¹
214 1861 374 1918 Forte,
393 1853 777 1906 inmutatum.

317 1971 322 1975 ,
2045 1963 2300 1970 ____
2323 1964 2352 1971 _
2409 1962 2916 1971 --.__..____._--
2939 1963 3046 1972 ...-.

140 1958 3404 2018 Μ

607 2075 766 2222 S.
895 2074 1718 2219 AURELII

815 231 868 328 si
911 269 1272 328 AUGUSTZNI
1314 269 1608 326 nmscor.
1650 269 1850 325 manu
1891 269 1979 325 nn
2019 263 2328 325 ηαλλΤο
2365 267 2730 327 omcmau.

3315 275 3417 332 386

1826 384 1891 438 do
1917 393 2097 438 natura
2123 377 2220 452 ﬁlii
2248 385 2365 450 ἴτω,
2409 386 2536 440 sicut
2563 395 2609 440 et
2637 387 2802 440 caeteri
2841 384 3058 458 (Ephes.
3089 401 3125 442 ll
3145 429 3158 452 ,
3190 385 3268 460 5).
3301 385 3414 459 lpsa

1825 483 1906 530 est
1934 474 2074 529 enim
2103 488 2200 544 per
2225 485 2497 544 peccatum
2525 475 2680 546 primi
2709 475 2960 544 hominis,
2989 476 3128 546 quod
3159 491 3225 533 ex
3248 477 3417 537 libero

1824 565 1940 636 ejus
1963 565 2108 621 venit
2131 565 2372 632 arbitrio,
2401 567 2583 622 vitiata
2603 577 2655 622 et
2675 567 2921 622 damnata
2946 576 3166 634 natura;
3195 569 3280 623 cui
3301 571 3413 623 sola

1823 676 1920 731 per
1937 660 2281 716 Mediatorem
2305 661 2396 716 Dei
2423 660 2768 716 et'hominum
2791 671 2844 716 et
2865 661 3284 731 omnipotentem
3309 677 3418 718 me

1823 751 2000 807 dicum
2040 751 2216 807 divina
2259 751 2506 808 subvenit
2543 752 2734 822 gratia.
2771 752 2848 806 De
2875 749 3027 820 cujus
3055 751 3318 822 adjutorio
3345 753 3410 806 ad

1819 841 2252 911 justiﬁeationem
2297 851 2531 896 nostram
2553 883 2568 907 ,
2597 857 2703 912 quo
2731 842 2871 896 Deus
2913 841 3252 912 diligentibus
3293 857 3410 895 cum

1823 934 1998 988 omnia
2040 943 2358 1005 cooperatur
2383 934 2435 988 in
2465 933 2664 988 bonum
2698 933 2712 965 ¹
2745 932 2920 1005 (Rom.
2952 949 3081 1000 Vill,
3111 932 3204 1004 28)
3225 973 3240 999 ,
3279 945 3416 1002 quos

1823 1025 1969 1094 prior
1993 1024 2176 1078 dilexit
2202 1023 2244 1094 (l
2267 1022 2424 1077 Joan.
2451 1039 2526 1089 tv,
2553 1023 2664 1096 l9),
2694 1023 2900 1079 donans
2923 1023 3002 1079 eis
3031 1033 3085 1078 nt
3110 1024 3418 1094 diligeretur

1823 1113 1891 1168 ab
1919 1115 2023 1180 eis,
2054 1115 2178 1184 quia
2202 1114 2402 1182 jamdiu
2434 1123 2514 1168 est
2542 1124 2598 1168 ut
2628 1114 2938 1168 disserimus
2965 1131 2977 1168 :
3003 1112 3253 1182 deinceps
3282 1113 3416 1168 inci-

1821 1206 2064 1276 piamus,
2092 1215 2345 1276 quantum
2385 1204 2637 1258 Dominus
2670 1203 2967 1273 adjuverit,
3004 1205 3165 1259 etiam
3195 1205 3260 1258 de
3287 1215 3415 1272 pec-

1821 1305 1961 1362 cato,
1990 1297 2129 1366 quod
2161 1311 2257 1366 per
2286 1311 2445 1350 unum
2471 1295 2742 1351 hominem
2769 1309 2890 1349 cum
2922 1304 3094 1350 morte
3122 1295 3339 1350 intravit
3364 1295 3416 1349 in

1823 1385 2113 1453 nmndnm,
2158 1395 2318 1456 atque
2365 1387 2437 1440 ita
2490 1387 2543 1440 in
2587 1399 2774 1441 onmes
2821 1376 3062 1440 homines
3111 1386 3418 1454 pertransiit

1827 1476 2000 1549 (Rom.
2023 1494 2078 1544 v,
2109 1477 2220 1548 12),
2244 1479 2500 1534 adversus
2527 1479 2657 1532 istos
2682 1460 2771 1547 qui
2799 1477 2854 1532 in
2879 1493 3115 1533 errorem
3144 1478 3270 1532 huic
3289 1493 3418 1534 con-

1825 1568 2042 1622 trarium
2087 1569 2295 1623 veritati
2340 1568 2575 1638 apertius
2618 1576 2938 1638 eruperunt,
2970 1583 3090 1638 quae
3127 1568 3256 1622 satis
3293 1583 3416 1624 esse

1823 1660 2142 1717 videbuntur
2166 1660 2486 1730 exprimere.

1887 1790 1904 1822 ι
1931 1797 2032 1838 Am.
2048 1796 2205 1854 ett-Ir.
2224 1824 2240 1848 ,
2271 1803 2366 1850 quo
2391 1798 2541 1854 peum
2560 1787 3009 1854 diligentgibztsdemn
3039 1787 3203 1841 onmia
3242 1800 3413 1854 coope-

1823 1857 1996 1902 rantur
2039 1851 2091 1902 in
2113 1851 2303 1902 bonum.
2329 1851 2466 1914 uale,
2489 1865 2548 1904 ac
2565 1851 2967 1901 dissentientibus
2988 1859 3095 1901 Mss.

1820 1962 2932 2221 ἷῦῖῧῖἦῇ

140 2322 529 2546 DE
734 2315 1927 2542 GRATIA-
2134 2314 3413 2539 CHRISTI

542 2680 766 2806 ET
840 2678 1084 2806 DE
1155 2599 1990 2808 PECCATO
2051 2671 3008 2806 ORIGINALI

675 2871 1147 2956 CONTRA
1219 2869 1838 2956 PELAGIUM
1908 2870 2057 2953 ET
2133 2867 2870 2953 COELESTIUM

1495 3021 1766 3171 ⁶ξῖίίδϊί
1803 3031 2040 3118 πβιιο.

1477 3197 2059 3254 cal-«$866996?»

1061 3315 1533 3425 LIBER
1590 3310 2473 3422 SECUNDUS.

1286 3481 1388 3540 DE
1428 3477 1792 3541 PECCATO
1834 3475 2273 3538 ORIGINALI.

1595 3595 1970 3652 manus:

201 3736 406 3788 (intendit
423 3736 736 3800 Augustinus,
759 3733 1006 3797 Pelagium
1029 3731 1080 3780 in
1099 3729 1372 3794 quaestione
1388 3725 1453 3775 de
1476 3721 1700 3833 oriﬁinalj
1721 3727 1924 3785 peccato
1947 3732 2005 3770 ac
2024 3716 2413 3792 deparvulorum
2435 3719 2724 3780 BaptiStnate
2743 3753 2758 3780 ,
2781 3719 2899 3770 nihil
2920 3721 3085 3794 reipsa
3101 3721 3362 3794 dissentire
3389 3736 3418 3776 a

201 3797 359 3833 ιρίηιιιη
375 3799 530 3833 induc
549 3796 799 3833 τ-ηιιρςιίη,
827 3796 909 3833 mli
935 3798 1188 3833 neum-nm
1205 3785 1441 3833 originale
1464 3799 1554 3833 con
1591 3793 1684 3833 terr
1705 3782 1910 3833 nolens.
1937 3780 2018 3831 vel
2043 3790 2190 3830 etiam
2211 3786 2382 3833 aperte
2405 3792 2594 3833 negare
2617 3793 2766 3831 ausus
2781 3817 2796 3833 .
2838 3783 3126 3833 Carthagine
3161 3797 3318 3833 ιιι-ωδ.
3361 3799 3418 3833 ac

931 3780 1189 3862 meum
1205 3785 1441 3862 original?
1464 3780 3324 3862 09ml}???1‘91‘5‘52lilfﬁa’l‘jpﬁiiiﬂcﬁrfEP‘E“§2-.9E'E¥F‘§?‘“E-l'FE"§:
3361 3799 3420 3857 ac

157 3843 869 3920 maiasaﬂisééiiﬁéué
881 3843 1074 3918 sumens
1093 3843 1460 3920 dammtitssst:
1484 3845 1971 3920 συφειίοιξφφξηὶιξ
1982 3843 2124 3920 ista!!!
2135 3855 2242 3920 £99
2256 3854 2442 3920 ,εείιῑξιξτξ
2461 3843 2913 3920 ἕξειιέεὲεςςςροέ
2928 3843 3078 3920 ista?
3087 3843 3418 3920 1919mm“

155 3895 304 3981 ξιδῆ
514 3895 1389 3984 Ῑῖίίῖἷῖἷθῗῖεὗίίιῖἶέἷίιξνξῷἷιῖἷιῖᾇίί
1398 3895 1418 3958 Ξ
1430 3895 1549 3982 ίὶιῐξό
1562 3908 1698 3984 hunc
1706 3918 1882 3984 eorum.
1893 3916 2112 3984 errores:
2251 3903 2450 3976 omnino
2461 3895 2866 3984 ﬁdei’christianze
2889 3911 3072 3984 petere.
3087 3895 3418 3956 fundamenta.

158 3981 530 4055 Wﬁlin—995W

159 4043 360 4095 mlitori
381 4038 606 4106 injuriam
625 4038 732 4091 ﬁeri
755 4038 1132 4091 contendebant.

208 4147 426 4206 CAPUT
465 4145 742 4202 PRIMUM.
771 4171 847 4186 -
871 4145 924 4198 l.
964 4141 1081 4198 Jam
1113 4153 1256 4196 nunc
1293 4137 1574 4209 diligenter
1617 4133 1716 4188 ad-

160 4241 355 4308 vertite,
387 4239 458 4296 de
493 4239 818 4310 Baptismate
862 4233 1204 4305 parvulorum
1249 4244 1409 4301 quam
1438 4234 1594 4282 caute
1617 4224 1719 4280 de-

159 4327 304 4386 beatis
338 4331 528 4387 audire
570 4329 815 4385 homines
853 4324 1156 4397 ejusmodi,
1206 4322 1295 4393 qui
1339 4333 1508 4390 neque
1536 4325 1719 4388 aperte

157 4421 217 4476 illi
241 4423 375 4477 artati
410 4421 679 4476 lavacrum
719 4415 1138 4489 regenerationis
1175 4421 1230 4468 et
1259 4417 1596 4482 peccatorum
1627 4421 1718 4462 re-

155 4512 402 4568 missionis
443 4511 641 4566 audent
691 4521 922 4580 negare,
977 4519 1046 4560 ue
1093 4503 1197 4558 hoc
1235 4501 1538 4557 christiana:
1563 4511 1720 4552 aures

159 4601 275 4658 terre
312 4619 420 4658 non
467 4601 704 4672 possint;
736 4609 790 4656 et
819 4607 996 4654 tamen
1037 4595 1342 4666 opinionem
1383 4605 1568 4657 suam,
1616 4603 1719 4660 qua

159 4701 315 4759 putant
339 4700 564 4764 peccato
588 4689 746 4761 primi
769 4687 1000 4744 hominis
1026 4684 1292 4741 carnalem
1321 4681 1718 4754 generationem

159 4783 418 4841 obnoxiam
449 4798 554 4838 non
582 4781 786 4847 teneri,
817 4777 953 4836 tueri
992 4785 1048 4834 et
1079 4775 1355 4832 defensare
1385 4773 1672 4844 persistunt
1699 4813 1715 4837 ,

159 4880 372 4940 quamvis
398 4875 480 4931 eis
505 4873 832 4944 Baptismum
866 4869 1147 4926 videantur
1174 4867 1230 4922 in
1257 4875 1594 4937 peccatorum
1636 4879 1720 4918 re-

160 4967 444 5025 missionem
473 4965 788 5022 coneedere.
816 4962 1020 5032 Nempe
1049 4959 1150 5031 ipsi
1176 4974 1207 5014 a
1239 4957 1449 5028 Pelagio
1467 4971 1564 5012 vos
1585 4971 1720 5026 prae-

161 5069 284 5116 sente
326 5057 624 5130 scripsistis
675 5054 890 5111 audisse
913 5095 929 5120 ,
971 5051 1230 5108 recitante
1259 5048 1410 5104 vobis
1439 5047 1507 5102 de
1543 5046 1722 5101 libello

161 5163 257 5216 suo,
282 5165 444 5223 quem
472 5149 636 5206 etiam
671 5147 896 5202 Romam
919 5159 980 5200 se
1007 5142 1219 5198 misisse
1245 5138 1552 5205 asserebat,
1580 5135 1721 5209 quod

167 5241 370 5299 Iiisdem
403 5239 738 5298 Sacramenti
757 5236 934 5294 verbis
957 5254 977 5289 ι
999 5233 1178 5291 dicant
1197 5251 1216 5286 ‹
1246 5231 1442 5288 debere
1468 5228 1720 5300 baptizari

163 5329 362 5391 hiantes
385 5375 402 5401 ,
445 5331 642 5404 quibus
668 5338 723 5385 et
751 5327 1004 5400 majores.
1046 5343 1070 5380 ι
1112 5323 1243 5394 Quis
1276 5331 1396 5394 post
1434 5322 1524 5376 illa
1561 5321 1722 5377 verba

167 5432 362 5492 putaret,
390 5424 474 5480 eis
497 5422 568 5478 de
591 5420 692 5476 hac
716 5435 776 5476 re
805 5419 964 5474 ullam
989 5414 1305 5472 movendam
1325 5428 1444 5469 esse
1469 5413 1726 5483 quaestio-

167 5517 295 5571 nem?
337 5523 436 5571 aut
479 5527 602 5569 cum
651 5511 882 5575 faceret,
931 5509 1018 5564 cui
1067 5522 1172 5563 non
1214 5501 1725 5564 calumniosissimus

169 5603 422 5670 rideretur,
455 5605 501 5660 si
530 5617 638 5660 non
667 5616 850 5658 eorum
888 5597 1164 5654 manifesta
1191 5596 1351 5652 verba
1383 5596 1684 5665 legerentur
1707 5634 1722 5659 ,

170 5693 232 5750 ubi
283 5707 483 5772 negant
525 5693 774 5769 parvulos
827 5691 1036 5748 trahere
1103 5688 1358 5762 originale
1409 5695 1682 5759 peccatum
1707 5729 1722 5754 ,

533 3965 651 4042 {ei
663 3965 747 4042 qui
760 3965 1014 4042 originalis
1026 3975 1129 4024 vitii
1143 3965 1371 4038 dogmate
1389 3970 1663 4033 nuptiarum
1684 3967 1885 4016 bonitati
1907 3965 2124 4026 detrahi,
2139 3972 2340 4028 Deoque
2362 3965 2484 4028 ipsi,
2503 3965 2711 4015 hominis
2725 3967 2810 4028 qui
2832 3965 2923 4028 per
2941 3968 3130 4028 nuptias
3152 3978 3418 4029 generatur

1827 4144 2121 4199 omnesque
2166 4129 2281 4183 sine
2323 4129 2431 4183 ullo
2459 4128 2590 4184 vitio
2615 4139 2770 4186 natos
2798 4145 2918 4186 esse
2946 4130 3322 4186 contendunt?

1895 4217 2120 4274 CAPUT
2141 4215 2204 4274 ll.
2229 4249 2298 4258 —
2317 4217 2372 4272 2.
2399 4219 2465 4274 Et
2484 4218 2768 4275 leestius
2793 4217 3007 4290 quidem
3030 4221 3083 4275 in
3114 4222 3214 4276 hoc
3242 4221 3410 4277 exsti-

1827 4311 1889 4366 tit
1918 4325 2102 4366 errore
2126 4307 2363 4376 liberior,
2394 4324 2562 4379 usque
2581 4308 2738 4377 adeo,
2763 4319 2822 4364 ut
2845 4325 3018 4381 neque
3043 4311 3094 4364 in
3118 4311 3415 4382 episcopdi

1819 4404 2023 4476 judicio
2049 4403 2192 4474 apud
2235 4401 2609 4472 Carthaginem
2649 4401 2906 4458 damnare
2935 4403 3166 4458 voluerit
3202 4419 3297 4460 eos
3323 4406 3416 4475 qui

1824 4494 2026 4560 dicunt,
2064 4511 2082 4545 ε
2117 4492 2269 4562 Quod
2297 4501 2573 4562 peccatum
2613 4492 2744 4548 Atla:
2771 4492 2942 4563 ipsum
2974 4493 3145 4548 Solum
3174 4495 3374 4550 lznserit
3396 4537 3414 4564 ,

1824 4595 1878 4640 et
1901 4601 2006 4640 non
2026 4599 2194 4656 genus
2221 4582 2545 4648 humanum;
2578 4591 2632 4638 et
2660 4581 2800 4654 quod
2830 4583 3058 4640 infantes
3073 4585 3161 4654 qui
3183 4601 3418 4642 nascun-

1825 4687 1932 4745 tur,
1955 4677 2008 4732 in
2030 4691 2096 4732 eo
2116 4684 2256 4731 statu
2279 4679 2406 4742 sint,
2435 4675 2488 4730 in
2515 4689 2620 4746 quo
2645 4675 2812 4729 Adam
2838 4675 2932 4732 fuit
2949 4683 3072 4730 ante
3095 4678 3414 4746 przevarica-

1826 4769 2046 4824 tionem.
2088 4786 2106 4820 ι
2138 4767 2203 4822 Ει
2229 4767 2280 4821 in
2312 4767 2442 4822 urbe
2481 4767 2648 4820 Roma
2678 4766 2728 4820 in
2756 4765 2936 4821 libello
2962 4781 3080 4830 suo,
3105 4771 3260 4837 Quem
3283 4767 3413 4822 bea-

1827 4859 2036 4916 tissimo
2058 4875 2207 4930 papm
2236 4859 2452 4912 Zosimo
2472 4858 2634 4923 dedit,
2661 4859 2710 4912 id
2739 4858 3062 4912 asseveravit
3087 4857 3411 4928 expressius,

1833 4970 1851 5003 ι
1890 4951 2032 5022 quod
2079 4951 2424 5021 parvulorum
2485 4951 2750 5005 neminem
2809 4949 3104 5019 obstringat
3153 4950 3414 5020 originale

1827 5052 2122 5114 peceatum.
2161 5060 2182 5096 ι
2219 5041 2294 5097 De
2320 5040 2484 5112 gestis
2523 5041 2664 5096 enim
2709 5039 3082 5095 ecclesiasticis
3129 5037 3412 5110 Carthagi-

1827 5133 2084 5190 nensibus
2111 5133 2228 5189 hare
2253 5131 2364 5203 ejus
2395 5131 2553 5187 verba
2586 5131 2986 5200 descripsimus.

1899 5223 2126 5280 CAPUT
2164 5222 2250 5278 ill.
2280 5253 2350 5263 —
2375 5223 2426 5277 3.
2461 5239 2480 5272 ‹
2521 5220 2766 5276 Aurelius
2795 5219 3076 5291 episcopus
3105 5219 3244 5274 dixit
3275 5237 3290 5278 :
3319 5220 3412 5276 Sco

1829 5315 2044 5386 quentia
2071 5315 2378 5370 recitentur.
2417 5314 2482 5368 Et
2511 5311 2788 5367 recitatum
2816 5315 2918 5371 est,
2951 5307 3104 5376 Quod
3137 5320 3412 5380 peccatum

1830 5407 1960 5462 Adae
1985 5407 2083 5477 ipsi
2110 5406 2208 5460 soli
2233 5403 2482 5474 abfuerit,
2511 5412 2564 5458 et
2589 5417 2694 5456 non
2713 5401 2892 5472 generi
2917 5401 3168 5456 humano.
3198 5403 3265 5458 Et
3290 5418 3413 5458 cum

1832 5500 2107 5553 recitatum
2159 5505 2336 5559 esset,
2385 5495 2666 5551 Caelestius
2709 5493 2888 5548 dixit:
2921 5492 3035 5548 Dixi
3079 5493 3148 5550 de
3199 5495 3419 5551 traduce

1835 5589 2032 5660 peccati
2075 5587 2296 5641 dubium
2345 5602 2430 5640 me
2473 5600 2627 5647 esse,
2675 5584 2746 5638 ita
2783 5594 2956 5638 tamen
2997 5594 3054 5640 ut
3088 5585 3172 5640 cui
3197 5585 3419 5640 donavit

1835 5683 1974 5738 Deus
2001 5680 2222 5744 gratiam
2267 5680 2471 5744 peritia:
2526 5679 2890 5747 consentiam;
2941 5679 3060 5749 quia
3111 5679 3319 5738 diversa
3352 5691 3420 5738 ab
