4032 6178
633 331 738 387 aa?
1866 321 1904 377 δ’

635 447 714 498 eis
742 440 940 506 audivi,
967 438 1056 510 qui
1091 437 1272 509 utique
1297 436 1349 492 in
1381 437 1618 493 Ecclesia
1647 436 1906 491 catholica
1947 435 2218 489 constituti

634 541 760 587 sunt
787 530 1104 604 presbyteri.
1129 529 1381 584 Paulinus
1409 527 1484 598 (α)
1515 527 1772 582 diaconus
1800 525 1932 581 dixit
1965 545 1979 581 :
2005 525 2098 579 Dic
2125 539 2220 577 uo-

637 625 716 678 bis
755 621 970 676 nomina
1014 620 1268 689 ipsorum.
1306 619 1588 674 Caelestius
1631 617 1763 672 dixit
1793 633 1806 669 :
1835 616 2063 670 Sanctus
2091 629 2218 684 pre-

635 713 818 784 sbyter
841 709 1064 765 Ruﬁnus
1085 709 1158 780 (ὁ)
1185 709 1368 764 Romm
1393 709 1481 778 qui
1509 707 1704 762 mansit
1729 721 1848 761 cum
1867 715 2050 760 sancto
2066 706 2222 760 Pam-

633 801 846 856 machio
897 819 910 854 :
956 815 1055 871 ego
1100 799 1274 856 audivi
1316 799 1465 854 illum
1512 797 1776 853 dicentem
1802 840 1818 865 ,
1862 799 1984 866 quia
2029 796 2217 852 tradux

635 893 838 962 peccati
871 907 974 946 non
1003 893 1092 946 sit.
1123 892 1373 947 Paulinus
1401 891 1654 946 diaconus
1681 890 1817 944 dixit
1848 907 1861 941 :
1907 890 2002 955 Est
2027 889 2220 959 aliquis

635 984 813 1038 alius?
839 983 1121 1039 Caelestius
1147 982 1286 1037 dixit
1315 1025 1322 1032 .
1360 981 1548 1036 Audivi
1574 991 1627 1036 et
1656 981 1835 1050 plures
1859 981 2058 1036 dicere.
2084 979 2222 1034 Pau-

637 1075 778 1131 linus
805 1076 1059 1131 diaconus
1087 1074 1220 1128 dixit
1247 1093 1261 1128 :
1293 1073 1388 1129 Dic
1412 1074 1623 1128 nomina
1651 1075 1904 1144 ipsorum.
1937 1072 2221 1128 Caelestius

637 1165 772 1222 dixit
801 1185 815 1223 :
845 1167 960 1221 Non
991 1166 1082 1221 tibi
1104 1165 1301 1220 sufﬁcit
1331 1180 1467 1220 unus
1492 1165 1781 1220 sacerdos?
1817 1183 1836 1218 ι
1879 1163 1944 1220 Ει
1973 1174 2090 1234 post
2121 1165 2219 1218 ali-

641 1275 742 1330 qua
785 1259 891 1312 alio
936 1259 1052 1312 loco
1090 1261 1105 1310 ὲ
1153 1277 1172 1310 ‹
1205 1257 1452 1312 Aurelius
1478 1257 1757 1326 episcopus
1790 1256 1965 1310 dixit:
2001 1255 2218 1324 Reliqua

638 1353 800 1408 libelli
831 1353 1090 1422 legantur.
1125 1349 1192 1405 Et
1221 1349 1496 1404 recitatum
1541 1359 1646 1414 est,
1680 1347 1830 1416 Quod
1864 1347 2092 1401 infantes
2130 1344 2219 1414 qui

637 1451 962 1507 nascuntur,
1009 1443 1061 1496 in
1103 1455 1168 1497 eo
1211 1449 1350 1494 statu
1377 1439 1512 1504 sint,
1545 1439 1599 1493 in
1627 1453 1732 1508 quo
1765 1437 1861 1493 fuit
1889 1437 2056 1490 Adam
2096 1445 2220 1492 ante

637 1533 1112 1601 transgressionem
1143 1547 1156 1582 :
1189 1544 1356 1600 usque
1393 1529 1447 1583 in
1483 1528 1642 1584 ﬁnem
1679 1529 1838 1583 libelli
1872 1528 2092 1582 minoris
2131 1541 2222 1582 su-

634 1625 816 1693 perius
845 1621 1048 1676 inserti.

707 1709 931 1766 CAPUT
968 1709 1158 1765 lV.—t
1182 1711 1426 1766 Aurelius
1447 1709 1727 1780 episc0pns
1753 1709 1884 1764 dixit
1915 1727 1928 1763 :
1963 1709 2216 1777 Docuisti,

635 1799 870 1868 leesti,
902 1801 1200 1871 aliquando,
1233 1809 1292 1854 ut
1329 1801 1462 1854 dixit
1487 1801 1739 1855 diaconus
1778 1800 2046 1866 Paulinus,
2077 1800 2218 1870 quod

635 1892 861 1948 infantes
890 1892 977 1962 qui
1016 1899 1334 1957 nascuntur,
1369 1891 1419 1945 in
1448 1907 1512 1946 eo
1541 1899 1680 1946 statu
1715 1891 1856 1958 sint,
1901 1891 1951 1944 in
1987 1905 2093 1960 quo
2121 1889 2220 1945 fuit

633 1983 803 2038 Adam
838 1993 961 2040 ante
987 1977 1496 2055 transgressionem!
1534 1981 1816 2039 lecstius
1855 1983 2218 2052 dixit:Expo-

633 2084 727 2130 nat
767 2075 891 2145 quid
920 2075 1078 2139 dixit,
1123 2077 1264 2128 Ante
1303 2075 1801 2144 transgressionem.
1830 2074 2076 2128 Paulinus
2105 2072 2218 2128 dia-

633 2179 800 2220 conus
823 2164 955 2220 dixit
987 2181 1000 2218 :
1033 2164 1113 2219 Tu
1141 2180 1273 2234 nega
1310 2164 1412 2220 hoc
1451 2171 1509 2220 te
1553 2165 1819 2220 docuisse.
1859 2163 2031 2220 Unum
2065 2173 2144 2220 est
2181 2179 2216 2221 θ

631 2255 855 2319 duobus,
889 2265 976 2310 aut
1007 2265 1160 2328 neget
1186 2271 1246 2312 se
1271 2257 1533 2322 docuisse,
1557 2267 1648 2310 aut
1669 2257 1780 2326 jam
1803 2256 2020 2312 damnet
2048 2256 2212 2311 istud.

631 2345 910 2403 Caelestius
935 2346 1108 2402 dixit:
1139 2345 1255 2401 iam
1283 2347 1412 2413 dixi,
1459 2357 1687 2418 ettponat
1727 2347 1994 2416 quomodo
2034 2347 2168 2425 dixit
2193 2389 2210 2416 ,

630 2438 769 2492 Ante
795 2440 1291 2508 transgressionem.
1320 2437 1575 2494 Paulinus
1603 2438 1856 2494 diaconus
1873 2438 2046 2494 dixit:
2071 2439 2212 2512 Nega

629 2538 685 2583 te
727 2528 812 2581 illa
852 2527 1117 2583 docuisse.
1162 2529 1409 2584 Aurelius
1455 2529 1736 2599 episcopus
1784 2528 1918 2584 dixit
1963 2546 1976 2582 :
2023 2530 2210 2600 Rogo,

629 2617 752 2687 quid
805 2618 1108 2686 collegerim
1154 2633 1253 2688 ego
1301 2635 1367 2672 ex
1414 2619 1570 2688 hujus
1615 2620 1630 2650 ¹
1671 2618 1970 2688 objectione
1999 2663 2012 2684 ,
2054 2615 2209 2687 dico,

627 2707 796 2764 Adam
824 2711 1143 2764 constitutus
1169 2709 1222 2764 in
1251 2711 1497 2780 paradiso
1515 2751 1532 2778 ,
1565 2711 1708 2782 quod
1740 2721 1864 2766 ante
1891 2713 2095 2768 dicatur
2125 2714 2208 2768 in-

626 2801 1042 2856 exterminabilis
1089 2803 1300 2870 factus,
1355 2813 1536 2874 postea
1589 2816 1686 2874 per
1737 2807 2209 2876 transgressionem

625 2893 874 2963 prmeepti
927 2891 1098 2948 factus
1143 2896 1216 2948 sit
1258 2895 1635 2965 corruptibilis.
1687 2897 1798 2952 lloe
1843 2898 1993 2963 dicis,
2045 2898 2213 2954 frater

624 2980 880 3037 Pauline?
906 2983 1157 3038 Paulinus
1181 2984 1436 3039 diaconus
1461 2985 1593 3040 dixit
1625 3005 1638 3040 :
1670 2987 1800 3054 Hoc,
1833 2987 2066 3044 domine.
2097 2991 2208 3044 Au-

623 3072 787 3126 relius
827 3071 1108 3144 episcenos
1151 3073 1284 3128 dixit
1321 3091 1334 3128 :
1371 3074 1553 3128 Status
1591 3087 1736 3132 certe
1766 3077 2022 3132 infantum
2050 3079 2207 3134 hodie

621 3161 1078 3232 baptizandorum,
1108 3174 1282 3218 utrum
1312 3166 1430 3218 talis
1457 3166 1547 3232 sit,
1576 3169 1748 3236 qualis
1774 3169 1870 3223 fuit
1889 3180 2012 3225 ante
2037 3179 2208 3226 trans-

621 3255 948 3325 gressionem
971 3255 1128 3322 Adae,
1161 3271 1228 3309 an
1257 3265 1401 3311 certe
1430 3257 1497 3312 de
1519 3258 1704 3314 eadem
1729 3262 1936 3330 origine
1965 3263 2198 3332 peccati,

621 3345 688 3400 de
713 3361 814 3416 qua
841 3347 1092 3411 nascitur,
1126 3349 1564 3418 transgressionis
1603 3351 1810 3419 culpam
1853 3353 2060 3419 trahat;
2104 3355 2205 3410 hoc

620 3438 730 3490 vtt'lt
786 3436 1040 3491 diaconus
1081 3437 1334 3492 Paulinus
1399 3437 1602 3495 audire.
1653 3439 1904 3498 Paulinus
1946 3444 2202 3500 diaconus

618 3524 750 3579 dixit
780 3544 793 3580 :
825 3524 1013 3580 Utrum
1052 3525 1233 3582 docuit
1271 3528 1401 3596 hoc,
1447 3543 1516 3584 an
1547 3545 1653 3584 non
1682 3534 1880 3603 neget?
1919 3534 2201 3592 leestius

615 3615 752 3670 dixit
781 3633 795 3671 :
821 3615 936 3672 Jam
963 3616 1030 3672 de
1057 3617 1271 3674 traduce
1300 3619 1660 3688 peccatio-dixi,
1690 3623 1810 3692 quia
1837 3624 1973 3678 intra
1999 3625 2199 3680 Catho-

615 3705 772 3761 licam
799 3707 1116 3763 constitutos
1141 3709 1322 3778 plures
1357 3710 1535 3766 audivi
1577 3712 1884 3782 destruere,
1916 3732 2123 3772 necnon
2147 3727 2202 3774 et

613 3794 746 3850 alios
785 3804 1025 3852 astruere
1056 3814 1068 3850 :
1101 3798 1224 3853 licet
1249 3800 1556 3869 qumstionis
1591 3811 1680 3858 res
1709 3804 1777 3858 sit
1802 3805 1924 3872 ista,
1957 3820 2061 3861 non
2086 3807 2201 3864 ha:-

613 3887 766 3942 resis.
795 3885 1026 3942 infantes
1051 3903 1260 3957 semper
1280 3889 1388 3943 dixi
1417 3905 1580 3960 egere
1606 3892 1895 3962 Baptismo,
1918 3910 1981 3951 ac
2001 3897 2199 3956 debere

615 3976 870 4048 baptizari
903 3995 915 4031 :
945 3977 1069 4048 quid
1097 3978 1287 4048 qumrit
1309 3979 1492 4034 aliud?
1519 4000 1538 4034 ι

681 4068 737 4122 4.
769 4067 971 4136 Nempe
1001 4069 1222 4122 cernitis
1249 4069 1334 4124 “sic
1360 4069 1668 4126 Coelestium
1709 4076 2040 4132 concessisse
2073 4087 2198 4148 par-

609 4159 748 4213 Vulis
775 4158 1122 4228 Baptismnm,
1166 4169 1224 4214 ut
1270 4159 1322 4215 in
1370 4176 1464 4216 eos
1504 4164 1730 4220 transire
1768 4167 1923 4236 primi
1961 4167 2194 4226 hominis

610 4259 908 4321 peccatum,
941 4249 1080 4321 quod
1118 4251 1328 4306 lavacro
1367 4256 1786 4323 regenerationis
1817 4259 2070 4330 abluitur,
2096 4277 2194 4318 no-

669 4401 691 4467 ξ
716 4401 787 4467 sle
941 4407 996 4452 At
1020 4403 1156 4467 editi,
1183 4403 1478 4467 Iugusmodi.

670 4461 745 4534 (α)
778 4461 1128 4543 Paulinusille',
1288 4473 1562 4543 Mercatore
1577 4471 1626 4543 in
1647 4477 2016 4543 Commonitorio
2038 4492 2190 4543 super

605 4523 803 4606 2991‘“?
813 4523 1316 4606 ,ξῐιίιεῐξξξὲτηάίεξςοειξξ
1325 4531 1576 4606 interea}.
1585 4523 1957 4606 ριεάίοιειιιὲδιὲἐίέ
1970 4523 2188 4606 ἔρῑεὲὸῐὲ

603 4583 711 4664 Ριίιν
739 4582 1136 4664 senatus»,
1150 4587 1183 4657 ῑι
1203 4593 1382 4664 res}:
1403 4593 1696 4664 Αυειξεεῑρο,
1741 4582 2187 4664 δείῖήἧέξῖὶῦἶὲ

603 4650 851 4721 νεφριιξω
875 4655 986 4721 esse
1009 4645 1062 4718 in
1079 4644 1230 4721 Africa
1243 4655 1464 4721 testatur,
1473 4644 1548 4721 vet
1559 4644 1712 4721 fitatu
1734 4644 1984 4721 solitis—isse
2005 4644 2188 4717 aliain];

606 4709 840 4779 praetecto
871 4707 1127 4779 praetorio,
1162 4707 1208 4756 id
1231 4717 1325 4779 est,
1348 4707 1476 4761 anno
1496 4712 1710 4779 {12,aut
1731 4707 1844 4779 413;
1865 4707 1949 4772 aut
1961 4707 2186 4776 liii-iu:

600 4767 779 4838 dictum
802 4767 1040 4838 porrode
1065 4781 1164 4832 quo
1198 4772 1388 4838 agitur,
1411 4767 1696 4838 carthagine
1727 4767 1947 4832 habitum
1967 4767 2187 4838 tit-iisut)

601 4828 803 4912 initium
807 4827 942 4912 angi!
947 4827 1040 4878 412
1052 4865 1068 4891 ,
1084 4827 1164 4912 ἐκ
1185 4827 1388 4912 εξιξδιριῖὶ
1402 4835 1468 4912 βα
1487 4827 1816 4912 Innocentium
1829 4827 2186 4912 ’,'ii.ic§£“iu‘§61

600 4891 834 4939 stiniauas
855 4889 975 4950 175,
1000 4889 1082 4940 nn.
1109 4889 1131 4942 1
1159 4889 1280 4942 θι“6.
1304 4896 1474 4946 Confer
1495 4911 1642 4962 supra
1663 4935 1678 4961 ,
1706 4889 2005 4958 ’nbidxif'aé
2026 4889 2184 4962 66:63

598 4949 796 5000 Pelagii.
821 4963 870 4999 η.
895 4949 974 5000 23.
1115 4993 1120 4997 .

633 4963 796 5008 etagn,
821 4963 870 4999 n.
895 4963 974 5000 zo.
1115 4993 1120 4997 .

714 4964 744 4986 ιτ

663 4962 999 5097 ξὲῖῖῗιὲέςξῖέν
1009 5014 1086 5097 “in
1106 4993 1484 5097 octagonitorio‘
1501 5022 1734 5097 adversus
1753 5026 1980 5097 haeresim
2003 5031 2182 5097 Pelagii

819 5073 1056 5150 ﬁglinum
1093 5079 1350 5150 quemdam
1369 5084 1584 5150 _uatione
1623 5073 2179 5150 syrt‘ilii"§ti5"ida§i'i§ii

596 5133 871 5208 pontiﬁcatu
894 5142 1097 5208 nontam
1113 5133 1332 5208 primum
1367 5133 1614 5208 invexiSSe
1651 5133 1982 5208 auiéénaiidi
1985 5133 2179 5208 "8651313

594 5193 844 5280 tradu'ce'm
861 5201 1061 5268 peccati.
1085 5193 1133 5249 ls-
1141 5207 1236 5280 'est,
1253 5203 1362 5252 aliis
1375 5193 1576 5280 quidem
1596 5193 1791 5280 Ruﬁnus

595 5257 678 5338 qui
710 5255 968 5338 .t‘elagiol'
996 5262 1153 5324 quoad
1201 5255 1419 5338 errorem
1443 5268 1506 5338 de
1529 5255 2177 5338 amiaié.i}i‘,“'iii?éiii§s“3

597 5295 678 5317 Ἰ...
727 5295 738 5303 .
760 5295 917 5366 νηιἮυ
933 5295 968 5332 ,⁸
996 5295 1153 5324 ιιιιυιιυ
1201 5295 1327 5312 ιιιυι
1340 5295 1419 5338 cu:
1443 5295 1506 5316 ut;
1529 5295 1879 5346 ιιιαιυιαηςδῑα,
1927 5295 2177 5352 ιιι-ἱεινιδξθ

595 5325 1204 5397 notatur:___ll_tet-onymo
1229 5325 1537 5397 [inopistola
1559 5333 1618 5397 ad
1653 5337 2044 5397 Ctesiphontem:
2071 5340 2178 5392 alus

593 5378 928 5459 negauimus!
943 5383 1068 5459 alter
1078 5378 1190 5459 {ex
1311 5378 1583 5459 Hieronymi
1609 5378 2012 5459 ep'i'siaii'ﬁiiiié';

593 5435 2012 5526 asseasse-eses:usa'raa'iozra'isa'a’é
2030 5435 2172 5526 usus",

590 5506 1272 5586 3‘1?'2.€33912!§.5!{a9299§.
1301 5506 1668 5586 neminem?in
1693 5506 2174 5586 ιῖαιτθῶιῖέῦιτῖίνξῖιί

699 5561 997 5645 ,ξςξῆὒέωέἰρ
1007 5567 1302 5645 publicavit.
1317 5561 1460 5645 certe
1475 5561 1480 5562 ί
1497 5561 1954 5645 AQEij'e'giéiiéié
1973 5561 2088 5645 ξ
2102 5561 2174 5638 'Eé

695 5621 1050 5699 quidemet-edi
1084 5632 1232 5699 possit
1251 5665 1265 5690 ,
1288 5621 1372 5699 aut
1395 5621 2172 5699 tiéniiﬁfi'iﬁiéwcib'dfiﬁée'in:

589 5687 760 5744 uasto,
785 5693 866 5734 aut
891 5687 954 5737 ibi
977 5687 1400 5746 cum'Pamniachio
1422 5687 1754 5754 mae.“
1797 5687 1810 5712 ³

1963 318 2333 376 Αυουδίἰκι
2374 310 2675 376 EPISCOPI

3814 323 3908 384 ὅδὲ

2323 432 2480 488 luerit
2504 432 2744 488 confiteri
2769 472 2785 499 ,
2826 431 3068 503 quamvis
3096 445 3149 488 et
3177 422 3376 507 negare
3398 452 3502 493 non
3529 454 3693 496 ausus
3722 443 3795 497 sit
3821 462 3836 498 :
3863 456 3911 499 cl

2322 532 2541 592 propter
2570 522 2706 578 hanc
2731 522 3110 581 dubitationem
3136 541 3287 581 suam
3317 544 3422 585 non
3447 529 3786 590 damnaverit
3823 551 3911 592 eos

2321 614 2410 684 qui
2439 613 2640 678 dicunt,
2679 633 2698 666 ι
2733 614 2885 682 Quod
2920 625 3193 686 peccatum
3236 618 3366 674 Αὼε
3406 621 3578 692 ipsum
3605 625 3783 684 solum
3826 627 3912 684 lae-

2323 704 2486 770 serit,
2526 715 2580 760 et
2616 719 2720 760 non
2763 721 2932 776 genus
2961 705 3280 776 humanum;
3305 719 3360 767 ct
3387 713 3529 784 quod
3569 716 3802 778 infantes
3826 727 3910 791 qui

2321 804 2630 858 nascuntur,
2683 796 2734 850 in
2783 811 2848 851 eo
2890 804 3032 852 statu
3071 799 3211 867 sint,
3243 800 3295 856 in
3325 817 3432 873 quo
3456 803 3626 862 Adam
3666 807 3766 864 fuit
3789 821 3912 866 ante

2323 889 2831 955 prmvaricationem.
2873 905 2892 942 ι

2393 998 2618 1055 CAPUT
2656 999 2722 1056 ν.
2755 1031 2828 1042 —
2871 1001 2926 1058 5.
2987 1003 3046 1059 In
3097 1005 3282 1062 libello
3327 1017 3506 1065 autem
3536 1027 3699 1082 quem
3725 1013 3907 1072 Roma:

2323 1087 2509 1158 edidit,
2540 1091 2630 1160 qui
2653 1092 2818 1162 gestis
2846 1093 2918 1148 ibi
2945 1095 3320 1154 ecclesiasticis
3342 1100 3600 1171 allegatus
3619 1113 3724 1172 est,
3751 1107 3820 1162 ita
3837 1108 3907 1164 de

2325 1179 2425 1234 hac
2452 1195 2512 1234 re
2543 1180 2798 1251 loquitur,
2827 1193 2884 1237 ut
2913 1182 3015 1240 hoc
3039 1199 3098 1241 se
3122 1187 3344 1244 credere
3367 1193 3634 1260 ostendat,
3661 1197 3802 1252 unde
3821 1197 3907 1254 hic

2322 1269 2566 1327 dubitare
2590 1287 2650 1329 se
2678 1274 2902 1330 dixerat.
2929 1275 3062 1332 Nam
3089 1279 3254 1334 verba
3291 1281 3409 1350 ejus
3439 1287 3536 1338 ista
3567 1295 3696 1342 sunt
3723 1305 3737 1341 :
3771 1303 3792 1340 ι
3829 1288 3936 1366 Ιιμ,

2322 1361 2494 1419 fantes
2515 1373 2718 1429 autem.
2749 1385 2769 1420 ι
2801 1366 2991 1437 inquit,
3025 1386 3045 1420 ί
3077 1369 3274 1426 debere
3313 1371 3570 1441 baptizari
3613 1375 3666 1431 in
3715 1379 3909 1434 remis-

2321 1453 2530 1508 sionem
2575 1464 2936 1524 pcceatornm,
2985 1459 3280 1515 secundum
3323 1463 3558 1532 regulam
3595 1467 3910 1526 universalis

2322 1543 2597 1612 Ecclesim,
2625 1553 2680 1600 et
2704 1547 2996 1602 secundum
3021 1548 3297 1621 Evangelii
3325 1557 3662 1624 sententiam,
3691 1561 3912 1616 confite-

2323 1651 2443 1690 mur
2467 1653 2484 1690 :
2513 1639 2636 1708 quia
2659 1637 2916 1694 Dominus
2941 1641 3128 1710 statuit
3155 1659 3374 1713 regnum
3410 1645 3667 1704 caelorum
3699 1652 3909 1708 nonnisi

2320 1724 2604 1795 baptizatis
2624 1743 2782 1798 posse
2811 1729 3039 1785 conferri
3067 1730 3353 1804 (lennem,
3384 1735 3438 1806 5)
3461 1753 3478 1805 ς
3503 1738 3645 1808 quod
3681 1741 3809 1811 quia
3837 1745 3910 1796 vi-
3978 1792 3986 1802 ,

2322 1829 2410 1869 res
2450 1826 2652 1873 natura:
2693 1833 2800 1874 non
2848 1818 3066 1886 habent,
3111 1825 3338 1879 conferri
3378 1827 3394 1858 ⁸
3429 1841 3648 1885 necesse
3687 1840 3768 1886 est
3817 1845 3910 1902 per

2319 1907 2504 1976 gratiae
2536 1908 2837 1967 libertatem
2863 1912 2906 1962 ³.
2943 1930 2962 1964 ι
2989 1912 3044 1968 Si
3072 1914 3198 1969 nihil
3230 1915 3296 1971 de
3323 1915 3422 1974 hac
3456 1933 3515 1974 re
3551 1919 3807 1993 deinceps
3825 1922 3908 1978 tli-

2319 2005 2467 2077 ceret
2490 2036 2506 2064 ,
2548 1998 2669 2068 quis
2693 2015 2798 2054 non
2827 2015 2952 2056 eum
2981 2003 3225 2060 crederet
3250 2007 3516 2077 conﬁteri,
3544 2011 3707 2066 etiam
3735 2011 3908 2068 infan-

2323 2073 2462 2143 tith
2495 2089 2550 2143 in
2590 2089 2861 2160 Baptismo
2889 2093 3165 2165 originalia
3194 2105 3406 2166 peccata
3434 2073 3650 2168 dimitti,
3677 2103 3907 2158 dicendo

2318 2192 2412 2234 eos
2438 2181 2491 2234 in
2537 2181 2906 2239 remissionem
2950 2194 3288 2255 peccatorum
3335 2190 3590 2258 baptizari
3618 2198 3908 2264 oportere?

2318 2269 2454 2326 llinc
2471 2286 2603 2342 ergo
2627 2282 2788 2330 estet
2825 2274 2954 2330 illud
2987 2277 3126 2346 quod
3159 2279 3468 2348 scripsistis,
3508 2283 3588 2340 sic
3629 2284 3786 2342 vobis
3823 2304 3905 2344 re-

2317 2362 2600 2432 Spondisse
2642 2365 2934 2436 Pelagium,
2973 2384 2992 2419 ι
3025 2368 3166 2438 quod
3194 2370 3396 2426 eisdem
3435 2373 3628 2442 quibus
3653 2386 3714 2430 et
3743 2377 3906 2449 majo-

2317 2465 2404 2508 res
2437 2450 2764 2510 Stemmcuti
2789 2456 2964 2512 verbis
2989 2457 3322 2528 baptizantur
3348 2461 3612 2532 infantes;
3646 2485 3673 2520 ι
3708 2483 3903 2539 vosque

2315 2542 2480 2599 fuisse
2507 2545 2730 2611 laetatos,
2764 2547 2814 2601 id
2855 2549 2994 2618 quod
3031 2552 3327 2620 cupiebatis
3367 2555 3600 2622 audisse,
3642 2568 3700 2614 et
3728 2570 3900 2617 tamen

2315 2635 2488 2692 adhuc
2512 2637 2579 2692 de
2610 2638 2785 2693 verbis
2814 2640 2930 2710 ejus
2955 2657 3055 2696 nos
3081 2645 3329 2702 maluisse
3347 2649 3648 2706 consulere.

2381 2746 2614 2802 CAPUT
2654 2747 2743 2804 Vl:
2784 2779 2854 2790 —-
2881 2751 2934 2806 6.
2967 2752 3240 2810 Attendite
3265 2756 3441 2827 itaque
3463 2759 3590 2828 quid
3615 2759 3896 2818 Coelesﬁus

2311 2838 2648 2920 apertissime
2681 2838 2897 2908 dixerit,
2943 2851 2998 2898 et
3027 2843 3096 2898 ibi
3127 2845 3372 2902 videbitis
3407 2851 3534 2920 quid
3564 2852 3720 2906 vobis
3750 2855 3895 2909 Pela-

2309 2907 2430 2996 gius
2455 2907 2816 2998 o‘ccultaycrit.
2849 2907 3132 2990 Ctelestius
3157 2937 3352 3008 quippe
3376 2907 3633 3013 adjungit,
3659 2952 3718 3000 et
3737 2939 3894 3001 dicit':

2317 3035 2337 3075 α
2369 3017 2425 3074 In
2453 3021 2822 3077 remissionem
2853 3034 3026 3080 autem
3071 3041 3406 3098 peccatorum
3437 3033 3789 3104 baptizandos
3822 3039 3898 3094 in-

2311 3109 2515 3175 fantes,
2549 3126 2652 3166 non
2684 3113 2883 3168 idcirco
2909 3115 3159 3185 diximus,
3192 3129 3250 3174 ut
3285 3130 3557 3191 peccatum
3584 3141 3652 3180 ex
3679 3128 3897 3184 traduce

2309 3198 2524 3256 ﬁrmare
2543 3201 2818 3258 videamur
2847 3221 2860 3257 :
2885 3206 3025 3275 quod
3051 3207 3207 3279 longe
3232 3226 3263 3264 a
3287 3211 3550 3270 catholico
3569 3230 3739 3273 sensu
3764 3219 3894 3275 alie-

2307 3305 2434 3346 num
2475 3303 2576 3347 est.
2607 3293 2737 3362 Quia
2771 3307 3046 3365 peccatum
3089 3315 3195 3355 non
3222 3316 3342 3357 cum
3373 3303 3588 3362 homine
3613 3311 3892 3377 nascitur,

2307 3383 2448 3451 quod
2474 3385 2811 3452 postmodum
2839 3400 3121 3444 exercetur
3139 3392 3206 3445 ab
3227 3392 3442 3450 homine
3473 3415 3486 3450 :
3515 3399 3636 3468 quia
3669 3416 3782 3455 nun
3805 3418 3894 3456 na-

2307 3481 2441 3528 turae
2495 3475 2778 3541 delictum,
2809 3479 2904 3534 sed
2935 3481 3224 3538 voluntatis
3261 3501 3380 3542 esse
3433 3500 3784 3546 manstratur.
3832 3495 3894 3548 Et

2306 3563 2432 3620 illud
2456 3581 2582 3636 ergo
2605 3569 2849 3624 confiteri
2874 3585 3189 3642 congruum,
3219 3591 3286 3632 ne
3309 3576 3520 3635 diversa
3546 3581 3889 3652 Baptismatis

2303 3667 2499 3726 genera
2539 3658 2713 3716 facere
2745 3662 3056 3730 videamur,
3089 3675 3142 3722 et
3171 3668 3272 3724 hoc
3299 3675 3620 3740 prtemunire
3645 3691 3892 3732 necesse.

2303 3748 2442 3802 rium
2477 3761 2576 3817 est,
2613 3766 2681 3808 ne
2711 3769 2804 3823 per
2833 3759 3071 3828 mysterii
3115 3761 3475 3830 occasionem,
3517 3764 3584 3819 ad
3619 3763 3892 3823 Creatoris

2305 3837 2547 3906 injurtam
2575 3843 2771 3898 malum
2797 3855 3078 3918 antequam
3105 3850 3200 3906 ﬁat
3233 3852 3301 3908 ab
3341 3855 3587 3923 homine,
3634 3860 3774 3915 tradi
3812 3860 3895 3916 di-

2301 3940 2452 3985 catur
2482 3933 2679 3988 homini
2708 3950 2805 4005 per
2830 3948 3095 3996 naturam.
3136 3959 3156 3995 ι
3189 3941 3340 3999 Hunc
3367 3959 3586 4002 sensum
3613 3963 3772 4006 suum
3799 3967 3893 4007 τοι

2301 4023 2383 4077 his
2424 4025 2633 4094 aperire
2674 4027 2919 4099 Pelagius
2957 4031 3043 4087 vel
3085 4034 3294 4102 timuit,
3326 4038 3404 4092 vel
3437 4039 3683 4108 erubuit,
3729 4059 3889 4114 quem

2301 4111 2598 4184 discipulus
2639 4116 2756 4186 ejus
2802 4119 2974 4189 palam
3003 4122 3120 4178 sine
3149 4125 3308 4181 ullius
3329 4127 3674 4188 obscuritatis
3697 4111 3887 4188 anilia-

2297 4203 2452 4272 gibus
2477 4207 2615 4274 apud
2643 4207 2835 4264 Sedem
2875 4212 3236 4280 Apostolicam
3277 4219 3515 4287 profiteri
3541 4238 3643 4278 nec
3669 4224 3884 4294 timuit,

2298 4308 2399 4348 nec
2421 4295 2652 4350 erubuit.

2369 4385 2422 4439 7.
2453 4385 2556 4442 Sed
2573 4389 2794 4445 multum
2825 4392 3126 4451 misericors
3147 4407 3454 4473 memoratae
3469 4402 3622 4460 Sedis
3637 4409 3878 4476 antistes,

2295 4473 2384 4530 ubi
2410 4492 2532 4532 eum
2564 4477 2692 4533 vidit
2737 4480 2860 4537 ferri
2898 4492 3038 4539 tanta
3071 4492 3482 4561 prmsumptionc
3508 4497 3829 4566 pueeipitetu

2295 4573 2543 4636 tanquam
2571 4568 2856 4640 furentem,
2885 4573 3056 4631 donec
3084 4577 3128 4631 si
3159 4590 3335 4648 posset
3371 4583 3487 4639 ﬁeri
3520 4587 3872 4657 resipisceret,

2295 4657 2482 4712 maluit
2515 4675 2638 4714 omn
2686 4664 2885 4718 sensim
2933 4667 3048 4721 suis
3088 4668 3591 4742 interrogationibus
3632 4689 3688 4735 et
3737 4680 3874 4736 illius

2292 4749 2728 4818 responsionibus
2747 4755 3013 4826 colligare,
3037 4775 3194 4830 quam
3225 4761 3462 4821 districta
3485 4768 3726 4826 feriendo
3751 4784 3872 4826 sen-

2295 4840 2480 4908 tentia,
2515 4841 2565 4895 iu
2597 4843 2727 4898 illud
2755 4845 3064 4916 abruptum,
3093 4865 3198 4920 quo
3219 4852 3330 4922 jam
3360 4857 3699 4928 propendere
3727 4862 3872 4918 vide-

2288 4927 2464 4997 batur,
2499 4933 2794 5002 impellere.
2827 4935 2952 4994 ldeo
2976 4949 3152 4996 autem
3181 4954 3286 4999 nun
3315 4927 3474 5014 dixi,
3495 4953 3694 5019 Aperte
3730 4955 3873 5010 ceci-

2287 5019 2458 5088 derat,
2507 5023 2622 5089 sed,
2671 5029 3007 5096 propendere
3051 5033 3358 5103 videbatur;
3393 5040 3515 5108 quia
3543 5045 3791 5112 superius
3821 5047 3873 5101 in

2285 5113 2476 5168 eodem
2493 5115 2668 5170 libello
2686 5133 2783 5173 suo
2797 5120 2865 5176 de
2885 5123 3184 5193 hujusmodi
3199 5130 3582 5198 quaestidnibus
3598 5137 3871 5194 locuturus

2283 5212 2410 5258 ante
2441 5206 2755 5274 praedixerat
2783 5228 2794 5262 :
2835 5230 2854 5264 ι
2899 5211 2956 5268 Si
2999 5213 3138 5272 forte
3173 5229 3238 5273 ut
3269 5221 3572 5282 luminibus
3607 5229 3870 5298 quispiam

2283 5292 2592 5363 ignorantia:
2608 5313 2762 5354 error
2775 5301 2986 5373 obrepsi
2996 5315 3214 5373 t,vestra
3227 5316 3494 5371 sententia
3511 5292 3830 5388 corrigatur.
3843 5341 3860 5374 ι

2351 5405 2576 5466 CAPUT
2615 5409 2725 5466 VII.
2747 5443 2820 5456 --
2839 5415 2895 5472 8.
2924 5416 3072 5474 Hanc
3089 5419 3204 5491 ej
3230 5425 3666 5492 praelocutionem
3707 5446 3872 5488 vcnc—

2279 5497 2462 5556 rabilis
2485 5515 2618 5572 papa
2647 5503 2897 5564 Zosimus
2925 5517 3131 5578 tenens,
3157 5514 3266 5584 egit
3291 5531 3412 5572 cum
3441 5518 3676 5589 homine,
3705 5539 3866 5594 quem

2341 5655 2363 5735 ξ
2384 5657 2839 5735 ﬁatfiat-annonas
2858 5669 2938 5713 Ms.
2963 5672 3027 5735 At
3041 5666 3440 5735 editi,_conferre.

2342 5716 2363 5747 ³
2384 5716 2925 5788 Forté,'liberalitatem,
2950 5727 3048 5790 vel,
3075 5716 3361 5795 ιιίιὶέρἱίἇῶἲῖιζ
