4032 6178
190 264 298 322 389

189 378 338 433 falsa
364 376 628 434 doctrina:
660 385 851 432 ventus
889 376 1188 443 inﬁavcrat,
1215 386 1273 430 ut
1291 391 1353 432 ea
1374 392 1493 446 qua:
1518 375 1592 430 illi
1617 389 1646 428 a
1667 372 1785 428 dia-

184 483 328 525 cono
348 467 575 524 Paulino
598 464 808 523 fuerant
828 468 1036 537 objecta
1056 467 1357 534 damnaret,
1372 476 1531 538 atque
1552 474 1611 521 ut
1627 466 1785 521 Sedis

187 562 517 632 Apostolica:
543 561 754 626 litteris,
787 576 906 631 qua:
931 576 963 615 a
991 569 1188 615 sancta:
1215 560 1488 615 memoria:
1516 573 1614 613 suo
1638 574 1781 628 pra:-

187 668 408 708 eessore
436 663 802 718 manaverant,
838 652 1100 721 praeberet
1135 666 1435 707 assensum.
1476 651 1661 706 Atille
1687 664 1785 704 no-

184 744 278 800 luit
303 744 527 814 quidem
551 743 762 798 diaconi
790 743 1001 813 objecta
1028 742 1283 797 damnare
1311 741 1443 797 :scd
1464 741 1602 796 beati
1633 756 1783 811 papa:

184 834 486 888 lnnocentii
524 834 716 888 litteris
746 849 852 887 non
894 842 977 887 est
1017 847 1177 886 ausus
1206 832 1501 896 obsistere;
1530 830 1637 885 imo
1669 849 1689 883 ι
1724 845 1784 885 se

180 926 365 977 omnia
398 939 516 993 qua:
557 923 722 977 Sedes
771 924 855 976 illa
901 922 1217 988 damnaret,
1260 921 1633 976 damnaturum
1663 936 1782 975 esse

177 1015 433 1086 promisit
466 1031 481 1068 :
518 1032 537 1065 ι
569 1022 726 1082 atque
754 1014 826 1067 ita
846 1014 989 1068 velut
1017 1012 1375 1082 phreneticus,
1401 1019 1458 1065 ut
1480 1012 1783 1081 requiesce-

177 1115 280 1167 ret,
311 1114 569 1175 tanquam
614 1104 804 1158 leniter
850 1103 1011 1170 fetus,
1041 1119 1069 1156 a
1099 1103 1321 1158 vinculis
1357 1110 1533 1157 tamen
1563 1116 1781 1156 excom-

180 1195 569 1249 municationis
608 1192 843 1248 nondum
880 1202 963 1248 est
1015 1195 1252 1248 creditus
1307 1207 1427 1247 esse
1470 1191 1779 1248 solvendus.

178 1284 285 1339 Sed
335 1286 658 1353 interposito
699 1283 925 1338 duorum
970 1284 1232 1339 mensium
1283 1292 1561 1352 tempore,
1609 1282 1783 1337 donec

178 1374 574 1429 rescriberetur
626 1388 694 1428 ex
745 1374 964 1440 Alrtca,
1019 1372 1367 1442 resipiscendi
1415 1373 1464 1427 ei
1504 1373 1652 1427 locus
1680 1371 1782 1427 sub

182 1466 420 1536 quadam
452 1466 756 1521 medicinali
800 1465 1080 1521 sententia:
1119 1465 1337 1521 lenitate
1361 1480 1649 1520 concessus
1675 1474 1779 1520 est.

183 1557 454 1624 Quoniam
505 1572 733 1623 revera,
789 1556 835 1611 si
883 1555 1121 1624 deposita
1165 1556 1473 1625 pervicacia:
1501 1555 1736 1610 vanitate
1763 1594 1779 1621 ,

187 1647 333 1720 quod
369 1648 690 1717 promiserat
716 1648 877 1701 vellet
903 1646 1201 1713 attendere,
1230 1656 1285 1701 et
1308 1645 1521 1702 easdem
1553 1647 1780 1713 litteras,

181 1738 383 1808 quibus
414 1754 473 1793 se
502 1753 889 1793 consensurum
938 1752 1060 1792 esse
1100 1738 1473 1807 responderat,
1501 1728 1785 1808 diligenter

183 1828 410 1898 legeret,
448 1837 752 1882 sanarctur.
781 1827 888 1882 Sed
918 1837 1260 1897 posteaquam
1288 1843 1353 1883 ex
1385 1827 1636 1883 Africano
1664 1829 1781 1899 epi—

182 1933 477 1987 scoporum
518 1919 746 1973 concilio
787 1920 1042 1988 rescripta
1071 1919 1274 1974 directa
1302 1930 1445 1981 sunt,
1469 1920 1596 1989 quid
1624 1920 1784 1979 fuerit

183 2021 563 2076 consecutum,
599 2021 654 2063 ut
675 2010 972 2079 justissime
1000 2012 1053 2065 in
1081 2027 1201 2064 eum
1233 2011 1493 2065 sententia
1516 2012 1785 2081 proferre-

182 2113 287 2169 tur,
317 2113 512 2158 cuncta
540 2102 719 2169 legite,
750 2104 873 2173 quia
907 2113 1099 2157 cuncta
1129 2098 1549 2159 transmisimus.

249 2192 480 2249 CAPUT
526 2192 658 2247 Vlll.
705 2222 777 2234 —
812 2193 867 2249 9.
915 2193 1068 2249 Unde
1109 2195 1272 2248 etiam
1321 2194 1587 2263 Pelagius,
1631 2194 1677 2249 si
1721 2209 1781 2250 se

183 2285 354 2354 ipsum
400 2294 456 2339 et
499 2299 597 2338 sua
647 2285 844 2354 scripta
894 2285 1011 2340 sine
1043 2285 1170 2340 dolo
1199 2286 1435 2355 cogitat,
1490 2302 1594 2340 non
1633 2296 1781 2343 recte

183 2375 330 2440 dicit,
363 2374 554 2430 eadem
581 2377 843 2430 sententia
870 2392 930 2432 se
953 2393 1055 2431 non
1082 2377 1328 2433 debuisse
1354 2378 1544 2432 teneri.
1567 2377 1782 2435 Fefellit

178 2467 326 2521 enim
343 2466 605 2537 judicium
627 2466 1002 2532 Palaestinam;
1031 2476 1310 2538 prop‘terea
1338 2468 1408 2522 ibi
1432 2467 1641 2522 videtur
1660 2483 1781 2523 esse

182 2566 441 2629 purgatus
470 2574 485 2610 :
517 2556 812 2610 Romanam
854 2572 982 2611 vero
1031 2557 1345 2621 Ecclesiam,
1386 2557 1474 2611 ubi
1506 2571 1629 2612 eum
1657 2573 1780 2613 esse

178 2649 526 2704 notissimum
573 2648 742 2711 scitis,
790 2648 973 2701 fallere
1013 2663 1392 2717 usquequaque
1433 2664 1539 2703 non
1572 2650 1777 2720 potuit;

180 2741 430 2811 quamvis
469 2749 525 2793 et
560 2739 661 2792 hoc
697 2738 857 2793 fuerit
901 2747 1185 2806 utcumque
1224 2739 1239 2769 ¹
1267 2747 1490 2792 conatus
1519 2756 1533 2792 :
1564 2738 1691 2802 sed,
1724 2747 1782 2792 ut

186 2831 325 2897 dixi,
355 2830 578 2885 minime
616 2830 799 2885 valuit.
832 2827 1075 2883 liecoluit
1103 2829 1246 2882 enim
1276 2828 1617 2882 beatissimus
1645 2842 1780 2897 papa

184 2921 458 2985 lusimus,
490 2921 614 2990 quid
649 2919 936 2974 imitandus
966 2935 1261 2989 prmcessor
1281 2919 1397 2987 ejus
1418 2918 1486 2974 de
1507 2919 1636 2988 ipsis
1657 2934 1779 2974 sen-

189 3014 318 3069 serit
339 3014 527 3085 gestis.
559 3011 800 3067 Attendit
827 3012 987 3065 etiam
1016 3011 1145 3082 quid
1172 3011 1239 3067 de
1269 3011 1360 3065 illo
1389 3011 1613 3066 sentiret
1639 3026 1780 3081 pra:-

191 3103 411 3159 dicanda
454 3104 507 3158 in
557 3103 784 3158 Domino
826 3101 1190 3156 Romanorum
1237 3101 1373 3157 ﬁdes
1410 3100 1584 3172 (Rom.
1611 3118 1649 3168 t,
1678 3100 1777 3174 8),

190 3212 408 3266 quorum
451 3196 711 3250 adversus
754 3195 870 3264 ejus
908 3210 1148 3250 errorem
1184 3209 1284 3265 pro
1330 3195 1554 3251 veritate
1595 3196 1781 3251 catho-

190 3288 304 3356 lica,
324 3288 499 3343 studia
519 3286 868 3343 consonantia
892 3285 1233 3341 concorditer
1250 3285 1474 3357 ﬂagrare
1494 3286 1778 3345 cernebat:

192 3381 327 3434 inter
352 3395 490 3450 quos
506 3380 595 3434 ille
620 3378 709 3433 diu
726 3379 950 3444 vixerat,
968 3387 1023 3431 et
1042 3392 1176 3447 quos
1196 3378 1313 3447 ejus
1340 3377 1589 3449 dogmata
1616 3379 1783 3434 latere

191 3486 291 3525 non
339 3477 596 3542 poterant
627 3488 641 3522 :
672 3469 761 3538 qui
791 3468 1101 3523 leestium
1141 3468 1259 3537 ejus
1297 3483 1418 3523 esse
1458 3468 1779 3538 discipulum

187 3563 262 3616 sic
286 3567 570 3623 noverant,
599 3568 656 3614 ut
680 3557 1049 3613 ﬁdelissimum
1083 3567 1139 3613 et
1176 3558 1537 3613 ﬁrmissimum
1563 3566 1783 3627 possent

190 3651 252 3706 de
281 3651 385 3706 hac
407 3666 467 3705 re
490 3649 852 3704 testimonium
879 3648 1182 3718 perhibere.
1224 3647 1358 3714 Quid
1405 3663 1533 3717 ergo
1573 3647 1641 3702 de
1678 3648 1781 3702 Pa-

189 3743 412 3797 ltestina:
437 3740 628 3812 synodi
656 3739 841 3810 gestis,
875 3738 1071 3809 quibus
1109 3753 1169 3793 se
1198 3737 1445 3807 Pelagius
1471 3738 1777 3800 absolutum

186 3850 306 3890 esse
349 3834 630 3904 gloriatur,
671 3838 889 3886 sanctus
929 3845 1063 3901 papa
1109 3829 1450 3884 Innocentius
1488 3829 1778 3898 judicarit,

187 3924 431 3995 quamvis
459 3932 515 3978 et
544 3922 596 3977 in
626 3922 821 3976 litteris
849 3920 999 3990 ejus,
1030 3926 1161 3990 quas
1192 3919 1345 3973 nobis
1376 3920 1673 3988 rescripsit,
1702 3920 1782 3974 le-

184 4030 312 4086 gere
355 4013 608 4084 possitis,
658 4021 711 4066 et
760 4019 1238 4065 commemoratum
1278 4023 1397 4063 cum
1429 4010 1450 4040 ²
1493 4008 1808 4064 venerabili.

189 4123 339 4177 papa:
363 4105 581 4161 Zosimo
598 4102 834 4174 synodus
855 4101 1103 4156 Africana
1121 4099 1417 4169 reSpondit,
1434 4098 1575 4169 quod
1592 4108 1783 4155 vestra:

187 4198 447 4255 Charitati
488 4212 613 4253 cum
649 4195 860 4251 caneris
905 4191 1345 4248 iustructionibus
1393 4190 1663 4258 misimus,
1699 4199 1781 4245 ta-

185 4307 312 4347 men
339 4305 439 4345 nec
470 4290 524 4344 in
554 4289 655 4342 hoc
682 4302 845 4358 opere
875 4284 1306 4356 praetereundum
1336 4281 1565 4337 videtur.

256 4382 485 4439 CAPUT
525 4381 615 4436 IX.
638 4410 710 4421 —-
731 4380 818 4434 10.
835 4379 968 4433 Cum
989 4376 1133 4432 enim
1156 4391 1255 4430 nos
1278 4376 1329 4428 in
1348 4374 1595 4443 epistola,
1624 4389 1781 4445 quam

185 4476 237 4530 ei
263 4476 498 4546 quinque
526 4471 762 4542 episcopi
792 4469 1105 4539 scripsimus
1130 4464 1228 4539 (α),
1259 4464 1568 4520 eorumdem
1607 4476 1785 4535 gesto-

189 4580 310 4619 rum
338 4562 762 4625 Palarstinorum,
791 4574 1018 4629 quorum
1044 4558 1110 4611 ad
1140 4571 1240 4611 nos
1276 4556 1384 4625 jam
1425 4556 1561 4610 fama
1589 4571 1783 4625 perve-

189 4662 377 4717 nerat,
416 4652 978 4707 commemorationem
1024 4647 1368 4711 fecissemus,
1416 4646 1685 4711 dicentes,
1730 4646 1782 4701 in

187 4743 425 4808 Oriente,
454 4743 543 4796 ubi
573 4741 736 4810 degit,
769 4748 918 4810 gesta
945 4738 1301 4793 ecclesiastica
1334 4736 1468 4791 facta
1505 4751 1646 4802 esse,
1668 4737 1785 4806 qui-

190 4834 291 4889 bus
319 4843 533 4904 putatur
561 4847 680 4888 esse
707 4840 961 4902 purgatus
980 4871 995 4894 ,
1026 4838 1183 4898 atque
1209 4827 1276 4882 ad
1303 4828 1403 4881 hoc
1425 4829 1566 4883 inter
1588 4836 1782 4882 cmtera

190 4926 275 4981 ille
297 4923 651 4981 rescriberet:
679 4940 698 4973 ι
728 4922 864 4977 Cum
890 4920 1019 4985 sint,
1049 4937 1069 4972 ι
1102 4919 1291 4988 inquit,
1323 4936 1341 4968 ι
1370 4918 1540 4987 aliqua
1569 4918 1623 4971 in
1651 4918 1781 4987 ipsis

187 5016 357 5089 posita
387 5014 576 5086 gestis,
607 5029 727 5083 quae
755 5012 987 5082 objecta,
1028 5011 1219 5080 partim
1261 5008 1349 5063 ille
1391 5008 1608 5063 vitando
1651 5024 1781 5078 sup-

187 5109 414 5180 pressit,
460 5106 653 5178 partim
698 5106 865 5160 multa
898 5105 950 5159 in
984 5119 1044 5159 se
1072 5103 1233 5157 verba
1274 5102 1634 5172 retorquendo
1674 5112 1781 5157 tota

187 5201 512 5258 obscuritate
538 5197 810 5263 confudit;
850 5197 1027 5266 aliqua
1066 5195 1233 5264 magis
1269 5192 1403 5247 falsa
1424 5235 1438 5259 ,
1468 5209 1626 5264 quam
1651 5209 1780 5249 vera

183 5293 411 5359 ratione,
445 5298 504 5346 ut
541 5288 610 5345 ad
655 5300 860 5360 tempus
887 5295 1096 5359 poterat
1121 5285 1322 5351 videri,
1356 5286 1627 5356 purgavit,
1682 5301 1778 5341 nc-

246 5426 267 5458 ι
282 5428 357 5475 Sic
379 5430 489 5473 Mss.
502 5420 645 5481 Editi,
668 5425 940 5481 utrumque.

243 5487 269 5519 ³
292 5497 396 5536 Am.
423 5492 479 5535 et
500 5490 599 5542 En,
619 5495 748 5532 eum.
775 5482 944 5531 Melius
978 5487 1143 5542 autem
1181 5483 1373 5542 mmet
1393 5482 1522 5542 Mss,
1547 5489 1657 5542 cum
1685 5488 1702 5525 :
1724 5482 1780 5526 ut

184 5548 341 5610 Ipsum
360 5537 739 5610 tmentiigde
752 5545 906 5610 gestis
935 5541 1200 5610 tjalazstinis
1216 5541 1454 5610 judicium
1478 5537 1779 5610 intelligatur

184 5602 617 5660 commemoratum
635 5607 686 5656 in
711 5602 887 5656 lit'teris
909 5603 1138 5652 Africana
1160 5602 1329 5666 synodi
1344 5602 1405 5651 ad
1428 5603 1678 5652 Zosirnum.
1696 5606 1778 5649 Hae

187 5670 364 5721 litera:
383 5674 624 5720 hactenus
646 5667 1005 5717 desiderantur.

244 5740 319 5792 ta)
356 5731 565 5796 Epistola
587 5731 695 5793 177,
719 5730 846 5780 inter
871 5727 1260 5792 augustinianas,
1284 5738 1334 5776 η.
1356 5724 1402 5774 2.

1272 261 1473 317 LIBER
1512 262 1601 316 DE
1642 256 1957 317 PECCATO
1996 261 2362 321 ORlGlNAlJ.

3362 274 3466 335 590

1886 374 2061 444 gando
2087 376 2210 443 alia,
2257 377 2360 433 alia
2405 377 2531 432 falsa
2573 379 3011 450 interpretatione
3055 386 3337 462 vertendo.
3368 390 3473 446 Sed

1888 467 2110 531 utinam,
2138 469 2281 538 quod
2309 470 2598 539 optandum
2626 473 2794 544 magis
2820 483 2921 541 est,
2948 475 3057 544 jam
3083 490 3144 531 se
3174 477 3262 533 ille
3289 480 3354 533 ad
3381 497 3477 537 ve-

1886 573 1999 612 ram
2029 560 2304 616 catholica:
2332 561 2456 617 ﬁdei
2484 564 2622 618 viam
2646 565 2714 620 ab
2741 565 2830 619 illo
2855 582 2953 621 suo
2971 583 3155 623 errore
3177 581 3474 640 convertat,

1885 656 1941 702 et
1983 650 2162 719 cupiat
2207 652 2441 722 velitque
2470 659 2719 724 purgari,
2748 657 3092 713 considerans
3115 661 3474 730 quotidianam

1887 738 1982 793 Dei
2010 741 2233 810 gratiam
2254 783 2270 809 ,
2303 743 2727 815 adjutoriumque
2756 761 3114 816 cognoscens,
3147 758 3208 805 ut
3237 752 3477 809 videatur

1885 843 2031 894 vere,
2075 839 2131 885 et
2169 833 2493 901 approbetur
2528 835 2595 889 ab
2628 837 2895 903 erunibus,
2937 842 3214 897 manifesta
3265 845 3474 899 ratione

1884 927 2187 985 correctus;
2222 937 2323 974 non
2348 931 2619 991 gestorum
2646 925 2875 993 judicio,
2908 929 3002 983 sed
3047 931 3114 984 ad
3156 932 3469 988 catholicam

1884 1007 2044 1064 ﬁdem
2081 1011 2243 1066 corde
2270 1028 2546 1068 converso.
2582 1014 2734 1070 Unde
2776 1032 2882 1071 non
2931 1034 3212 1088 possumus
3262 1023 3472 1078 illorum

1885 1116 1986 1156 nec
2009 1104 2306 1172 approbare
2332 1121 2433 1161 uec
2461 1107 2676 1176 culpare
2697 1109 2975 1177 judicium,
3009 1127 3131 1167 cum
3176 1117 3472 1171 nesciamus

1884 1198 2060 1245 utrum
2088 1208 2211 1247 vera
2240 1195 2345 1248 sint
2368 1204 2549 1265 gesta;
2574 1207 2667 1251 aut
2692 1200 2735 1252 si
2764 1215 2885 1253 vera
2915 1202 3042 1267 sint,
3070 1215 3279 1259 constet
3304 1210 3472 1275 magis

1882 1281 2299 1353 subterfugisse,
2344 1301 2501 1355 quam
2528 1302 2586 1342 se
2621 1297 2727 1343 tota
2771 1292 2998 1346 veritate
3030 1308 3284 1363 purgasse
3314 1298 3413 1367 (τι).
3451 1318 3471 1349 1

1886 1370 2088 1428 Videtis
2103 1387 2248 1430 certe
2271 1377 2321 1429 in
2342 1378 2422 1432 his
2438 1379 2635 1445 verbis,
2651 1382 3095 1450 quemadmodum
3118 1401 3249 1455 papa
3273 1387 3473 1441 beatis-

1883 1462 2052 1519 simus
2085 1464 2423 1523 lnnocentius
2460 1484 2566 1523 non
2611 1479 2859 1541 tanquam
2909 1474 2977 1529 de
3024 1476 3291 1545 incognito
3329 1480 3473 1549 loqui

1885 1553 2146 1611 videatur.
2172 1556 2374 1613 Videtis
2403 1561 2615 1629 qualem
2662 1562 2841 1617 tulerit
2880 1564 2948 1619 de
2981 1565 3121 1620 illius
3162 1571 3473 1638 purgatione

1883 1648 2223 1702 sententiam.
2261 1649 2462 1705 Videtis
2488 1653 2613 1721 quid
2644 1668 2924 1709 successor
2945 1657 3059 1725 ejus
3097 1669 3310 1713 sanctus
3334 1676 3468 1732 papa

1883 1734 2126 1792 Zosimus
2171 1741 2411 1796 recolere
2458 1741 2743 1809 debuerit,
2806 1744 2944 1798 sicut
2994 1748 3264 1813 recoluit,
3319 1760 3375 1803 ut
3417 1751 3470 1804 in

1883 1842 1949 1883 eo
1981 1830 2062 1884 sui
2104 1834 2442 1900 prmcessoris
2465 1833 2722 1903 judicium
2764 1846 2968 1892 remota
3005 1842 3341 1897 cunctatione
3377 1843 3471 1897 ﬁr-

1881 1929 2073 1974 maret.

1954 2009 2182 2065 CAPUT
2222 2011 2290 2065 X.
2321 2041 2393 2053 —
2432 2013 2518 2067 ll.
2557 2013 2674 2068 Jam
2704 2030 2844 2071 nunc
2875 2017 3157 2088 diligenter
3179 2022 3466 2088 attendite,

1881 2098 2026 2154 unde
2072 2109 2398 2156 monstretur
2423 2103 2563 2171 quod
2606 2104 2919 2162 Palmstinos
2946 2109 3190 2179 Pelagius
3227 2110 3471 2167 fefellerit

1876 2190 2113 2260 judices,
2147 2195 2347 2255 utalia
2390 2204 2617 2264 taceam,
2664 2198 2718 2252 in
2770 2198 2871 2254 hac
2917 2201 3030 2269 ipsa
3073 2204 3367 2272 quaestione
3403 2205 3473 2259 de

1882 2280 2209 2351 Baptismate
2263 2286 2601 2354 parvulorum
2646 2304 2660 2340 :
2706 2303 2775 2343 ne
2824 2288 2963 2344 forte
3004 2293 3232 2362 cuipiam
3259 2335 3273 2360 ,
3314 2295 3364 2348 in
3404 2310 3472 2349 eo

1880 2372 2022 2441 quod
2044 2372 2301 2441 diximus,
2325 2390 2447 2430 cum
2468 2391 2704 2444 sensum,
2734 2378 2787 2432 in
2813 2394 2920 2449 quo
2943 2381 3161 2436 liberior
3183 2384 3471 2439 leestins

1881 2462 1996 2527 fuit,
2026 2464 2177 2519 vobis
2206 2467 2505 2522 occultasse
2530 2469 2822 2539 Pelagium,
2845 2486 2966 2525 cum
2989 2481 3041 2526 et
3060 2474 3172 2542 ipse
3189 2490 3293 2527 non
3318 2475 3471 2529 aliter

1881 2555 2095 2619 sentiat,
2118 2556 2432 2612 calumniari
2469 2560 2641 2627 potius
2667 2560 2750 2614 vel
2778 2563 3054 2630 suspicari,
3082 2579 3239 2633 quam
3263 2575 3471 2621 certum

1881 2644 2081 2714 aliquid
2106 2648 2577 2715 comprehendisse
2603 2650 2900 2704 videamur.
2931 2651 3132 2722 Nempe
3167 2655 3277 2722 jam
3315 2670 3472 2725 supe-

1882 2737 1993 2791 rius
2017 2739 2147 2793 satis
2176 2741 2361 2793 claruit
2388 2782 2401 2805 ,
2435 2750 2715 2810 propterea
2748 2742 3057 2797 C(elestium
3101 2746 3336 2801 noluisse
3378 2748 3471 2800 da-

1882 2842 2067 2882 mnare
2082 2828 2222 2897 quod
2242 2828 2460 2894 dicitur,
2483 2848 2501 2881 ι
2528 2830 2657 2884 Adit:
2682 2840 2954 2899 peccatum
2972 2832 3072 2901 ipsi
3095 2835 3191 2887 soli
3213 2836 3468 2902 obfuisse,

1882 2932 1987 2971 non
2014 2920 2193 2988 generi
2222 2918 2488 2985 humano;
2519 2928 2573 2974 et
2602 2919 2833 2975 infantes
2856 2921 2947 2991 qui
2983 2932 3291 2988 nascuntur,
3323 2925 3378 2978 in
3404 2940 3470 2980 co

1882 3019 2019 3064 statu
2046 3024 2187 3078 esse,
2211 3010 2266 3065 in
2291 3026 2395 3081 quo
2422 3011 2591 3065 Adam
2618 3010 2717 3065 fuit
2738 3020 2861 3066 ante
2888 3013 3374 3082 praevaricationem
3403 3032 3416 3067 :
3445 3034 3461 3065 I

1882 3101 2004 3170 quia
2032 3101 2263 3168 videbat,
2292 3103 2335 3155 si
2367 3101 2465 3156 ista
2507 3101 2820 3166 damnaret,
2863 3102 3179 3158 conﬁrmare
3217 3117 3276 3157 se
3305 3104 3357 3157 in
3386 3102 3469 3158 in-

1883 3190 2113 3246 fantibus
2163 3194 2366 3263 peccati
2419 3208 2489 3247 ex
2540 3193 2709 3247 Adam
2760 3194 3061 3248 transitum.
3113 3194 3240 3250 llzec
3291 3207 3467 3252 autem

1881 3296 2002 3336 cum
2031 3281 2254 3338 fuissent
2282 3282 2488 3351 objecta
2517 3282 2753 3353 Pelagio,
2784 3283 2928 3353 quod
2958 3299 3020 3338 ea
3050 3298 3172 3338 cum
3216 3286 3471 3341 Ctelestio

1883 3378 2042 3430 etiam
2082 3377 2196 3444 ipse
2221 3377 2465 3443 sentiret,
2494 3377 2609 3431 sine
2640 3377 2742 3431 ulla
2773 3378 3146 3433 retractatione
3176 3378 3465 3433 damnavit.

1882 3468 2033 3535 Quod
2074 3469 2199 3523 licet
2222 3483 2317 3523 vos
2348 3468 2539 3538 legisse
2568 3471 2773 3533 sciam;
2808 3478 2984 3524 tamen
3029 3470 3149 3539 quia
3190 3485 3294 3524 non
3339 3472 3473 3526 solis

1883 3558 2034 3613 vobis
2077 3557 2177 3613 hoc
2203 3558 2451 3613 scribitur
2471 3600 2487 3626 ,
2515 3575 2583 3613 ne
2610 3560 2783 3629 pigeat
2810 3561 3064 3614 lectorem
3091 3560 3157 3614 ad
3186 3561 3297 3631 ipsa
3324 3572 3469 3630 gesta

1882 3642 2297 3713 recurrere'n'el
2334 3648 2379 3701 si
2421 3662 2485 3702 ea
2528 3663 2634 3704 non
2684 3649 2888 3715 habet,
2933 3650 3093 3702 etiam
3137 3664 3258 3704 cum
3290 3651 3475 3706 labore

1882 3740 2214 3812 perquirere,
2242 3740 2357 3811 ipsa
2387 3739 2510 3795 inde
2538 3739 2699 3796 verba
2731 3741 3157 3806 trauscribimus,
3189 3757 3307 3811 qua:
3335 3741 3472 3798 infra

1882 3834 2078 3902 scripta
2106 3842 2248 3888 sunt.

1953 3923 2181 3981 CAPUT
2218 3923 2312 3980 XI.
2342 3923 2527 3978 ~12.
2574 3943 2592 3976 ι
2640 3922 2887 3995 Synodus
2916 3921 3046 3978 dixit
3089 3939 3102 3977 :
3152 3921 3303 3978 Nunc
3341 3938 3474 3993 quo-

1884 4016 2027 4070 niam
2059 4016 2584 4071 analhematizaverit
2616 4016 2631 4046 ¹
2664 4014 2911 4085 Pelagius
2941 4014 3201 4067 incertum
3241 4012 3474 4067 stultilo-

1884 4109 2065 4179 quium
2091 4151 2106 4175 ,
2162 4117 2308 4163 recte
2352 4107 2703 4177 respondens,
2739 4105 3007 4159 hominem
3043 4120 3164 4158 cum
3209 4104 3473 4174 adjutorio

1886 4199 1979 4254 Dei
2006 4209 2061 4255 et
2087 4200 2253 4270 gratia
2279 4213 2437 4268 posse
2456 4212 2576 4252 esse
2602 4201 2958 4267 ἀναμάρτητον,
2997 4194 3049 4248 id
3073 4203 3175 4262 est,
3203 4195 3317 4248 sine
3340 4210 3468 4265 peca

1885 4299 2028 4359 cato,
2051 4290 2371 4360 respondeat
2394 4298 2448 4343 ct
2472 4289 2538 4342 ad
2566 4288 2670 4342 alia
2709 4286 2960 4355 capitula.
3000 4286 3155 4340 Aliud
3182 4286 3470 4356 capitulum

1886 4383 1937 4437 in
1969 4383 2207 4437 doctrina
2227 4380 2464 4437 leestii
2492 4377 2736 4448 discipuli
2762 4376 2983 4446 Pelagii,
3008 4392 3073 4431 ex
3102 4377 3182 4432 eis
3208 4390 3325 4446 qua:
3347 4376 3473 4431 Cara

1887 4473 2099 4543 thagine
2124 4487 2153 4526 a
2179 4480 2364 4527 sancto
2396 4470 2608 4525 Aurelio
2633 4466 3038 4536 Carthaginensi
3071 4466 3321 4536 episcopo
3348 4480 3472 4521 cum

1885 4563 2002 4617 aliis
2037 4562 2301 4631 episcopis
2340 4560 2519 4615 audita
2562 4568 2687 4613 sunt
2716 4567 2770 4614 et
2807 4565 3219 4613 commemorata
3255 4571 3269 4608 :
3298 4557 3471 4610 Adam

1886 4654 2164 4709 mortalem
2192 4651 2385 4707 factum
2407 4693 2421 4718 ,
2454 4652 2542 4721 qui
2571 4652 2683 4705 sive
2710 4660 2975 4722 peccaret,
3004 4652 3116 4704 sive
3145 4663 3249 4703 non
3281 4663 3470 4716 peccaa

1885 4756 1987 4812 ret,
2016 4747 2305 4801 moriturus
2331 4752 2493 4800 esset.
2539 4745 2799 4813 Quoniam
2841 4753 3113 4814 peccatum
3145 4740 3272 4794 Ada:
3297 4740 3470 4808 ipsum

1886 4839 2056 4894 solum
2085 4837 2302 4903 lmserit,
2334 4846 2388 4892 et
2416 4852 2520 4890 non
2548 4851 2717 4906 genus
2742 4835 3053 4888 humanum.
3084 4831 3343 4899 Quoniam
3384 4829 3467 4884 lex

1886 4933 1963 4985 sic
1988 4931 2159 4984 mittat
2180 4929 2244 4982 ad
2267 4943 2511 4999 rcgnum,
2539 4926 2986 4996 quemadmodum
3017 4936 3070 4980 et
3097 4921 3464 4992 Evangelium.

1885 5022 2144 5090 Quoniam
2173 5030 2298 5076 ante
2326 5020 2610 5074 adventum
2637 5019 2833 5074 Christi
2861 5019 3054 5074 fuerint
3082 5015 3321 5070 homines
3349 5015 3467 5070 sine

1885 5125 2124 5185 peccato.
2148 5113 2407 5183 Quoniam
2435 5111 2664 5166 infantes
2688 5127 2856 5181 nuper
2874 5110 2980 5164 nati
3010 5111 3060 5162 in
3086 5123 3151 5162 eo
3177 5114 3314 5159 statu
3337 5106 3463 5170 sint,

1884 5206 1938 5261 in
1977 5221 2082 5276 quo
2132 5205 2299 5260 Adam
2345 5204 2439 5258 fuit
2490 5211 2614 5257 ante
2654 5202 3158 5272 prmvaricationem.
3205 5197 3469 5264 Quoniam

1884 5314 2059 5369 neque
2103 5313 2196 5366 per
2238 5304 2464 5351 mortem
2510 5294 2594 5349 vel
2631 5292 3117 5363 praevaricationem
3148 5288 3276 5343 Adae
3303 5302 3466 5344 omne

1882 5404 2049 5460 genus
2078 5388 2350 5442 hominum
2381 5385 2658 5447 moriatur,
2689 5399 2863 5453 neque
2892 5399 2986 5453 per
3014 5380 3463 5437 resurrectionem

1882 5479 2077 5536 Christi
2123 5492 2283 5532 onme
2331 5492 2502 5545 genus
2560 5475 2835 5529 hominum
2886 5482 3144 5543 resurgat.
3199 5472 3461 5540 Quoniam

1944 5592 1961 5624 ί
1987 5596 2035 5638 in
2058 5587 2180 5637 libro
2202 5585 2267 5635 de
2303 5586 2459 5636 Gestis
2494 5584 2691 5647 Pelagii,
2715 5599 2765 5633 η.
2796 5585 2869 5643 i6,
2897 5581 3323 5635 anathemalimrit.
3360 5589 3469 5631 For-

1882 5663 1933 5705 te
1954 5649 2238 5712 legeudum,
2264 5661 2373 5697 cum
2393 5648 2883 5698 anathematizamit.
2922 5710 2929 5712 ξ
3101 5708 3154 5712 __
3291 5707 3318 5712 _
3344 5693 3359 5705 ,

1945 5707 2239 5777 (oft-Insteio
2262 5712 2518 5760 tumet-otii
2545 5713 2671 5760 inter
2690 5710 3052 5774 .tugustinianas
3075 5708 3178 5769 185,
3189 5720 3268 5756 nu.
3290 5707 3326 5757 3
3344 5712 3397 5757 et
3418 5709 3454 5753 ὴ
