4034 6182
559 280 662 340 391

557 401 779 451 sanctus
833 391 1115 462 episcopus
1170 387 1494 458 Augustinus
1541 385 1797 440 adversus
1845 382 2137 452 discipulos

559 489 678 560 ejus
706 489 761 542 in
783 485 960 542 Sicilia
987 481 1260 553 respondit
1285 480 1488 536 Hilario
1508 478 1574 534 ad
1603 476 1838 547 subjecta
1863 474 2090 544 capitula
2121 516 2136 539 ,

560 577 802 632 scribens
844 574 1038 628 librum
1074 569 1149 644 (a)
1182 571 1233 624 in
1265 585 1374 640 quo
1422 569 1520 624 ista
1561 566 1899 621 continentur
1931 581 1946 618 :
1978 563 2142 617 Posse

558 665 829 722 hominem
857 663 973 718 sine
999 670 1218 732 peccato
1261 674 1380 715 esse
1401 697 1418 726 ,
1465 658 1510 712 si
1558 656 1683 713 velit
1713 673 1726 710 :
1760 653 2006 717 Infantes,
2039 651 2139 707 etsi

558 773 665 813 non
704 755 1057 825 baptizentur,
1087 751 1284 806 habere
1309 750 1468 804 vitam
1495 757 1746 802 aeternam
1778 764 1793 800 :
1827 745 2022 799 Divites
2044 742 2137 797 ba-

558 849 804 918 ptizatos,
831 844 931 900 nisi
954 842 1200 898 omnibus
1228 839 1621 904 abrenuntient,
1658 837 1704 892 si
1742 835 1865 908 quid
1891 835 2015 891 horti
2041 833 2140 888 visi

558 938 758 994 fuerint
791 937 987 1002 facere,
1020 947 1127 988 non
1156 932 1388 1002 reputari
1418 931 1546 995 illis,
1578 945 1752 999 neque
1793 942 2013 998 regnum
2047 925 2139 980 Dei

558 1045 720 1100 posse
745 1043 840 1084 eos
869 1027 1084 1082 habere.
1128 1025 1374 1094 Pelagius
1411 1023 1545 1078 dixit
1573 1039 1588 1076 :
1622 1023 1698 1076 De
1740 1035 1895 1090 posse
1924 1019 2138 1090 quidem

560 1122 832 1176 hominem
857 1117 975 1172 sine
1005 1122 1221 1186 peccato
1247 1127 1388 1180 esse,
1416 1111 1616 1168 dictum
1655 1119 1738 1166 est
1765 1108 2046 1178 superius.‘
2066 1109 2140 1162 De

559 1225 628 1265 eo
655 1217 834 1264 autem
863 1205 1002 1276 quod
1044 1204 1242 1259 fuerint
1283 1201 1527 1256 homines
1555 1207 1680 1254 ante
1705 1199 1988 1254 adventurm
2029 1197 2139 1251 Do-

559 1300 691 1354 mini
715 1299 830 1352 sine
855 1303 1103 1366 peccato,
1134 1293 1362 1348 dicimus
1393 1301 1448 1346 et
1489 1303 1588 1344 nos
1612 1289 1860 1360 quoniam
1889 1298 2014 1341 ante
2043 1285 2139 1340 ad-

560 1399 777 1446 ventum
843 1385 1040 1441 Christi
1103 1385 1350 1439 vixerunt
1391 1379 1605 1452 quidam
1649 1385 1834 1433 sancte
1868 1391 1932 1432 ac
1955 1377 2136 1446 juste,

559 1477 852 1536 secundum
892 1475 1286 1544 Scripturarum
1313 1479 1612 1527 sanctarum
1643 1468 1980 1524 traditionem
2013 1487 2026 1522 :
2055 1482 2141 1522 rc-

559 1571 702 1640 liqua
739 1581 866 1623 vero
893 1575 948 1621 et
974 1563 1263 1620 secundum
1295 1563 1533 1642 ipsorum
1575 1559 1934 1615 testimonium
1955 1599 1970 1622 ,
2016 1557 2139 1628 quia

558 1661 661 1716 ista
703 1672 809 1714 non
849 1664 974 1712 sunt
1013 1669 1110 1724 pro
1154 1653 1348 1723 quibus
1383 1667 1480 1722 ego
1509 1649 1814 1706 satisfacere
1849 1647 2072 1703 debeam
2097 1648 2138 1713 ι,

561 1750 659 1808 sed
708 1757 887 1804 tamen
931 1745 998 1801 ad
1031 1741 1446 1800 satisfactionem
1491 1748 1689 1796 sancta:
1736 1737 1968 1811 Synodi,
2013 1751 2143 1792 ana-

563 1839 850 1898 thematizo
886 1852 982 1894 eos
1015 1836 1106 1906 qui
1151 1835 1230 1892 sic
1263 1842 1480 1900 tenent,
1519 1841 1610 1887 aut
1645 1829 1929 1902 aliquando
1957 1839 2140 1884 tenue-

560 1938 706 1986 runt.
745 1949 766 1982 ι

632 2018 858 2076 CAPUT
895 2016 1012 2074 XII.
1044 2045 1120 2058 —-
1149 2015 1236 2072 15.
1266 2015 1424 2080 Ecce,
1459 2020 1517 2068 ut
1545 2011 1646 2066 alia
1665 2011 1927 2076 omittam,
1951 2007 2140 2064 videtis

559 2108 1034 2167 anathematizasse
1053 2104 1322 2176 Pelagium
1342 2117 1436 2159 eos
1459 2102 1550 2173 qui
1571 2109 1774 2169 tenent,
1802 2119 1823 2154 ι
1849 2098 1992 2170 quod
2009 2098 2140 2154 Adae

558 2211 837 2275 peccatum
865 2201 1036 2272 ipsum
1063 2198 1236 2254 solum
1263 2195 1480 2260 laeserit,
1509 2203 1564 2250 et
1600 2209 1708 2248 non
1743 2207 1912 2264 genus
1955 2191 2142 2246 huma-

559 2312 720 2362 num;
743 2303 800 2350 et
828 2292 968 2365 quod
1016 2289 1242 2346 infantes
1286 2288 1377 2359 qui
1421 2293 1727 2350 nascuntur,
1781 2284 1836 2337 in
1881 2297 1948 2338 eo
1997 2289 2139 2336 statu

559 2390 687 2454 sint,
717 2388 770 2441 in
795 2399 902 2455 quo
926 2383 1094 2438 Adam
1124 2381 1221 2436 fuit
1249 2387 1372 2434 ante
1401 2375 1910 2448 praevaricationem.
1948 2391 1968 2426 ι
2001 2371 2138 2438 Quid

561 2491 690 2548 ergo
716 2474 804 2530 hic
825 2472 968 2528 aliud
993 2471 1226 2542 episcopi
1249 2468 1462 2538 judices
1490 2465 1788 2535 iutelligene
1812 2470 2134 2532 potuerunt,

562 2567 668 2621 nisi
689 2579 811 2620 eum
835 2561 1096 2626 confiteri,
1137 2558 1276 2630 quod
1310 2566 1584 2628 peccatum
1624 2571 1689 2610 ex
1735 2553 1904 2608 Adam
1939 2551 1994 2608 in
2020 2567 2138 2622 par-

566 2657 714 2712 vulos
741 2652 1008 2710 transeat?
1031 2650 1184 2720 Quod
1208 2664 1276 2704 ne
1304 2649 1650 2704 confiteretur
1676 2644 1982 2712 Caelestius,
2023 2642 2141 2697 hinc

561 2747 816 2802 damnare
838 2743 1026 2810 uoluit,
1049 2755 1168 2810 qua:
1191 2739 1294 2795 iste
1317 2737 1607 2794 damnavit.
1639 2734 1865 2791 Proinde
1890 2735 1936 2788 si
1959 2742 2141 2789 osten-

561 2839 723 2906 dero,
753 2838 912 2893 etiam
939 2836 1113 2905 ipsum
1141 2831 1272 2888 nihil
1292 2830 1435 2886 aliud
1455 2829 1653 2886 sentire
1671 2830 1738 2884 de
1760 2828 2013 2898 parvulis,
2037 2826 2139 2882 nisi

563 2930 706 3002 quod
729 2931 845 2985 sine
871 2929 976 2982 ulla
1001 2929 1310 2996 cujusquam
1335 2923 1448 2978 vitii
1473 2920 1788 2991 contagione
1811 2928 2136 2984 nascuntur;

559 3021 688 3092 quid
715 3021 852 3074 inter
876 3018 1033 3072 istum
1055 3025 1110 3072 et
1126 3015 1434 3070 leestium
1462 3015 1514 3066 in
1535 3012 1634 3066 hac
1655 3012 1946 3081 qumstione
1970 3008 2140 3063 dista-

563 3111 661 3179 hit,
692 3110 793 3164 nisi
832 3107 972 3179 quod
1016 3107 1106 3162 ille
1141 3105 1394 3174 apertior,
1443 3103 1543 3158 iste
1588 3101 1846 3156 occultior
1885 3099 2017 3164 fuit;
2053 3099 2141 3153 ille

562 3199 915 3273 pertinacior,
958 3197 1060 3252 iste
1098 3194 1439 3260 mendacior;
1469 3192 1551 3247 vel
1580 3200 1726 3246 certe
1755 3191 1844 3245 ille
1880 3189 2096 3244 liberior
2120 3229 2136 3250 ,

562 3299 647 3352 hic
675 3295 932 3350 astutior?
957 3292 1048 3347 Ille
1074 3290 1216 3345 enim
1245 3302 1345 3342 nec
1379 3288 1434 3341 in
1471 3284 1706 3340 Ecclesia
1733 3280 2136 3352 Cartltaginensi

561 3389 816 3444 damnare
857 3384 1042 3450 voluit,
1083 3380 1227 3453 quod
1264 3382 1316 3434 iu
1353 3379 1592 3434 Romana
1635 3383 1816 3446 postea
1855 3390 1915 3430 se
1955 3382 2138 3429 tenere

560 3480 838 3536 confessus
863 3484 964 3540 est,
994 3484 1048 3531 et
1069 3473 1259 3544 corrigi
1282 3481 1514 3542 paratum
1532 3486 1584 3524 se
1609 3483 1715 3524 esse
1743 3465 2010 3538 professus
2027 3473 2133 3532 est,

560 3572 605 3626 si
630 3571 676 3627 ei
701 3567 1156 3648 tanquamvhmnini
1177 3581 1316 3619 error
1341 3563 1577 3632 obrepsit.
1603 3561 1708 3616 Iste
1727 3567 1902 3615 autem
1930 3569 1985 3613 et
2008 3557 2136 3612 illud

559 3663 750 3732 dogma
771 3658 1042 3716 damnavit
1063 3667 1308 3726 tanquam
1330 3653 1652 3710 contrarium
1675 3652 1903 3714 veritati.
1929 3665 1998 3706 ne
2025 3650 2139 3719 ipse

558 3769 589 3807 a
617 3751 891 3807 catholicis
915 3748 1181 3820 jndieibus
1207 3745 1582 3808 damnaretur;
1622 3751 1676 3798 et
1717 3741 1770 3798 id
1811 3741 1914 3798 sibi
1953 3739 2138 3796 defen-

557 3843 789 3900 dendum
821 3850 1002 3912 postea
1041 3839 1350 3905 reservavit,
1377 3846 1467 3892 aut
1491 3835 1819 3892 mendaciter
1841 3833 2100 3888 damnans
2119 3875 2133 3899 ,

555 3945 649 3991 aut
674 3934 863 3990 callide
888 3929 1264 4004 interpretans.

623 4045 850 4102 CAPUT
877 4043 1016 4100 XIII.
1044 4073 1116 4084 —
1144 4043 1231 4098 14.
1276 4041 1382 4097 Sed
1420 4040 1576 4096 video
1601 4039 1668 4096 de
1693 4055 1780 4096 me
1811 4039 1919 4110 jam
1955 4039 2140 4110 justis-

555 4137 689 4192 sime
718 4135 998 4206 postulari,
1029 4143 1085 4188 ut
1121 4131 1262 4204 quod
1295 4132 1542 4202 promisi,
1585 4139 1759 4186 utrum
1788 4134 1843 4186 et
1883 4130 1996 4201 ipse
2038 4129 2139 4186 hoc

555 4226 750 4280 sentiat
785 4224 922 4294 quod
959 4223 1272 4289 Caelestius,
1319 4221 1688 4276 demonstrare
1727 4235 1831 4276 non
1872 4218 2131 4274 differam.

555 4315 612 4369 In
643 4315 813 4385 primo
850 4314 985 4368 libro
1030 4313 1345 4369 recentioris
1385 4311 1563 4382 operis
1591 4311 1703 4379 sui,
1747 4309 1888 4382 quod
1925 4310 2137 4378 scripsit

557 4420 653 4474 pro
692 4405 884 4459 Libero
933 4404 1206 4470 Arbitrio,
1237 4403 1392 4472 cujus
1437 4401 1614 4472 aperis
1664 4402 1716 4454 in
1776 4399 1962 4454 litteris
2006 4413 2138 4468 quas

559 4497 779 4549 Romam
821 4495 996 4562 misit,
1024 4495 1582 4550 commemorationem
1619 4493 1742 4548 fecit
1771 4511 1784 4546 :
1839 4513 1859 4545 ι
1890 4492 2080 4558 Omne,
2112 4513 2129 4546 ι

557 4585 756 4655 inquit,
811 4601 830 4634 ε
865 4584 1062 4639 bonum
1086 4599 1152 4638 ac
1201 4583 1398 4638 malum
1419 4624 1433 4650 ,
1471 4599 1576 4652 quo
1604 4583 1688 4638 vel
1717 4582 2009 4638 laudabiles
2053 4583 2133 4637 vel

555 4673 928 4746 vituperabiles
952 4688 1156 4742 sumus,
1187 4690 1290 4729 non
1320 4675 1591 4730 nobiscum
1623 4675 1811 4741 oritur,
1841 4675 1934 4730 sed
1965 4675 2138 4745 agitur

557 4783 585 4821 a
617 4767 768 4822 nobis
794 4783 807 4818 :
838 4781 1058 4837 capaces
1097 4765 1238 4821 enim
1272 4765 1544 4835 utriusque
1578 4765 1690 4831 rei,
1721 4779 1824 4820 nou
1863 4765 2003 4834 pleni
2039 4780 2134 4819 na-

555 4865 838 4928 scimur,ct
863 4872 918 4916 ut
941 4861 1056 4917 sine
1079 4861 1292 4927 virtute,
1312 4859 1381 4914 ita
1402 4868 1455 4914 et
1479 4859 1592 4914 sine
1618 4859 1744 4913 vitio
1764 4873 2130 4930 procreamur:

553 4966 712 5026 atque
751 4962 874 5010 ante
906 4954 1168 5010 actionem
1197 4954 1426 5024 propria:
1454 4953 1761 5019 voluntatis,
1807 4953 1856 5007 id
1885 4952 2054 5008 solum
2081 4952 2134 5007 in

555 5047 767 5104 homine
794 5058 894 5112 est,
925 5045 1065 5118 quod
1096 5047 1236 5102 Deus
1260 5046 1547 5102 condidit.»
1595 5045 1798 5116 Nempe
1827 5047 2046 5102 cernitis
2081 5047 2134 5102 in

557 5139 640 5194 his
667 5138 862 5209 Pelagii
882 5139 1078 5206 verbis,
1100 5137 1242 5209 quod
1265 5137 1452 5209 dogma
1479 5138 1816 5194 contineatur
1833 5137 2133 5204 amborum,

554 5228 621 5283 de
673 5229 904 5298 parvulis
947 5230 1062 5285 sine
1121 5229 1276 5284 ullius
1317 5228 1429 5282 vitii
1485 5243 1548 5282 ex
1604 5227 1773 5282 Adam
1822 5228 2136 5299 contagione

555 5318 913 5373 nascentibus.
967 5318 1082 5374 Non
1126 5319 1302 5390 itaque
1346 5319 1539 5374 mirum
1577 5326 1686 5386 est,
1734 5318 1876 5388 quod
1922 5333 2016 5373 eos
2044 5319 2134 5388 qui

619 5448 637 5482 ³
661 5453 712 5518 In
735 5446 918 5518 eodem
942 5447 1083 5512 libro,
1106 5463 1156 5500 n.
1177 5449 1269 5518 Qui,
1292 5447 1482 5516 reliqua
1507 5463 1620 5502 vero
1656 5455 1702 5500 et
1723 5448 1987 5518 secundum
2008 5447 2136 5513 ipso-

555 5520 666 5576 rum
687 5509 1001 5576 testimonium
1022 5524 1052 5576 ᾳ
1071 5509 1150 5562 ine
1172 5509 1306 5576 dicta
1333 5509 1428 5562 non
1459 5518 1586 5572 sunt,
1611 5524 1700 5576 pro
1722 5510 1892 5575 quibus
1920 5509 2038 5576 ego
2057 5523 2135 5562 sa-

553 5571 775 5680 gisfglcere
819 5583 912 5622 non
955 5571 1120 5624 debeo.
1161 5573 1338 5623 Eadem
1377 5576 1528 5624 verba
1575 5571 1866 5638 repetuntur
1916 5571 2132 5637 ibidem,

555 5646 704 5754 mari).
725 5692 926 5753 Epistola
972 5697 1071 5757 1257,
1096 5695 1152 5744 ad
1177 5695 1424 5744 Hilarium.

1828 269 1885 325 s.
1928 257 2290 324 AUGUSTINI
2331 253 2636 323 Episcopi

3743 265 3862 324 ενι)

2252 381 2436 436 dicunt
2461 423 2474 443 ,
2512 400 2530 431 α
2565 381 2694 435 Atla:
2727 390 2998 451 peccatum
3045 381 3143 450 ipsi
3187 380 3288 434 soli
3331 380 3602 445 obfuisse,
3633 393 3690 438 et
3735 398 3860 438 non

2245 470 2436 540 generi
2486 471 2754 533 humano;
2801 479 2854 524 et
2899 469 3130 525 infantes
3165 470 3256 540 qui
3301 481 3628 539 nascuntur,
3675 472 3730 527 in
3786 488 3862 529 eo

2244 569 2380 614 statu
2410 575 2532 614 esse
2557 600 2573 624 ,
2604 560 2788 627 iu‘qu'o
2817 560 2914 614 fuit
2939 559 3109 614 Adam
3137 570 3261 614 ante
3288 563 3816 629 prmvaricatiOnem,
3833 583 3853 617 ι

2244 650 2528 706 Οωιθειὶιιε
2567 649 2822 706 damnare
2865 651 3034 705 uoluit
3063 669 3077 704 :
3107 652 3202 706 sed
3244 652 3470 706 multum
3499 655 3695 709 mirum
3738 664 3858 721 est,
3928 677 3943 693 π

2245 758 2347 812 qua
2372 741 2545 798 fronte
2575 741 2820 812 Pelagius
2865 742 2964 797 ista
3004 741 3355 798 damnaverit.
3401 744 3458 801 Si
3485 744 3625 800 enim
3653 786 3670 810 ,
3703 747 3860 802 sicut

2243 833 2402 898 dicit,
2459 850 2477 884 ι
2511 832 2708 886 malum
2740 848 2844 886 non
2894 832 3168 887 nobiscum
3216 834 3424 900 oritur,
3467 843 3520 890 et
3559 836 3678 890 sine
3714 836 3860 891 vitio

2245 941 2620 996 procrcamur,
2649 934 2808 996 atque
2844 934 2968 980 ante
2993 926 3255 980 actionem
3300 927 3526 995 proprim
3553 929 3856 983 voluntatis

2244 1019 2297 1072 id
2317 1020 2488 1074 solum
2518 1019 2570 1072 in
2601 1017 2814 1072 homine
2842 1025 2958 1081 est,
2989 1017 3129 1084 quod
3155 1017 3294 1072 Deus
3334 1017 3609 1083 condidit;
3655 1035 3676 1072 ι
3714 1035 3852 1088 pro-

2244 1105 2384 1163 fecto
2423 1116 2697 1176 peccatqu
2726 1106 2856 1160 Adae
2883 1105 2986 1175 ipsi
3023 1106 3122 1160 soli
3147 1105 3346 1170 obfuit,
3393 1109 3514 1176 quia
3555 1109 3762 1162 nullum
3793 1110 3850 1164 in

2245 1197 2444 1266 prolem
2475 1198 2751 1252 transitum
2778 1195 2922 1250 fecit.
2970 1195 3088 1250 Non
3117 1196 3259 1250 enim
3289 1206 3568 1266 peccatum
3615 1215 3724 1252 non
3757 1209 3852 1254 est

2244 1287 2442 1342 malum
2466 1328 2484 1350 ,
2511 1297 2602 1341 aut
2635 1295 2905 1357 peccatum
2935 1267 3038 1340 non
3069 1293 3152 1341 est
3186 1285 3370 1340 vitium
3393 1329 3407 1351 ,
3435 1297 3530 1342 aut
3560 1299 3852 1357 peccatum

2247 1366 2386 1430 Deus
2413 1375 2670 1430 condidit.
2711 1375 2847 1430 Dicit
2869 1385 3049 1430 autem
3082 1377 3202 1442 iste,
3235 1394 3254 1427 ι
3291 1375 3484 1430 Malunt
3517 1392 3621 1432 non
3647 1379 3851 1434 nobis-

2243 1483 2365 1523 cum
2389 1467 2558 1521 oritur
2580 1509 2595 1532 ,
2634 1475 2689 1522 et
2713 1466 2844 1522 sine
2870 1466 2999 1520 vitio
3030 1481 3376 1535 procreamur
3398 1509 3412 1532 ,
3443 1477 3500 1523 et
3526 1467 3627 1524 hoc
3658 1470 3848 1524 solum

2245 1568 2326 1613 est
2347 1559 2398 1612 in
2435 1559 2794 1624 nascentibus,
2821 1558 2964 1628 quod
2995 1559 3137 1613 Deus
3180 1559 3469 1614 condidit.»
3505 1563 3584 1616 Ac
3612 1577 3706 1632 per
3727 1563 3850 1618 hoc

2243 1661 2364 1702 cum
2410 1665 2430 1698 ε
2469 1657 2741 1718 peccatum
2786 1647 2918 1702 Adae
2945 1648 3046 1717 ipsi
3072 1648 3170 1702 soli
3197 1649 3468 1716 obfuisse,
3502 1667 3607 1705 non
3650 1653 3854 1722 generi

2245 1736 2530 1806 humano,»
2561 1737 2851 1794 secundum
2876 1738 3032 1792 istam
3063 1753 3214 1793 suam
3237 1741 3554 1796 sententiam
3573 1783 3587 1806 ,
3613 1745 3848 1798 verissi-

2244 1842 2388 1881 mum
2413 1835 2579 1896 putet,
2601 1842 2695 1882 cur
2716 1827 2820 1883 hoc
2843 1826 3112 1882 damnavit
3134 1827 3402 1899 Pelagius,
3433 1832 3532 1886 nisi
3555 1841 3612 1886 ut
3627 1832 3851 1901 iudices

2244 1919 2489 1974 catholici
2521 1919 2873 1974 fallerentur?
2919 1917 3178 1974 Similiter
3215 1919 3376 1975 etiam
3416 1921 3545 1977 illud
3587 1923 3696 1979 dici
3737 1939 3850 1994 po-

2245 2019 2346 2063 test
2377 2027 2394 2064 :
2430 2027 2450 2061 ί
2480 2008 2536 2064 Si
2563 2010 2758 2064 malum
2791 2023 2893 2064 non
2925 2011 3202 2066 nobiscum
3231 2012 3402 2066 oritur
3425 2053 3440 2078 ,
3483 2021 3538 2068 et
3562 2015 3680 2070 sine
3705 2015 3850 2071 vitio

2247 2115 2625 2170 procreantur,
2674 2101 2833 2172 idque
2873 2101 3049 2156 solum
3087 2111 3169 2157 est
3215 2103 3268 2156 in
3301 2103 3516 2160 homine
3557 2115 3846 2172 nascente,

2242 2191 2384 2261 quod
2413 2191 2550 2246 Deus
2569 2190 2840 2257 condidit;
2889 2208 2907 2242 ι
2942 2191 3127 2260 procul
3153 2191 3336 2260 dubio,
3371 2211 3392 2246 ‹
3425 2195 3516 2264 qui
3548 2206 3854 2252 nascuntur

2217 2279 2494 2349 infantes,
2521 2281 2576 2336 in
2601 2296 2668 2337 eo
2691 2291 2831 2338 statu
2858 2291 3003 2350 sunt,
3026 2283 3078 2337 in
3100 2299 3206 2353 quo
3231 2284 3401 2339 Adam
3429 2285 3528 2340 fuit
3547 2297 3673 2342 ante
3699 2304 3851 2359 pra:-

2244 2371 2639 2438 varicationcm,
2669 2391 2688 2425 ι
2719 2373 2805 2428 cui
2835 2374 3038 2429 nullum
3083 2372 3280 2430 ma'lum
3305 2376 3597 2448 vitiumque
3629 2379 3838 2446 inerat,

2243 2474 2400 2532 atque
2429 2461 2482 2516 id
2509 2462 2685 2518 solum
2722 2462 2776 2517 in
2815 2463 2908 2520 illo
2953 2471 3098 2530 erat,
3151 2466 3293 2536 quod
3327 2467 3467 2522 Deus
3497 2469 3848 2526 condiderat.

2245 2555 2308 2608 Et
2337 2562 2514 2608 tamen
2546 2554 3016 2610 anathematizavit
3058 2557 3332 2627 Pelagius,
3369 2578 3388 2612 ι
3419 2559 3510 2630 qui
3540 2569 3723 2616 tenent
3751 2575 3848 2619 aut

2241 2641 2530 2713 aliquando
2579 2652 2892 2710 tenuerunt,
2940 2645 2992 2698 in
3033 2661 3100 2700 eo
3127 2656 3270 2702 statu
3312 2663 3435 2704 esse
3481 2663 3730 2707 recentes
3775 2655 3849 2710 ab

2243 2741 2364 2788 ortu
2407 2734 2684 2802 parvulos,
2714 2735 2764 2789 in
2807 2751 2914 2805 quo
2937 2736 3106 2794 Adam
3143 2737 3242 2793 fuit
3282 2749 3406 2796 ante
3439 2745 3847 2813 prtevaricatio-

2245 2838 2387 2891 nem,
2417 2843 2438 2877 ι
2473 2824 2528 2880 id
2553 2834 2654 2891 est,
2682 2825 2798 2880 sine
2817 2826 2922 2882 ullo
2948 2827 3108 2894 malo,
3134 2828 3250 2883 sine
3277 2830 3387 2884 ullo
3413 2833 3562 2899 vitio,
3593 2833 3642 2888 id
3666 2835 3846 2892 solum

2246 2914 2533 2980 habentes,
2580 2915 2722 2985 quod
2769 2915 2910 2970 Deus
2951 2918 3206 2974 condidit.
3263 2919 3458 2991 thuid
3495 2932 3624 2994 ergo
3651 2926 3850 2984 ethoc

2241 3006 2513 3060 damnavit
2553 3005 2826 3076 Pelagius,
2867 3008 2969 3062 nisi
2997 3017 3057 3062 ut
3098 3009 3359 3066 catholica
3397 3013 3636 3084 synodus
3683 3015 3853 3072 falle-

2243 3106 2412 3163 retur,
2441 3112 2509 3152 ue
2535 3111 2704 3151 novus
2729 3095 3016 3154 hazreticus
3042 3095 3437 3156 damnaretur?

2313 3187 2540 3244 CAPUT
2568 3186 2708 3242 XIV.
2731 3218 2802 3230 —-
2829 3189 2916 3244 15.
2943 3189 3096 3256 Quod
3125 3201 3302 3246 autem
3328 3193 3499 3260 scitis,
3531 3203 3587 3248 et
3614 3195 3756 3265 quod
3789 3197 3849 3252 in

2242 3294 2308 3334 eo
2336 3281 2493 3336 etiam
2526 3279 2662 3334 libro
2692 3281 2876 3350 posui,
2908 3295 3064 3351 quem
3113 3281 3180 3338 de
3207 3284 3372 3352 gestis
3419 3283 3723 3342 PaI'JBStitt'ts
3769 3288 3847 3344 ad

2245 3369 2600 3424 venerabilem
2643 3382 2828 3426 senem
2873 3380 3116 3427 nostrum
3144 3374 3421 3429 Aurelium
3467 3377 3689 3446 scripsi,
3745 3378 3848 3436 illa

2243 3473 2344 3530 ego
2373 3460 2389 3492 ³
2418 3461 2768 3531 responsione
2807 3461 3040 3532 Pelagii,
3086 3471 3248 3517 totam
3295 3465 3446 3518 istam
3488 3469 3846 3536 qumstiouem

2242 3560 2611 3619 consumptam
2634 3565 2752 3606 esse
2777 3551 3092 3621 gaudebam,
3122 3553 3508 3624 confessusque
3528 3556 3659 3610 mihi
3683 3573 3848 3628 aper-

2245 3639 2448 3694 tissime
2467 3639 2762 3706 videbatur,
2785 3655 2906 3696 esse
2929 3640 2980 3694 in
3003 3643 3236 3710 parvulis
3249 3645 3507 3714 originale
3529 3659 3838 3715 peccatum,

2241 3729 2523 3785 anathema
2546 3728 2772 3786 dicendo
2797 3731 2878 3786 eis
2904 3733 2995 3802 qui
3025 3742 3246 3801 peccato
3267 3733 3396 3789 Adae
3427 3735 3596 3805 ipsum
3631 3739 3842 3806 solum,

2243 3821 2529 3875 nonetiam
2551 3835 2720 3890 genus
2747 3821 3034 3876 humanum
3062 3823 3344 3880 crederent
3372 3825 3577 3894 lmsum,
3606 3837 3662 3898 et
3690 3830 3742 3884 in
3769 3845 3842 3884 eo

2241 3919 2384 3964 statu
2418 3909 2763 3980 opinarentur
2801 3925 2925 3966 esse
2965 3914 3250 3982 parvulos,
3295 3915 3348 3968 iu
3396 3932 3503 3986 quo
3545 3917 3640 3973 ille
3673 3919 3841 3975 homo

2245 3999 2445 4069 primus
2477 4009 2603 4056 ante
2640 4002 3133 4071 praevaricationem
3183 4002 3300 4058 fuit.
3351 4004 3455 4060 Sed
3499 4017 3685 4076 postea
3703 4025 3837 4064 eum

2243 4090 2485 4160 legissem
2514 4101 2739 4161 quatuor
2761 4093 2876 4162 ejus
2901 4093 3085 4162 libros,
3119 4093 3189 4150 de
3221 4109 3450 4164 quorum
3488 4099 3662 4168 primo
3693 4100 3840 4156 libro

2243 4181 2398 4250 paulo
2434 4189 2559 4236 ante
2593 4192 3008 4238 commemorata
3052 4184 3215 4240 verba
3264 4184 3551 4256 descripsi,
3594 4199 3652 4243 et
3689 4191 3844 4246 inve-

2243 4271 2440 4325 nissem
2476 4269 2746 4326 hominem
2783 4271 2958 4328 adhuc
2999 4283 3185 4329 contra
3225 4275 3544 4332 catholicam
3575 4278 3736 4334 fidem
3766 4281 3838 4336 de

2240 4360 2472 4431 parvulis
2500 4361 2856 4430 sentientem;
2905 4364 3023 4434 plus
3046 4367 3068 4397 ²
3098 4366 3280 4422 mirari
3305 4369 3472 4439 ccepi,
3508 4381 3615 4426 tam
3653 4372 3836 4441 impu-

2242 4451 2375 4506 dens
2403 4452 2459 4507 in
2502 4453 2861 4509 ecclesiastico
2901 4455 3104 4525 judicio
3145 4467 3200 4512 et
3233 4459 3302 4514 de
3347 4470 3488 4516 tanta
3537 4465 3838 4532 qumstione

2242 4543 2594 4598 mendacium.
2653 4547 2710 4600 Si
2745 4547 2886 4600 enim
2917 4549 3133 4603 eesdent
3161 4550 3327 4606 libros
3367 4562 3491 4608 ante
3534 4560 3643 4624 jam
3696 4557 3834 4611 scri-

2243 4645 2452 4704 pserat,
2477 4635 2744 4705 quomodo
2769 4651 2830 4692 se
2848 4639 2981 4693 dixit
3005 4654 3098 4694 eos
3123 4642 3573 4700 anathematizare
3589 4688 3604 4712 ,
3637 4649 3727 4718 qui
3755 4651 3836 4704 sic

2240 4725 2525 4796 aliquando
2577 4729 2912 4783 tenuerunt?
2952 4729 3008 4786 Si
3055 4739 3232 4786 autem
3279 4747 3462 4804 postea
3513 4737 3642 4792 illud
3698 4743 3834 4809 opus

2243 4817 2508 4888 pollicitus
2548 4819 2568 4850 ³
2608 4829 2724 4884 est,
2771 4821 3040 4892 quomodo
3094 4826 3560 4884 anathematizavit
3607 4831 3698 4900 qui
3756 4831 3833 4886 sic

2245 4909 2472 4966 tenent?
2508 4911 2618 4966 Nisi
2665 4912 2886 4969 ridicule
2913 4915 3049 4970 forte
3077 4915 3316 4974 dicturus
3342 4929 3454 4986 est,
3498 4937 3593 4976 eos
3631 4938 3691 4978 se
3735 4923 3834 4978 da-

2249 5016 2463 5059 mnasse
2486 5002 2577 5072 qui
2600 5004 2679 5059 sic
2698 5005 2984 5077 aliquando
3007 5013 3482 5082 tennerunt,etqui
3499 5014 3576 5068 sic
3607 5023 3832 5084 tenent;

2241 5093 2311 5149 de
2337 5101 2577 5163 tempore
2601 5105 2778 5152 autem
2799 5095 2981 5152 futuro
3005 5139 3020 5166 ,
3063 5098 3117 5154 id
3141 5107 3255 5168 est,
3295 5102 3374 5156 eis
3401 5105 3490 5173 qui
3514 5104 3593 5159 sic
3620 5105 3834 5165 fuerant

2242 5186 2528 5253 retenturi,
2557 5200 2656 5242 nec
2683 5187 2806 5254 sibi,
2833 5203 2932 5243 nec
2959 5191 3075 5245 aliis
3096 5191 3446 5262 praejudicare
3467 5197 3708 5264 potuisse
3732 5215 3748 5263 ;
3777 5209 3834 5255 et

2243 5278 2364 5334 ideo
2391 5294 2497 5334 non
2525 5279 2689 5335 fuisse
2717 5282 3002 5336 mentitum
3024 5325 3040 5350 ,
3071 5285 3193 5355 quia
3233 5295 3416 5355 postea
3459 5287 3834 5358 deprehensus

2240 5378 2322 5424 est
2349 5369 2428 5424 sic
2478 5379 2682 5424 tenere.
2733 5370 2841 5426 Sed
2872 5388 2980 5428 non
3023 5373 3124 5430 hoc
3153 5375 3314 5443 dicit,
3345 5393 3454 5434 non
3493 5380 3664 5435 solum
3705 5385 3835 5452 quia

2241 5460 2518 5515 ridiculum
2555 5469 2667 5526 est,
2708 5463 2804 5516 sed
2842 5464 2964 5533 quia
3005 5482 3186 5522 verum
3215 5483 3336 5525 esse
3376 5485 3480 5525 non
3527 5480 3721 5544 potest.
3773 5471 3833 5534 In

2309 5575 2326 5646 ξ
2351 5573 2426 5646 sic
2444 5580 2548 5646 mss.
2567 5579 2624 5646 at
2645 5572 2782 5646 editi,
2799 5587 2930 5646 ergo.

2307 5635 2326 5700 ξ
2357 5641 2452 5682 Lm.
2479 5639 2552 5682 Er.
2580 5640 2774 5700 etnlilss"
2799 5635 2935 5700 prius

2310 5695 2330 5729 ³
2359 5700 2514 5758 Forte,
2538 5693 2752 5747 molitus.
