4034 6182
297 379 405 450 39$

293 506 498 562 eisdem
535 501 731 573 qulppe
768 493 918 555 libris
939 542 954 565 ,
985 508 1039 554 et
1079 506 1263 554 contra
1292 497 1493 567 peccati
1537 510 1606 551 ex
1639 495 1805 552 Adam
1837 496 1890 550 in

295 597 547 669 parvulos
584 593 865 649 transitum
908 591 1175 662 loquitur,
1222 599 1275 646 et
1307 589 1375 645 de
1401 590 1567 659 gestis
1593 588 1893 644 Palmstinae

292 689 487 762 synodi
530 689 813 759 gloriatur,
855 684 944 739 ubi
992 698 1087 740 eos
1125 683 1215 754 qui
1263 682 1341 738 sic
1375 690 1592 749 tenent,
1634 681 1893 749 veraciter

292 780 581 835 damnasse
610 786 821 847 [altatus
845 783 950 841 est,
972 784 1026 830 et
1051 773 1445 830 absolutionem
1475 786 1625 828 suam
1659 769 1893 826 fallendo

294 869 502 925 furatus
527 877 627 921 est.

368 959 592 1016 CAPUT
614 957 731 1014 XV.
754 987 827 999 —
844 957 933 1013 ιϐ.
956 955 1094 1023 Quid
1115 955 1256 1010 enim
1273 953 1341 1009 ad
1362 969 1500 1017 rem,
1529 952 1599 1009 de
1619 967 1721 1024 qua
1748 966 1891 1008 nunc

292 1054 535 1120 agimus,
589 1049 857 1119 pertinet,
905 1046 1047 1118 quod
1095 1044 1375 1116 discipulis
1425 1044 1538 1099 suis
1577 1043 1888 1113 respondet,

298 1159 321 1192 ς
361 1141 479 1195 ideo
504 1154 566 1195 se
604 1140 689 1193 illa
715 1139 920 1206 objecta
952 1137 1235 1191 damnasse
1261 1177 1278 1203 ,
1309 1135 1432 1206 quia
1471 1142 1528 1188 et
1576 1134 1692 1203 ipse
1738 1132 1888 1197 dicit,

294 1247 405 1286 non
435 1240 635 1285 tautttm
666 1232 837 1299 primo
869 1228 1104 1290 homini,
1136 1227 1230 1282 sed
1258 1228 1419 1283 etiam
1446 1226 1680 1280 humano
1706 1223 1891 1295 generi

295 1324 528 1394 primum
561 1321 688 1376 illud
726 1320 959 1375 obfuisse
989 1328 1285 1387 peccatum,
1312 1332 1416 1372 non
1450 1316 1756 1387 propagine,
1791 1314 1887 1370 sed

295 1414 582 1481 exemplo;
616 1435 638 1465 ν
668 1413 719 1466 id
748 1420 851 1471 est.
877 1427 982 1465 non
1010 1409 1151 1480 quod
1180 1426 1243 1464 ex
1273 1409 1364 1464 illo
1391 1408 1653 1464 traxerint
1675 1406 1888 1477 aliquod

295 1505 519 1563 vitium,
552 1502 641 1570 qtti
683 1516 748 1557 ex
795 1501 887 1555 illo
933 1500 1202 1570 propagati
1244 1508 1403 1564 sunt,
1441 1497 1536 1554 sed
1583 1497 1724 1568 quod
1766 1511 1892 1552 eum

296 1594 528 1662 primum
575 1600 881 1660 peccantem
914 1590 1102 1645 imitati
1148 1598 1276 1645 sunt
1318 1602 1541 1655 omnes,
1572 1588 1662 1659 qui
1707 1596 1890 1659 postea

296 1680 697 1751 pecetverunt?
741 1690 835 1734 aut
862 1680 982 1750 quia
1013 1679 1169 1746 dicit,
1205 1679 1382 1753 «ideo
1424 1677 1652 1734 infantes
1691 1694 1796 1733 non
1836 1679 1888 1734 in

295 1785 366 1827 eo
405 1783 548 1828 statu
585 1786 737 1834 esse,
772 1771 957 1842 inquo
1001 1769 1098 1825 fuit
1126 1770 1295 1825 Adam
1322 1779 1448 1826 ante
1492 1770 1891 1838 praevaricatio-

296 1879 457 1926 nem,
488 1864 611 1935 quia
657 1863 743 1918 isti
791 1869 1115 1932 praeceptum
1145 1876 1337 1931 capere
1379 1860 1615 1917 nondum
1645 1870 1888 1932 possunt,

298 1956 389 2011 ille
449 1966 628 2010 autem
680 1953 890 2023 potuit;
946 1952 1291 2023 nondumque
1346 1960 1567 2007 utuntur
1617 1952 1890 2007 rationalis

299 2047 592 2102 voluntatis
635 2046 888 2112 arbitrio,
937 2060 1043 2115 quo
1092 2044 1182 2099 ille
1228 2042 1331 2097 nisi
1378 2051 1635 2109 uteretur,
1685 2058 1792 2098 non
1838 2041 1890 2098 ei

300 2148 626 2212 pta-ceptum
675 2136 934 2193 daretur?
981 2154 1000 2189 ι
1043 2135 1180 2205 Quid
1226 2134 1329 2190 hoc
1367 2133 1436 2190 ad
1481 2149 1596 2190 rem
1642 2134 1887 2204 pertinet,

302 2231 426 2302 quia
458 2229 623 2284 verba
650 2227 750 2282 sibi
779 2227 983 2297 objecta
1014 2226 1092 2281 sic
1120 2224 1458 2292 exponendo,
1485 2232 1630 2280 recte
1655 2238 1714 2279 se
1743 2232 1892 2295 putat

303 2321 585 2376 damnasse
630 2318 771 2406 quod
816 2318 1048 2383 dicitur,
1096 2335 1116 2370 ι
1167 2324 1443 2388 peccatum
1471 2316 1602 2370 Adae.
1644 2316 1745 2386 ipsi
1789 2315 1888 2406 soli

303 2411 573 2475 obfuisse,
619 2420 674 2464 et
717 2402 821 2464 non
868 2407 1052 2479 generi
1100 2405 1379 2467 humano;
1424 2414 1479 2461 et
1522 2405 1752 2461 infantes
1797 2402 1891 2476 qui

306 2511 628 2565 nascuntur,
659 2499 710 2554 in
754 2513 821 2555 eo
862 2507 1002 2552 statu
1040 2512 1195 2562 esse,
1227 2497 1279 2553 in
1309 2512 1416 2568 quo
1441 2495 1609 2552 Adam
1641 2495 1740 2552 fuit
1764 2505 1892 2554 ante

303 2603 580 2666 peccatum
610 2610 624 2647 :
661 2612 681 2644 ι
711 2600 766 2648 ct
792 2599 967 2646 tamen
999 2589 1082 2644 his
1119 2589 1383 2645 damnatis
1421 2603 1524 2645 non
1567 2588 1894 2645 mendaciter

308 2697 515 2751 tenere,
542 2684 683 2757 quod
708 2685 760 2739 in
790 2685 905 2753 ejus
933 2677 1116 2754 postea
1150 2682 1468 2755 conscriptis
1508 2682 1777 2753 Opuseulis
1806 2681 1892 2737 in-

305 2778 549 2842 venitur,
588 2794 607 2827 ι
645 2776 762 2830 sine
803 2770 910 2829 ullo
952 2774 1091 2827 malo
1116 2815 1130 2837 ,
1173 2773 1290 2829 sine
1335 2774 1442 2826 ntlo
1474 2772 1601 2826 vitio
1641 2772 1894 2842 parvulos

306 2873 469 2930 nasci,
494 2878 547 2920 et
576 2864 676 2920 hoc
699 2864 871 2919 solum
900 2864 951 2918 in
978 2864 1058 2919 eis
1086 2879 1226 2927 esse,
1255 2863 1395 2934 quod
1420 2863 1557 2918 Deus
1582 2862 1839 2932 condidit,
1863 2878 1887 2918 ι

306 2974 411 3015 non
436 2960 627 3012 vulnus
656 2956 795 3026 quod
822 2957 1068 3012 inimicus
1100 2954 1330 3011 inﬂixit?

377 3050 605 3106 CAPUT
643 3046 783 3103 XVI.
813 3078 885 3088 —
912 3049 996 3102 I7.
1025 3047 1287 3118 Numquid
1320 3045 1433 3102 hate
1461 3046 1702 3115 dicendo,
1734 3048 1893 3104 verba

310 3155 529 3217 promer
556 3141 697 3195 aliud
727 3140 933 3210 objecta
961 3140 1116 3195 aliter
1144 3138 1482 3208 exponendo,
1514 3139 1565 3193 id
1593 3140 1718 3211 agit,
1752 3149 1808 3196 ut
1835 3155 1895 3198 so

305 3235 509 3306 indices
553 3248 660 3286 non
709 3230 961 3286 fefellisse
1002 3229 1377 3285 demonstret?
1425 3228 1653 3286 Prorsus
1696 3246 1799 3285 non
1841 3230 1894 3286 id

307 3326 468 3382 eIlicit
503 3344 518 3382 :
552 3336 700 3381 tanto
725 3325 866 3380 enim
906 3321 1096 3379 fefellit
1120 3321 1400 3387 occultius,
1445 3332 1643 3393 quanto
1679 3324 1897 3395 exponit

308 3420 405 3477 ista
465 3422 752 3477 versutius.
813 3418 1057 3489 Episcopi
1134 3417 1330 3489 quippe
1381 3416 1631 3473 catholici
1683 3415 1894 3487 quando

310 3512 593 3568 audiebant
612 3510 882 3567 hominem
906 3508 1441 3566 anatltcmatizautem
1464 3523 1558 3564 eos
1577 3508 1666 3579 qui
1688 3507 1890 3576 dicunt,

316 3620 334 3656 ι
363 3606 493 3659 Ada:
537 3612 811 3675 peccatum
857 3601 957 3672 ipsi
987 3601 1086 3656 soli
1127 3599 1396 3668 obfuisse,
1428 3615 1532 3656 non
1580 3600 1759 3671 generi
1792 3600 1893 3655 hu-

246 3688 263 3697 ’
311 3706 503 3761 tuano;
541 3713 562 3747 ι
597 3693 733 3748 nihil
760 3691 903 3747 aliud
934 3707 1055 3747 eum
1086 3706 1275 3765 sapere
1303 3690 1696 3756 existimabant,
1735 3704 1892 3759 quam

309 3785 360 3842 id
415 3785 559 3858 quod
614 3783 870 3839 catholica
941 3782 1176 3838 Ecclesia
1231 3781 1521 3852 praedicare
1571 3780 1890 3836 consuevit:

309 3878 445 3933 unde
475 3876 743 3933 veraciter
771 3875 1022 3945 parvulos
1065 3874 1117 3929 in
1156 3885 1492 3945 peccatorum
1523 3873 1891 3929 remissionem

309 3968 536 4039 baptizat
557 4008 573 4034 ,
604 3984 707 4020 non
735 3983 853 4037 qua:
884 3964 1143 4020 imitando
1170 3962 1446 4029 fecerunt,
1481 3972 1692 4033 propter
1737 3962 1892 4034 primi

309 4060 604 4131 peccatoris
630 4058 930 4129 exemplum
955 4075 970 4123 ;
1014 4056 1110 4113 sed
1140 4072 1260 4126 qua:
1294 4054 1564 4111 nascendo
1592 4062 1889 4119 traxerunt,

309 4166 524 4223 pmpter
565 4151 786 4222 originis
818 4150 1022 4204 vitiant.
1074 4149 1140 4204 Et
1184 4148 1395 4220 quando
1437 4146 1724 4203 audiebant
1761 4162 1893 4201 ana-

311 4246 738 4301 thematizantem
766 4256 861 4298 eos
900 4242 989 4313 qui
1016 4240 1231 4303 dicunt,
1263 4238 1490 4295 infantes
1531 4240 1618 4310 qui
1661 4254 1891 4293 nascun-

312 4349 408 4402 tur,
443 4339 496 4393 in
539 4352 605 4391 eo
635 4344 773 4390 statu
803 4348 920 4389 esse
940 4374 956 4401 ,
989 4320 1040 4386 iii
1071 4348 1178 4403 quo
1207 4332 1374 4387 Adam
1407 4331 1504 4385 fuit
1531 4338 1654 4385 ante
1684 4343 1890 4400 prazva-

309 4429 656 4489 ricationem;
691 4444 710 4478 ι
745 4425 878 4479 nihil
905 4440 1027 4479 cum
1057 4422 1202 4477 aliud
1231 4421 1409 4477 dicere
1437 4421 1756 4486 credebant,
1790 4419 1891 4476 nisi

310 4538 400 4577 eos
441 4521 533 4591 qui
581 4520 827 4589 parvulos
876 4527 1061 4586 putant
1107 4515 1309 4569 nullum
1356 4528 1421 4568 ex
1457 4512 1621 4569 Adam
1671 4513 1893 4568 traxisse

306 4623 602 4685 peccttnm,
650 4618 704 4665 et
748 4606 1040 4664 secundum
1087 4605 1191 4661 hoc
1239 4606 1290 4660 in
1338 4619 1404 4660 eo
1455 4613 1599 4659 statu
1648 4618 1789 4670 esse,
1838 4605 1891 4660 in

310 4720 411 4770 quo
447 4703 539 4755 fuit
572 4701 659 4754 ille
696 4710 821 4754 ante
850 4708 1144 4768 peccatum.
1193 4696 1401 4750 Etenim
1432 4695 1534 4751 hoc
1574 4696 1649 4751 illi
1686 4695 1889 4766 oltjice-

313 4804 453 4849 retur
476 4794 516 4855 ι,
548 4808 654 4846 non
684 4790 854 4853 aliud,
892 4789 1028 4843 unde
1056 4788 1280 4860 qua'stio
1305 4789 1632 4847 versabatnl.
1663 4787 1893 4845 Proinde

309 4901 426 4939 rum
461 4885 562 4939 hoc
589 4884 687 4938 iste
715 4883 792 4937 sic
820 4882 1059 4949 exponit,
1092 4890 1149 4933 ut
1189 4878 1349 4944 diem,
1380 4878 1605 4934 infantes
1635 4879 1757 4935 ideo
1786 4895 1891 4936 non

310 4977 362 5030 in
408 4992 474 5032 eo
515 4982 653 5028 statu
695 4987 853 5035 csse,
884 4973 937 5027 in
966 4985 1071 5039 quo
1097 4968 1265 5024 Adam
1308 4966 1405 5023 fuit
1441 4980 1566 5025 ante
1596 4981 1890 5039 peccatum,

306 5070 426 5139 quia
476 5064 711 5120 nondum
761 5070 888 5115 sunt
937 5061 987 5115 in
1033 5060 1219 5115 eadem
1269 5058 1518 5114 firmitate
1563 5055 1757 5114 mentis
1800 5070 1894 5116 aut

238 5144 257 5157 ’
307 5158 574 5231 corporis,
607 5172 712 5211 non
739 5152 879 5226 quod
911 5153 962 5207 in
991 5167 1086 5207 eos
1127 5149 1398 5206 transierit
1436 5152 1539 5204 ulla
1581 5150 1735 5221 culpa
1767 5166 1894 5223 pro-

309 5251 536 5321 paginis,
558 5245 945 5318 respondeatur
968 5242 1018 5299 ci
1044 5260 1057 5296 :
1081 5241 1305 5311 Quando
1330 5241 1421 5295 tibi
1450 5241 1534 5296 illa
1562 5240 1893 5296 damnatth

305 5342 698 5413 olajieiebantur
718 5380 731 5402 ,
761 5352 868 5392 non
895 5352 957 5391 ea
987 5335 1232 5392 catholici
1262 5333 1495 5404 episcopi
1523 5334 1602 5389 sic
1626 5333 1892 5405 intellige-

305 5435 472 5493 bant:
525 5434 647 5487 ideo
690 5447 811 5485 cum
854 5428 939 5484 illa
988 5427 1283 5481 damnares
1313 5425 1633 5481 catholicum
1681 5434 1733 5479 te
1775 5439 1895 5480 esse

305 5526 614 5582 credelmnt.
650 5522 935 5591 Propterea
966 5533 1117 5588 ergo,
1147 5516 1285 5587 quod
1316 5516 1466 5573 te'iili
1499 5531 1686 5586 sapere
1714 5516 1895 5571 existi—

303 5618 546 5678 mabant,
588 5610 968 5668 absolvendum
1015 5609 1157 5663 fuit:
1199 5607 1337 5679 quod
1371 5620 1496 5661 vero
1540 5618 1594 5662 tu
1629 5606 1891 5678 sapiebas,

371 5744 391 5775 ι
419 5749 671 5790 vattcautts
691 5736 868 5795 codex,
892 5735 981 5785 hoc
1004 5732 1073 5786 ibi
1089 5731 1419 5796 objict'batur.

531 5808 658 5859 ω,
695 5792 938 5848 dcuit-leta.
977 5803 1094 5846 Item
1128 5792 1268 5859 farti.)
1294 5802 1414 5857 μηδι,
1448 5792 1532 5858 φά
1565 5795 1790 5845 dmum“
1830 5799 1897 5846 ω-

371 5874 436 5912 se:
461 5901 474 5912 .

305 5874 474 5914 musti.

532 5943 611 5999 ΓΑ
631 5956 801 6001 tunc.
841 5944 889 6002 Χ
908 5943 1059 6009 LXV.

1393 372 1597 439 LIBER
1637 379 1724 437 DE
1763 372 2072 439 PECCATO
2109 373 2481 439 ORIGINALI.

3474 386 3582 445 194

2003 494 2358 552 damnandum
2412 480 2523 551 fuit.
2579 496 2692 551 Non
2736 512 2862 567 ergo
2924 504 2979 554 tu
3030 497 3303 556 absolutus
3349 515 3441 567 es,
3489 500 3584 573 qd
3625 474 3645 565 ίέ

2001 586 2298 642 damnanda
2343 587 2599 642 tenuisti:
2632 586 2724 644 sed
2771 589 2897 643 illud
2943 589 3241 644 absolutum
3288 599 3390 655 est,
3436 590 3583 660 quod

2002 686 2186 732 tenere
2230 676 2477 733 debuisti.
2537 675 2822 734 Utiautem
2875 686 2928 732 tu
2976 677 3252 735 absolutus
3296 681 3580 750 putareris,

1999 769 2238 825 creditus
2277 783 2337 824 es
2378 770 2577 825 sentire
2624 769 2905 836 laudanda,
2956 784 3076 826 cum
3129 780 3181 826 te
3222 770 3429 842 judices
3473 786 3582 826 non

1999 857 2358 929 intelligerent
2418 859 2687 915 occultare
2744 858 3062 915 damnanda.
3124 859 3289 916 Recte
3344 859 3584 917 lecstii

1999 950 2175 1004 socius
2196 949 2462 1019 judicatus
2501 965 2580 1015 es,
2621 949 2772 1019 cujus
2817 949 3127 1005 manifestas
3165 959 3218 1005 te
3254 965 3375 1007 esse
3412 950 3582 1021 parti-

1998 1038 2191 1108 cipem.
2220 1038 2290 1093 Et
2316 1039 2360 1093 si
2389 1041 2440 1093 in
2462 1039 2665 1109 judicio
2690 1047 2808 1095 tuos
2835 1039 3156 1111 cooperuisti
3183 1039 3366 1109 libros,
3400 1050 3581 1097 tamen

1996 1138 2118 1199 post
2142 1128 2397 1198 judicium
2425 1145 2520 1186 eos
2545 1130 2781 1187 edidisti.

2068 1217 2294 1276 CAPUT
2335 1219 2495 1276 XVII.
2525 1251 2592 1261 —
2623 1220 2706 1276 I8.
2742 1220 2873 1288 Qua:
2913 1235 3035 1276 cum
3077 1221 3149 1276 ita
3178 1220 3307 1289 sint,
3343 1221 3581 1292 profecto

1997 1311 2226 1379 sentitis,
2259 1311 2309 1366 in
2341 1320 2446 1366 tam
2483 1310 2698 1368 nefandi
2727 1311 2927 1367 erroris
2955 1320 3220 1379 auctores,
3261 1311 3581 1382 episcopalis

1995 1402 2221 1457 concilia
2241 1443 2257 1469 ,
2294 1411 2349 1456 et
2375 1402 2733 1472 Apostolicam
2773 1401 2965 1458 Sedem
2987 1440 3002 1469 ,
3042 1402 3448 1472 universumque
3478 1401 3585 1456 lio.

1997 1510 2206 1550 manam
2253 1494 2580 1561 Ecclesium,
2627 1495 3032 1564 Romanumque
3082 1494 3397 1565 imperium,
3437 1494 3582 1566 quod

1998 1585 2108 1640 Deo
2134 1586 2360 1655 propitio
2385 1585 2734 1641 christianum
2759 1595 2870 1654 est,
2899 1586 3192 1641 rectissime
3229 1586 3394 1642 fuisse
3428 1600 3582 1641 com.

1996 1687 2198 1731 motum
2229 1676 2332 1751 (α)
2360 1717 2376 1745 ,
2422 1676 2594 1733 donec
2640 1676 2956 1748 resipiscant
3002 1677 3068 1733 de
3114 1677 3310 1733 diaboli
3354 1676 3581 1748 laqueis.

1996 1770 2125 1838 Quis
2153 1771 2295 1824 enim
2341 1771 2463 1836 scit,
2509 1785 2577 1826 ne
2618 1768 2756 1825 forte
2795 1768 2888 1825 det
2918 1770 3021 1825 illis
3052 1768 3192 1825 Deus
3215 1770 3584 1841 penitentiam

1995 1862 2063 1918 ad
2100 1861 2547 1934 cognoscendam,
2588 1871 2642 1917 et
2678 1861 3058 1929 conﬁtendam,
3099 1871 3154 1918 et
3194 1862 3584 1933 praedicandam

1994 1953 2157 2008 etiam
2193 1953 2503 2020 veritatem,
2536 1952 2998 2024 damnandamque
3022 1952 3284 2009 veraciter
3308 1952 3587 2009 damnabi-

1994 2044 2099 2100 lem
2141 2042 2462 2099 falsitatem?
2502 2043 2728 2115 Quoquo
2768 2043 2928 2099 modo
2964 2052 3142 2100 autem
3173 2058 3234 2100 se
3272 2043 3470 2101 habere
3497 2044 3585 2101 isti

1995 2133 2195 2201 velint,
2223 2133 2407 2189 multis
2428 2142 2624 2189 tamen
2663 2133 3028 2190 misericordia
3059 2135 3266 2191 Domini
3292 2150 3413 2192 esse
3449 2150 3586 2193 con-

1994 2224 2215 2291 sultum,
2242 2226 2331 2296 qui
2354 2240 2446 2281 eos
2470 2232 2752 2296 propterea
2781 2226 3141 2292 sectabantur,
3162 2227 3285 2297 quia
3307 2227 3586 2283 catholicas

1994 2317 2357 2374 communioni
2374 2317 2623 2374 videbant
2646 2332 2767 2374 esse
2785 2318 3037 2388 sociatos,
3058 2318 3303 2376 dubitare
3326 2334 3431 2375 non
3456 2334 3578 2392 pos-

1995 2424 2199 2465 sumus.

2068 2499 2157 2556 l9.
2197 2499 2477 2569 Quomodo
2504 2509 2681 2558 autem
2721 2500 2965 2574 Pelagius
2998 2502 3260 2573 obrepere
3303 2504 3588 2560 tentaverit

1997 2588 2064 2644 ad
2086 2589 2374 2646 fallendum
2400 2591 2563 2647 etiam
2589 2591 2911 2662 Apostolica:
2935 2590 3094 2648 Sedis
3119 2592 3424 2664 episcopale
3442 2593 3588 2665 judi—

1997 2678 2137 2736 cium
2174 2680 2227 2734 in
2264 2679 2362 2734 hac
2400 2680 2511 2752 ipsa
2549 2681 2844 2751 quaastione
2876 2679 2946 2737 de
2979 2680 3309 2753 Baptismate
3345 2685 3592 2753 parvulo-

1999 2785 2141 2838 rum,
2166 2770 2457 2841 diligenter’
2494 2769 2769 2827 attendite.
2815 2770 2871 2827 In
2909 2771 3101 2828 litteris
3143 2774 3286 2829 enim
3320 2789 3453 2844 quas
3478 2774 3589 2831 Ro-

1999 2874 2139 2914 mam
2179 2859 2324 2913 misit
2362 2859 2429 2914 ad
2457 2859 2624 2915 beata:
2663 2861 2938 2916 memoria:
2970 2876 3159 2932 papam
3196 2860 3588 2929 Innocentium,

1999 2952 2250 3024 quoniam
2292 2952 2345 3007 in
2389 2966 2613 3023 corpore
2646 2969 2767 3008 eum
2809 2969 2916 3009 non
2954 2954 3290 3021 invenerunt,
3319 2965 3373 3011 et
3403 2967 3591 3014 sancto

2001 3060 2149 3115 papa:
2175 3044 2393 3101 Zosimo
2418 3044 2552 3100 data:
2596 3054 2751 3113 sunt,
2782 3054 2940 3118 atque
2967 3046 3031 3102 ad
3078 3064 3175 3103 nos
3205 3049 3328 3104 inde
3350 3048 3589 3118 dirccta-,

1998 3140 2129 3197 dicit
2149 3158 2168 3192 ι
2202 3155 2262 3196 sc
2284 3141 2353 3196 ab
2379 3139 2685 3196 hominibus
2710 3140 2976 3208 infamari,
3005 3141 3145 3212 quod
3174 3153 3330 3214 neget.
3356 3137 3592 3215 parvulis

1998 3234 2255 3305 Baptismi
2285 3244 2703 3302 sacramentum,
2731 3243 2785 3290 et
2813 3235 3016 3306 absque
3044 3236 3414 3307 redemptione
3437 3239 3591 3294 Chri-

1998 3325 2065 3380 sti
2103 3326 2370 3396 aliquibus
2409 3326 2666 3380 cmlorum
2718 3341 2876 3397 regna
2924 3328 3219 3398 promittat.
3266 3348 3285 3382 ι
3334 3328 3442 3386 Sed
3481 3347 3589 3387 non

1999 3415 2077 3471 sic
2119 3416 2223 3471 illis
2259 3417 2373 3470 hare
2411 3416 2752 3486 objiciuntur,
2778 3427 2834 3472 ut
2871 3420 3067 3489 posuit.
3108 3418 3241 3475 Nam
3266 3437 3438 3493 neque
3472 3437 3594 3493 par.

2000 3506 2138 3562 vulis
2194 3521 2391 3579 negant
2444 3506 2699 3578 Baptismi
2757 3518 3192 3579 sacramentum,
3237 3526 3338 3568 nec
3390 3513 3593 3585 absque

1999 3596 2366 3668 redemptione
2411 3598 2605 3654 Christi
2648 3598 2915 3670 aliquibus
2952 3601 3211 3657 caelorum
3254 3616 3417 3675 regna
3461 3618 3591 3675 pro-

1999 3688 2234 3744 mittunt.
2265 3687 2445 3759 Itaque
2474 3688 2614 3745 unde
2653 3704 2713 3745 se
2753 3690 2995 3771 queritur
3033 3691 3297 3760 infamari,
3327 3710 3395 3751 eo
3423 3697 3586 3750 modo

1998 3780 2299 3851 proposuit,
2328 3791 2383 3835 ut
2412 3780 2568 3838 facile
2595 3790 2777 3852 posset
2810 3783 3019 3840 crimini
3045 3785 3291 3856 objecto,
3316 3788 3465 3845 salvo
3489 3804 3588 3844 suo

1997 3871 2267 3943 dogmate,
2296 3872 2643 3942 respondere.

2068 3963 2295 4021 CAPUT
2333 3964 2521 4021 XVIII.
2544 3995 2620 4009 -
2645 3965 2905 4038 Objicitur
2927 3978 3106 4026 autem
3138 3970 3242 4027 illis
3261 4012 3277 4040 ,
3306 3973 3447 4043 quod
3478 3989 3586 4029 non

1997 4055 2296 4126 baptizatos
2323 4057 2572 4127 parvulos
2602 4059 2790 4113 nolunt
2816 4058 3143 4116 damnationi
3173 4063 3328 4132 primi
3356 4063 3588 4122 hominis

1997 4149 2260 4204 obnoxios
2292 4148 2558 4214 conliteri,
2585 4158 2640 4205 et
2674 4150 2724 4204 in
2761 4164 2857 4205 eos
2882 4152 3139 4208 transisse
3163 4156 3422 4226 originale
3458 4172 3583 4228 pec-

1997 4249 2172 4294 catum
2213 4239 2613 4308 regeneratione
2657 4240 3026 4310 purgandum;
3071 4246 3320 4315 quoniam
3365 4262 3584 4318 propter

1998 4330 2363 4402 accipiendum
2389 4346 2611 4402 regnum
2633 4321 2888 4391 ctelorum
2916 4338 3281 4394 tantummodo
3300 4354 3394 4395 eos
3417 4340 3588 4410 bapti-

1998 4423 2198 4478 zandus
2227 4438 2347 4479 esse
2370 4423 2701 4480 contendunt
2730 4442 2744 4479 :
2770 4426 2922 4494 quasi
2952 4436 3146 4496 praeter
3172 4444 3392 4499 regnum
3418 4433 3587 4487 emto-

1998 4529 2115 4570 rum
2159 4513 2357 4570 habere
2392 4515 2492 4569 nisi
2530 4524 2784 4570 aeternum
2825 4526 3050 4573 mortem
3078 4521 3316 4589 possint,
3345 4523 3435 4594 qui
3468 4523 3590 4580 sine

1999 4613 2402 4684 participatione
2440 4613 2684 4683 corporis
2709 4623 2761 4669 et
2786 4615 3059 4684 sanguinis
3088 4615 3295 4673 Domini
3329 4628 3587 4675 a'teruatn

1999 4705 2159 4758 vitam
2189 4703 2386 4759 habere
2412 4720 2515 4758 non
2546 4713 2787 4774 possunt.
2817 4702 2956 4760 Ecce
2978 4704 3121 4774 quod
3145 4707 3224 4762 eis
3247 4706 3494 4775 objicitur
3516 4706 3586 4764 de

1999 4790 2272 4865 Baptismo
2313 4796 2651 4866 parvulorum
2682 4814 2696 4852 :
2724 4811 2832 4853 non
2857 4796 2996 4867 quod
3028 4798 3142 4868 ipse
3179 4798 3250 4854 ita
3289 4799 3585 4870 proposuit,

1998 4896 2055 4944 ut
2098 4886 2264 4959 possit
2305 4902 2416 4942 suae
2455 4886 2827 4956 propositioni,
2872 4888 3026 4960 quasi
3063 4887 3399 4945 adversantis
3438 4890 3591 4960 obje-

1997 4981 2161 5037 ctioni
2179 5021 2195 5048 ,
2219 4979 2512 5035 secundum
2539 4993 2633 5035 sua
2660 4978 2904 5051 dogmata
2930 4979 3273 5050 respondere.

2068 5069 2159 5127 9.0.
2206 5070 2442 5143 Denique
2470 5069 2741 5140 quomodo
2766 5070 3084 5139 respondeat
3108 5070 3389 5133 advertite.
3416 5083 3470 5126 et
3498 5073 3588 5127 vl-

1997 5161 2123 5218 dete
2150 5161 2382 5217 latebras
2409 5159 2770 5232 ambiguitatis
2794 5158 3003 5214 falsitati
3036 5173 3339 5230 praeparare
3359 5160 3585 5234 refugis,
3654 5170 3657 5175 '

1998 5252 2320 5309 olfnndendo
2355 5250 2636 5322 caliginem
2675 5250 2919 5314 veritati;
2952 5248 3021 5304 ita
3052 5260 3111 5305 ut
3148 5252 3306 5307 etiam
3340 5269 3438 5308 nos
3461 5270 3585 5311 cum

2001 5344 2228 5415 primum
2269 5358 2333 5400 ea
2372 5343 2626 5414 legimus,
2651 5351 2796 5397 recta
2823 5342 2903 5396 vel
2932 5351 3171 5400 correcta
3202 5347 3585 5414 propemmtum
3644 5327 3652 5340 ’

1999 5434 2368 5507 gauderemus.
2401 5433 2506 5489 Sed
2535 5432 2753 5488 latiores
2779 5431 3167 5503 disputationes
3195 5433 3314 5506 ejus
3337 5434 3390 5492 in
3416 5437 3585 5502 libris,

2062 5544 2143 5621 is),
2169 5543 3033 5621 wiﬂitiﬁle‘fiatttsuainlzsar-
3048 5543 3145 5621 ,εἶς
3171 5551 3268 5621 εει
3289 5548 3496 5621 Natale
3523 5552 3590 5621 de

2006 5624 2029 5653 ι
2053 5604 2149 5658 ΙίΙῶ
2418 5607 2501 5683 Dei
2525 5604 3024 5683 catholioeprolatum
3041 5607 3275 5683 judicium
3306 5612 3512 5683 audiens
3535 5604 3588 5662 et

2054 5670 2458 5735 sequens_etiam
2493 5667 2736 5735 [assultus
2767 5667 3330 5735 iiuperatorfttonorats,
3366 5675 3469 5723 suis
3505 5684 3589 5725 eu

2010 5686 2031 5715 ι
2054 5686 2458 5742 ξαιψειιδὶυιιειω
2767 5686 2864 5742 nup

2008 5747 2033 5777 ι
2055 5728 2671 5800 legibusdamnatosjntcr
2695 5728 2953 5800 ligreﬁws
2980 5733 3153 5800 haberi
3183 5728 3376 5786 dobere
3411 5736 3589 5800 ωειδιρ-

2006 5789 2543 5904 ;[t‘ugtgﬂiictitgtsttmortl
2568 5789 2710 5855 leges
2748 5792 2903 5843 babes
2940 5793 3089 5853 intra,
3112 5795 3161 5845 ia
3201 5802 3345 5858 [arte
3376 5794 3587 5857 minds

3032 5932 3339 6017 (7rd.va
