4034 6182
423 313 535 371 395

427 425 519 494 tibi
547 441 606 481 se
628 422 1010 496 quantouibel
1038 421 1260 492 operiat,
1291 420 1603 492 plerumque
1627 419 1837 490 aperire
1861 433 2013 474 com-

423 519 660 590 pellitur,
691 517 928 582 fecerunt
951 515 1104 571 nobis
1128 521 1184 570 et
1203 513 1304 569 ista
1340 519 1585 582 suspecta
1609 553 1625 581 ,
1668 519 1728 568 ut
1761 512 2018 571 attentius

427 611 698 665 intuentes
740 605 1097 663 inveniremus
1124 603 1390 675 ambigua.
1421 601 1556 659 Cum
1584 601 1727 659 enim
1753 601 2014 672 dixisset,

431 721 450 752 ι
491 714 758 770 nunquam
785 713 844 754 se
881 697 966 752 vel
994 696 1211 766 impium
1241 695 1470 766 aliquem
1497 693 1805 749 haereticum
1830 693 2015 750 audis-

423 810 505 860 se,
537 792 626 865 qui
655 790 760 846 hoc
787 810 807 844 ι
835 787 976 861 quod
1004 787 1279 860 proposuit
1310 805 1330 840 ι
1357 784 1425 842 de
1453 785 1690 856 parvulis
1715 785 1960 849 diceret;
1987 803 2008 839 ι

424 883 618 940 deinde
645 881 872 952 subjecit
897 891 1056 952 atque
1079 879 1189 934 ait:
1223 897 1244 932 ι
1276 878 1406 947 Quis
1433 877 1575 934 enim
1603 877 1674 932 ita
1698 875 2016 948 evangelica

427 974 670 1031 lectionis
689 973 904 1045 ignarus
929 979 1035 1039 est,
1061 970 1150 1042 qui
1172 968 1276 1024 hoc
1307 983 1412 1024 nou
1439 967 1597 1024 modo
1619 966 1892 1024 afﬁrmare
1920 982 2014 1023 co-

427 1076 584 1122 netur
605 1105 622 1133 ,
647 1063 745 1120 sed
788 1063 878 1134 qui
915 1061 998 1119 vel
1029 1061 1216 1116 leviter
1257 1061 1468 1128 dicere,
1499 1068 1592 1116 aut
1631 1058 1791 1116 etiam
1817 1058 2018 1114 sentire

427 1155 633 1226 possit?
661 1153 858 1212 Deinde
887 1153 1004 1226 quis
1035 1162 1138 1207 tam
1170 1152 1395 1222 impius,
1426 1151 1516 1222 qui
1561 1151 1808 1222 parvulos
1833 1163 2016 1206 exsor-

432 1260 516 1304 tes
542 1248 688 1320 regni
718 1245 977 1302 caelorum
1003 1259 1124 1300 esse
1150 1243 1305 1310 velit,
1345 1242 1474 1298 dum
1493 1256 1587 1298 eos
1604 1240 1860 1313 baptizari
1883 1249 1936 1298 et
1962 1241 2015 1296 in

429 1335 642 1394 Christo
671 1337 874 1392 renasci
909 1337 1106 1392 vetat‘.
1145 1355 1164 1390 ι

499 1427 726 1486 CAPUT
764 1427 906 1483 XIX.
945 1457 1018 1470 --
1049 1427 1136 1482 Si.
1179 1425 1396 1481 Frustra
1425 1425 1521 1480 ista
1553 1422 1626 1480 dit
1643 1421 1681 1480 it
1715 1441 1729 1477 :
1758 1437 1864 1478 non
1895 1422 2020 1479 inde

431 1534 492 1575 se
520 1529 724 1590 purgat.
757 1516 812 1572 lu
839 1532 1062 1588 regnum
1087 1515 1343 1572 caelorum
1383 1515 1499 1570 sine
1523 1514 1797 1584 Baptismo
1827 1529 2018 1584 parvu-

429 1611 513 1669 los
535 1612 734 1668 intrare
760 1625 864 1665 non
893 1624 1080 1682 posse,
1114 1625 1212 1664 nec
1237 1609 1335 1679 ipsi
1358 1607 1642 1679 aliquando
1672 1617 2015 1679 negaverunt.

429 1700 538 1761 Sed
575 1719 681 1758 non
724 1701 848 1758 inde
885 1701 1110 1772 quaestio
1152 1709 1234 1755 est
1261 1717 1276 1756 :
1306 1699 1372 1755 de
1413 1699 1722 1770 purgatione
1747 1699 2017 1770 originalis

433 1794 636 1864 peccati
677 1793 732 1848 in
771 1792 1005 1865 parvulis
1031 1791 1256 1864 qumstio
1283 1797 1384 1846 est.
1429 1791 1558 1847 lude
1587 1805 1647 1847 se
1687 1800 1894 1862 purget,
1926 1791 2017 1862 qui

433 1899 541 1942 non
571 1886 681 1941 vult
711 1883 898 1952 fateri,
939 1883 1208 1940 lavacrum
1246 1881 1664 1952 regenerationis
1705 1881 1759 1936 iu
1787 1881 2018 1952 parvulis

437 1978 637 2036 habere
661 1977 802 2050 quod
837 1984 1045 2049 purget.
1075 1975 1146 2034 Et
1169 1975 1287 2032 ideo
1315 1983 1506 2032 caetera
1531 1991 1651 2047 qua:
1675 1974 1913 2031 dicturus
1937 1983 2020 2032 est

433 2069 789 2126 attendamus.
816 2069 945 2124 Post
970 2067 1339 2138 interpositum
1367 2067 1512 2123 enim
1536 2081 1606 2122 ex
1635 2067 1921 2138 Evangelia
1941 2077 2020 2122 te-

436 2162 766 2229 stimonium,
789 2161 933 2234 quod
961 2162 1060 2218 nisi
1082 2168 1296 2218 renatus
1319 2175 1386 2217 ex
1406 2175 1542 2233 aqua
1561 2169 1616 2216 et
1639 2160 1842 2230 Spiritu
1861 2162 1904 2226 ⁸,
1937 2175 2021 2214 re-

435 2267 598 2323 gnum
637 2253 894 2310 calorum
935 2251 1114 2309 nullus
1143 2259 1314 2324 possit
1353 2253 1554 2308 intrare
1578 2250 1770 2326 (Joan.
1800 2267 1875 2314 tn,
1907 2248 1976 2326 5)
1998 2293 2014 2318 ,

440 2344 580 2402 unde
617 2344 740 2409 illis,
772 2351 830 2398 ut
853 2343 1104 2409 diximus,
1140 2343 1285 2422 nulla
1312 2342 1370 2398 ﬁt
1395 2344 1652 2414 quaestio;
1684 2351 1902 2398 secutus
1925 2341 2022 2397 ad-

435 2435 630 2506 juuxit,
652 2435 836 2491 dicens
862 2452 878 2489 :
913 2454 932 2488 t
959 2435 1206 2513 Quisille
1233 2444 1340 2490 tam
1367 2435 1562 2504 impius
1588 2443 1690 2501 est,
1721 2435 1810 2506 qui
1837 2434 2020 2504 cujus-

442 2530 574 2586 libet
592 2528 766 2584 anatis
785 2527 1002 2598 parvulo
1026 2525 1306 2582 iuterdicat
1330 2541 1667 2582 communem
1696 2525 1908 2581 humani
1930 2542 2022 2598 ge-

441 2621 584 2676 neris
609 2619 1068 2689 redemptionem?
1099 2637 1120 2672 s
1165 2619 1230 2674 Et
1269 2617 1372 2674 hoc
1412 2617 1714 2688 ambiguum
1745 2627 1859 2684 est,
1884 2633 2020 2689 qua-

441 2713 545 2767 lem
571 2710 710 2767 dicat
729 2707 1149 2779 redemptionem
1173 2725 1188 2762 :
1217 2716 1391 2762 utrum
1429 2723 1496 2764 ex
1525 2706 1664 2762 male
1685 2707 1752 2763 ad
1782 2707 1977 2762 bonum
2003 2747 2019 2774 ,

435 2786 507 2858 an
527 2817 594 2857 ex
617 2801 758 2856 bono
783 2799 850 2854 ad
875 2799 1082 2855 melius.
1103 2797 1236 2854 Nam
1264 2805 1318 2852 et
1335 2794 1618 2853 Calestiits
1642 2797 1778 2865 apud
1800 2795 2022 2852 Cartha-

435 2894 612 2966 ginem
642 2893 695 2948 in
723 2891 900 2948 libello
919 2905 1018 2946 suo
1045 2891 1324 2946 confessus
1345 2898 1426 2944 est
1448 2887 1871 2959 redemptionem
1903 2903 2022 2960 par-

436 2986 717 3050 vulorum,
747 2992 803 3038 et
845 2991 1022 3038 tamen
1063 2981 1232 3037 noluit
1257 2979 1500 3037 conﬁteri
1528 2996 1596 3036 ex
1635 2979 1804 3035 Adam
1833 2980 1886 3036 in
1927 2993 2027 3035 eos

437 3076 690 3131 transisse
718 3081 1016 3144 peccatum.

508 3163 733 3222 CAPUT
770 3163 889 3218 XX.
921 3193 995 3206 --
1025 3161 1117 3217 22.
1147 3161 1252 3218 Sed
1282 3161 1407 3233 quid
1441 3161 1636 3218 deinde
1663 3162 1764 3219 iste
1799 3161 2023 3234 subjun-

435 3266 548 3329 καὶ,
569 3255 828 3311 advertite
859 3271 876 3310 :
909 3271 929 3306 ι
958 3255 1024 3309 lit
1047 3253 1101 3308 in
1120 3266 1454 3324 perpetuam,
1483 3273 1504 3308 ι
1534 3255 1720 3326 inquit,
1751 3273 1770 3308 t
1797 3265 2026 3310 certam-

436 3367 540 3422 que
579 3353 738 3407 vitam
765 3351 973 3408 renasci
998 3359 1142 3407 vetet
1171 3367 1294 3408 eum
1339 3351 1427 3422 qui
1468 3360 1624 3407 natus
1649 3352 1720 3407 sit
1747 3351 1813 3407 ad
1845 3351 2025 3408 incer-

440 3443 587 3502 tam?
613 3461 634 3498 ι
669 3443 722 3499 id
749 3450 852 3510 est,
882 3445 1014 3512 Quis
1051 3451 1156 3499 tam
1184 3443 1380 3515 impius
1404 3452 1520 3511 est,
1561 3453 1618 3500 ut
1645 3453 1786 3500 vetet
1817 3445 2024 3500 renasci

437 3536 502 3590 ad
532 3545 842 3606 perpetuam
868 3546 1177 3616 certamque
1215 3537 1377 3592 vitam
1405 3552 1529 3593 eum
1557 3536 1646 3608 qui
1685 3547 1838 3593 natus
1862 3537 1930 3592 sit
1957 3537 2026 3592 ad

439 3628 736 3686 incertam?
776 3629 906 3686 "rec
927 3629 1087 3685 verba
1114 3629 1326 3700 quando
1354 3629 1597 3699 primitus
1624 3629 1865 3698 legimus,
1903 3633 2026 3684 erc-

437 3728 668 3782 diditnus
711 3742 834 3782 cum
881 3729 1136 3782 incertam
1178 3726 1339 3781 vitam
1387 3727 1539 3779 istam
1581 3723 1810 3780 voluisse
1847 3723 2028 3778 dicere

441 3818 785 3888 temporalem
839 3835 853 3872 :
909 3818 1152 3889 quamvis
1188 3817 1342 3872 nobis
1385 3815 1656 3870 videretur
1701 3816 1868 3886 magis
1907 3832 2026 3869 eam

439 3910 720 3966 mortalem
761 3909 942 3966 dicere
975 3907 1245 3976 debuisse,
1275 3922 1432 3978 quam
1473 3907 1728 3962 incertam
1753 3948 1766 3971 ,
1793 3921 1858 3962 eo
1887 3905 2029 3977 quod

439 4009 586 4057 certa
629 4010 804 4056 morte
841 3999 1074 4055 ﬁniatur.
1113 3999 1313 4055 Tamen
1343 3997 1594 4069 quamdiu
1628 3997 1860 4067 ducitur,
1890 4013 2028 4069 quo-

441 4093 582 4149 niam
609 4093 894 4150 momentis
915 4092 1167 4149 omnibus
1202 4107 1326 4149 esse
1355 4108 1460 4147 non
1488 4090 1760 4147 dubitatur
1785 4091 1986 4147 incerta
2010 4106 2025 4158 ;

443 4170 593 4241 nihil
621 4183 764 4240 aliud
801 4200 924 4242 eum
965 4185 1302 4255 putavimus,
1347 4199 1506 4254 quam
1548 4183 1704 4238 istam
1747 4183 2028 4240 mortalem

442 4277 604 4332 vitam
625 4276 876 4332 maluisse
899 4275 1080 4332 dicere
1110 4276 1385 4331 incertam.
1416 4275 1493 4329 Ac
1514 4289 1610 4345 per
1637 4273 1758 4340 hoc,
1791 4274 2030 4345 quamvis

443 4375 698 4423 mternam
727 4375 954 4422 mortem
983 4367 1321 4436 parvulorum
1349 4365 1466 4420 sine
1487 4351 1828 4436 Baptismatis
1853 4379 2032 4420 sacra-

447 4467 630 4512 mento
661 4471 732 4512 ex
759 4457 859 4512 hac
884 4455 990 4511 vita
1014 4456 1354 4526 migrantium
1383 4463 1570 4526 aperte
1608 4455 1837 4510 noluerit
1859 4455 2032 4510 eonﬁ-

447 4545 584 4612 teri;
609 4554 785 4602 tamen
801 4544 868 4600 de
893 4544 985 4600 illo
1009 4543 1422 4600 sollicitudinem
1444 4553 1682 4599 nostram
1706 4544 1856 4614 quasi
1882 4555 2030 4599 certa

448 4637 784 4695 ratiocinatio
805 4634 1100 4691 solabatur.
1135 4633 1454 4691 Dicebamus
1478 4634 1664 4690 enim:
1692 4633 1748 4691 Si
1777 4643 2031 4705 perpetua

447 4730 576 4795 vita,
603 4730 744 4787 sicut
767 4727 1010 4785 conﬁteri
1038 4727 1266 4793 videtur,
1295 4727 1396 4782 nisi
1435 4742 1620 4784 eorum
1654 4727 1746 4799 qui
1783 4729 2034 4798 baptizati

449 4831 574 4885 sunt
597 4838 703 4878 non
735 4829 912 4892 potest
947 4835 1104 4883 esse;
1132 4817 1372 4890 profecto
1401 4833 1496 4874 eos
1523 4819 1612 4890 qui
1653 4835 1756 4875 non
1787 4819 2036 4890 baptizati

446 4913 768 4978 moriuntur,
809 4925 958 4968 mors
1001 4919 1260 4982 perpetua
1300 4917 1678 4981 consequetur.
1707 4908 1860 4978 Quod
1889 4911 2037 4967 nulla

442 5005 644 5076 justitia
673 5011 850 5076 potest
869 5001 1115 5059 accidere
1143 5001 1253 5064 his.
1289 5015 1322 5056 tt
1347 5000 1538 5072 quibus
1567 5002 1618 5056 in
1643 5000 1743 5056 bac
1761 5002 1867 5057 vita
1891 5002 2036 5057 nulla

451 5107 666 5167 peccata
693 5094 980 5152 commissa
1008 5101 1160 5160 sunt,
1183 5093 1284 5148 nisi
1311 5092 1576 5164 originale
1601 5102 1894 5163 peccatum.

519 5185 746 5244 CAPUT
794 5183 934 5242 XXI.
979 5213 1054 5227 -—
1089 5183 1186 5240 23.
1221 5181 1332 5242 Sed
1373 5190 1560 5255 postea
1606 5197 1712 5238 non
1756 5183 2039 5241 defuerunt

453 5277 660 5346 (rati-es,
677 5280 766 5350 qui
789 5293 887 5334 nos
909 5277 1281 5344 admonerent,
1309 5275 1415 5332 hoc
1429 5275 1552 5332 ideo
1567 5275 1747 5334 dicere
1763 5276 2036 5348 Pelagium

453 5373 711 5442 punisse,
734 5370 860 5444 quia
885 5371 956 5429 de
981 5371 1082 5428 ista
1101 5369 1399 5442 quaestione
1417 5369 1491 5425 ita
1515 5367 1829 5440 perhibetur
1847 5370 2038 5426 solitus

453 5462 780 5534 respondere
803 5463 1186 5534 quaerentibus,
1209 5471 1270 5519 ut
1294 5461 1528 5528 diceret,
1563 5481 1588 5516 s
1611 5461 1740 5518 Sine
1764 5461 2040 5534 Baptismo

453 5556 654 5629 parvuli
685 5555 1000 5624 morientes,
1029 5571 1138 5628 quo
1161 5570 1274 5612 non
1297 5562 1446 5624 eum,
1471 5554 1622 5620 scio;
1648 5569 1753 5626 quo
1767 5565 1914 5626 eant,
1939 5568 2040 5610 ηο-

519 5688 538 5755 ξ
562 5685 703 5755 stiti.
725 5691 875 5748 m-
897 5685 1220 5755 mandantur
1242 5698 1306 5736 ex
1331 5691 1441 5755 uss.

521 5751 542 5780 ι
565 5749 704 5803 aliti.
724 5759 788 5797 ea:
811 5759 935 5812 aqua
957 5754 1002 5796 et
1025 5748 1204 5810 Spiritu
1223 5754 1403 5798 sancto.
1431 5748 1596 5806 Abest.
1619 5753 1800 5806 sancto.
1819 5760 1847 5798 tt
1863 5753 1972 5799 stas.

1663 307 1720 363 Β.
1764 303 2129 363 AL'GUSTINI
2178 305 2482 364 EPISCOPI‘

3573 310 3732 367 ’ωσ-

2125 417 2238 474 scio
2264 435 2279 474 :
2319 435 2338 471 ι
2374 417 2426 474 id
2456 426 2558 487 est,
2583 433 2688 475 non
2711 418 2790 476 ire
2816 420 2875 476 in
2900 434 3122 492 regnum
3147 419 3409 478 calorum
3437 421 3582 490 scio;
3605 437 3713 494 quo

2122 522 2250 564 vero
2273 517 2418 577 eant,
2446 508 2568 565 ideo
2584 524 2644 567 se
2665 511 2874 568 nescire
2891 511 3122 578 dicebat,
3150 520 3243 568 aut
3266 510 3396 568 dicit
3418 514 3459 579 ⁸,
3479 513 3605 585 quia
3627 513 3710 569 di.

2121 614 2247 657 cere
2272 615 2375 656 non
2401 601 2632 659 audebat
2656 602 2709 658 in
2731 614 2957 660 mortem
2977 595 3098 660 illos
3122 605 3203 660 ire
3220 613 3553 676 perpetuam,
3579 620 3712 677 quos

2122 701 2177 748 et
2205 691 2292 748 hic
2327 693 2457 748 nihil
2495 695 2620 750 mall
2657 694 2991 752 commisisse
3028 697 3326 765 sentiebat,
3362 705 3417 754 et
3455 699 3710 768 originale

2123 787 2347 838 traxisse
2367 795 2641 856 peccatum
2659 802 2764 843 non
2781 787 3166 845 cousentiebat.
3190 789 3374 860 itaque
3399 799 3455 846 et
3475 791 3574 846 ista
3597 790 3712 860 ejus

2123 875 2282 932 verba
2301 877 2524 932 Romam
2554 895 2651 949 pro
2676 895 2865 950 magna
2897 880 3012 952 ejus
3043 882 3354 954 purgatione
3373 883 3707 951 transmissa,

2121 975 2229 1022 tam
2255 975 2381 1023 sunt
2399 969 2666 1041 ambigua,
2683 979 2740 1026 ut
2767 971 2972 1041 possint
3000 986 3188 1027 eorum
3213 971 3446 1044 dogmati
3471 974 3712 1044 praebere

2123 1057 2375 1126 latibula,
2417 1061 2559 1118 unde
2607 1062 2674 1118 ad
2725 1063 3082 1119 insidiandum
3140 1065 3380 1135 prosiliat
3427 1064 3713 1122 ha'reticus

2121 1163 2332 1213 sensus,
2357 1153 2568 1221 quando
2593 1153 2741 1210 nullo
2760 1155 3022 1211 existente
3045 1155 3136 1227 qui
3160 1155 3336 1212 valeat
3359 1158 3709 1228 respondere.

2123 1247 2373 1312 tanquam
2401 1242 2456 1297 in
2482 1243 2768 1300 solitudine
2799 1245 2992 1316 aliquis
3018 1247 3282 1303 invenitur
3305 1247 3565 1303 inﬁrmus.

2191 1330 2283 1386 Si.
2311 1331 2428 1388 Jam
2452 1347 2580 1388 vero
2609 1334 2664 1390 iu
2693 1334 2828 1391 libro
2860 1335 3009 1391 Fidei
3039 1351 3150 1392 sua:
3169 1335 3268 1409 (α).
3300 1353 3454 1408 quem
3483 1338 3710 1394 Romam

2121 1439 2242 1482 cum
2271 1427 2397 1496 ipsis
2428 1425 2620 1483 litteris
2646 1429 2791 1484 misit
2833 1429 2898 1484 ad
2941 1431 3186 1486 eumdem
3227 1445 3414 1502 papam
3445 1430 3710 1488 ltmnceu-

2123 1519 2274 1585 tium,
2299 1519 2364 1573 ad
2393 1533 2551 1590 quem
2577 1521 2736 1576 etiam
2764 1521 3054 1597 epistolam.
3073 1523 3380 1593 scripserat,
3410 1524 3580 1579 multo
3599 1524 3714 1580 evi-

2121 1607 2336 1664 dentius
2383 1625 2443 1664 se
2471 1609 2644 1681 ipsum
2677 1612 2903 1682 tegendo
2937 1613 3186 1677 nudavit,
3217 1613 3442 1670 dicens:
3477 1633 3498 1668 ι
3524 1614 3712 1686 Bapti-

2121 1711 2236 1754 sma
2263 1715 2426 1755 unmn
2459 1711 2699 1758 tenemus
2719 1744 2734 1768 ,
2763 1703 2904 1775 quod
2947 1703 3134 1760 iisdem
3173 1705 3504 1762 Sacrameuti
3533 1708 3712 1764 verbis

2121 1789 2174 1844 in
2198 1789 2509 1860 infantibus,
2531 1793 2725 1864 quibus
2745 1794 2906 1850 etiam
2933 1794 2984 1850 in
3007 1795 3316 1866 majoribus,
3342 1797 3567 1854 dicimus
3587 1814 3712 1856 esse

2121 1883 2520 1939 celebrandum.
2558 1903 2578 1938 ι
2611 1883 2727 1941 Νοη
2752 1885 2940 1942 saltent
2968 1886 3122 1954 dixit,
3153 1887 3356 1944 Eodem
3387 1888 3710 1948 Sacramen-

2123 1982 2219 2044 to;
2248 1977 2390 2048 quod
2415 1977 2628 2049 quidem
2657 1980 2702 2034 si
2723 1979 2964 2046 dixisset,
2991 1978 3168 2036 adhuc
3191 1988 3336 2037 esset
3359 1982 3663 2054 ambiguum
3690 2000 3707 2039 :

2123 2068 2238 2134 sed,
2271 2087 2291 2121 ε
2321 2069 2509 2125 iisdem
2531 2112 2546 2138 ,
2578 2087 2598 2122 ι
2631 2071 2830 2142 inquit,
2877 2090 2896 2125 ε
2925 2070 3260 2128 Sacramenti
3299 2073 3508 2141 verbis;
3537 2091 3556 2126 ι
3593 2084 3714 2131 tan-

2122 2177 2280 2230 quam
2307 2160 2596 2218 iufantibus
2631 2162 2879 2219 remissio
2918 2174 3260 2234 peccatorum
3298 2165 3584 2220 verborum
3614 2181 3713 2222 so-

2123 2251 2238 2308 nitu
2265 2253 2558 2322 diceretur,
2587 2269 2694 2310 non
2725 2271 2901 2311 rerum
2923 2264 3173 2326 ageretur
3199 2256 3410 2313 effectu.
3443 2257 3600 2314 Visus
3626 2267 3714 2316 est

2125 2353 2300 2400 tamen
2329 2345 2396 2402 ad
2423 2355 2652 2416 tempus,
2677 2347 2876 2418 aliquid
2903 2349 3084 2404 dicere
3111 2348 3252 2420 quod
3278 2348 3405 2406 ﬁdei
3428 2349 3713 2406 catholica

2122 2437 2433 2493 conveniret
2470 2457 2484 2494 :
2517 2437 2610 2492 sed
2640 2437 2782 2493 illam
2822 2438 3003 2494 sedem
3037 2453 3204 2510 usque
3233 2439 3286 2495 in
3319 2441 3479 2496 ﬁnem
3523 2441 3712 2498 fallere

2125 2541 2230 2580 nou
2251 2527 2547 2598 prtevaluit.
2578 2528 2704 2584 Post
2727 2529 2984 2598 rescripta
3001 2529 3197 2600 quippe
3218 2529 3454 2586 Africani
3472 2533 3712 2600 concilii,

2123 2616 2177 2672 in
2217 2635 2374 2690 quam
2420 2620 2746 2690 provinciam
2789 2621 3003 2692 quidem
3047 2621 3289 2677 doctrina
3331 2619 3420 2676 illa
3459 2623 3716 2694 pestifera

2123 2711 2390 2782 serpendo
2424 2721 2758 2783 pervenerat,
2789 2713 2882 2768 sed
2921 2728 3039 2768 eam
3071 2729 3176 2768 non
3208 2723 3315 2769 tam
3345 2713 3452 2771 late
3475 2729 3716 2785 occupa-

2124 2812 2274 2859 verat
2295 2803 2506 2876 alteque
2542 2816 2884 2874 pervaserat;
2922 2805 3024 2860 alia
3054 2819 3268 2876 quoque
3290 2805 3457 2875 ipsius
3496 2806 3548 2860 in
3580 2807 3718 2863 urbe

2123 2892 2320 2961 Roma,
2337 2893 2428 2950 ubi
2449 2893 2754 2958 diutissime
2771 2895 2993 2962 vixerat,
3014 2905 3173 2967 atque
3193 2897 3244 2951 iu
3263 2895 3348 2951 bis
3371 2895 3545 2952 fuerat
3564 2899 3718 2968 prius

2126 2987 2464 3043 sermonibus
2481 2987 3021 3060 contentionibusque
3043 2999 3304 3055 versatus,
3327 3005 3452 3045 cura
3476 2990 3718 3046 ﬁdelium

2127 3074 2352 3132 fratrum
2375 3077 2577 3148 prolata
2604 3085 2906 3148 patuerunt,
2928 3094 3045 3148 qua:
3068 3077 3258 3134 litteris
3278 3079 3412 3148 suis,
3429 3095 3562 3150 quas
3583 3095 3722 3136 con-

2128 3166 2342 3236 scripsit
2367 3181 2464 3237 per
2489 3167 2674 3224 orbem
2705 3166 3024 3224 catholicum
3057 3168 3418 3240 perferendas.
3451 3185 3584 3241 papa
3613 3170 3723 3227 Zo-

2127 3256 2296 3313 simus
2323 3257 2672 3326 exsecranda,
2697 3259 2835 3314 sicut
2866 3260 3042 3329 legere
3070 3259 3314 3328 potestis,
3342 3261 3588 3316 attexuit.
3611 3260 3720 3318 Ubi

2127 3346 2372 3418 Pelagius
2400 3347 2692 3418 Epistulam
2720 3348 2869 3404 Pauli
2901 3349 3134 3419 apostoli
3168 3349 3236 3404 ad
3266 3350 3546 3406 Romanos
3573 3353 3726 3408 velut

2128 3455 2422 3512 exponens,
2445 3449 2844 3512 argumentatur
2867 3451 2923 3497 et
2945 3441 3077 3498 dicit
3103 3459 3116 3498 :
3149 3461 3168 3495 ι
3199 3442 3255 3500 Si
3283 3443 3412 3498 Adae
3435 3453 3722 3516 precatum

2129 3531 2289 3586 etiam
2322 3547 2424 3586 non
2455 3524 2794 3603 peccantibus
2823 3534 3022 3600 nocuit,
3054 3549 3183 3604 ergo
3209 3542 3264 3590 et
3290 3535 3491 3591 Christi
3511 3536 3724 3606 juStitia

2130 3623 2290 3678 etiam
2319 3639 2425 3678 non
2447 3624 2788 3679 credentibus
2812 3625 3047 3694 prodest.
3084 3645 3102 3678 ι
3136 3627 3204 3682 Et
3222 3638 3422 3692 _ca:tera
3445 3627 3729 3699 huiusmo-

2133 3713 2208 3780 di,
2236 3731 2354 3785 quze
2384 3715 2558 3770 omnia
2582 3715 2805 3770 Domino
2829 3715 3116 3785 adjuvante
3146 3717 3198 3772 in
3227 3717 3400 3784 libris,
3429 3733 3564 3789 quos
3589 3718 3734 3775 scrip

2131 3805 2334 3874 psimus
2352 3847 2368 3873 ,
2399 3805 2467 3862 de
2496 3805 2762 3876 Baptistae
2790 3807 3126 3876 parvulorum
3145 3847 3162 3874 ,
3198 3807 3424 3863 rel'utata
3462 3818 3519 3864 et
3543 3808 3730 3864 disso-

2134 3898 2240 3952 luta
2269 3907 2393 3954 sunt
2426 3895 2562 3969 (Lib.
2593 3899 2646 3962 ὅ,
2693 3915 2784 3952 nn.
2815 3898 2849 3954 5
2873 3939 2886 3962 ,
2919 3896 2996 3970 6).
3025 3898 3094 3954 Et
3134 3913 3195 3953 ea
3241 3897 3454 3968 quidem
3501 3897 3554 3953 in
3593 3898 3730 3968 ipsis

2133 3989 2282 4058 quasi
2311 3985 2736 4060 expositionibus
2781 4004 2884 4044 non
2929 4005 2996 4044 ex
3039 4003 3134 4045 sua
3185 4005 3413 4061 persona
3451 3999 3534 4046 est
3561 4005 3731 4047 ausus

2133 4079 2396 4147 obiicere;
2423 4078 2516 4135 sed
2556 4079 2627 4135 ibi
2655 4079 2756 4135 hoc
2784 4079 2996 4136 dicebat
3015 4122 3030 4146 ,
3082 4080 3168 4135 ubi
3199 4081 3380 4136 multis
3410 4082 3731 4138 notissimus

2134 4185 2250 4227 erat
2268 4215 2282 4239 ,
2310 4182 2365 4230 et
2389 4173 2516 4244 quid
2545 4176 2768 4228 sentiret
2797 4188 2860 4228 ac
2889 4173 3114 4240 diceret,
3140 4173 3307 4229 latere
3331 4187 3435 4228 non
3475 4182 3687 4244 poterat
3711 4193 3728 4228 :

2134 4264 2276 4334 quod
2306 4265 2360 4319 in
2389 4264 2538 4320 libris
2563 4265 2666 4319 illis
2685 4307 2700 4331 ,
2728 4264 2796 4320 dc
2829 4281 3054 4336 quorum
3082 4265 3256 4336 primo
3283 4263 3532 4334 quiddam
3561 4279 3730 4334 supra

2134 4356 2552 4412 commemoravi
2577 4357 2794 4429 (Supra,
2821 4374 2872 4412 η.
2910 4358 3022 4426 η),
3045 4372 3160 4433 οιιοη
3180 4355 3596 4423 dissimulanter,
3629 4356 3731 4412 sed

2137 4449 2468 4520 apertissime
2493 4449 2704 4519 quantis
2729 4458 2905 4518 potest
2929 4447 3232 4518 disputandi
3269 4449 3470 4503 viribus
3494 4449 3636 4518 agit,
3669 4456 3734 4504 ut

2139 4552 2324 4594 natura
2358 4539 2584 4594 humana
2624 4540 2680 4592 iu
2713 4537 2943 4608 parvulis
2969 4539 3113 4593 nullo
3141 4537 3303 4593 modo
3327 4551 3396 4594 ex
3439 4539 3735 4610 propagine

2137 4631 2321 4686 vitiata
2345 4631 2626 4696 credatur;
2660 4631 2748 4686 cui
2775 4630 3076 4701 arrogando
3101 4630 3350 4697 salutem,
3381 4629 3584 4687 invidet
3619 4631 3735 4686 sal-

2140 4730 2377 4778 vatorem
2390 4723 2433 4775 ⁸.

2211 4812 2436 4870 CAPUT
2475 4811 2642 4868 XXII.
2670 4842 2742 4853 —
2769 4811 2859 4868 ‘25.
2889 4811 3016 4867 "me
3045 4827 3166 4870 eum
3207 4811 3278 4866 ita
3321 4812 3460 4877 sint,
3499 4826 3738 4883 cumquo

2137 4904 2246 4977 jam
2276 4912 2486 4961 constet
2503 4905 2695 4975 dogma
2713 4905 2981 4960 exstitisse
3009 4903 3318 4974 pestiferum
3340 4911 3396 4958 et
3415 4901 3735 4958 lueretictsm

2141 5013 2404 5068 errorem,
2425 5014 2582 5070 quem
2611 4999 2840 5054 Domino
2863 4996 3146 5066 adiuvante
3174 4997 3410 5067 apertius
3429 4995 3546 5067 jam
3581 4994 3738 5050 devi-

2143 5101 2220 5149 tat
2246 5091 2504 5158 Ecclesia,
2524 5090 2733 5146 duobus
2755 5091 2892 5155 istis,
2916 5089 3132 5160 Pelagio
3153 5089 3360 5145 scilicet
3378 5097 3434 5144 et
3455 5088 3736 5153 Ccclestio,

2143 5183 2310 5240 autin
2339 5183 2511 5238 locum
2543 5180 2872 5252 pauitantia
2902 5179 3154 5246 redactis,
3182 5185 3277 5234 aut
3305 5179 3346 5234 si
3369 5178 3422 5234 id
3449 5193 3740 5234 recusave-

2142 5275 2252 5332 rint
2276 5271 2496 5330 omnino
2521 5271 2787 5328 damuatis
2807 5313 2821 5336 ,
2849 5270 2939 5340 qui
2967 5269 3124 5340 huius
3149 5268 3518 5340 pervecsitatis
3543 5277 3739 5324 aucto-

2144 5382 2234 5424 res
2255 5365 2342 5422 vel
2371 5363 2742 5437 perhibentur,
2763 5365 2846 5420 vel
2872 5363 3032 5419 etiam
3057 5363 3384 5434 probantur;
3408 5361 3492 5418 vel
3521 5371 3672 5418 certe
3688 5363 3743 5419 si

2211 5503 2227 5536 ι
2252 5509 2352 5552 Non
2372 5499 2622 5564 superﬂuo
2641 5496 2880 5564 additum,
2917 5495 3160 5564 autdidg,
3198 5494 3331 5560 quod
3352 5493 3746 5564 expungeudtmt

2146 5571 2376 5628 putarunt
2393 5558 2748 5628 tot-anienses:
2773 5559 2864 5610 sed
2891 5573 2961 5628 _eo
2981 5558 3296 5624 signiﬁcatur,
3321 5558 3572 5624 Pelagium
3589 5568 3621 5608 a
3647 5568 3742 5607 suo

2149 5623 2320 5676 errore
2342 5623 2554 5676 nondum
2577 5624 2704 5673 forte
2721 5623 3008 5672 recessisse.

2213 5689 2232 5719 ⁸
2258 5694 2353 5745 t:r.,
2376 5683 2603 5736 salvatori
2631 5696 2650 5735 :
2674 5685 2836 5733 minus
2863 5691 3022 5733 recte.

2213 5749 2286 5810 (ιι)
2321 5739 2582 5798 ιὶιιιίὺοιιιι·
2607 5745 2746 5806 intra,
2772 5747 2819 5794 in
2843 5751 2982 5808 [arte
3011 5741 3226 5796 suam
3247 5739 3549 5807 Αρροιιῧα.
