4034 6182
326 350 425 415 397

326 482 572 528 auctores
601 486 707 528 non
736 479 878 538 sunt,
911 470 1006 526 sed
1033 471 1135 526 hoc
1162 469 1230 526 ab
1254 469 1372 525 aliis
1396 471 1714 536 didicerunt,
1737 487 1908 526 asser-

325 573 468 619 tores
496 572 677 618 tamen
706 571 865 633 atque
888 564 1156 628 doctores,
1190 577 1285 631 per
1309 577 1445 632 quos
1474 562 1525 618 id
1553 563 1710 618 latius
1742 577 1916 633 repta-

321 667 404 711 ret
433 665 487 711 et
513 665 812 721 cresceret,
839 661 894 709 et
927 654 1102 710 verbis
1131 662 1187 710 et
1214 653 1403 709 litteris
1432 657 1542 709 suis
1562 696 1578 721 ,
1619 666 1674 710 et
1703 669 1916 724 compe-

323 749 561 803 tentibus
593 747 819 810 indiciis,
843 757 898 803 et
923 746 1061 803 fama
1089 762 1157 803 ex
1201 747 1282 802 his
1313 748 1559 802 omnibus
1585 757 1836 818 surgente
1861 758 1916 803 et

321 841 699 894 crebrescente
739 841 1006 908 jactantur
1037 857 1051 893 :
1083 839 1208 909 quid
1235 847 1432 901 restat.
1464 840 1563 893 nisi
1597 850 1653 894 ut
1689 840 1914 915 quisque

321 932 618 986 eatlioltcns
646 947 742 1000 pro
771 932 994 995 viribus,
1036 947 1170 1002 quas
1193 932 1352 985 sumit
1379 947 1408 986 a
1442 932 1697 997 Domino,
1730 931 1915 987 redar-

321 1033 450 1094 guat
480 1024 635 1076 istam
668 1031 869 1092 pestem
889 1063 902 1085 .
932 1024 1090 1092 eique
1115 1023 1396 1093 vigilanter
1424 1024 1678 1086 obsistat;
1709 1033 1768 1078 ut
1794 1039 1912 1078 cuin

321 1113 686 1182 respondendi
709 1114 1044 1179 necessitate,
1066 1114 1182 1168 sine
1209 1112 1386 1168 studio
1409 1113 1785 1176 contentionis,
1818 1129 1914 1183 pro

320 1209 550 1262 veritate
573 1217 827 1270 certatur,
851 1205 1181 1260 instruantur
1209 1206 1428 1271 indocti,
1455 1216 1614 1275 atque
1643 1205 1711 1259 ita
1734 1205 1786 1259 in
1814 1205 1914 1260 Ee-

318 1299 500 1351 clc~i:e
516 1306 860 1351 convertatur
877 1297 1175 1361 utilitatem,
1195 1296 1334 1366 quod
1361 1306 1444 1351 est
1460 1297 1704 1350 inimicus
1725 1296 1779 1350 in
1802 1310 1915 1365 per-

322 1387 520 1441 niciem
537 1387 888 1450 machinatus,
908 1386 1057 1456 juxta
1078 1386 1202 1440 illud
1231 1386 1491 1455 Apostoli,
1519 1384 1725 1452 Oportet
1751 1396 1795 1440 et
1816 1387 1914 1441 Ita-

321 1495 454 1530 reses
469 1494 594 1538 esse,
611 1487 663 1529 ut
683 1477 874 1543 probati
888 1478 1136 1546 manifesti
1155 1477 1279 1546 ﬁant
1299 1477 1428 1530 inter
1439 1475 1579 1548 vos(l
1593 1473 1707 1532 Cor.
1718 1493 1746 1531 κ
1755 1493 1766 1530 l
1776 1477 1820 1541 ,I
1831 1477 1912 1548 9)‘P

398 1568 624 1625 CAPUT
662 1567 846 1623 XXIII.
875 1599 944 1610 —-
969 1569 1057 1624 26.
1102 1569 1437 1638 Quapropter
1461 1577 1583 1640 post
1605 1569 1768 1624 multa
1793 1585 1912 1640 qua:

323 1661 582 1716 adversus
625 1663 781 1716 istum
811 1678 1047 1717 errorem
1080 1663 1349 1717 inimicum
1380 1664 1564 1733 gratiae
1595 1664 1719 1732 Dei,
1751 1681 1908 1736 quam

324 1765 421 1824 per
444 1751 629 1807 Jesum
657 1752 924 1807 Christum
971 1753 1251 1808 Dominum
1282 1762 1523 1808 nostrum
1552 1755 1759 1825 pusillis
1798 1771 1912 1809 ma-

323 1843 549 1912 gnisque
571 1843 809 1912 largitur,
837 1842 1121 1898 scribendo
1147 1843 1417 1914 disputare
1442 1845 1744 1913 potuimus;
1771 1861 1914 1902 nunc

326 1933 451 1988 illud
479 1943 691 2001 Oportet
719 1944 992 2000 excutere,
1021 1934 1182 2004 quod,
1214 1935 1453 1992 volentes
1482 1936 1746 1993 haereseos
1767 1948 1912 1993 astu-

322 2034 375 2079 te
400 2023 656 2078 invidiam
685 2025 973 2088 declinare,
1018 2035 1294 2093 asserunt,
1333 2046 1350 2080 ι
1384 2027 1536 2082 istam
1569 2040 1760 2098 praeter
1791 2029 1908 2086 ﬁdei

324 2115 620 2185 periculum
659 2131 778 2171 esse
816 2118 1163 2186 quaestionem
1193 2135 1208 2174 :
1249 2134 1268 2170 ι
1305 2128 1362 2174 ut
1399 2119 1645 2176 videlicet
1681 2120 1725 2175 si
1755 2120 1808 2175 in
1847 2136 1910 2175 ea

325 2206 520 2261 fuerint
565 2207 894 2264 eXorbitasse
939 2210 1200 2276 convicti,
1227 2225 1351 2266 'non
1398 2212 1766 2278 criminaliter,
1815 2213 1908 2268 sed

319 2299 474 2368 quasi
505 2299 732 2355 civiliter
756 2316 968 2356 errasse
996 2301 1292 2357 videantur.
1319 2303 1408 2359 Sic
1445 2305 1586 2360 enim
1626 2305 1909 2362 Ccelestius

323 2393 460 2461 apud
507 2392 878 2463 Carthaginem
923 2395 1088 2464 gestis
1126 2395 1503 2452 ecclesiasticis
1536 2408 1618 2452 est
1655 2399 1904 2454 locutus:

322 2503 345 2535 1
373 2484 514 2549 Jam,
541 2501 560 2536 ι
590 2485 776 2556 inquit,
811 2503 831 2538 α
858 2485 924 2540 de
954 2487 1171 2541 traduce
1209 2489 1412 2558 peccati
1441 2489 1581 2555 dixi,
1608 2491 1727 2560 quia
1771 2491 1903 2546 intra

318 2575 649 2630 Catholicam
676 2577 995 2632 constitutos
1032 2577 1211 2648 plures
1253 2579 1430 2634 audivi
1458 2580 1755 2647 destruere,
1779 2595 1906 2638 nee-

321 2683 426 2722 non
449 2680 502 2720 et
527 2668 662 2722 alios
683 2678 956 2734 astruere;
986 2669 1106 2723 licet
1129 2670 1438 2739 quaestionis
1459 2686 1544 2726 res
1565 2672 1634 2726 sit
1656 2672 1750 2727 ista
1761 2689 1903 2738 (non

319 2755 562 2812 lueresis.
599 2757 829 2812 Infantes
853 2773 1064 2827 semper
1088 2759 1198 2814 dixi
1237 2775 1395 2830 egere
1419 2761 1707 2830 Baptismo,
1730 2779 1794 2819 ac
1814 2765 1906 2819 de-

319 2847 446 2902 bere
488 2849 781 2920 baptizagi:
823 2849 948 2918 quid
979 2850 1170 2919 qiuerit
1200 2850 1381 2905 aliud?
1409 2870 1428 2904 ι
1477 2851 1552 2906 Ita
1593 2851 1696 2909 hoc
1735 2853 1900 2918 dixit,

319 2948 569 3008 tauquam
600 2938 900 3009 signiﬁcare
928 2940 1172 3003 voluerit,
1198 2951 1325 2996 tunc
1353 2940 1516 2997 fuisse
1549 2942 1792 2999 haeresim
1819 2945 1904 3015 ju-

312 3027 618 3091 dicandam,
647 3030 691 3084 si
723 3030 972 3099 baptizari
998 3030 1194 3086 debere
1219 3041 1438 3102 negaret
1466 3033 1694 3089 infantes
1721 3053 1733 3088 :
1765 3049 1903 3092 nunc

317 3135 444 3176 vero
481 3122 732 3190 quoniam
777 3121 1124 3192 baptizandos
1163 3121 1378 3190 fatetur,
1425 3125 1632 3180 etiamsi
1678 3141 1894 3194 causam

317 3210 661 3280 Baptismatis
682 3226 868 3266 eorttm
898 3229 1001 3266 non
1040 3228 1157 3269 eam
1189 3215 1348 3282 dicat,
1381 3230 1539 3288 quam
1580 3218 1777 3273 veritas
1806 3218 1897 3275 ha-

317 3301 425 3364 bet,
451 3301 549 3357 sed
570 3317 686 3371 quae
714 3301 781 3356 ad
812 3302 969 3359 fidem
990 3320 1094 3358 non
1119 3306 1366 3374 pertinet;
1399 3323 1502 3362 non
1531 3323 1588 3364 se
1611 3310 1901 3366 arbitratur

311 3409 495 3448 errare
511 3394 610 3462 (a).
625 3401 680 3448 et
697 3394 818 3448 ideo
846 3411 949 3448 non
975 3411 1093 3450 esse
1111 3395 1794 3468 haereticumjudicandum.
1821 3404 1896 3475 (ὁ)

319 3485 444 3541 Item
490 3485 546 3541 in
585 3487 766 3542 lihelle
803 3503 960 3558 quem
992 3489 1173 3544 Romae
1197 3489 1376 3559 dedit,
1409 3508 1528 3547 cum
1561 3494 1718 3550 ﬁdem
1745 3513 1894 3553 suam

309 3593 341 3632 α
378 3579 640 3633 Trinitate
686 3580 842 3635 unius
879 3580 1092 3636 deitatis
1136 3597 1304 3652 usque
1344 3584 1411 3638 ad
1451 3588 1894 3645 resurrectionem

312 3671 483 3738 qualis
522 3669 693 3724 futura
733 3679 816 3725 est
843 3680 1172 3726 mortuorum
1195 3714 1210 3736 ,
1241 3673 1308 3728 de
1347 3675 1540 3745 quibus
1568 3693 1686 3733 eum
1719 3682 1896 3738 nullus

313 3759 760 3830 interrogaverat,
788 3771 843 3817 et
871 3763 1009 3818 unde
1037 3764 1110 3818 illi
1141 3765 1280 3820 nulla
1306 3769 1532 3835 qumstio
1559 3771 1890 3838 movebatur,

306 3862 566 3922 quantum
609 3853 786 3908 dicere
825 3853 1010 3920 libuit,
1050 3855 1397 3923 explicasset;
1427 3857 1515 3913 ubi
1552 3860 1617 3914 ad
1655 3861 1706 3916 id
1750 3864 1892 3933 quod

309 3947 566 4014 agebatur
590 3945 706 4013 ejus
734 3961 912 4000 sermo
943 3946 1182 4015 pervenit
1210 3965 1223 4001 :
1263 3966 1282 4000 ι
1323 3948 1377 4003 Si
1407 3965 1527 4020 quae
1567 3967 1723 4018 vero,
1759 3973 1778 4006 ι
1813 3956 1892 4010 in-

305 4038 439 4106 quit,
471 4055 492 4088 ι
529 4045 722 4104 prater
748 4035 904 4091 ﬁdem
935 4038 1257 4106 qutestiones
1283 4049 1421 4094 nata:
1441 4051 1586 4106 sunt,
1611 4043 1680 4100 de
1699 4047 1892 4116 quibus

309 4137 451 4183 esset
471 4127 614 4182 inter
637 4127 919 4198 plerosque
941 4130 1216 4184 contentio
1239 4145 1254 4195 ;
1285 4147 1389 4186 non
1418 4147 1516 4203 ego
1537 4136 1686 4204 quasi
1708 4149 1894 4194 auctor

306 4219 536 4288 alicujus
568 4217 830 4288 dogmatis
860 4219 1075 4276 deﬁnita
1104 4220 1205 4275 hoc
1237 4224 1552 4280 auctoritate
1589 4229 1766 4294 statui,
1796 4233 1888 4285 sed

303 4324 372 4366 ea
391 4325 514 4382 quae
532 4311 599 4366 de
620 4310 1003 4381 Prophetarum
1022 4321 1080 4368 et
1100 4315 1474 4384 Apostolorum
1494 4318 1636 4376 fonte
1656 4327 1886 4393 suscepi,

307 4403 470 4456 vestri
510 4404 849 4472 Apostolatus
877 4404 1148 4460 oﬁ‘erimus
1185 4407 1454 4477 probanda
1497 4425 1616 4466 esse
1653 4412 1885 4482 judicio;

307 4502 368 4548 ut
393 4494 438 4548 si
481 4492 618 4550 forte
661 4503 718 4549 ut
749 4494 1055 4551 hominibus
1093 4497 1353 4566 quispiam
1396 4499 1706 4569 ignorantiae
1739 4519 1890 4560 error

306 4583 598 4653 obrepsit',
625 4596 800 4640 vestra
829 4587 1089 4641 sententia
1115 4590 1410 4659 corrigatur
1427 4592 1466 4643 ⁸.
1498 4609 1518 4643 ι
1542 4591 1743 4664 Nempe
1763 4612 1887 4666 pera.

309 4674 510 4742 spieius
532 4711 547 4741 ,
591 4675 639 4729 id
679 4690 800 4730 eum
829 4677 1004 4747 egisse
1033 4676 1136 4733 hac
1183 4680 1557 4748 pneloeutione
1589 4687 1882 4754 prtemissa,

309 4775 366 4820 ut
401 4766 444 4820 si
477 4767 604 4837 quid
635 4769 686 4822 in
717 4769 808 4823 illo
832 4770 1164 4840 apparuisset
1189 4773 1409 4841 erroris,
1433 4789 1538 4830 non
1564 4777 1612 4831 in
1643 4779 1766 4840 ﬁde,
1791 4781 1883 4836 sed

310 4856 360 4909 in
381 4859 762 4926 qtthIiunibtts
787 4874 905 4929 qua;
930 4869 1055 4915 sunt
1079 4869 1271 4930 praeter
1296 4863 1478 4932 ﬁdem,
1505 4867 1773 4924 videretur
1799 4886 1886 4926 er-

307 4963 453 5002 rasse
472 4989 488 5012 ,
520 4949 605 5003 ubi
633 4949 734 5002 etsi
760 4950 1110 5019 corrigendos
1135 4962 1214 5006 est
1235 4967 1407 5018 error,
1436 4971 1539 5010 non
1565 4967 1737 5014 tamen
1767 4970 1879 5016 tan.

304 5055 460 5108 quam
507 5040 728 5096 haeresis
763 5043 1074 5112 corrigatur,
1120 5054 1175 5099 et
1217 5047 1306 5115 qui
1347 5031 1619 5104 correctus
1662 5051 1880 5120 fuerit',

305 5131 372 5184 ita
402 5133 609 5186 dicatur
635 5147 845 5197 errare,
879 5141 934 5186 ut
963 5149 1066 5187 non
1094 5142 1273 5189 tamen
1299 5135 1574 5194 luereticus
1595 5139 1878 5209 judicetur.

372 5225 462 5279 2'7.
503 5224 608 5280 Sed
633 5224 855 5279 multum
884 5241 1003 5280 eum
1029 5227 1124 5281 ista
1157 5227 1287 5282 fallit
1310 5228 1508 5297 opinio.
1536 5230 1711 5303 Leizge
1730 5235 1884 5289 aliter

303 5332 360 5370 te
385 5317 587 5373 habent
614 5319 937 5385 quarstiones
981 5319 1114 5384 istm,
1162 5335 1294 5388 quas
1327 5337 1385 5379 es
1416 5337 1446 5378 θ
1475 5334 1684 5393 ’ριἈ-ιυι·
1723 5326 1880 5383 fidem

365 5409 380 5474 ξ
407 5408 544 5466 Editi,
565 5407 842 5471 obrepunt.
866 5416 993 5468 uss...
1019 5409 1244 5474 obrepsit.

362 5470 382 5501 ³
407 5478 504 5544 Am.
523 5478 576 5544 et
593 5470 1377 5544 tua,npttrasciBnJitrcorrigatur.
1393 5475 1630 5544 Meridose,
1648 5487 1699 5529 ut
1727 5478 1879 5544 liquot

301 5543 357 5577 ex
388 5532 502 5587 n.7,
525 5532 611 5582 ubi
637 5533 824 5601 tetidem
845 5534 980 5601 ⁸ἱιδειξ
1015 5532 1254 5588 editioue's
1285 5550 1392 5588 cu.u
1416 5536 1522 5588 aliis
1553 5532 1879 5601 habent,'vc¥

306 5606 326 5634 α
347 5599 449 5656 atra
473 5595 718 5656 sententia
735 5595 1021 5656 corrigatur.
1039 5612 1062 5640 ι

345 5653 754 5725 θριξίξωδεϋειιδίδ
767 5653 1256 5725 ειίῆςςὶςθιῳεοδιδβι
1267 5672 1314 5722 τι)
1331 5657 1601 5725 icorrerms
1612 5675 1703 5725 non
1714 5664 1874 5725 fuerit.

358 5713 431 5775 fu)
451 5720 609 5774 Forte,
629 5728 722 5765 non
744 5731 793 5768 se
810 5713 1122 5770 σιῖἦτὶηαίὲεεγ
1142 5713 1308 5771 errur'e
1337 5721 1538 5772 :deleto
1552 5713 1835 5775 arbitratur;

357 5773 430 5838 (ὑ)
456 5776 536 5827 llic
560 5773 724 5839 incipit
749 5792 889 5840 (τοίω
911 5785 972 5833 55
993 5797 1040 5843 aj
1054 5782 1117 5829 ud
1145 5791 1242 5829 Ain.
1267 5790 1315 5831 ot
1342 5789 1415 5830 Er.

1425 350 1627 415 LIBER
1666 355 1753 413 DE
1794 350 2104 414 PECCATI)
2143 354 2515 417 OliIGlNALl.

3502 374 3611 439 398

2028 472 2334 538 arbitratur,
2366 491 2521 544 quam
2559 489 2675 532 sunt
2712 480 2812 536 ilLe
2853 480 2902 536 In
2935 482 3124 555 quibus
3161 483 3306 546 salva
3347 488 3481 554 ﬁde,
3506 508 3607 560 qua

2025 564 2295 620 christiani
2339 581 2556 634 sumus,
2597 581 2686 625 aut
2730 573 3000 642 ignoratur
3030 577 3155 646 quid
3195 595 3374 635 verum
3421 582 3524 650 sit,
3557 593 3611 637 et

2024 661 2286 714 sententia
2317 660 2581 716 deﬁnitiva
2612 667 2972 735 suspenditur,
3003 678 3091 723 aut
3115 669 3270 727 aliter
3297 688 3453 743 quam
3482 684 3564 729 est
3586 713 3604 739 ,

2026 747 2253 804 humana
2292 760 2344 805 et
2371 751 2577 807 inﬁrma
2614 758 2912 824 suspicione
2941 759 3239 829 conjicitur.
3281 761 3454 819 Veluti
3485 781 3606 820 cum

2021 841 2297 909 qumritur,
2330 845 2498 915 qualis
2525 847 2606 902 vel
2642 847 2728 902 ubi
2773 850 2842 903 sit
2885 851 3164 921 paradisus
3207 855 3295 910 ubi
3329 859 3605 914 constituit

2023 928 2164 986 Deus
2193 931 2462 989 hominem
2507 951 2663 1006 quem
2695 938 2942 996 formavit
2979 957 3043 997 ex
3085 945 3331 1013 pulvere;
3363 963 3483 1004 cum
3525 959 3606 1003 tuo

2021 1035 2144 1078 men
2171 1039 2292 1080 esse
2324 1026 2474 1083 illum
2505 1029 2808 1096 paradisum
2841 1032 2971 1088 ﬁdes
3014 1035 3303 1096 christiana
3329 1056 3431 1095 non
3457 1043 3607 1096 (Ιυιιίο

2023 1120 2136 1168 tet:
2167 1115 2250 1169 vel
2272 1130 2394 1172 cum
2427 1119 2700 1187 quaeritur,
2731 1122 2820 1178 ubi
2850 1124 2918 1178 sit
2939 1141 3081 1182 nunc
3101 1128 3244 1185 Elias
3264 1131 3348 1185 vel
3377 1133 3560 1188 Enocb
3591 1173 3608 1202 ,

2018 1217 2088 1258 an
2117 1204 2208 1266 ibi.
2236 1220 2304 1262 an
2334 1207 2527 1263 alicubi
2558 1210 2719 1277 alibi;
2763 1229 2898 1284 quos
2929 1222 3104 1273 tamen
3131 1234 3236 1274 non
3267 1220 3568 1278 dubitamus
3591 1267 3608 1290 ,

2020 1291 2075 1348 in
2105 1294 2294 1364 quibus
2318 1299 2426 1352 nati
2449 1309 2569 1354 sunt
2598 1303 2915 1372 corporibus
2947 1306 3162 1364 vivere:
3194 1311 3275 1366 vel
3310 1327 3430 1366 cum
3462 1330 3609 1384 quae-

2018 1382 2176 1451 ritur,
2206 1396 2379 1442 utrmn
2409 1388 2463 1444 in
2510 1403 2835 1464 corpore,an
2879 1405 3027 1452 extra
3073 1414 3267 1470 corpus
3296 1402 3349 1456 in
3398 1382 3609 1462 tertium

2018 1474 2212 1529 etelum
2235 1477 2303 1532 sit
2332 1489 2514 1548 raptus
2538 1480 2860 1550 Apostolus;
2889 1502 3188 1560 quanquam
3215 1492 3284 1546 sit
3313 1493 3411 1549 ista
3440 1496 3615 1568 impu-

2017 1563 2150 1619 deus
2181 1566 2450 1638 inquisitio
2494 1570 2545 1626 id
2577 1573 2716 1629 scire
2754 1575 3075 1645 volentium,
3105 1582 3245 1652 quod
3287 1599 3348 1640 se
3394 1587 3482 1642 ille
3515 1563 3611 1645 cui

2020 1657 2122 1714 hoc
2150 1661 2452 1729 praastitum
2480 1673 2583 1730 est,
2619 1665 2763 1721 salva
2791 1669 2972 1740 utique
3003 1670 3123 1738 ﬁde,
3151 1676 3355 1732 nescire
3387 1687 3610 1736 testatur

2018 1747 2084 1817 (ll
2113 1747 2230 1804 Cor.
2254 1767 2348 1818 xu,
2373 1751 2435 1825 2)
2465 1771 2480 1807 :
2506 1755 2590 1811 vel
2617 1765 2747 1827 quot
2773 1758 2877 1814 sint
2902 1761 3046 1829 coeli,
3069 1762 3121 1816 in
3147 1780 3370 1834 quorum
3394 1771 3606 1827 tertium

2017 1853 2077 1895 se
2121 1850 2327 1910 raptum
2375 1859 2496 1901 esse
2539 1859 2929 1906 commemorat
2967 1869 2980 1906 :
3015 1853 3097 1908 vel
3140 1863 3315 1910 utrum
3344 1859 3609 1921 elementa

1940 1948 1962 1965 ο
2016 1933 2196 1988 mundi
2247 1934 2403 2005 hujus
2442 1939 2859 2010 conspicabilis,
2892 1955 3118 2014 quatuor
3155 1962 3220 2001 an
3261 1950 3411 2019 plura
3455 1952 3605 2010 sint:

2015 2022 2138 2092 quid
2176 2023 2332 2080 faciat
2378 2028 2548 2082 solem
2592 2029 2842 2088 lunamve
2881 2033 3134 2102 deﬁcere,
3186 2037 3266 2092 his
3311 2039 3610 2098 defectibus

2015 2126 2149 2182 quos
2178 2114 2467 2184 prardicere
2495 2113 2764 2192 astrologi.
2786 2133 2933 2178 certa
2983 2134 3280 2197 temporum
3307 2130 3610 2189 dinumera-

2016 2204 2158 2259 tione
2182 2218 2543 2264 consuerunt:
2576 2225 2672 2266 cur
2694 2213 2896 2284 antiqui
2927 2214 3174 2274 homines
3202 2228 3305 2275 tam
3335 2221 3426 2278 diu
3456 2225 3607 2280 vixe-

2014 2297 2149 2363 rint,
2180 2314 2336 2369 quam
2367 2312 2551 2358 sancta
2595 2304 2865 2374 Scriptura
2895 2317 3158 2378 testatur;
3191 2323 3243 2368 et
3271 2323 3446 2370 utrum
3477 2333 3605 2386 pro-

2011 2390 2257 2460 portione
2287 2392 2540 2478 longioris
2568 2397 2740 2451 axtatis
2770 2397 2908 2453 ﬁlios
2933 2416 3050 2456 sera
3084 2404 3360 2472 pubertate
3383 2409 3607 2478 gignere

2010 2480 2271 2550 coeperint
2293 2499 2306 2537 :
2327 2470 2422 2537 'ubi
2453 2485 2685 2554 potuerit
2709 2487 3055 2546 Matluisalem
3080 2470 3279 2560 vivere,
3299 2470 3468 2565 quivit;
3482 2513 3604 2554 arca

2012 2587 2117 2626 non
2145 2571 2262 2640 fuit,
2290 2574 2398 2644 qui,
2429 2575 2567 2630 sicut
2591 2576 2641 2631 in
2675 2579 2945 2649 plerisque
2967 2582 3243 2639 codicibus
3265 2595 3318 2641 et
3338 2587 3527 2656 grzecis
3546 2595 3603 2644 et

2011 2661 2191 2717 latinis
2222 2675 2570 2720 numerantur
2596 2667 2742 2733 anni,
2774 2669 3037 2737 reperitur
3064 2674 3424 2741 supervixisse
3463 2677 3595 2731 dilu-

2010 2752 2130 2818 vio;
2157 2753 2238 2807 vel
2262 2762 2435 2807 utrum
2460 2755 2815 2825 paucioribus,
2843 2759 2929 2828 qui
2954 2761 3211 2816 rarissimi
3234 2763 3598 2828 inveniuntur,

2009 2845 2187 2915 potius
2214 2845 2545 2900 credendum
2576 2847 2663 2911 sit,
2691 2848 2741 2902 in
2772 2849 2962 2918 quibus
2989 2850 3059 2905 ita
3085 2861 3169 2907 est
3192 2867 3448 2912 numerus
3474 2872 3601 2909 con-

2007 2933 2238 3002 scriptus
2268 2950 2528 2990 annorum
2549 2979 2564 3003 ,
2612 2948 2668 2991 ut
2691 2948 2815 2994 ante
2844 2940 3098 2997 diluvium
3129 2943 3408 3000 defunctus
3437 2946 3600 3002 fuisse

2006 3033 2350 3081 monstretur.
2378 3025 2510 3095 Quis
2533 3028 2676 3102 enim
2705 3044 2810 3084 non
2833 3030 3029 3086 sentiat
3049 3032 3102 3088 in
3132 3033 3214 3088 his
3233 3043 3393 3105 atque
3415 3036 3601 3108 hujus-

2005 3113 2148 3169 modi
2178 3115 2339 3172 variis
2366 3125 2421 3171 et
2460 3117 2934 3177 innumerabilibus
2958 3124 3360 3194 qucestionibus,
3393 3129 3505 3185 sive
3531 3132 3596 3184 :ul

2001 3203 2383 3262 obscurissima
2401 3221 2564 3276 epera
2586 3209 2704 3277 Dei,
2729 3211 2842 3267 sive
2864 3212 2930 3266 ad
2952 3213 3345 3283 Scripturarum
3372 3219 3593 3274 abditis—

2003 3296 2168 3352 simas
2193 3297 2423 3353 latebras
2447 3300 2856 3369 pertinentibus,
2881 3319 3014 3375 quas
3035 3314 3187 3360 certe
3208 3307 3385 3378 aliquo
3399 3325 3595 3380 genere

1997 3388 2281 3458 complecti
2310 3404 2374 3446 ac
2401 3390 2624 3448 deﬁnire
2651 3392 2868 3449 difﬁcile
2905 3403 2991 3451 est
3011 3436 3027 3460 ,
3058 3405 3112 3451 et
3158 3399 3320 3453 multa
3362 3401 3591 3472 ignorari

2001 3477 2148 3533 salva
2176 3479 2470 3534 christiana
2499 3480 2624 3548 ﬁde,
2654 3491 2708 3536 et
2736 3484 2928 3541 alicubi
2949 3486 3116 3541 errari
3144 3487 3260 3544 sine
3279 3489 3458 3562 aliquo
3482 3493 3594 3548 har-

2003 3569 2148 3624 retici
2175 3570 2437 3641 dogmatis
2457 3574 2724 3629 crimine?

2068 3657 2293 3716 CAPUT
2330 3655 2520 3716 XXIV.
2547 3692 2620 3703 —
2639 3662 2728 3718 28.
2755 3663 2857 3720 Sed
2897 3665 2950 3720 in
2979 3681 3136 3723 causa
3158 3669 3382 3724 duorum
3414 3671 3589 3729 hemi-

2000 3763 2126 3807 num
2147 3793 2160 3818 ,
2191 3765 2433 3822 quorum
2459 3769 2554 3824 per
2584 3771 2746 3810 unum
2787 3758 3091 3813 venumdati
3121 3775 3302 3816 sumus
3332 3764 3430 3818 sub
3460 3780 3588 3832 pec-

1998 3853 2149 3904 cato.
2176 3858 2273 3914 per
2298 3843 2524 3898 alterum
2567 3845 2879 3902 retlimimur
2907 3863 2935 3904 a
2971 3851 3242 3919 peccatis;
3292 3866 3386 3920 ιιι-ιη
3421 3871 3586 3910 unum

1997 3934 2306 4004 praecipitati
2336 3949 2520 3991 sumus
2547 3936 2597 3991 in
2625 3947 2850 3993 mortem
2871 3979 2885 4004 ,
2920 3955 3016 4010 per
3041 3941 3268 3997 alterum
3301 3945 3587 4000 liberamur

1995 4023 2063 4079 ad
2089 4025 2282 4092 vitam;
2310 4041 2533 4096 quorum
2573 4027 2662 4083 ille
2689 4028 2706 4060 ⁸
2735 4044 2833 4085 nos
2858 4030 2910 4085 in
2952 4046 3010 4086 se
3051 4032 3308 4101 perdidit,
3343 4033 3586 4095 faciendo

1994 4116 2319 4172 Voluntatem
2344 4130 2492 4173 suam
2515 4160 2528 4183 ,
2562 4134 2664 4173 non
2695 4117 2810 4186 ejus
2831 4137 2858 4175 a
2888 4137 2992 4192 quo
3022 4121 3190 4178 factus
3219 4135 3300 4179 est
3321 4142 3335 4191 ;
3360 4127 3460 4184 istc
3487 4146 3583 4186 nos

1996 4207 2048 4262 in
2075 4222 2134 4264 se
2157 4209 2333 4264 salvos
2360 4209 2506 4275 fecit,
2537 4223 2640 4262 non
2671 4210 2911 4265 faciendo
2936 4213 3260 4270 voluntatem
3283 4231 3457 4285 suam,
3486 4223 3580 4276 sed

1993 4298 2110 4368 ejus
2129 4314 2158 4352 a
2179 4313 2285 4370 quo
2300 4299 2492 4354 missus
2511 4308 2592 4353 est
2614 4297 2792 4370 (Joan.
2820 4318 2892 4369 tv,
2907 4303 2996 4371 34,
3018 4314 3137 4370 etv,
3161 4306 3252 4378 50)
3279 4325 3294 4363 :
3317 4309 3368 4362 in
3395 4311 3580 4367 horum

1993 4405 2119 4460 ergo
2142 4389 2371 4445 duorum
2402 4389 2674 4446 hominum
2703 4405 2864 4448 causa
2895 4396 3107 4464 proprie
3139 4396 3270 4453 ﬁdes
3286 4400 3579 4458 christiana

1992 4481 2252 4536 consistit.
2280 4479 2425 4539 Unus
2441 4490 2523 4540 est
2545 4483 2688 4539 enim
2718 4485 2878 4554 Deus,
2898 4495 2952 4544 et
2978 4504 3114 4544 unus
3137 4490 3393 4550 mediator
3417 4495 3506 4551 Dei
3528 4508 3583 4551 et

1993 4569 2268 4628 hominum
2289 4572 2447 4630 homo
2470 4573 2716 4632 Christus
2739 4577 2896 4634 Iesus
2919 4581 2960 4653 (I
2983 4580 3116 4637 Tim.
3139 4600 3194 4651 u,
3213 4585 3289 4652 5).
3318 4586 3578 4653 Quoniam

1991 4678 2095 4720 non
2113 4671 2191 4718 est
2207 4663 2348 4720 aliud
2367 4681 2560 4722 nomen
2578 4669 2676 4725 sub
2695 4671 2830 4727 cealo
2851 4671 3032 4727 datum
3058 4674 3380 4741 hominibus,
3405 4680 3454 4733 in
3474 4698 3581 4750 quo

1989 4764 2231 4825 oper-teat
2253 4772 2349 4812 nos
2369 4758 2544 4814 salvos
2571 4760 2682 4816 ﬁeri
2705 4764 2842 4833 (Act.
2867 4781 2940 4828 tv,
2961 4766 3050 4839 I2)
3077 4787 3090 4822 :
3113 4777 3167 4822 et
3196 4769 3247 4824 in
3277 4771 3364 4824 illo
3391 4771 3580 4828 deﬁni-

1990 4846 2066 4901 vit
2092 4846 2230 4902 Deus
2257 4847 2413 4904 ﬁdem
2429 4851 2698 4919 omnibus,
2715 4855 2981 4912 suscitans
3005 4857 3152 4912 illum
3171 4873 3202 4914 ι
3221 4862 3444 4916 mortuis
3465 4861 3575 4934 (Id.

1989 4951 2129 5003 xvii,
2174 4937 2285 5009 3t).
2338 4940 2516 5010 Itaque
2545 4941 2660 4998 sine
2701 4943 2802 4998 ism
2834 4946 2939 5001 ﬁde
2967 4988 2980 5011 ,
3013 4947 3116 5004 hoc
3145 4960 3261 5014 est,
3313 4951 3429 5008 sine
3472 4952 3581 5010 ﬁde

1988 5027 2144 5082 unius
2187 5029 2493 5086 mediatoris
2538 5031 2631 5088 Dei
2676 5041 2728 5088 et
2776 5034 3048 5091 hominum
3097 5038 3329 5094 hominis
3371 5041 3576 5097 Christi
3659 5062 3669 5088 δ

1987 5116 2146 5185 Jesu;
2176 5121 2292 5176 sine
2333 5121 2434 5177 ﬁde
2455 5165 2472 5189 ,
2515 5123 2729 5196 inquam
2750 5166 2764 5192 ,
2799 5128 3201 5186 resurrectionis
3228 5132 3344 5201 ejus
3369 5177 3382 5200 ,
3413 5149 3574 5205 quam
3631 5122 3646 5156 ³

1989 5211 2128 5266 Deus
2157 5214 2401 5268 omnibus
2429 5215 2450 5246 '
2480 5213 2750 5282 deﬁnivit,
2782 5232 2899 5287 qua:
2942 5219 3122 5290 utique
3163 5221 3278 5278 sine
3326 5223 3575 5280 incarna-
3629 5273 3631 5275 ,

1987 5304 2130 5358 tione
2155 5303 2270 5374 ejus
2309 5319 2374 5360 ac
2411 5316 2582 5362 morte
2610 5322 2713 5363 non
2742 5319 2914 5378 potest
2941 5313 3198 5369 veraciter
3215 5315 3361 5372 credi
3404 5334 3419 5372 :
3457 5319 3576 5376 sine
3637 5319 3648 5326 ”

1988 5393 2092 5450 ﬁde
2129 5411 2255 5466 ergo
2303 5395 2682 5455 incarnationis
2720 5411 2773 5457 et
2826 5404 3014 5460 mortis
3061 5415 3109 5461 et
3164 5412 3572 5467 resurrectionis

1985 5484 2178 5541 Christi
2203 5527 2217 5548 ,
2249 5502 2346 5541 nec
2372 5489 2618 5560 antiquos
2638 5491 2834 5561 justos,
2866 5503 2921 5548 ut
2944 5495 3071 5566 justi
3101 5509 3299 5568 essent,
3326 5517 3353 5556 a
3383 5517 3573 5574 proca.

1985 5576 2052 5630 tis
2064 5577 2304 5646 potuisse
2335 5579 2577 5635 mandari
2599 5621 2614 5646 ,
2647 5592 2698 5638 et
2727 5583 2822 5639 Dei
2843 5587 3010 5656 gratia
3031 5588 3340 5660 justilicari,
3374 5595 3571 5653 veritas

2045 5729 2064 5798 ξ
2087 5734 2277 5798 amatis.
2307 5736 2512 5798 et_ltts_s.,
2539 5734 2763 5798 quoniam
2783 5736 2884 5788 ille.

2047 5791 2066 5820 '
2092 5789 2226 5851 Editi,
2251 5789 2534 5846 hominibus.
2553 5789 2857 5862 'Castigantur
2883 5813 2944 5850 ex
2971 5809 3077 5854 list.
