4034 6182
339 269 442 324 539

341 343 630 440 dtiristiana
658 387 762 428 non
793 367 993 426 debitat
1032 385 1045 420 :
1073 367 1184 420 sive
1213 363 1266 418 in
1288 361 1536 432 etsjustis
1567 375 1702 430 quos
1733 368 1916 414 sancta

339 469 612 538 Scriptura
633 465 1038 523 commemorat,
1065 455 1176 510 sive
1197 454 1247 507 in
1272 453 1350 507 eis
1370 451 1528 521 justis
1548 465 1680 521 quos
1707 449 1922 520 quidem

273 555 429 616 filia
468 537 583 612 nou
631 558 1048 612 commemorat,
1095 544 1189 600 sed
1237 555 1410 598 tamen
1465 541 1626 595 fuisse
1673 537 1924 594 credendi

341 649 464 706 sunt
485 668 500 712 ς
524 646 602 702 vel
628 654 752 697 ante
772 639 1027 696 diluvium
1048 678 1064 702 ,
1092 635 1174 690 vel
1205 633 1326 688 inde
1356 646 1520 701 usque
1547 629 1613 683 ad
1647 630 1814 698 legem
1841 626 1930 680 da-

343 739 488 804 tam,
531 737 611 790 vel
653 733 818 806 ipsius
845 728 977 800 legis
1021 739 1294 794 tempore,
1342 736 1447 776 non
1491 721 1664 774 solum
1708 719 1760 772 in
1806 716 1927 771 ﬁliis

347 830 508 886 Israel
530 870 544 890 .
575 829 712 883 sicut
741 823 950 880 luerunt
977 817 1282 888 Prophetae.
1307 815 1400 870 sed
1429 815 1587 869 etiam
1611 821 1760 867 extra
1785 825 1928 865 eum-

345 920 466 976 dem
498 920 784 990 populum,
815 917 951 970 sicut
974 912 1068 966 luit
1107 909 1229 965 Joh.
1255 907 1321 961 Et
1341 908 1574 969 ipsorum
1599 903 1740 958 enim
1765 900 1927 956 corda

345 1017 532 1070 eadem
565 1010 954 1066 mundahantnr
981 1002 1288 1060 mediatoris
1310 1002 1431 1063 (ide,
1459 1007 1512 1054 et
1537 996 1930 1051 diffundebatur

347 1107 399 1160 in
427 1107 505 1160 eis
530 1103 761 1159 cbaritas
799 1115 894 1169 per
936 1097 1190 1166 Spiritum
1218 1101 1458 1148 sanctum
1503 1088 1678 1161 (liam.
1720 1103 1786 1153 v,
1832 1086 1926 1158 ὅ),

345 1199 436 1268 qui
465 1195 551 1250 ubi
580 1196 690 1247 vnit
712 1191 876 1260 spirat
903 1188 1079 1262 (Joan.
1104 1201 1196 1250 ιιι,
1222 1183 1303 1252 8),
1335 1197 1439 1236 non
1463 1181 1644 1234 merita
1672 1190 1926 1268 sequens,

349 1266 443 1342 sed
470 1287 628 1340 etiam
661 1285 770 1352 ipsa
799 1281 984 1336 merita
1025 1278 1240 1332 iaciens.
1283 1273 1396 1328 Non
1439 1271 1580 1327 enim
1625 1270 1720 1324 Dei
1761 1266 1930 1337 gratia

349 1379 518 1449 gratia
558 1377 659 1430 erit
681 1375 786 1428 ullo
809 1371 985 1437 inodo,
1016 1369 1114 1424 nisi
1143 1365 1368 1439 gratuita
1393 1363 1552 1418 fuerit
1576 1361 1722 1415 «mini
1749 1359 1928 1415 modo.

419 1469 508 1524 $9.
538 1467 790 1536 Quamvis
819 1478 944 1532 ergo
974 1475 1116 1514 mors
1145 1457 1442 1528 regnaverit
1464 1458 1532 1508 ab
1569 1452 1737 1508 Adam
1765 1465 1932 1520 usque

329 1559 418 1615 ad
443 1559 656 1628 Moysen
683 1554 856 1627 (Rom.
887 1568 938 1617 v,
965 1548 1069 1620 ll),
1101 1548 1222 1618 quia
1254 1562 1360 1601 non
1389 1560 1504 1600 eam
1530 1542 1701 1614 potuit
1720 1542 1934 1596 vincere

354 1666 450 1706 nec
469 1651 549 1703 lex
580 1648 697 1701 data
731 1659 825 1714 per
849 1643 1094 1713 Moysen;
1127 1653 1231 1693 non
1253 1637 1393 1691 enim
1419 1635 1542 1689 data
1563 1641 1642 1688 est
1670 1647 1788 1703 qua:
1813 1645 1936 1700 pos-
1983 1703 1987 1706 ﬁ

351 1752 434 1797 set
464 1741 720 1793 rivilieare
741 1733 932 1804 (Gulat.
958 1748 1012 1786 nt
1031 1773 1044 1795 ,
1070 1729 1161 1800 21)
1186 1770 1200 1794 ,
1231 1727 1324 1783 sed
1359 1742 1473 1796 qum
1503 1734 1741 1780 mortuos
1760 1765 1774 1788 ,
1817 1721 1936 1793 qni-

354 1832 452 1885 bus
479 1827 804 1883 vivitieandis
832 1833 976 1880 esset
1017 1821 1184 1892 gratia
1221 1817 1522 1874 necessaria
1549 1857 1564 1882 ,
1613 1830 1719 1870 non
1759 1813 1933 1868 solum

335 1923 552 1995 .peccati
588 1917 962 1988 propagatione
986 1922 1042 1970 et.
1077 1911 1437 1968 dominatione
1481 1915 1771 1978 prostratos
1794 1947 1809 1972 ,
1839 1920 1932 1960 ve-

352 2029 470 2068 rmn
497 2013 654 2066 etiam
685 2010 849 2080 ipsius
885 2005 1017 2076 legis
1055 2003 1231 2058 addita
1276 2000 1707 2071 praevaricatione
1746 1995 1932 2050 convi-

349 2115 486 2162 ctos.
515 2102 736 2157 deberet
756 2096 1072 2160 ostendere;
1095 2109 1211 2148 non
1251 2102 1308 2148 ut
1344 2091 1540 2162 periret
1565 2089 1804 2160 quisquis
1832 2089 1934 2142 hoc

350 2197 405 2254 in
434 2195 523 2250 Dei
556 2189 918 2249 misericordia
940 2187 1103 2244 etiam
1131 2195 1257 2240 tunc
1283 2184 1623 2254 intelligeret,
1646 2181 1739 2235 sed
1763 2188 1818 2233 ιιι
1841 2193 1934 2249 per

352 2303 571 2358 regnum
601 2283 788 2338 mortis
813 2281 878 2334 ad
913 2277 1232 2347 supplicium
1263 2274 1592 2338 desdnatus,
1631 2273 1791 2327 etiam
1831 2269 1935 2325 sibi

337 2380 452 2450 ’ipsi
493 2380 510 2411 ¹
555 2392 648 2446 per
686 2373 1172 2444 prtevaricationem
1213 2364 1348 2436 legis
1391 2364 1795 2428 mauil’estatus,
1837 2361 1932 2417 Dei

351 2477 616 2540 quasiet-et
635 2465 953 2535 adiutorium
970 2503 985 2526 ,
1009 2468 1064 2514 ttt
1090 2459 1178 2512 ubi
1207 2454 1497 2510 abundavit
1518 2462 1788 2521 peceatum
1806 2495 1820 2517 ,
1851 2468 1934 2506 su-

354 2559 739 2630 perabundaret
761 2555 927 2626 gratia
951 2550 1126 2619 (Rom.
1149 2565 1210 2616 v,
1239 2543 1370 2610 ΞΟ),
1392 2561 1509 2613 qua:
1538 2547 1649 2601 sola
1675 2545 1862 2600 liberat
1899 2559 1930 2598 a

351 2667 576 2722 corpore
605 2649 790 2702 mortis
823 2644 980 2714 hujus
1005 2641 1115 2712 (Id.
1145 2657 1252 2706 vn,
1274 2633 1376 2702 2M,
1407 2637 1525 2710 23).

422 2739 646 2796 CAPUT
686 2736 852 2792 XXV.
881 2763 955 2775 —
981 2730 1232 2801 Quamvis
1256 2745 1380 2800 ergo
1425 2741 1521 2783 nec
1545 2727 1633 2782 lex
1667 2742 1762 2796 per
1787 2725 1933 2798 Moy—

349 2851 442 2890 sen
469 2833 588 2888 data
630 2827 858 2898 potuerit
901 2843 930 2880 a
956 2839 1221 2896 quoquam
1262 2821 1476 2874 homine
1499 2828 1716 2888 regnum
1747 2817 1936 2872 mortis

348 2927 592 2987 auferre;
617 2929 770 2976 erant
798 2929 971 2972 tamen
998 2925 1050 2969 et
1075 2914 1204 2983 legis
1231 2921 1472 2980 tempore
1517 2909 1760 2963 homines
1799 2907 1930 2972 Dei,

350 3033 456 3072 non
486 3013 586 3067 sub
617 3016 730 3079 lege
751 3015 1004 3071 terrente,
1023 3004 1393 3064 convincente,
1419 2999 1689 3070 puniente,
1719 2997 1813 3052 sed
1835 2995 1933 3052 sub

349 3108 512 3176 gratia
544 3101 864 3157 delet-tante.
885 3104 1137 3156 sanante,
1166 3094 1444 3148 liberante.
1477 3090 1642 3144 Erant
1671 3089 1760 3157 qui
1785 3088 1930 3142 dice-

351 3205 466 3252 rent
486 3236 501 3259 ,
528 3191 712 3263 Egoitt
740 3187 1080 3259 iniquitatibus
1104 3194 1370 3252 conceptus
1390 3199 1500 3236 sum
1517 3221 1533 3248 ,
1561 3190 1606 3235 et
1631 3182 1684 3234 in
1723 3180 1936 3250 peccatis

349 3293 508 3339 mater
534 3300 642 3336 utea
669 3297 748 3334 me
767 3281 818 3333 in
839 3289 979 3332 utero
1001 3275 1162 3339 aluit;
1186 3283 1234 3328 et
1252 3315 1267 3334 ,
1298 3271 1416 3326 Non
1445 3281 1514 3326 est
1544 3287 1646 3344 pus:
1669 3269 1719 3324 in
1740 3269 1935 3324 ossibus

349 3379 472 3431 meis
496 3392 526 3426 a
556 3374 686 3442 [acie
714 3379 1032 3441 peccatorum
1059 3380 1280 3419 meorum
1311 3361 1481 3435 (Psal.
1512 3376 1695 3416 xxxv"
1715 3402 1730 3424 ,
1753 3360 1830 3430 4);
1857 3369 1931 3426 et,

351 3467 450 3521 Cor
479 3465 720 3519 mundum
745 3477 857 3514 c-rea
879 3461 930 3514 in
953 3474 1052 3522 me,
1083 3455 1242 3519 Deus,
1280 3464 1326 3508 et
1358 3453 1591 3523 spiritum
1631 3462 1819 3507 rectum
1855 3451 1937 3506 in-

351 3575 476 3613 uova
499 3559 547 3610 in
573 3554 838 3609 visceribus
868 3550 1021 3614 meis;
1043 3559 1097 3605 et
1119 3590 1134 3614 ,
1165 3547 1364 3617 Spiri‘u
1394 3545 1663 3614 principali
1689 3545 1935 3612 conﬁrma

351 3666 429 3704 me
445 3666 462 3712 ;
483 3658 556 3710 et,
587 3646 836 3716 Spiritum
863 3652 1088 3697 sanctum
1117 3651 1256 3692 luunt
1287 3655 1350 3693 ue
1372 3637 1571 3707 auferas
1597 3654 1628 3690 a
1654 3653 1732 3690 tne
1759 3635 1932 3709 (Psal.

351 3758 402 3805 ι..
423 3742 478 3806 7,
513 3739 606 3801 12,
641 3740 727 3800 ll,
760 3734 867 3806 15).
896 3733 1060 3787 Erant
1088 3731 1176 3802 qui
1203 3727 1705 3795 dieerent,Ct-edidi,
1730 3737 1936 3800 propter

349 3838 482 3900 quod
499 3834 696 3885 loeutus
721 3843 829 3881 sum
861 3823 1034 3894 (Psul.
1061 3838 1188 3887 cxv,
1215 3823 1290 3890 l).
1318 3821 1514 3874 Eadem
1536 3821 1732 3890 quippe
1757 3831 1810 3875 et
1837 3820 1936 3889 ipsi

352 3923 744 3978 mandabantur
766 3918 890 3982 lide,
917 3932 1019 3987 qua
1047 3924 1101 3970 et
1133 3928 1250 3968 nos.
1281 3913 1434 3970 Unde
1463 3923 1517 3969 et
1543 3915 1822 3982 Apostolus
1847 3914 1934 3968 di-

351 4016 455 4078 cit,
491 4011 741 4066 [labentes
772 4018 936 4063 autem
959 4008 1186 4060 curm/em
1213 4006 1446 4076 spiritum
1466 4004 1632 4079 ﬁdei,
1661 4005 1937 4060 secundum

350 4109 484 4178 quod
509 4107 752 4172 scriptum
773 4113 878 4165 est,
906 4099 1110 4154 Credidi
1130 4139 1144 4160 ,
1177 4107 1382 4170 propter
1409 4095 1544 4168 quod
1567 4097 1764 4150 locutus
1787 4113 1936 4164 sum;

352 4209 396 4252 et
433 4215 525 4250 nos
552 4196 831 4257 credimus,
857 4201 1060 4262 propter
1084 4189 1218 4260 quod
1255 4197 1300 4242 et
1320 4187 1573 4262 loquimur
1597 4187 1660 4262 (ll
1697 4189 1814 4243 Cor.
1847 4205 1900 4244 tv
1920 4232 1934 4256 ,

354 4290 464 4360 13).
493 4289 567 4344 Ex
609 4287 722 4359 ipsa
757 4285 860 4342 ﬁde
883 4285 1158 4339 dicebatur
1179 4323 1196 4350 ,
1229 4280 1361 4336 Ecce
1383 4283 1522 4352 virgo
1545 4282 1597 4335 in
1638 4291 1780 4336 utero
1808 4281 1942 4336 acci-

354 4383 475 4451 piet,
498 4389 544 4433 et
571 4379 730 4449 pariet
752 4376 940 4446 ﬁlium;
957 4384 1000 4429 et
1025 4374 1269 4428 vocabunt
1292 4389 1469 4427 uorum
1486 4373 1594 4443 ejus
1614 4371 1937 4442 Emmanuel,

352 4471 488 4543 quod
512 4479 581 4524 est
619 4469 1033 4536 interpretatum,
1064 4463 1340 4519 Nobiscum
1374 4463 1507 4518 Deus
1535 4463 1687 4533 (lsai.
1721 4479 1818 4530 vn,
1851 4466 1938 4530 14.

354 4575 402 4621 et
441 4562 625 4618 Matth.
653 4575 706 4624 ι,
733 4559 848 4626 23).
881 4559 955 4613 Es
995 4557 1108 4626 ipsa
1147 4555 1250 4610 ﬁde
1278 4555 1346 4610 de
1386 4555 1503 4626 ipso
1529 4555 1836 4622 dicebatur,
1873 4555 1942 4612 Et

352 4655 464 4724 ipse
486 4662 725 4720 tanquam
746 4663 962 4718 sponsus
992 4643 1264 4716 procedens
1284 4643 1346 4698 de
1373 4643 1596 4698 thalamo
1615 4661 1708 4700 suo
1736 4661 1756 4701 :
1775 4647 1944 4703 exsul-

355 4747 476 4802 tavit
503 4754 554 4798 ut
575 4745 716 4815 gigas
741 4740 810 4796 ad
833 4737 1136 4794 currendum
1157 4738 1313 4800 viam;
1332 4752 1364 4790 a
1383 4752 1576 4790 summo
1600 4737 1714 4792 caeli
1735 4738 1757 4770 ³
1777 4753 1944 4808 egres-

353 4838 430 4892 sio
459 4837 568 4907 ejus
591 4876 606 4902 ,
652 4843 700 4888 et
736 4847 974 4886 occursus
999 4830 1110 4900 ejus
1140 4843 1297 4900 usque
1335 4828 1404 4882 ad
1441 4843 1690 4882 summum
1715 4828 1869 4894 casti;
1894 4839 1942 4884 et

355 4944 457 4982 non
487 4934 558 4980 est
595 4924 680 4994 qui
703 4939 757 4978 se
783 4920 1053 4977 abscondat
1091 4935 1124 4972 α
1151 4917 1320 4973 calore
1343 4920 1450 4990 ejus
1487 4917 1658 4989 (l’sal.
1694 4935 1820 4974 xvm
1839 4959 1856 4986 ,
1883 4921 1936 4988 6,

357 5023 436 5079 7).
467 5017 542 5072 Ex
572 5016 677 5071 lidc
700 5015 813 5086 ipsa
839 5013 938 5082 ipsi
963 5011 1256 5077 dicebatur,
1291 5010 1522 5066 Thromts
1547 5022 1681 5077 tuus,
1707 5011 1864 5078 Deus,
1887 5014 1941 5068 in

343 5111 595 5166 'sa'culum
636 5106 840 5172 seaculi,
870 5105 1012 5174 virga
1037 5103 1322 5157 directionis
1340 5145 1354 5168 ,
1383 5103 1524 5173 virga
1551 5103 1692 5174 regni
1720 5104 1834 5159 tui:
1863 5104 1943 5157 di-

358 5199 523 5253 lexisti
543 5199 794 5268 justitiam
817 5237 834 5262 ,
864 5205 910 5248 et
934 5193 1086 5248 odisti
1121 5193 1429 5258 iniquitatem
1450 5233 1464 5258 ,
1507 5202 1769 5261 propterea
1800 5194 1944 5250 unxit

358 5301 424 5353 te,
455 5288 620 5356 Deus,
656 5288 789 5344 Deus
827 5299 944 5342 tuus
969 5288 1077 5342 oleo
1098 5285 1447 5341 exsultationis
1485 5300 1590 5354 pro:
1616 5285 1942 5354 participibus

359 5382 455 5436 tuis
487 5379 655 5449 (Paul.
680 5395 818 5446 κων,
841 5381 895 5440 ’1,
919 5380 996 5449 8).
1021 5377 1220 5432 Eodem
1252 5377 1437 5445 Spiritu
1464 5375 1581 5432 lidei
1609 5376 1676 5429 ab
1703 5376 1804 5430 illis
1827 5376 1938 5431 lucc

360 5472 530 5526 lut'tra
563 5469 907 5535 videbantur,
939 5485 1047 5539 quo
1073 5485 1102 5522 a
1149 5469 1300 5523 nobis
1327 5467 1458 5520 lucta
1496 5467 1802 5522 creduntur.
1837 5466 1938 5522 Ne-

369 5685 378 5692 .
425 5626 438 5657 ι
472 5623 724 5732 veg-canus
744 5628 846 5680 515.,
868 5618 931 5670 ad
953 5627 1184 5670 a’ternum
1209 5619 1494 5684 supplicium
1512 5619 1773 5671 destinatus
1797 5623 1939 5672 elixa:

369 5698 460 5732 [3.2"
488 5697 528 5730 δι
584 5717 596 5729 ι

386 5698 460 5729 ἶῗὲΐ
488 5702 504 5725 ξε
512 5698 576 5729 ιω
584 5717 596 5729 ι

363 5698 446 5779 ι”ῗ
471 5697 596 5796 idid
629 5739 766 5794 mlo.
788 5747 914 5803 ωδε..
939 5741 1065 5794 ctuti.

1591 247 1649 303 8.
1687 246 1827 303 AUG
1837 241 2033 301 USTIN
2041 241 2058 296 ι
2097 237 2404 297 EPISCOPI

3513 240 3616 295 8οο

2029 369 2131 426 que
2172 355 2312 408 enim
2340 348 2431 422 qui
2463 349 2614 406 nobis
2653 348 2752 404 ista
2795 346 2936 403 ﬁdeli
2976 347 3261 404 dilectione
3305 349 3623 418 prophetare

2032 451 2350 515 potuerunt,
2407 455 2589 496 eorum
2639 439 2738 509 ipsi
2789 439 3071 509 participes
3119 456 3224 492 non
3279 439 3510 495 luerunt.
3557 443 3625 498 Et

2033 537 2172 591 unde
2210 545 2290 590 est
2329 533 2468 604 quod
2512 532 2640 587 dicit
2681 531 2954 600 apostolus
2997 531 3217 596 Petrus,
3250 531 3386 599 Quid
3422 536 3626 588 tentatis

2033 625 2199 680 Deum
2225 667 2239 691 ,
2288 625 2548 678 itnsvnere
2577 623 2762 695 fagum
2801 638 2953 690 supra
2979 622 3166 674 collum
3213 623 3580 690 discipulorum
3603 664 3620 690 ,

2031 717 2167 787 quod
2194 731 2348 786 neque
2377 724 2543 785 patres
2584 713 2776 776 nostri,
2801 729 2960 782 neque
2987 729 3078 766 nos
3107 715 3360 780 potuimus
3388 725 3621 782 portare;

2032 811 2120 860 sed
2146 824 2234 877 per
2254 807 2468 881 gratiam
2494 803 2700 858 Domini
2727 803 2848 857 Iesu
2875 805 3122 857 credimus
3138 807 3264 858 salvi
3289 805 3400 872 ﬁeri
3419 844 3436 869 ,
3463 822 3626 871 quens-

2035 897 2308 954 admodum
2333 896 2478 950 etilli
2509 896 2644 965 (Act.
2681 910 2774 959 xv,
2808 895 2894 958 10,
2929 894 3018 964 11)
3045 913 3058 948 :
3084 896 3184 948 nisi
3205 901 3327 964 quia
3353 908 3406 950 et
3431 897 3500 950 illi
3532 913 3622 966 per

2033 991 2255 1061 gratiam
2291 989 2494 1042 Domini
2517 987 2642 1042 Jesu
2673 985 2870 1041 Christi
2895 987 3023 1040 salvi
3052 987 3170 1041 facti
3203 999 3321 1040 sunt
3347 1025 3366 1052 ,
3393 1003 3500 1042 non
3531 1005 3622 1057 per

2035 1081 2204 1152 legem
2233 1081 2420 1150 Moysi,
2455 1095 2550 1149 per
2573 1095 2732 1150 qttam
2763 1095 2866 1132 non
2895 1080 3101 1132 sanatio
3123 1121 3138 1142 ,
3162 1081 3254 1134 sed
3282 1082 3516 1148 cognitio
3543 1091 3622 1136 (ιδ’

2038 1169 2171 1225 facta
2201 1170 2443 1240 peccati?
2476 1167 2629 1222 Nunc
2649 1179 2816 1222 autent
2856 1169 2966 1222 sine
2990 1170 3096 1239 lege
3111 1169 3315 1238 justitiu
3339 1169 3433 1222 Dei
3459 1172 3619 1223 muni-

2037 1266 2216 1335 festata
2260 1272 2369 1323 est,
2412 1261 2679 1328 testiﬁcata
2715 1276 2806 1334 per
2831 1257 3015 1328 Legem
3043 1270 3089 1312 et
3123 1258 3408 1328 PrOphetas
3448 1259 3604 1333 (liam

2037 1368 2093 1408 ιιι
2112 1395 2127 1418 ,
2155 1353 2226 1408 20
2245 1394 2260 1420 ,
2284 1352 2399 1424 9-1).
2428 1350 2482 1408 Si
2509 1367 2639 1421 ergo
2665 1367 2804 1404 nunc
2831 1348 3167 1404 tmmil‘estata
3189 1361 3292 1413 est,
3313 1350 3474 1404 etiam
3501 1360 3629 1404 tum

2036 1454 2182 1509 erat,
2229 1443 2323 1499 sed
2363 1443 2590 1499 occulta.
2635 1442 2796 1511 Cujus
2841 1442 3249 1496 occultationem
3297 1441 3630 1511 signiﬁcabat

2039 1536 2219 1607 templi
2249 1536 2443 1601 velum,
2474 1533 2614 1604 quod
2643 1543 2726 1588 est
2754 1533 2819 1586 ad
2844 1533 2963 1601 ejus
2991 1531 3386 1600 signiﬁcandam
3415 1533 3625 1586 revela-

2039 1628 2236 1682 tionem
2281 1626 2496 1682 Christo
2527 1625 2786 1682 moriente
2814 1623 3140 1678 eonscissum
3195 1622 3410 1690 (llatth.
3441 1639 3584 1678 an
3608 1663 3626 1692 ,

2038 1719 2149 1790 51).
2177 1717 2242 1772 Et
2281 1725 2407 1771 tunc
2433 1732 2561 1785 ergo
2601 1715 2697 1768 ista
2724 1714 2890 1784 gratia
2918 1713 3072 1767 unius
3097 1713 3408 1768 mediatoris
3440 1712 3532 1766 Dei
3573 1719 3629 1769 et

2039 1811 2314 1866 hominum
2341 1810 2572 1864 hominis
2597 1809 2794 1864 Chri~ti
2833 1807 2959 1864 Jesu
2980 1818 3138 1876 ,icrat
3167 1809 3218 1861 in
3263 1809 3456 1879 populo
3485 1809 3576 1864 Dei
3609 1825 3626 1862 :

2039 1903 2133 1959 sed
2165 1913 2412 1971 tanquam
2445 1902 2496 1956 in
2539 1903 2736 1956 vellere
2768 1901 2942 1970 pluvia
2965 1941 2980 1966 ,
3009 1915 3166 1970 quam
3209 1915 3312 1954 non
3355 1901 3587 1956 debitam
3607 1941 3627 1970 ,

2039 1994 2134 2050 sed
2163 1995 2511 2048 voluntariam
2541 2002 2786 2063 segregat
2823 1995 2964 2046 Dens
2995 1991 3290 2046 hatreditati
3321 2009 3432 2046 sum
3452 1991 3626 2059 (l’sal.

2041 2100 2200 2146 uvu,
2227 2085 2338 2152 10),
2363 2085 2534 2138 inerat
2560 2083 2760 2146 latens;
2787 2096 2926 2136 nunc
2947 2093 3124 2136 autem
3154 2082 3295 2136 velut
3314 2084 3515 2138 siccato
3538 2084 3628 2138 illo

2039 2175 2256 2241 vellere,
2283 2174 2382 2229 hoc
2404 2182 2513 2238 est,
2541 2173 2762 2228 Judaico
2789 2172 2986 2241 populo
3017 2175 3300 2240 reprobate
3319 2213 3333 2238 ,
3370 2173 3422 2227 in
3448 2173 3627 2228 ὸιιιιιί-

2039 2265 2138 2321 bus
2163 2266 2410 2336 gentibus
2435 2274 2683 2334 tanquam
2713 2264 2766 2318 in
2795 2277 2920 2318 area
2945 2263 3181 2318 cernitur
3208 2275 3394 2334 patens
3427 2262 3625 2336 (Judic.

2041 2372 2118 2423 Vt,
2146 2358 2349 2428 liti-ill).

2111 2447 2335 2504 CAPUT
2366 2445 2554 2503 XXVI.
2585 2477 2658 2488 —
2679 2446 2768 2502 50.
2803 2445 2917 2501 Non
2947 2445 3122 2518 igitur,
3154 2457 3289 2502 sucut
3312 2447 3554 2517 Pelagius
3575 2457 3630 2504 et

2039 2540 2156 2610 ejus
2179 2541 2445 2610 discipuli,
2476 2551 2712 2609 tempora
2743 2539 3061 2600 dividamus.
3085 2539 3326 2594 dicentes
3346 2581 3360 2602 ,
3397 2539 3628 2595 Primum

2038 2632 2218 2685 vixisse
2231 2633 2399 2702 justos
2424 2631 2650 2685 homines
2677 2647 2739 2684 ea:
2764 2641 2970 2692 natura,
3000 2630 3182 2684 deinde
3207 2631 3297 2684 sub
3329 2631 3457 2702 lege,
3483 2633 3630 2686 tertio

2039 2723 2131 2777 sub
2159 2725 2342 2794 gratia.
2378 2721 2455 2776 Ex
2501 2733 2718 2786 natura,
2766 2723 2971 2777 scilicet
3003 2722 3070 2776 ab
3113 2721 3278 2776 Adam
3328 2733 3432 2776 tant
3473 2723 3630 2793 longa

2037 2822 2196 2868 actate
2215 2853 2229 2879 ,
2257 2827 2358 2884 qua
2388 2812 2470 2866 lex
2505 2811 2738 2866 no.tdu:n
2763 2821 2878 2865 crat
2905 2811 3048 2866 data.
3087 2809 3234 2884 Tum;
3253 2813 3416 2871 enim.
3443 2815 3625 2880 aiunt,

2039 2905 2166 2959 duce
2192 2905 2386 2958 ratione
2423 2903 2812 2974 coguoscebntur
2841 2901 3048 2957 Creator
3070 2942 3083 2968 ,
3134 2913 3181 2957 et
3207 2905 3631 2974 quemadmodum

2036 3007 2166 3052 esset
2196 2996 2486 3061 vivendum,
2525 2995 2768 3063 scriptum
2807 2996 3073 3064 gerebatur
3115 2997 3169 3054 in
3209 2996 3441 3048 cordibus
3463 3037 3480 3060 ,
3527 3013 3629 3050 non

2040 3087 2146 3158 lege
2191 3089 2387 3160 litterw,
2417 3087 2505 3140 sed
2533 3095 2748 3140 naturw.
2789 3081 2970 3138 Ve'rum
3011 3085 3199 3139 vitiatis
3244 3085 3498 3151 moribus,
3550 3087 3634 3140 in-

2039 3181 2257 3251 quiunt,
2291 3177 2371 3232 ubi
2399 3178 2546 3250 cmpit
2575 3194 2675 3231 non
2701 3177 2924 3248 sufficere
2948 3188 3128 3231 natura
3149 3178 3252 3244 iam
3284 3179 3515 3240 decolor,
3550 3177 3636 3233 les

2040 3273 2084 3326 ei
2101 3273 2277 3326 addita
2301 3282 2394 3338 est,
2421 3289 2540 3340 qua,
2567 3272 2694 3324 velut
2716 3273 2858 3335 luna,
2884 3270 3074 3341 [uigori
3099 3271 3312 3340 pristino
3338 3271 3520 3324 detrita
3544 3287 3636 3324 ru-

2040 3363 2206 3436 bigine
2224 3363 2534 3416 redderetur.
2564 3363 2669 3417 Sed
2705 3372 3028 3434 posteaquam
3055 3363 3211 3414 nimia
3228 3402 3242 3425 ,
3286 3362 3423 3416 sicut
3450 3362 3636 3432 dispu-

2043 3463 2190 3520 tant,
2223 3455 2465 3524 peccandi
2501 3454 2807 3508 consuetudo
2835 3455 3133 3525 praevaluit,
3159 3455 3242 3508 cui
3273 3457 3519 3510 sanandas
3551 3457 3636 3510 lex

2043 3562 2226 3616 parum
2266 3544 2448 3599 valeret
2471 3546 2510 3612 ¹,
2545 3543 2774 3599 Christus
2814 3546 3051 3610 advenit,
3094 3549 3140 3599 et
3181 3556 3417 3617 tanquam
3461 3551 3636 3601 morbo

2040 3638 2444 3708 desperatissimo
2467 3678 2483 3701 ,
2525 3653 2627 3690 non
2673 3652 2762 3706 per
2798 3635 3074 3706 discipulos
3097 3678 3114 3706 ,
3143 3639 3231 3693 sed
3273 3655 3364 3710 per
3387 3656 3442 3694 se
3469 3640 3634 3710 ipsum

2041 3731 2260 3785 medicus
2299 3731 2406 3798 ipse
2429 3729 2673 3783 subvenit.

2113 3823 2200 3876 51.
2237 3821 2358 3876 Ihec
2380 3820 2730 3889 disputantes,
2761 3834 2790 3873 a
2812 3819 2978 3890 gratia
3001 3821 3308 3876 mediatoris
3329 3820 3504 3892 justus
3541 3838 3606 3877 ex

2042 3911 2257 3966 cludere
2283 3920 2542 3965 conantur
2566 3911 2813 3980 antiquos
2835 3951 2852 3974 ,
2897 3921 3144 3980 tauquam
3190 3911 3280 3965 Dei
3319 3923 3373 3966 et
3409 3913 3620 3966 illorum

2043 4001 2317 4058 hominum
2355 4017 2460 4057 non
2503 4000 2661 4057 fuerit
2693 4001 2953 4056 mediator
2983 4002 3142 4057 homo
3173 4000 3410 4056 Clu-istm
3435 4004 3627 4069 Jrsus,

2043 4094 2165 4164 quia
2195 4093 2427 4147 nondtttn
2459 4107 2523 4149 ex
2553 4103 2705 4147 utero
2739 4093 2966 4163 Virginis
2986 4109 3145 4150 carne
3175 4107 3442 4164 suscepta.
3473 4095 3630 4150 homo

2044 4184 2280 4241 nondum
2319 4185 2452 4251 fuit,
2481 4184 2694 4256 quando
2733 4184 2806 4238 illi
2841 4186 2970 4252 justi
3015 4185 3247 4240 luerunt.
3279 4187 3430 4255 Quod
3473 4189 3516 4241 si
3559 4188 3632 4244 ita

2043 4286 2223 4342 esset,
2269 4293 2601 4348 nequaquam
2649 4278 2932 4347 Apostolus
2975 4279 3223 4334 diceret:
3257 4279 3361 4333 Per
3383 4281 3635 4336 hominem

2044 4383 2214 4434 mors,
2249 4378 2299 4424 et
2337 4385 2426 4438 per
2465 4365 2716 4426 homi'nun
2741 4370 3042 4423 resurrectio
3087 4380 3396 4424 mortuorum
3446 4385 3466 4426 :
3507 4372 3637 4425 sicut

2045 4461 2176 4515 enim
2203 4461 2254 4514 in
2277 4459 2439 4512 Adam
2459 4474 2629 4512 omnes
2654 4459 2954 4522 moriuntur,
2985 4459 3058 4512 sic
3087 4470 3134 4514 et
3164 4461 3214 4514 in
3239 4458 3440 4516 Christo
3464 4477 3636 4516 omnes

2045 4551 2428 4620 vivificabuntur
2466 4549 2506 4619 (l
2536 4548 2654 4604 Cor.
2698 4563 2786 4612 xv,
2813 4550 2874 4604 ‘ll
2901 4591 2916 4614 ,
2943 4548 3062 4620 ‘22).
3091 4551 3527 4623 Quandoquidem
3561 4552 3636 4608 illi

2047 4641 2245 4712 antiqui
2266 4641 2417 4712 justi,
2443 4640 2731 4696 secundum
2765 4641 2984 4694 istorum
3015 4643 3318 4712 vaniloquia
3343 4685 3358 4706 ,
3393 4644 3489 4700 sibi
3522 4642 3641 4699 sul-

2046 4729 2258 4788 ftciente
2303 4739 2521 4795 natura,
2552 4747 2650 4786 nec
2677 4731 2970 4786 mediatore
3008 4731 3225 4788 homine
3251 4733 3464 4792 Chri~to
3495 4735 3630 4790 indi-

2045 4831 2300 4892 guerunt,
2343 4838 2438 4892 per
2477 4839 2632 4892 quem
2664 4825 3137 4880 reconciliarentur
3164 4825 3272 4880 Deo
3301 4843 3316 4880 :
3350 4841 3449 4882 nec
3479 4841 3530 4882 ιιι
3570 4841 3640 4883 co

2048 4914 2474 4978 viviﬁcabuntur,
2502 4913 2568 4968 ad
2595 4915 2746 4983 cujus
2771 4930 2965 4983 enrpus
2989 4925 3042 4970 et
3061 4916 3320 4983 membra,
3339 4917 3637 4974 secundum

2047 5005 2100 5061 id
2127 5006 2266 5077 quod
2293 5016 2508 5076 prapter
2537 5005 2780 5062 homines
2808 5005 2970 5061 homo
2995 5005 3168 5062 factus
3189 5018 3294 5072 est,
3328 5024 3434 5062 non
3466 5008 3630 5078 perti-

2048 5113 2177 5154 nere
2204 5107 2585 5155 monstrantur.
2617 5098 2670 5153 Si
2697 5107 2894 5165 autem,
2915 5099 3359 5168 quemadmodum
3377 5115 3471 5169 per
3492 5103 3636 5169 Apo-

2047 5190 2209 5244 stolos
2227 5204 2353 5246 suos
2370 5189 2572 5244 Veritas
2585 5189 2834 5259 loquitur,
2850 5191 2977 5245 sicut
2989 5192 3040 5244 in
3055 5191 3217 5244 Adam
3234 5208 3403 5247 omnes
3417 5193 3636 5247 moriun-

2048 5289 2130 5334 tur
2144 5322 2159 5346 ,
2177 5281 2248 5333 sic
2268 5289 2312 5332 et
2332 5279 2382 5334 in
2407 5277 2606 5334 Christo
2626 5296 2794 5334 omnes
2815 5281 3348 5352 vivi/ienbuntur;quia
3371 5299 3458 5352 per
3475 5283 3626 5337 illum

2048 5373 2297 5424 hominem
2333 5387 2488 5434 mors,
2513 5379 2557 5423 et
2595 5387 2682 5440 per
2710 5372 2867 5426 istum
2897 5372 3148 5427 hominem
3182 5384 3474 5427 resurrectio
3498 5389 3637 5425 morh

2049 5473 2246 5515 tuorum
2284 5479 2303 5516 :
2349 5461 2467 5532 quis
2526 5461 2715 5516 audeat
2755 5463 2996 5518 dubitare
3044 5464 3365 5518 Christianus
3396 5507 3410 5528 ,
3467 5464 3630 5518 etiam

2050 5552 2166 5604 illos
2202 5552 2373 5620 justus
2401 5594 2414 5616 ,
2467 5550 2554 5620 qui
2600 5553 2985 5609 recentioribus
3033 5552 3107 5626 (τι)
3159 5553 3369 5627 generis
3415 5553 3632 5610 humani

2121 5683 2291 5737 tritta,
2322 5679 2458 5731 t'ult’l.
2487 5690 2541 5731 Αι
2559 5689 2688 5738 its-5.,
2713 5667 2904 5736 valeret.

2114 5744 2188 5808 (ιι)
2212 5751 2346 5794 Forte
2364 5781 2376 5805 ,
2405 5744 2748 5796 remotioribus.
