4034 6182
300 453 395 509 ιοι

295 567 626 640 temporibus
661 568 773 624 Deo
801 567 1153 638 placuerunt,
1199 565 1318 622 ideo
1347 567 1400 621 in
1433 565 1882 622 resurrectionem

293 663 416 717 vitae
435 669 653 714 aeternae
671 699 688 724 ,
717 674 820 712 non
844 659 1030 712 mortis
1053 667 1271 712 aeterna:
1299 672 1419 712 esse
1447 664 1700 712 venturos
1717 696 1733 722 ,
1761 655 1885 726 quia

293 752 348 811 in
393 751 607 808 Christo
651 750 1091 812 viviﬁcabuntur;
1139 749 1262 804 ideo
1303 758 1479 802 autem
1528 747 1780 802 vivilicari
1830 747 1883 800 iti

293 846 530 908 Christo,
553 844 802 914 quoniam
831 843 894 896 ad
925 857 1119 910 Corpus
1149 843 1417 911 pertinent
1437 840 1736 900 Christi;et
1765 839 1886 894 ideo

293 939 566 1009 pertinere
594 936 658 989 ad
685 949 879 1004 corpus
910 935 1128 996 Christi,
1173 935 1294 1003 quia
1345 943 1397 988 et
1437 933 1566 1001 ipsis
1603 942 1760 1002 caput
1803 940 1886 988 cst

291 1027 541 1082 Christus
561 1027 602 1095 (Ι
619 1027 735 1078 (ἔον.
755 1042 824 1088 xi,
841 1023 918 1094 5);
939 1025 1057 1078 ideo
1075 1036 1122 1078 et
1146 1026 1271 1092 ipsis
1283 1033 1568 1091 caputcsse
1585 1022 1880 1088 Clu-isuim,

292 1119 418 1188 quia
443 1133 578 1171 unus
606 1117 868 1172 mediator
883 1126 964 1169 est
987 1117 1075 1168 Dei
1091 1125 1146 1168 et
1163 1113 1435 1168 hominum
1461 1115 1620 1167 homo
1643 1115 1888 1169 Christus

285 1205 490 1265 Jesns"
531 1208 682 1276 Quod
727 1209 806 1261 eis
847 1223 950 1261 non
1003 1206 1230 1270 l'uisset,.
1259 1207 1358 1260 nisi
1395 1207 1447 1260 in
1488 1207 1603 1275 ejus
1645 1219 1890 1261 resurre-

288 1299 529 1353 CIiOnem
591 1314 686 1367 per
711 1301 827 1366 ejus
871 1298 1092 1368 gratiam
1137 1297 1510 1352 credidissent.
1543 1297 1606 1350 Et
1630 1295 1728 1350 hoc
1756 1312 1888 1366 quo-

291 1391 458 1444 modo
487 1389 668 1450 ﬁeret.
701 1391 746 1445 si
779 1405 900 1444 eum
932 1390 982 1442 in
1021 1405 1182 1443 carne
1221 1400 1498 1442 venturum
1531 1403 1650 1445 esse
1690 1390 1891 1443 nescis-

301 1490 450 1539 ‘ent.
489 1495 662 1550 neque
691 1497 756 1535 ex
802 1483 900 1534 hac
927 1480 1029 1535 lide
1049 1480 1192 1549 juste
1222 1481 1410 1550 pieqtte
1434 1480 1724 1534 visissent?
1753 1479 1886 1534 Nam

290 1573 341 1626 si
383 1585 658 1643 pr0pterea
691 1575 796 1628 illis
833 1593 936 1629 ttott
968 1574 1477 1644 profuitineat-natio
1502 1574 1733 1640 Christi,
1765 1575 1886 1643 quia

293 1665 532 1718 nomlmn
563 1668 698 1721 facta
725 1674 875 1730 erat;
900 1681 998 1721 nec
1029 1667 1180 1720 nobis
1210 1683 1258 1736 pi
1271 1665 1423 1720 odest
1448 1665 1706 1734 judicium
1734 1663 1891 1718 Chri-

292 1755 364 1810 5ti
391 1757 459 1811 de
485 1758 624 1810 vivis
652 1766 702 1812 et
738 1757 996 1822 mortuis,
1035 1757 1155 1826 quia
1197 1756 1431 1827 nendum
1472 1761 1666 1810 factum
1697 1767 1802 1810 est.
1833 1753 1889 1810 Si

291 1856 472 1902 autem
505 1863 604 1900 nos
632 1863 725 1916 per
754 1847 910 1916 hujus
950 1847 1183 1902 nondum
1215 1845 1336 1900 facti
1361 1887 1380 1914 ,
1410 1846 1502 1901 sed
1529 1846 1684 1900 l'uturi
1703 1846 1888 1915 jmlieii

292 1939 452 1994 ﬁdem
480 1941 741 1994 stabimus
766 1939 829 1993 ad
860 1939 1134 1994 devteram
1162 1939 1359 1994 Christi
1387 1923 1409 2002 ς’
1432 1939 1668 2009 profecto
1695 1937 1766 1992 illi
1797 1953 1892 2008 per

290 2032 680 2086 incarnationis
707 2032 824 2101 ejus
863 2041 987 2088 tune
1015 2030 1250 2086 nondum
1290 2030 1463 2098 factm,
1489 2030 1584 2086 scd
1611 2029 1800 2086 futura:
1828 2029 1891 2086 li-

294 2121 418 2178 detn
447 2121 689 2176 membra
720 2133 841 2176 sunt
867 2121 1084 2176 Christi.

374 2213 606 2270 CAPUT
647 2213 860 2268 XXVII.
882 2243 952 2254 -
973 2214 1060 2270 '52.
1098 2213 1284 2282 Neque
1305 2211 1445 2267 enim
1469 2210 1757 2282 putandum
1783 2219 1887 2276 est,

297 2306 439 2376 quod
470 2306 706 2375 :mtiquis
728 2307 891 2374 justis
917 2307 1027 2360 sola
1071 2321 1190 2375 qua:
1230 2319 1443 2374 semper
1479 2314 1613 2369 erat,
1643 2303 1901 2359 divinitas

294 2394 517 2461 Christi,
543 2414 647 2449 non
679 2398 837 2450 etiam
871 2413 985 2460 quae
1007 2397 1240 2450 nomium
1267 2404 1401 2458 erat,
1432 2395 1548 2465 ejus
1585 2395 1889 2450 humanitas

296 2491 529 2544 revelata
557 2488 831 2557 profuerit.
858 2487 986 2542 Illud
1013 2487 1157 2542 enim
1178 2487 1318 2558 quod
1341 2488 1414 2541 ait
1439 2487 1692 2541 DOll'lilllh
1709 2485 1886 2551 Jesus,

295 2580 554 2633 Abraham
581 2579 864 2649 concupivit
885 2579 1016 2632 diem
1038 2595 1201 2631 meum
1232 2579 1420 2641 videre,
1441 2587 1486 2630 et
1507 2579 1662 2643 vidit,~
1678 2587 1723 2631 et
1743 2579 1889 2649 gavi-

295 2685 383 2724 sus
407 2681 514 2734 est;
535 2671 578 2722 si
608 2669 747 2724 diem
770 2686 922 2724 suum
954 2669 1114 2722 voluit
1141 2685 1293 2723 suum
1321 2680 1526 2738 tempus
1549 2669 1892 2738 intrlligi,.te-

298 2763 606 2816 stituonintn
630 2759 867 2832 proiecto
892 2761 1160 2832 perhibuit
1183 2761 1431 2824 Abrahte,
1451 2761 1588 2830 quod
1609 2759 1714 2814 fide
1730 2760 1890 2815 fuerit

299 2855 678 2910 incarnationis
705 2857 822 2925 ejus
851 2856 1100 2909 imbutus.
1121 2854 1423 2910 Secundum
1447 2856 1584 2909 hanc
1610 2855 1752 2909 enim
1787 2853 1884 2908 ha-

295 2945 384 3003 bet
415 2957 657 3014 tempus:
679 2947 928 3000 divinitas
945 2962 1072 3000 vero
1096 2946 1214 3016 cjus
1233 2960 1392 3000 omne
1423 2954 1631 3014 tempus
1653 2945 1888 3010 excedit,

294 3039 420 3110 quia
449 3055 548 3110 per
579 3039 720 3093 illam
753 3039 1002 3093 universa
1035 3040 1169 3092 facta
1199 3046 1323 3092 sunt
1364 3046 1622 3107 tempora.
1654 3035 1805 3103 Quod
1833 3046 1888 3092 et

295 3131 343 3184 si
373 3121 653 3200 quisquam
673 3130 742 3184 de
767 3131 853 3184 die
869 3131 1193 3198 sempiterno
1217 3129 1580 3198 accipiendum
1601 3130 1885 3198 putaverit,

295 3229 386 3296 qui
417 3227 569 3280 nullo
599 3227 778 3280 linitur
803 3229 1056 3292 crastino,
1087 3226 1230 3280 nullo
1255 3226 1580 3297 praevenitur
1605 3224 1881 3291 hesterno,

297 3315 401 3371 hoc
426 3327 530 3382 est,
562 3317 629 3370 de
656 3317 767 3384 ipsa
797 3317 1114 3380 :etcrnitate,
1139 3317 1188 3369 in
1223 3333 1322 3386 qua
1350 3325 1650 3372 comtoruns
1673 3325 1751 3370 est
1782 3316 1884 3370 Pa-

297 3411 400 3465 tri:
428 3410 698 3478 quutnodo
737 3409 800 3463 id
845 3423 970 3464 vere
1013 3408 1415 3476 concupisceret
1465 3410 1753 3475 Abraham,
1787 3407 1888 3462 nisi

296 3502 414 3571 ejus
431 3512 608 3556 ηοεςιιι
628 3502 855 3555 futuram
875 3502 1269 3564 mortalitatem,
1295 3502 1448 3570 ettjus
1463 3499 1706 3572 qna'siwt
1729 3511 1886 3557 reter-

297 3595 556 3650 nitatem?
582 3599 684 3649 Aut
711 3595 756 3650 si
788 3595 851 3649 ad
885 3595 983 3650 hoc
1009 3595 1200 3665 aliquis
1235 3595 1422 3650 horum
1451 3596 1730 3650 verborum
1757 3610 1886 3651 sen-

295 3704 415 3744 sum
437 3697 691 3752 coarctat,
733 3701 784 3742 ut
813 3688 972 3754 dicat,
1004 3690 1130 3742 nihil
1161 3690 1557 3760 intelligi-mlum
1582 3690 1634 3744 in
1657 3705 1722 3745 eo
1742 3689 1885 3762 quod

297 3784 374 3836 ait
404 3783 676 3841 Dominus.
699 3781 952 3849 Quaesivit
971 3782 1111 3836 diem
1135 3799 1334 3850 meum,
1360 3783 1481 3848 nisi,
1502 3783 1755 3852 Qumsivit
1775 3799 1884 3852 me,

297 3873 387 3941 qui
417 3888 535 3926 sum
568 3873 682 3927 dies
705 3890 1042 3942 permanens,
1075 3875 1175 3930 hoe
1203 3885 1303 3936 est,
1330 3875 1504 3930 lumen
1537 3877 1880 3932 indeliciens:

297 3963 446 4016 velut
473 3979 592 4016 cunt
615 3964 839 4018 dicimus
865 3966 1022 4018 vitam
1055 3965 1192 4030 Filii,
1219 3967 1286 4020 de
1308 3981 1407 4034 qua
1431 3967 1674 4036 Joqnitnr
1704 3967 1884 4022 Evan-

295 4055 490 4124 gelium
517 4055 720 4110 dici‘ns.
747 4055 836 4110 Sic
855 4056 991 4110 dedil
1017 4069 1062 4111 cl
1092 4057 1224 4110 Filio
1247 4059 1394 4112 vitam
1423 4057 1604 4110 habere
1627 4059 1678 4112 in
1702 4069 1886 4114 scutel-

295 4147 408 4214 ipsa
429 4143 608 4214 (loco.
639 4161 692 4210 v,
722 4144 814 4215 26)
838 4163 852 4196 :
884 4163 986 4200 non
1015 4147 1156 4200 aliud
1183 4149 1374 4216 ipSItm,
1397 4147 1539 4200 aliud
1564 4147 1681 4215 ejus
1698 4149 1880 4213 vitam;

296 4236 392 4291 sed
438 4237 686 4292 eunulent
720 4238 892 4306 ipsum
937 4238 1130 4293 Filium
1181 4237 1522 4308 intelligimus
1567 4239 1746 4302 vitam,
1793 4239 1885 4308 qui

297 4327 448 4390 dixit,
483 4327 592 4398 Ego
630 4345 740 4380 sum
771 4331 870 4392 via,
905 4332 1084 4384 veritus
1119 4339 1166 4383 cl
1197 4331 1295 4384 vita
1334 4329 1445 4398 (Id.
1479 4346 1592 4395 xlv,
1622 4329 1676 4400 (ἰ)
1698 4346 1714 4384 :
1736 4340 1787 4383 et
1816 4331 1886 4384 de

296 4437 404 4490 quo
445 4423 644 4476 dictum
687 4429 790 4486 est,
838 4419 954 4490 Ipse
993 4432 1064 4476 est
1107 4439 1251 4476 rei-us
1291 4421 1425 4475 Deus
1467 4433 1511 4477 el
1553 4423 1654 4476 rita
1696 4431 1886 4476 (eterna

298 4511 341 4583 (Ι
368 4512 526 4565 Jorm.
557 4511 728 4584 νιὲο)
754 4531 766 4565 :
793 4522 846 4566 ιιι
875 4513 1008 4566 hanc
1037 4512 1154 4581 ejus
1182 4515 1435 4584 :rqualem
1469 4514 1609 4568 Patri
1639 4513 1887 4568 divinita-

300 4609 402 4655 tem
437 4601 616 4655 videre
645 4602 874 4668 cupierit
917 4603 1208 4668 Abraham,
1259 4619 1588 4674 nequaquam
1639 4604 1886 4659 incarna-

297 4694 441 4746 tione
467 4693 585 4761 ejus
619 4697 956 4762 pr:m-o,:nita,
988 4696 1124 4748 Sit'lli.
1155 4712 1274 4749 eum
1309 4697 1548 4750 nonnulli
1573 4699 1731 4751 etiam
1764 4695 1883 4764 pli-

295 4783 504 4854 IoSvp‘ii
553 4787 931 4856 qua-siverunt,
965 4791 1052 4857 qui
1083 4788 1209 4840 nihil
1239 4788 1306 4840 de
1337 4788 1454 4856 ejus
1492 4803 1654 4860 carne
1677 4788 1882 4842 didice-

297 4887 454 4931 runt:
486 4879 739 4945 tttttttqttid
767 4889 820 4934 et
850 4879 997 4942 illud,
1030 4881 1169 4949 quod
1194 4880 1346 4949 jubet
1370 4881 1659 4945 Abraham,
1685 4895 1886 4951 ponere

293 4983 514 5022 manum
548 4983 758 5021 si-rvum
803 4985 955 5022 smnn
997 4971 1096 5026 th
1127 4970 1327 5026 femore
1352 4987 1472 5037 suo,
1501 4981 1553 5026 et
1576 4973 1756 5041 jttrare
1789 4988 1886 5042 per

295 5057 466 5112 Dctnn
506 5060 624 5114 rteli
657 5057 806 5121 (Gen.
847 5076 988 5126 xxiv,
1020 5060 1076 5127 εἰ,
1120 5063 1198 5130 5).
1229 5063 1383 5116 aliter
1421 5063 1695 5134 quisquam
1741 5073 1886 5120 recte

291 5146 666 5203 intellrcmrns
697 5160 799 5216 est,
833 5151 930 5204 nisi
962 5151 1228 5206 Abraham
1253 5152 1444 5220 scisse,
1499 5153 1551 5207 in
1597 5169 1700 5222 qua
1728 5169 1883 5208 .ven-

293 5251 447 5294 lttrtts
473 5250 620 5296 esset
647 5241 784 5296 Deus
824 5243 968 5310 cccli,
1013 5257 1230 5298 carnem
1273 5243 1340 5298 de
1382 5244 1471 5299 illo
1511 5243 1714 5300 femore
1757 5257 1882 5314 pro-

288 5348 359 5404 μη
366 5348 426 5400 gn
436 5333 476 5384 ri
491 5332 514 5384 ζ’
1127 5387 1130 5392 _

367 5422 595 5478 CAPUT
635 5422 872 5479 XXVI".
905 5455 975 5465 —
1000 5424 1090 5486 '53.
1125 5423 1289 5494 Cujus
1312 5425 1489 5479 carnis
1517 5435 1568 5480 ct
1588 5426 1880 5494 sanguinis,

286 5515 509 5585 quando
527 5517 696 5585 ipsum
717 5517 981 5572 Abraham
1010 5517 1298 5580 benedixit,
1319 5517 1705 5572 Melchisedech
1723 5519 1880 5572 etiam

286 5609 657 5689 testimqninm
689 5609 1004 5663 Christianis
1036 5609 1278 5664 fidelibus
1307 5609 1639 5662 notissimum
1670 5611 1885 5679 protulit

287 5699 448 5771 ((icn.
485 5716 608 5764 xiv,
643 5700 858 5773 18-20),
889 5712 944 5755 ιιι
967 5711 1114 5756 tanto
1139 5713 1255 5772 post
1281 5702 1492 5756 Citt‘isll)
1536 5698 1804 5756 diceretur
1830 5704 1880 5757 in

283 5791 542 5857 Psalmis,
573 5792 712 5862 quod
743 5795 978 5848 nondum
1025 5787 1240 5860 hictutn,
1280 5793 1372 5848 sed
1412 5793 1583 5846 adhuc
1625 5794 1878 5860 futurum,

184 5887 192 5894 ’
282 5884 479 5942 eadem
508 5893 685 5941 tamen
708 5887 817 5957 ipsa
841 5895 892 5943 et
922 5898 1128 5958 patrum
1155 5904 1271 5960 quzr
1300 5897 1476 5942 nostra
1505 5897 1604 5947 est.
1627 5887 1874 5943 {illumne

1389 449 1593 508 LIBER
1621 449 1710 509 DE
1748 445 2062 513 PECCATO
2089 445 2458 508 ORIGINALI.

3471 456 3585 512 40!

1989 565 2269 622 cantabat:
2295 565 2376 621 Tu
2403 582 2457 622 es
2497 566 2730 622 sacerdos
2767 567 2819 620 in
2845 576 3109 635 internum,
3136 567 3411 636 secundum
3437 571 3579 625 ordi-

1989 670 2104 709 nem
2127 655 2490 712 Melchisedech
2510 655 2680 728 (Psal.
2697 672 2805 722 cut,
2823 657 2900 730 4).
2926 658 2983 713 Ιιι
3003 658 3172 713 Adam
3192 660 3387 732 quippe
3415 660 3566 715 inve-

1991 742 2256 799 niennhus
2277 757 2524 814 mortem,
2554 763 2650 818 per
2679 748 2778 803 hoc
2810 748 3024 818 prodest
3052 747 3294 804 Christus
3321 749 3462 820 quod
3494 759 3577 804 est

1989 837 2252 892 mediator
2275 839 2340 892 ad
2371 841 2554 894 vitam.
2586 840 2698 895 Non
2716 851 2892 895 autem
2925 857 3019 912 per
3045 842 3144 896 hoc
3178 841 3440 896 mediator
3467 850 3573 912 est,

1991 928 2131 996 quod
2153 929 2373 998 aequalis
2390 941 2470 984 est
2493 930 2634 986 Patri
2658 949 2671 986 :
2697 948 2790 1002 per
2807 931 2908 987 hoc
2929 933 3092 994 enim,
3111 943 3364 1004 quantum
3395 933 3574 998 Pater,

1993 1026 2193 1073 tantum
2221 1031 2271 1075 et
2303 1020 2415 1089 ipse
2441 1021 2597 1077 distat
2617 1039 2646 1077 a
2667 1023 2854 1080 nobis:
2881 1033 2930 1078 ct
2953 1027 3221 1093 queinodo
3241 1027 3340 1078 erit
3371 1025 3574 1081 tui-dic-

1995 1121 2095 1176 las,
2118 1113 2204 1168 uhi
2231 1115 2416 1168 eadem
2447 1116 2556 1183 ipsa
2584 1116 2830 1170 distantia
2851 1119 2968 1171 est?
2999 1118 3122 1172 Ideo
3155 1120 3442 1188 Apostolus
3470 1133 3576 1176 non

1993 1205 2085 1266 ait,
2117 1203 2258 1260 Unus
2285 1207 2528 1259 mediator
2542 1205 2634 1261 Dei
2657 1217 2700 1260 el
2717 1209 2971 1262 hominum
2989 1209 3232 1264 Christus
3246 1210 3434 1276 Jesus;
3458 1211 3574 1280 sed,

1993 1293 2142 1348 homo
2163 1294 2390 1350 Christus
2415 1295 2564 1351 Jcsns
2587 1297 2626 1369 (I
2651 1297 2784 1352 Tim.
2814 1315 2871 1364 tt,
2889 1299 2964 1370 5).
2995 1300 3095 1356 Per
3117 1302 3215 1354 hoc
3235 1317 3361 1368 ergo
3379 1303 3572 1356 media-

1996 1393 2095 1448 tor,
2147 1401 2242 1454 per
2285 1387 2426 1457 quod
2467 1389 2662 1442 homo:
2695 1388 3102 1446 inferior-Patre
3129 1408 3226 1462 per
3254 1393 3395 1463 quod
3425 1393 3577 1447 nobis

1994 1477 2364 1548 prepinqnior;
2400 1481 2644 1549 superior
2677 1483 2829 1536 nobis
2859 1499 2952 1550 per
2988 1481 3128 1554 quod
3174 1485 3312 1540 Patri
3359 1485 3577 1553 propiu-

1993 1571 2166 1638 qnior.
2193 1569 2344 1638 Quod
2375 1574 2610 1640 apertius
2641 1573 2708 1627 ita
2737 1574 2964 1630 dicitur:
2996 1575 3219 1632 inferior
3247 1578 3424 1643 Patre,
3453 1578 3576 1648 quia

1993 1657 2047 1713 in
2080 1658 2246 1715 forma
2268 1663 2406 1717 servi
2449 1663 2707 1737 (Philipp.
2741 1681 2800 1732 it,
2845 1665 2933 1736 7);
2962 1668 3206 1738 superior
3231 1669 3403 1736 nobis,
3455 1670 3576 1741 quia

1993 1753 2109 1808 sine
2140 1754 2258 1808 labe
2283 1757 2512 1824 peccati.

2069 1847 2295 1903 CAPUT
2317 1847 2524 1911 XXIX.
2552 1881 2620 1892 --
2645 1851 2733 1906 54.
2765 1851 3100 1922 Quapropter
3123 1852 3362 1922 quisquis
3392 1851 3578 1907 buma-

1995 1953 2116 1992 nam
2142 1941 2415 1995 contendit
2445 1943 2497 1996 in
2527 1943 2760 2012 qualibet
2779 1954 2935 1999 relate
2957 1955 3197 2000 naturam
3218 1961 3322 1999 non
3342 1945 3578 2016 indigere

1995 2029 2202 2085 medico
2229 2031 2466 2086 secundo
2492 2033 2682 2100 Adam,
2705 2036 2824 2104 quia
2856 2052 2962 2090 non
2995 2046 3078 2091 est
3107 2036 3290 2091 vitiata
3321 2037 3372 2090 in
3407 2038 3579 2105 primo

1993 2118 2194 2186 Adam,
2213 2137 2320 2176 non
2357 2121 2410 2176 in
2447 2123 2619 2194 aliqua
2645 2124 2960 2194 qumstione,
3003 2125 3054 2180 in
3085 2141 3188 2196 qua
3233 2125 3462 2182 dubitari
3493 2126 3580 2182 vel

1993 2211 2157 2265 errari
2200 2211 2344 2267 salva
2373 2213 2474 2268 lide
2518 2224 2712 2284 potest,
2758 2217 2853 2271 sed
2882 2217 2932 2270 in
2963 2217 3073 2286 ipsa
3102 2219 3281 2288 regula
3327 2218 3448 2272 ﬁdei
3474 2232 3576 2288 qua

1993 2303 2266 2359 christiani
2311 2320 2518 2373 sumus,
2563 2309 2744 2378 gratia:
2789 2309 2883 2366 Dei
2932 2311 3268 2392 convincitur
3307 2311 3574 2367 inimicus.

1993 2392 2162 2461 Quale
2189 2403 2273 2450 est
2295 2405 2492 2461 autem,
2517 2399 2656 2468 quod
2687 2401 2754 2454 ab
2777 2401 2890 2454 istis
2917 2401 3002 2454 illa
3029 2417 3148 2470 qua:
3173 2411 3298 2456 ante
3325 2400 3440 2464 fuit,
3463 2401 3579 2458 vel-

1994 2495 2055 2541 ut
2079 2487 2252 2544 adlmc
2283 2489 2462 2544 minus
2499 2491 2656 2545 malis
2680 2491 2920 2546 moribus
2945 2492 3148 2560 vitiati,
3176 2492 3448 2546 hominum
3471 2493 3583 2547 lau-

1995 2577 2152 2632 datur
2179 2591 2396 2647 natnra;
2427 2596 2598 2651 neque
2627 2584 2918 2653 respiciunt
2948 2584 3110 2638 tantis
3149 2595 3394 2648 tanquam
3441 2584 3580 2640 into-

1995 2667 2300 2724 lerabilibus
2322 2673 2550 2740 peccatis
2582 2672 2830 2728 homim-s
2847 2683 2973 2730 tunc
2991 2675 3064 2728 lui
3095 2689 3156 2730 se
3171 2675 3504 2740 submersmt,
3524 2683 3584 2730 ut

1997 2769 2220 2830 excepto
2249 2778 2354 2817 uno
2382 2764 2594 2820 homine
2639 2765 2729 2820 Dei
2773 2775 2828 2821 et
2855 2767 2973 2834 ejus
3013 2767 3257 2837 conjuge,
3309 2767 3581 2836 tribusque

1998 2852 2120 2905 [iliis
2145 2861 2198 2906 et
2225 2853 2441 2908 totidem
2470 2854 2710 2919 nuribus,
2735 2855 2880 2927 justo
2901 2856 3104 2926 judicio
3134 2857 3252 2922 Dei,
3295 2857 3434 2912 sicut
3461 2859 3581 2925 igne

1997 2955 2182 3015 postea
2209 2953 2368 3002 terra
2404 2949 2591 3018 exigua
2631 2948 3006 3011 Sodomorum,
3057 2949 3126 3002 ita
3173 2959 3313 3003 totus
3352 2949 3582 3004 "nitidus

1994 3035 2192 3090 diluvio
2218 3038 2490 3093 deleretur
2518 3040 2668 3112 (Gen.
2697 3057 2772 3096 vn
2811 3052 2859 3096 el
2903 3042 3068 3112 xui)?
3099 3041 3174 3096 Ex
3205 3058 3312 3112 quo
3339 3054 3583 3113 tempore

1994 3125 2154 3198 igitur
2177 3146 2267 3199 per
2287 3146 2444 3184 unum
2463 3131 2713 3186 hominem
2736 3143 2992 3202 percolunt
3018 3133 3220 3188 intravit
3244 3135 3581 3198 inmundum,

1997 3231 2043 3276 et
2065 3239 2156 3292 per
2178 3233 2432 3293 peccatum
2465 3242 2618 3291 mors,
2641 3234 2688 3280 et
2714 3226 2784 3279 ita
2805 3226 2855 3279 in
2881 3242 3051 3280 atnncs
3079 3225 3302 3280 homines
3320 3235 3578 3296 pertrans-

1993 3312 2086 3380 iit,
2123 3314 2175 3367 in
2211 3331 2310 3385 quo
2353 3331 2524 3370 omnes
2554 3325 2878 3386 peccaverunt
2906 3315 3082 3390 (Rom.
3112 3333 3166 3384 ν,
3198 3317 3306 3390 l2),
3341 3318 3580 3386 profecto

1997 3407 2247 3462 universa
2275 3423 2448 3462 massa
2479 3407 2792 3478 perditionis
2822 3410 2954 3462 facta
2985 3417 3068 3462 est
3111 3411 3378 3477 possessio
3400 3407 3580 3476 perdi-

1995 3501 2144 3554 toris.
2174 3498 2343 3554 Nemo
2369 3501 2566 3570 itaque,
2608 3515 2767 3554 nemo
2796 3515 3018 3571 prorsus
3046 3501 3166 3554 inde
3194 3501 3450 3555 liberatus
3475 3510 3576 3566 est,

1993 3603 2084 3648 aut
2105 3594 2380 3659 liberatur,
2408 3602 2499 3647 aut
2529 3592 2838 3648 liberabitur
2857 3593 2956 3648 nisi
2985 3593 3154 3664 gratia
3185 3593 3575 3664 licdcntploris.

2063 3685 2288 3741 CAPUT
2326 3685 2590 3740 KXX.—
2624 3686 2712 3740 55.
2757 3685 2818 3740 Ει
2868 3693 2994 3739 ante
3041 3685 3308 3739 Abraham
3360 3685 3574 3754 quidem

1991 3785 2167 3832 utrum
2199 3758 2383 3846 aliquo
2415 3775 2679 3845 corporali
2721 3783 2776 3830 et
2805 3775 2999 3830 visibili
3042 3783 3381 3830 sacramento
3417 3775 3570 3845 justi,

1989 3869 2075 3924 vel
2097 3884 2282 3923 eorum
2315 3868 2516 3938 parvuli
2547 3869 2901 3938 signarcntur.
2940 3867 3212 3936 Scriptura
3243 3881 3350 3922 non
3389 3867 3554 3936 expri-

1990 3960 2108 4014 mit.
2127 3958 2244 4029 lpse
2260 3969 2439 4014 tamen
2459 3957 2723 4014 Abraham
2747 3959 2954 4029 signum
2985 3959 3190 4027 accepit
3217 3957 3589 4013 circumcisio-

1989 4053 2094 4119 nis,
2127 4053 2454 4122 signaculum
2481 4052 2701 4122 justiti-.1:
2731 4051 2851 4105 fidei
2871 4051 3046 4121 (Rom.
3067 4065 3140 4116 tv,
3168 4050 3274 4119 ιι).
3303 4049 3366 4103 Et
3390 4049 3468 4104 sic
3485 4063 3578 4102 ae-

1989 4144 2150 4214 cepit,
2181 4152 2237 4198 ut
2265 4143 2518 4212 deinceps
2557 4143 2716 4197 etiam
2746 4159 2934 4197 omnes
2962 4142 3210 4212 parvulos
3243 4141 3434 4196 domus
3464 4155 3588 4196 suae

1989 4234 2368 4290 circumcidere
2413 4233 2720 4306 juberetnr,
2765 4219 3170 4288 recentissimos
3211 4248 3240 4288 a
3280 4233 3572 4288 visceribus

1991 4335 2243 4392 matrum,
2270 4337 2460 4381 octavo
2487 4321 2572 4380 die
2600 4325 2890 4380 nativitatis
2926 4340 3142 4392 eorum;
3188 4333 3250 4381 ut
3288 4325 3447 4382 etiam
3493 4323 3570 4389 hi,

1988 4419 2077 4490 qui
2102 4419 2262 4474 corde
2287 4419 2352 4474 ad
2377 4417 2639 4488 justitiam
2681 4418 2903 4475 credere
2931 4419 3166 4475 nondum
3213 4429 3455 4490 possent,
3482 4419 3570 4490 ju-

1987 4512 2147 4568 stitia:
2196 4521 2376 4568 tamen
2421 4511 2544 4566 ﬁdei
2589 4511 2920 4582 signaculum
2959 4521 3258 4569 sumerent.
3287 4514 3438 4582 Quod
3469 4514 3570 4570 sub

1989 4610 2191 4657 terrore
2212 4611 2358 4657 tanto
2372 4611 2454 4657 est
2473 4603 2814 4674 imperatum,
2843 4611 2901 4659 ut
2924 4603 3130 4660 diceret
3155 4606 3314 4670 Deus,
3339 4607 3570 4660 animam

1988 4696 2130 4750 illaut
2152 4696 2220 4751 de
2243 4711 2342 4751 suo
2367 4696 2564 4765 popqu
2585 4698 2898 4766 perituram,
2928 4697 3078 4766 cujus
3105 4707 3294 4752 octavo
3313 4698 3402 4752 die
3431 4714 3571 4766 prae-

1987 4787 2118 4856 putii
2139 4787 2470 4842 circumcisio
2493 4786 2626 4842 facta
2666 4805 2770 4842 non
2809 4787 2994 4843 fuisset
3024 4787 3172 4858 (Gen.
3217 4788 3369 4847 xvnl.
3403 4788 3570 4857 Hujus

1991 4887 2096 4933 tam
2121 4878 2389 4932 horribilis
2421 4895 2590 4948 pmnte
2615 4879 2817 4950 jnstitia
2841 4878 2886 4934 si
2914 4889 3199 4950 qnteratur.
3231 4894 3414 4934 nonne
3443 4879 3572 4934 isto-

1987 4983 2106 5024 rttm
2133 4959 2324 5024 'omnis
2365 4969 2432 5022 de
2471 4968 2640 5024 libero
2665 4969 2885 5024 arbitrio
2909 4979 2962 5024 et
2989 4969 3234 5023 laudabili
3265 4969 3489 5025 sanitate
3513 4978 3568 5024 et

1988 5061 2217 5130 puritate
2255 5068 2478 5126 natum,
2508 5060 2893 5130 quantumlibet
2920 5069 3102 5129 arguta
3131 5059 3199 5112 sit
3225 5070 3568 5130 argumenta-

1988 5151 2082 5217 tio,
2111 5165 2418 5220 repercussa
2443 5161 2498 5206 et
2523 5149 2792 5206 confracta
2821 5151 3075 5204 dissiliet?
3094 5149 3228 5217 Quid
3246 5151 3386 5204 enim
3415 5151 3564 5219 mali,

1987 5257 2189 5312 quzeso,
2221 5241 2472 5311 parvulus
2517 5241 2727 5311 propria
2759 5239 3029 5312 voluntate
3057 5240 3345 5305 commisit,
3373 5249 3432 5295 ιιι
3460 5241 3567 5296 alio

1987 5333 2284 5404 negligentie
2312 5341 2365 5387 et
2385 5349 2504 5388 eum
2533 5348 2637 5385 non
2659 5329 3093 5394 circumcidcntc,
3119 5329 3230 5398 ipse
3255 5329 3560 5398 damnetur,

1987 5425 2326 5480 damnatione
2357 5433 2461 5478 tam
2490 5437 2694 5483 severa,
2747 5431 2802 5476 ut
2834 5429 3018 5490 pereat
3041 5422 3217 5476 anima
3260 5420 3344 5475 illa
3373 5421 3440 5477 de
3469 5438 3566 5492 po.

1987 5519 2111 5589 pulo
2136 5517 2270 5571 suo?
2289 5515 2470 5582 Neque
2497 5515 2638 5569 enim
2664 5513 2970 5585 temporalis
2993 5513 3177 5568 mortis
3200 5523 3374 5569 terror
3395 5517 3567 5571 incus-

1987 5626 2076 5664 sus
2097 5618 2209 5672 est;
2242 5623 2362 5662 cum
2391 5607 2457 5662 de
2473 5605 2651 5676 justis,
2681 5605 2893 5676 quando
2921 5606 3301 5674 moriebantur,
3328 5615 3451 5660 tunc
3475 5621 3566 5676 po-

1989 5703 2090 5757 tius
2119 5702 2406 5768 diceretur,
2431 5699 2498 5754 Et
2527 5703 2790 5772 appositus
2815 5712 2886 5755 est
2917 5701 2984 5753 ad
3007 5702 3248 5772 populum
3273 5719 3422 5756 suum
3455 5701 3565 5773 (Id:

1987 5811 2109 5858 xxv,
2149 5795 2230 5865 i7)
2254 5813 2269 5860 ;
2303 5795 2405 5862 vel,
2427 5805 2686 5867 appositus
2709 5805 2780 5849 cst
2809 5796 2875 5848 ad
2896 5785 3062 5865 prt'lrcs
3095 5809 3214 5848 suos
3251 5792 3533 5866 (Milicho!
3552 5829 3564 5841 .

1989 5905 2046 5957 ιι,
2075 5887 2162 5958 69)
2191 5906 2200 5940 :
2227 5889 2474 5959 quoniam
2521 5887 2769 5959 deinceps
2800 5886 2998 5943 homini
3041 5884 3181 5941 nulla
3215 5885 3430 5940 tentatiu
3457 5883 3480 5936 l
3510 5903 3563 5938 t-
