4034 6182
394 367 499 422 803

402 479 645 545 ntidatur,
675 493 795 550 qua:
822 476 969 532 illum
995 481 1206 543 separet
1241 487 1273 528 a
1302 469 1497 543 populo
1523 481 1641 533 suo,
1669 483 1713 522 st
1742 465 1970 537 populus

399 570 517 640 ejus
543 569 656 639 ipse
680 576 763 623 est
792 564 1015 636 populus
1044 556 1159 619 Dei.

467 658 695 717 CAPUT
732 650 924 713 χιιι.
940 685 1014 697 -
1031 650 1118 710 se.
1137 645 1274 720 Quid
1289 651 1387 708 sibi
1405 656 1533 721 ergo
1552 649 1683 714 ruit,
1708 661 1804 719 pro
1823 644 1976 702 nullo

405 749 635 821 propria:
680 744 967 804 voluntatis
1008 742 1261 808 admisso,
1293 749 1435 797 tanta
1463 737 1767 797 damnatio?
1790 736 1976 808 Neque

400 840 544 894 enim
567 839 704 897 sicut
742 836 982 892 nonnulli
1010 833 1304 891 secundum
1328 832 1632 888 Platonicos
1658 830 1970 901 opinantur,

400 932 505 985 hoc
526 929 936 999 uniuscujusque
961 926 1171 982 infantis
1191 925 1380 981 animae
1412 923 1668 988 redditur,
1692 922 1831 993 quod
1853 929 1979 977 ante

401 1023 556 1074 istam
585 1020 746 1074 vitam
778 1033 871 1073 sua
914 1017 1185 1073 voluntate
1226 1014 1512 1077 commisit,
1562 1027 1683 1069 cum
1706 1014 1724 1045 ¹
1754 1011 1977 1067 haberet

401 1119 529 1165 ante
559 1109 661 1165 hoc
687 1122 881 1179 corpus
905 1108 987 1162 vel
1016 1106 1151 1162 bene
1196 1105 1282 1160 vel
1326 1105 1465 1160 male
1493 1104 1719 1159 liberum
1765 1100 1975 1157 vivendi

402 1199 716 1254 arbitrium:
745 1212 863 1252 cum
913 1195 1106 1252 Paulus
1133 1196 1402 1268 apostolus
1428 1194 1765 1265 apertissime
1812 1192 1975 1257 dicat,

405 1287 641 1343 nondum
658 1298 811 1343 natos
832 1286 962 1342 nihil
980 1288 1150 1357 egisse
1168 1287 1291 1341 boni
1313 1286 1397 1342 vel
1419 1285 1541 1340 mali
1563 1284 1741 1355 (Rana.
1761 1299 1831 1349 ιι,
1865 1283 1976 1353 li).

416 1377 569 1434 Unde
607 1392 733 1447 ergo
777 1386 919 1432 recte
962 1376 1135 1430 infans
1176 1375 1262 1430 illa
1291 1375 1584 1451 perditione
1613 1376 1844 1445 punitur,
1879 1374 1978 1429 nisi

354 1520 364 1526 .
408 1469 529 1539 quia
556 1469 788 1541 pertinet
814 1467 881 1523 ad
907 1480 1134 1523 massam
1171 1467 1499 1537 perditionis,
1535 1476 1589 1522 et
1609 1467 1754 1538 iuste
1785 1466 1981 1522 intelli-

407 1559 548 1630 gitur
565 1574 629 1614 ex
647 1558 815 1613 Adam
832 1566 1008 1625 natus,
1031 1557 1232 1627 antiqui
1252 1556 1414 1612 debiti
1433 1555 1754 1627 obligatione
1770 1556 1984 1611 damna.

411 1662 516 1718 tus,
544 1651 647 1706 nisi
677 1650 800 1706 inde
824 1649 998 1715 fuerit,
1037 1665 1145 1704 non
1172 1648 1461 1705 secundum
1488 1647 1747 1711 debitum,
1773 1646 1868 1703 sed
1892 1661 1980 1703 se-

411 1742 641 1797 cundum
684 1741 907 1811 gratiam
934 1740 1221 1795 liberatus?
1261 1739 1429 1807 Quam
1458 1740 1704 1810 gratiam,
1736 1737 1836 1793 nisi
1864 1752 1985 1808 gra-

414 1834 538 1888 tiam
585 1831 699 1897 Dei,
742 1846 839 1901 per
871 1830 1052 1886 Iesum
1092 1830 1363 1886 Christum
1404 1829 1684 1900 Dominum
1710 1828 1987 1885 nostrum?

411 1922 581 1987 Quem
602 1919 837 1991 profecto
867 1921 1004 1975 inter
1022 1928 1214 1975 castora
1230 1928 1465 1975 veterum
1481 1928 1809 1976 sacramenta
1825 1919 1987 1974 etiam

418 2013 531 2081 ipsa
561 2010 802 2080 pratputii
826 2010 1157 2065 circumcisio
1173 2010 1525 2081 prophetarit.
1547 2012 1667 2067 Dies
1686 2013 1827 2068 enim
1845 2021 1991 2065 octa-

416 2114 512 2154 vus
538 2107 622 2155 est
652 2101 702 2154 in
734 2088 1186 2156 hebdomadarum
1203 2102 1511 2158 recursibus
1530 2101 1646 2157 dies
1667 2102 1985 2170 dominicus,

415 2205 522 2262 quo
537 2193 832 2247 resurrexit
852 2191 1137 2247 Dominus:
1161 2201 1214 2247 et
1236 2201 1383 2267 petra
1407 2202 1518 2247 erat
1539 2192 1780 2250 Christus
1801 2193 1844 2266 (l
1868 2194 1987 2248 Cor.

420 2299 477 2345 x,
502 2282 588 2353 4);
617 2282 754 2338 unde
774 2283 1191 2339 circumcisionis
1219 2283 1462 2339 cultellus
1492 2284 1758 2353 petrinus;
1786 2292 1841 2341 et
1866 2298 1992 2341 caro

419 2373 680 2442 praeptttii,
706 2387 901 2441 corpus
925 2371 1146 2441 peccati.
1894 2420 1895 2427 η

490 2461 714 2516 CAPUT
751 2460 967 2516 XXXII.
992 2492 1063 2502 —
1090 2463 1178 2519 37.
1210 2463 1423 2518 Mutatis
1454 2464 1673 2534 proinde
1690 2478 1994 2521 sacramen-

343 2564 350 2607 ξ
420 2552 507 2616 tis,
531 2560 870 2621 posteaquam
900 2554 1041 2609 venit
1067 2554 1157 2625 qui
1183 2555 1262 2611 eis
1289 2554 1686 2627 significabatur
1707 2570 1826 2611 esse
1856 2571 1992 2610 vcn-

338 2638 344 2642 ’
420 2651 591 2707 turus,
611 2657 714 2696 non
744 2655 917 2698 tamen
937 2652 1138 2699 mutato
1161 2644 1466 2701 Mediatoris
1487 2645 1705 2711 auxilio,
1726 2645 1817 2717 qui
1831 2646 1993 2702 etiam

422 2734 726 2803 priusquam
754 2735 987 2790 veni‘set
1017 2737 1068 2790 in
1092 2751 1276 2804 carne,
1307 2738 1524 2808 antiqua
1550 2752 1644 2792 sua
1673 2738 1910 2793 membra
1929 2737 1995 2792 li-

422 2823 638 2877 berabat
663 2838 773 2878 sua:
810 2824 1191 2883 incarnationis
1230 2827 1354 2895 llde,
1381 2836 1437 2883 et
1473 2842 1574 2885 nos
1600 2843 1721 2884 cum
1751 2842 1997 2885 essemus

357 2927 360 2930 '
424 2914 615 2967 mortui
644 2913 851 2971 delictis
895 2924 950 2970 et
979 2917 1238 2986 praeputio
1263 2917 1441 2974 carnis
1468 2926 1686 2984 nostra,
1717 2918 1997 2974 conviviu-

421 3006 525 3063 cati
553 3021 734 3060 sumus
757 3007 993 3073 Christo,
1020 3009 1073 3064 in
1097 3025 1203 3080 quo
1227 3010 1528 3066 circumcisi
1555 3025 1740 3067 sumus
1761 3011 1995 3067 circum-

421 3099 621 3153 cisione
645 3111 752 3155 non
777 3112 933 3154 manu
962 3099 1093 3155 facta
1121 3099 1337 3174 (Cofoss.
1365 3117 1424 3171 tt,
1448 3102 1535 3166 13,
1554 3103 1664 3174 ii),
1686 3118 1843 3174 quam
1866 3104 1998 3174 ligu-

423 3190 574 3244 rabat
600 3190 935 3246 circumcisio
972 3208 1128 3248 manu
1160 3194 1317 3263 facta,
1344 3204 1404 3251 ut
1430 3203 1778 3253 evacuaretur
1801 3211 1997 3271 corpus

429 3298 439 3345 ι
462 3278 628 3333 eccati
650 3279 824 3349 (Rom.
870 3296 944 3347 vr,
971 3282 1048 3351 6),
1072 3297 1195 3338 cum
1215 3299 1322 3354 quo
1351 3301 1536 3342 sumus
1576 3302 1642 3343 ex
1666 3290 1833 3344 Adam
1862 3292 1991 3345 nati.

429 3361 698 3424 Damnata:
727 3369 946 3441 originis
976 3375 1284 3444 propagatio
1312 3390 1411 3431 nos
1435 3376 1671 3444 damnat,
1704 3380 1805 3435 nisi
1841 3397 1990 3437 mun-

425 3461 615 3515 demttr
638 3461 983 3519 similitudine
1009 3465 1186 3520 carnis
1206 3468 1431 3537 peccati,
1463 3469 1518 3524 in
1543 3484 1645 3540 qua
1675 3471 1870 3527 missus
1913 3482 1997 3529 est

425 3552 545 3608 sine
572 3563 809 3623 peccato,
841 3554 928 3624 qui
960 3564 1136 3613 tamen
1160 3557 1229 3613 de
1259 3569 1476 3628 peccato
1503 3560 1773 3620 damnavit
1812 3580 1996 3635 pecca-

427 3653 537 3698 tum
566 3643 675 3717 (Id.
708 3660 818 3712 vnt,
846 3646 926 3718 5),
959 3646 1131 3705 factus
1156 3665 1255 3720 pro
1283 3652 1437 3708 nobis
1479 3665 1752 3724 peceatum
1769 3657 1812 3709 '.
1846 3655 1997 3714 Unde

428 3736 557 3793 dicit
576 3737 858 3807 Apostolus
878 3757 892 3793 :
916 3738 1247 3797 Obsecremus
1262 3761 1355 3814 pro
1373 3743 1589 3814 Christo,
1603 3748 1999 3804 reconciliamini

428 3826 540 3883 Deo
563 3828 622 3884 ’τ
646 3846 758 3885 eum
780 3831 869 3901 qui
888 3848 989 3887 non
1008 3844 1213 3889 noverat
1235 3845 1513 3907 peccatum,
1536 3854 1628 3909 pro
1656 3840 1798 3894 nobis
1816 3858 1997 3911 pecca-

427 3927 536 3974 tum
554 3918 691 3989 fecit,
726 3930 781 3975 ut
806 3938 898 3977 nos
920 3922 1077 3979 simus
1093 3924 1296 3996 justitia
1333 3924 1433 3981 Dei
1470 3928 1524 3982 in
1565 3928 1677 3998 ipsa
1702 3929 1770 4000 (ll
1797 3930 1915 3987 Cor.
1939 3949 1993 4001 v,

424 4007 517 4075 20,
542 4008 657 4081 Si).
688 4011 826 4067 Deus
850 4027 998 4084 ergo,
1027 4015 1112 4070 cui
1146 4017 1573 4085 reconciliamur,
1600 4020 1726 4077 fecit
1750 4037 1872 4078 eum
1902 4039 1997 4094 pro

426 4101 581 4158 nobis
605 4114 899 4174 peccaturo,
929 4105 980 4161 id
1001 4115 1104 4173 est,
1132 4108 1449 4166 sacrificium
1464 4128 1577 4182 .per
1599 4114 1740 4185 quod
1760 4115 1997 4173 dimitte-

432 4201 619 4249 rentur
648 4203 829 4252 nostra
860 4211 1071 4268 peccata
1092 4217 1106 4254 :
1126 4203 1374 4272 quoniam
1399 4214 1611 4275 peccata
1632 4217 1887 4264 vocantur
1914 4223 1999 4263 sa-

429 4283 628 4338 crificia
648 4298 746 4356 pro
759 4288 1007 4356 peccatis.
1038 4290 1107 4347 Et
1130 4292 1311 4363 utique
1355 4294 1468 4364 ipse
1497 4290 1592 4366 pro
1641 4298 1872 4367 peccatis
1898 4315 1996 4354 no-

426 4375 552 4430 stris
579 4375 881 4435 immolatus
913 4391 1015 4449 est,
1046 4384 1248 4440 nullum
1288 4385 1491 4443 habens
1535 4390 1741 4459 vitium,
1770 4392 1914 4447 solus
1942 4392 1998 4450 in

428 4463 732 4522 hominibus
751 4471 902 4539 quale
927 4476 1265 4543 quaerebatur
1284 4479 1588 4541 etiamtunc
1611 4481 1663 4535 in
1690 4484 1992 4553 pecoribus,

433 4569 541 4624 quo
581 4556 976 4626 significabatur
1018 4579 1157 4621 unus
1197 4567 1317 4623 sine
1354 4569 1484 4625 vitio
1509 4571 1577 4626 ad
1604 4573 1732 4628 vitia
1765 4575 2001 4632 sananda

427 4653 697 4701 venturus.
719 4648 1064 4722 Quocumque
1086 4654 1244 4725 igitur
1263 4656 1351 4713 die
1377 4672 1488 4715 sure
1513 4662 1803 4721 nativitatis
1830 4666 2001 4723 infans

428 4735 726 4806 haptizetur
748 4739 798 4793 in
828 4740 1058 4810 Christo,
1108 4754 1352 4817 tauquam
1391 4756 1581 4806 octavo
1607 4752 2001 4814 circumciditur

428 4827 548 4883 die:
577 4832 825 4900 quoniam
858 4833 908 4889 in
939 4835 1028 4890 illo
1050 4837 1464 4909 circumciditur,
1491 4844 1582 4914 qui
1611 4847 1766 4902 tertio
1785 4850 1999 4920 quidem

426 4936 493 4976 ex
519 4938 623 4992 quo
637 4924 921 4982 cruciﬁxus
945 4937 1048 4997 est,
1076 4930 1171 4986 sed
1187 4942 1376 4989 octavo
1396 4934 1448 4991 in
1476 4936 1893 4998 hebdomadibus
1909 4959 1996 4999 re-

429 5017 663 5073 surrexit
694 5017 800 5075 die.
832 5018 1242 5080 Circumciditur
1268 5036 1445 5083 autem
1477 5028 1531 5086 in
1559 5033 1996 5101 exspoliationem

428 5107 669 5176 corporis
688 5110 866 5166 carnis
882 5108 1098 5186 (Coloss.
1123 5131 1182 5182 tt,
1204 5116 1315 5187 il),
1335 5118 1395 5178 id
1411 5129 1513 5188 est,
1531 5129 1589 5177 ut
1610 5123 1842 5182 debitum
1859 5128 1999 5199 quod

429 5200 675 5287 contagio
689 5204 917 5259 carnalis
929 5208 1286 5276 generationis
1302 5215 1539 5277 attraxit,
1561 5217 1725 5286 gratia
1750 5221 1999 5287 spiritua-

425 5286 494 5341 lis
520 5295 939 5361 regenerationis
960 5297 1221 5355 absolvat.
1252 5299 1445 5359 Nullus
1468 5307 1600 5360 enim
1630 5319 1702 5361 est
1727 5286 1942 5367 orandus
1969 5328 2001 5366 α

425 5380 594 5447 sorde,
622 5383 770 5455 (qua,
796 5387 1042 5457 obsecro,
1070 5391 1249 5462 sorde,
1280 5394 1382 5454 nisi
1407 5397 1666 5473 peccati?)
1698 5395 1788 5456 nec
1807 5403 1997 5474 infans,

491 5534 511 5605 ξ
530 5542 641 5605 am.
652 5541 703 5586 et
715 5541 842 5597 ως..

481 5597 898 5701 ;.t?ygirannensis
946 5609 1027 5652 Ms.
1046 5638 1061 5662 ,
1090 5607 1246 5667 [udus
1284 5616 1355 5662 est
1385 5611 1511 5665 enin
1544 5617 1794 5678 propolis
1825 5630 1997 5683 pecca-

425 5659 665 5767 “Tinam
690 5721 793 5779 ηε..
816 5718 1119 5777 reconciliari
1143 5735 1258 5777 Deo.

1676 353 1734 411 S.
1773 348 2138 408 AUGUSTlNl
2177 346 2478 407 EPlSCOPl

3553 351 3651 406 ΑΜ

2081 464 2226 534 cujus
2266 472 2339 519 est
2379 460 2527 518 cuius
2564 462 2663 517 diei
2704 462 2805 516 vita
2849 477 3001 532 super
3043 452 3233 517 terram
3277 459 3398 535 (Job
3447 478 3555 530 ην,
3598 465 3654 530 4,

2081 570 2179 608 see.
2209 551 2397 624 LXX).
3767 546 3777 551 ’

2152 642 2377 700 CAPUT
2394 639 2633 699 XXXIII.
2662 673 2734 685 —-
2759 642 2846 699 38.
2874 641 2966 699 Sic
2989 651 3166 698 autem
3193 649 3653 713 argumentantur,

2081 732 2318 789 dicentes
2342 750 2357 788 :
2389 752 2409 787 s
2448 735 2588 806 Ergo
2617 733 2813 790 malum
2834 740 2959 788 sunt
2983 734 3205 802 nuptiae,
3227 741 3282 789 et
3306 748 3409 787 non
3428 742 3507 787 est
3522 746 3656 802 opus

2084 823 2178 879 Dei
2204 824 2363 879 homo
2388 836 2547 895 quem
2576 832 2835 896 generant
2862 823 3094 894 nuptias?
3121 844 3140 877 ι
3173 824 3334 896 Quasi
3358 826 3657 894 nuptiarum

2082 913 2278 969 bonum
2308 913 2380 970 sit
2402 915 2622 970 morbus
2651 913 3116 987 concupiscentize,
3148 913 3198 969 in
3225 928 3333 985 quo
3362 928 3554 969 uxores
3574 914 3660 967 di-

2082 1007 2252 1077 ligunt
2278 1007 2367 1076 qui
2409 1007 2654 1077 ignorant
2696 1007 2883 1073 Deum,
2930 1005 3071 1076 quod
3101 1007 3388 1075 Apostolus
3418 1006 3666 1076 prohibet

2085 1095 2130 1163 (l
2156 1093 2329 1150 Thess.
2364 1110 2441 1160 tv,
2470 1095 2559 1166 5);
2589 1109 2653 1150 ac
2689 1110 2794 1150 non
2840 1094 3015 1165 petius
3057 1094 3304 1165 pudicitia
3345 1095 3664 1164 cuujugalis.

2085 1197 2188 1254 qua
2210 1183 2263 1238 in
2289 1183 2461 1239 bonos
2484 1198 2613 1239 usus
2630 1184 2875 1240 ordinate
2902 1184 3038 1239 tilios
3065 1183 3378 1255 procreandi
3406 1184 3665 1255 redigitur
3734 1196 3735 1199 ‘

2085 1274 2251 1330 libido
2272 1274 2534 1331 carnalis:
2558 1284 2653 1331 aut
2680 1290 2807 1332 vero
2847 1275 3016 1344 possit
3052 1288 3173 1330 esse
3213 1275 3373 1329 homo
3405 1273 3510 1328 nisi
3531 1289 3668 1343 opus

2087 1368 2201 1435 Dei,
2225 1384 2331 1424 non
2356 1366 2532 1424 solum
2554 1368 2645 1438 qui
2687 1366 2756 1423 de
2777 1366 3048 1436 coniugio,
3078 1380 3264 1420 verum
3292 1366 3451 1420 etiam
3480 1365 3571 1434 qui
3600 1364 3670 1420 de

2085 1459 2455 1525 fornicatione,
2483 1458 2570 1514 vei
2600 1457 2670 1513 de
2692 1456 2956 1512 adulterio
2981 1463 3312 1528 procreatur.
3349 1453 3456 1511 Sed
3483 1454 3536 1508 in
3566 1453 3671 1510 hac

2085 1551 2403 1624 quaestione,
2428 1548 2519 1605 ubi
2543 1549 2818 1621 qua‘ritur,
2844 1561 2952 1604 non
2982 1548 3067 1605 cui
3090 1548 3168 1603 rei
3197 1557 3430 1609 creator,
3456 1546 3553 1602 sed
3582 1545 3671 1602 cui

2085 1644 2320 1701 salvator
2344 1642 2414 1698 sit
2440 1642 2790 1708 necessarius,
2818 1656 2924 1696 non
2947 1639 3263 1696 intuendum
3286 1649 3369 1695 est
3396 1639 3520 1710 quid
3542 1639 3671 1694 boni

2088 1734 2158 1790 sit
2184 1733 2237 1788 in
2268 1733 2637 1804 procreatione
2661 1740 2887 1798 naturae,
2913 1730 3009 1787 s'ed
3035 1730 3161 1801 quid
3192 1730 3242 1785 in
3267 1742 3488 1806 peccan
3517 1728 3668 1795 mali,

2087 1840 2195 1897 quo
2227 1835 2431 1880 certum
2456 1834 2539 1880 est
2565 1823 2802 1880 vitiatam
2845 1830 2968 1880 esas
2996 1833 3262 1878 naturam.
3291 1822 3459 1879 Simul
3489 1832 3673 1877 autem

2089 1925 2375 1985 utrumque
2401 1923 2745 1987 propagatur,
2774 1923 2830 1970 et
2854 1923 3064 1982 natura,
3112 1923 3170 1970 et
3197 1923 3401 1969 natura:
3446 1914 3671 1980 vitium;

2089 2008 2315 2080 quorum
2339 2017 2423 2065 est
2449 2023 2609 2065 unum
2639 2007 2860 2076 bonum,
2901 2007 3127 2064 alterum
3159 2007 3378 2062 malum.
3426 2004 3556 2061 illud
3602 2004 3675 2061 de

2090 2102 2381 2159 conditoris
2406 2100 2650 2171 largitate
2676 2101 2929 2165 sumitur,
2963 2100 3065 2155 hoc
3108 2099 3176 2155 de
3203 2099 3423 2171 originis
3451 2098 3675 2153 damna-

2093 2196 2238 2252 tione
2264 2194 2282 2228 ⁸
2317 2188 2599 2248 attrahitur
2625 2208 2641 2248 :
2668 2191 2743 2248 illi
2786 2200 2869 2248 est
2905 2206 3064 2248 causa
3114 2192 3251 2247 bona
3292 2190 3539 2246 voluntas
3580 2189 3676 2245 Dei

2092 2284 2308 2352 summi,
2354 2283 2478 2341 huic
2503 2285 2641 2339 mala
2669 2283 2914 2339 voluntas
2938 2282 3174 2340 hominis
3203 2281 3394 2352 primi:
3429 2279 3558 2335 illud
3586 2280 3674 2337 in-

2092 2376 2236 2432 dicat
2259 2375 2422 2432 Deum
2449 2383 2708 2430 creatura:
2731 2372 3110 2439 institutorem,
3138 2372 3239 2427 hoc
3278 2370 3475 2426 indicat
3501 2370 3677 2425 Deum

2095 2466 2465 2525 inobedientite
2498 2466 2832 2538 punitorem:
2861 2464 3091 2537 denique
3119 2464 3260 2520 idem
3286 2464 3402 2533 ipse
3427 2461 3681 2520 Christus

2094 2570 2312 2632 propter
2337 2559 2467 2616 illud
2507 2558 2795 2615 creandum
2842 2556 3013 2614 factor
3052 2566 3137 2614 est
3172 2556 3427 2624 hominis,
3456 2564 3675 2627 propter

2095 2653 2198 2710 hoc
2222 2651 2516 2708 sanandum
2546 2650 2714 2705 factus
2740 2656 2824 2705 est
2854 2650 3036 2704 homo.

2165 2742 2390 2801 CAPUT
2434 2741 2674 2797 XXXIV.
2701 2771 2773 2782 —
2795 2740 2887 2799 39.
2927 2741 3132 2796 Bonum
3169 2754 3297 2811 ergo
3321 2747 3445 2795 sunt
3472 2739 3680 2808 nuptitn

2096 2834 2151 2891 in
2178 2834 2424 2889 omnibus
2447 2848 2564 2903 qua:
2591 2840 2714 2887 sunt
2737 2831 2949 2903 propria
2974 2833 3297 2902 nuptiarum.
3337 2830 3462 2886 Haec
3488 2839 3676 2886 autem

2096 2934 2220 2982 sunt
2246 2927 2362 2989 tria,
2382 2923 2670 2996 generandi
2693 2922 2978 2990 ordinatio,
3004 2922 3136 2978 ﬁdes
3158 2922 3439 2991 pudicititn,
3465 2935 3681 2976 connu-

2097 3018 2169 3075 bii
2215 3024 2625 3073 sacramentum.
2684 3015 2912 3086 Propter
2955 3015 3342 3071 ordinationem
3385 3013 3682 3085 generandi

2097 3111 2349 3182 scriptum
2378 3118 2462 3166 est
2491 3127 2506 3165 :
2545 3106 2675 3164 Volo
2708 3110 2937 3178 iuniores
2976 3111 3181 3175 nubere,
3210 3108 3345 3178 ﬁlios
3374 3104 3639 3177 procre’are
3662 3148 3681 3174 ,

2094 3203 2502 3276 antatresfamilias
2529 3218 2634 3261 esse
2659 3201 2698 3277 (Ι
2746 3200 2876 3259 Tim.
2905 3218 2959 3269 v,
2991 3200 3099 3271 ii).
3143 3201 3363 3271 Propter
3393 3199 3550 3256 iidem
3581 3216 3686 3272 pu-

2096 3295 2293 3353 dicitia:
2322 3313 2338 3351 :
2373 3295 2516 3351 Uxor
2555 3312 2657 3351 non
2695 3297 2841 3351 habet
2870 3300 3162 3367 potestatem
3188 3292 3269 3347 sui
3295 3295 3543 3362 corporis,
3586 3293 3684 3350 sed

2097 3386 2174 3445 vir
2199 3403 2220 3444 :
2239 3388 2466 3446 similiter
2478 3396 2525 3443 et
2540 3390 2728 3444 virm
2748 3387 2895 3442 habet
2909 3394 3202 3459 potestatem
3222 3385 3302 3438 sui
3315 3385 3559 3453 corporis,
3588 3382 3688 3442 sed

2099 3481 2283 3537 mulier
2301 3478 2343 3553 (l
2359 3477 2476 3535 Cor.
2494 3495 2589 3546 vn,
2608 3479 2688 3551 4).
2712 3479 2934 3549 Propter
2958 3477 3207 3535 connubii
3243 3485 3639 3532 sacramentum
3665 3492 3682 3530 :

2102 3572 2252 3642 Quod
2288 3570 2425 3626 Deus
2449 3570 2733 3644 eonjuruit,
2772 3570 2922 3629 homo
2946 3584 3049 3623 non
3072 3576 3273 3636 separet
3299 3566 3510 3640 (Matth.
3537 3580 3636 3625 ιιι
3665 3607 3685 3635 ,

2101 3662 2186 3734 6).
2224 3662 2301 3719 De
2323 3661 2515 3734 quibus
2550 3661 2603 3716 in
2646 3660 2765 3716 aliis
2802 3659 3072 3729 opusculis
3109 3659 3327 3725 nostris,
3370 3674 3490 3730 qua:
3526 3660 3689 3718 vobis

2100 3769 2208 3810 non
2236 3761 2363 3809 sunt
2406 3751 2694 3823 incognita,
2737 3761 2993 3822 quantum
3023 3749 3249 3806 Domino
3272 3749 3555 3819 adjuvante
3584 3764 3690 3821 po-

2102 3844 2317 3909 tuimus,
2347 3843 2478 3898 satis
2519 3856 2616 3897 nos
2658 3840 2975 3898 disseruisse
3017 3839 3358 3896 meminimus
3387 3839 3493 3910 (De
3530 3838 3686 3896 Bono

2100 3934 2385 4006 coniugali,
2414 3950 2469 3987 η.
2496 3935 2532 3990 5
2552 3930 2711 4005 sqq.).
2749 3931 2973 4001 Propter
2994 3929 3111 3987 hate
3133 3930 3335 3997 omnia,
3361 3928 3686 3986 honorabiles

2101 4028 2292 4097 nuptiis
2315 4024 2369 4078 in
2393 4023 2641 4091 omnibus,
2680 4033 2729 4078 et
2761 4023 2935 4078 tltorsss
2959 4022 3311 4076 inmwculatus
3339 4019 3521 4093 (Hebr.
3548 4035 3647 4077 sus
3665 4061 3683 4087 ,
3726 4016 3749 4026 ”

2102 4118 2180 4187 4).
2219 4117 2278 4172 in
2305 4125 2558 4187 quantum
2600 4115 2743 4171 enim
2773 4112 2970 4183 nuptias
2994 4112 3149 4168 home
3189 4121 3331 4174 sunt,
3377 4112 3432 4166 in
3475 4120 3686 4166 tantum

2101 4208 2295 4265 faciunt
2327 4208 2609 4278 plurimum
2634 4206 2756 4262 boni
2784 4204 2946 4260 etiam
2970 4202 3040 4260 de
3067 4202 3300 4258 libidinis
3328 4202 3469 4258 malo
3498 4219 3513 4256 :
3541 4218 3684 4272 quo-

2101 4300 2244 4356 niam
2274 4299 2491 4354 libidine
2536 4311 2641 4351 non
2672 4296 2808 4351 bene
2836 4295 3000 4349 utitur
3026 4292 3209 4359 libido,
3240 4292 3336 4349 sed
3379 4292 3532 4349 ratio.
3586 4291 3685 4347 Li-

2102 4390 2230 4447 bido
2255 4397 2341 4445 est
2382 4399 2558 4445 autem
2601 4387 2655 4442 in
2681 4388 2707 4420 ι
2733 4385 2843 4449 illa,
2883 4400 3043 4456 quam
3073 4393 3221 4440 notat
3259 4384 3564 4454 Apostolus,
3596 4398 3688 4438 re-

2103 4489 2369 4552 pugnante
2390 4478 2491 4548 legi
2516 4477 2726 4539 mentis,
2751 4475 3167 4532 inobedientium
3188 4475 3305 4545 lege
3320 4476 3685 4530 membrorum
3742 4470 3761 4477 ’

2103 4569 2278 4643 (Rom.
2308 4583 2403 4638 vn,
2431 4567 2524 4642 23)
2556 4583 2572 4622 :
2602 4568 2736 4623 ratio
2777 4581 2909 4623 vero
2946 4567 3080 4622 bene
3106 4574 3260 4623 utens
3296 4564 3535 4630 libidine,
3569 4565 3685 4635 ipsa

2101 4670 2188 4718 est
2209 4662 2262 4717 in
2290 4660 2403 4731 lege
2428 4658 2750 4729 nuptiarum.
2772 4656 2904 4713 Nam
2932 4657 2976 4712 si
3002 4656 3203 4712 nullum
3227 4655 3294 4711 de
3318 4655 3459 4710 maio
3485 4655 3685 4710 bonum

2104 4749 2223 4807 ﬂeri
2252 4758 2451 4821 posset,
2481 4763 2579 4804 nec
2606 4748 2744 4802 Deus
2769 4762 2838 4802 ex
2866 4746 3166 4802 adulterino
3202 4743 3484 4800 concubitu
3514 4742 3694 4798 homi-

2104 4858 2227 4901 nem
2252 4842 2525 4899 conderet.
2562 4839 2708 4897 Sicut
2725 4855 2853 4911 ergo
2872 4839 3117 4897 adulterii
3136 4838 3435 4894 damnabile
3460 4836 3684 4904 malum,

2104 4931 2316 5005 quando
2357 4941 2412 4987 et
2439 4930 2563 4987 inde
2590 4930 2751 4985 homo
2777 4928 3034 4995 nascitur,
3066 4944 3172 4983 non
3224 4928 3511 4996 imputatur
3534 4925 3645 4981 Deo
3668 4967 3686 4991 ,

2106 5024 2197 5097 qui
2221 5032 2367 5080 certe
2394 5023 2448 5079 in
2474 5036 2638 5092 opere
2664 5020 2936 5077 hominum
2964 5021 3106 5077 malo
3138 5020 3263 5075 facit
3289 5020 3401 5090 ipse
3427 5034 3561 5090 opus
3586 5019 3690 5074 bo-

2105 5132 2234 5175 num
2262 5135 2277 5171 :
2310 5117 2380 5173 ita
2406 5114 2657 5187 quidquid
2680 5118 2764 5170 est
2788 5113 3092 5186 pudendum
3120 5114 3177 5169 in
3204 5114 3563 5170 membrorum
3592 5111 3688 5167 illa

2105 5208 2481 5276 inobedientia,
2522 5208 2592 5264 de
2619 5223 2722 5279 qua
2757 5208 3085 5264 erubuerunt
3129 5207 3220 5278 qui
3265 5212 3385 5277 post
3411 5214 3687 5277 peccatum

2104 5298 2247 5356 foliis
2271 5298 2510 5355 ﬁculneis
2533 5298 2719 5356 eadem
2757 5300 2996 5355 membra
3026 5307 3272 5355 texerunt
3300 5297 3448 5371 (Gen.
3482 5313 3557 5362 nt,
3584 5296 3643 5367 7)
3672 5337 3688 5357 .

2105 5405 2212 5447 non
2242 5390 2439 5461 nuptiis
2467 5390 2776 5460 imputatur,
2816 5399 3032 5462 propter
3054 5405 3186 5462 quas
3214 5388 3524 5446 concubitus
3548 5403 3677 5444 con.

2169 5502 2187 5535 ι
2209 5507 2536 5564 οωιιθςλβιιεη
2553 5498 2616 5551 de
2629 5498 2814 5564 origine
2836 5500 3170 5553 dmotimis.

2170 5565 2191 5597 i
2219 5568 2285 5613 tta
2308 5560 2531 5625 Gallicani
2570 5568 2677 5613 Mss.
2700 5560 2851 5614 f-Zditio
2874 5571 2981 5614 ων.
3005 5564 3199 5625 omittit,
3231 5560 3282 5612 in
3324 5572 3343 5611 :
3382 5568 3551 5625 postea
3573 5572 3683 5625 eum

2105 5630 2204 5673 Am.
2224 5630 2277 5695 et
2290 5629 2362 5695 Er.
2380 5623 2452 5672 sie
2471 5622 2636 5696 habet,
2655 5636 2802 5687 quam
2816 5631 2950 5688 coeat
2974 5620 3213 5705 Apostolus

2105 5692 2289 5735 mus.
2304 5684 2678 5735 mobedteimmn
2696 5682 2799 5735 leae
2814 5686 3154 5735 membrorum.
3180 5693 3276 5735 non
3294 5698 3370 5735 ma
3390 5697 3438 5735 e.
3464 5696 3507 5735 st

2104 5683 2289 5744 utentis.
2304 5682 2679 5748 inobediemimn
2696 5682 2799 5748 lege
2814 5682 3154 5738 membrorum.
3180 5693 3276 5737 non
3290 5682 3438 5748 male,
3464 5686 3507 5736 si

2104 5747 2333 5809 corrigas,
2361 5745 2512 5809 legem
2528 5745 2863 5798 membrorum.
