4034 6182
325 310 430 370 605

318 426 512 499 jugalis
552 439 660 482 non
701 422 875 480 solum
919 428 1004 478 est
1031 419 1227 487 licitus,
1257 432 1442 475 verum
1485 418 1646 475 etiam
1681 417 1832 474 utilis
1859 427 1914 474 et

320 516 615 580 honestus;
646 512 742 570 sed
779 513 1069 584 imputatur
1092 515 1311 581 peccato
1339 506 1734 574 inobedlentite,
1764 505 1918 578 cuius

232 612 237 616 ’
317 605 438 662 haec
465 619 626 677 pana
669 613 752 660 est
792 611 1100 667 consecuta,
1142 609 1202 656 ut
1229 601 1391 654 homo
1417 595 1730 654 lnobediens
1758 596 1874 653 Deo
1897 638 1914 666 ,

319 713 414 751 sua
461 711 675 768 quoque
716 695 816 750 sibi
861 693 1220 751 inobedientia
1268 691 1508 747 membra
1547 691 1816 746 sentiret:
1848 690 1919 746 de

327 789 513 859 quibus
538 787 884 856 erubescens,
915 785 1057 856 quod
1088 800 1194 840 non
1231 783 1297 838 ad
1323 782 1600 838 arbitrium
1627 781 1918 838 voluntatis

319 881 456 949 ejus,
499 879 594 933 sed
638 877 706 932 ad
737 877 971 932 libidinis
1001 877 1326 931 incentivum
1355 875 1501 929 velut
1538 875 1758 930 arbitrio
1789 889 1916 944 pro-

322 972 439 1041 prio
465 981 836 1035 moverentur,
878 985 996 1040 quae
1025 967 1266 1038 pudenda
1303 965 1580 1037 judicavit,
1627 965 1918 1036 operienda

319 1064 543 1120 curavit.
585 1062 702 1118 Non
742 1063 887 1118 enim
929 1060 1184 1116 confundi
1221 1059 1403 1116 debuit
1443 1059 1605 1114 homo
1647 1058 1712 1113 de
1751 1073 1915 1129 opere

324 1153 440 1216 Dei,
472 1161 564 1206 aut
591 1152 702 1206 ullo
732 1150 892 1205 modo
933 1150 1143 1205 fuerant
1170 1159 1354 1205 creato
1382 1147 1764 1214 erubescenda,
1794 1161 1914 1218 quae.

321 1241 648 1296 instituenda
690 1241 803 1295 visa
844 1250 969 1296 sunt
1009 1240 1272 1296 Creatori.
1314 1240 1496 1310 Itaque
1538 1253 1638 1294 nec
1665 1239 1774 1292 Deo
1816 1253 1915 1293 nec

322 1331 524 1386 homini
557 1332 643 1385 illa
681 1331 911 1401 simplex
935 1331 1144 1384 auditas
1169 1329 1500 1400 displicebat,
1529 1327 1740 1398 quando
1781 1327 1914 1384 nihil

249 1419 259 1430 '
322 1429 437 1475 crat
493 1418 842 1490 pudendum,
900 1420 1023 1492 quia
1083 1419 1216 1475 nihil
1277 1427 1625 1490 praeessent
1693 1417 1916 1488 punien-

323 1512 472 1566 dum.

395 1600 622 1659 CAPUT
662 1602 879 1658 XXXV.
907 1633 980 1644 -
1002 1603 1092 1658 40.
1133 1603 1327 1658 Essent
1346 1609 1522 1657 autem
1551 1602 1731 1672 procul
1751 1601 1918 1657 dubio

327 1694 523 1762 nuptite
549 1695 713 1750 etiam
745 1709 847 1748 non
874 1694 1209 1764 pnecedcnte
1237 1703 1474 1762 peccato,
1502 1694 1623 1763 quia
1653 1709 1824 1763 neque
1843 1693 1914 1750 ob

321 1787 478 1841 aliam
511 1803 728 1844 causam
759 1786 873 1841 viro
901 1787 1241 1856 ndjutorium,
1289 1801 1392 1840 non
1420 1786 1556 1840 alius
1583 1787 1681 1848 vir,
1712 1786 1807 1840 sed
1837 1785 1914 1842 Ic-

322 1881 460 1933 mina
495 1877 628 1932 facta
655 1886 754 1933 est.
801 1880 864 1932 Et
893 1879 976 1931 illa
1009 1879 1096 1932 Dei
1127 1880 1306 1941 verba,
1337 1877 1570 1942 Crescite,
1597 1887 1644 1931 et
1669 1877 1912 1946 multipli-

320 1973 506 2026 camini
530 1971 680 2044 (Gen.
714 1988 749 2036 ι,
778 1972 869 2043 28)
898 1989 912 2038 ;
943 1987 1046 2026 non
1069 1981 1151 2027 est
1192 1969 1610 2026 damnandorum
1641 1969 1914 2040 praedictio

321 2077 684 2135 peccatorum,
708 2065 798 2120 sed
831 2065 1230 2118 Iccundatarum
1259 2063 1561 2118 benedictio
1587 2063 1910 2132 nuptiarum.

319 2157 411 2212 His
439 2158 584 2210 enim
617 2157 754 2210 Deus
777 2157 1129 2210 ineﬂ'ahilibus
1149 2156 1259 2210 suis
1289 2155 1485 2220 verbis,
1515 2154 1564 2207 id
1591 2163 1692 2221 est,
1717 2152 1912 2209 divinis

317 2249 612 2303 rationibus
644 2249 694 2301 in
715 2263 826 2302 sua:
856 2235 1149 2317 sapientia),
1177 2261 1273 2316 per
1295 2263 1451 2316 qttam
1485 2245 1619 2300 facta
1647 2253 1771 2300 sunt
1797 2261 1914 2300 0m-

317 2339 423 2402 nia,
469 2339 694 2392 veritate
741 2339 1036 2392 viventibtts
1081 2338 1186 2390 vim
1237 2337 1457 2392 seminis
1507 2336 1699 2390 indidit
1727 2336 1912 2406 primis

318 2429 642 2486 hominibus.
683 2430 737 2485 Si
767 2439 942 2484 autem
975 2438 1195 2500 peccato
1221 2445 1326 2484 non
1358 2429 1543 2484 fuisset
1564 2429 1910 2484 dehonestata

319 2531 525 2584 natura,
552 2523 692 2576 absit
731 2532 786 2575 ut
808 2523 1092 2592 opinemur
1118 2521 1250 2576 tales
1285 2519 1488 2576 futuras
1515 2520 1675 2575 fuisse
1704 2521 1912 2592 nuptias

319 2610 368 2665 in
397 2613 664 2678 paradiso,
689 2623 745 2665 ut
769 2611 820 2664 in
844 2612 924 2666 eis
947 2611 1011 2666 ad
1042 2611 1248 2682 prolem
1271 2611 1634 2666 seminandam
1655 2625 1759 2666 non
1783 2621 1911 2668 nutu

319 2703 605 2756 voluntatis
634 2704 676 2766 ⁸,
723 2703 864 2756 sicut
910 2716 1002 2768 pes
1048 2700 1114 2755 ad
1161 2701 1562 2768 ambulandum,
1612 2716 1801 2755 manus
1843 2701 1910 2756 ad

317 2793 667 2860 Operandum,
697 2793 872 2862 lingua
915 2791 980 2846 ad
1007 2790 1368 2862 loquendum;
1397 2792 1491 2847 sed
1521 2799 1654 2847 testu
1683 2792 1913 2848 libidinis

319 2885 554 2940 membra
604 2885 854 2956 genitalia
907 2892 1272 2940 moverentur.
1313 2883 1423 2939 Nec
1466 2883 1603 2938 sicut
1647 2899 1786 2938 nunc
1817 2883 1906 2950 Iit,

319 2976 638 3044 virginitatis
667 2977 942 3046 integritas
968 2975 1032 3029 ad
1058 2973 1440 3044 concipiendos
1469 2973 1609 3030 fetus
1639 2974 1687 3028 vi
1716 2973 1912 3030 turbidi

319 3067 634 3122 vitiarctur'
659 3067 885 3131 ardoris,
920 3065 1014 3122 sed
1061 3065 1448 3135 obsequeretur
1491 3066 1716 3132 imperio
1761 3075 1908 3121 tran-

319 3159 650 3230 quillissima:
675 3157 953 3212 charitatis
984 3174 998 3211 :
1033 3165 1084 3211 et
1105 3171 1171 3212 eo
1199 3156 1357 3211 modo
1375 3172 1481 3210 non
1510 3165 1656 3212 esset
1683 3156 1835 3211 dolor
1860 3165 1915 3212 et

320 3263 475 3304 cruor
543 3248 764 3318 virginis
819 3247 1259 3312 concumbentis,
1311 3245 1578 3316 quomodo
1623 3261 1729 3302 non
1775 3257 1916 3303 esset

321 3342 477 3395 etiam
511 3341 698 3396 matris
725 3339 956 3410 gemitus
995 3338 1272 3408 parientis.
1315 3337 1441 3393 Ilzec
1483 3337 1604 3392 ideo
1645 3353 1751 3392 non
1793 3352 1915 3393 cre-

321 3429 536 3495 duntur,
563 3430 685 3500 quia
714 3429 765 3483 in
809 3429 906 3484 ista
935 3427 1272 3482 mortalitatis
1296 3425 1602 3481 conditione
1641 3427 1914 3496 inexperta

321 3531 462 3574 sunt.
505 3520 562 3575 In
587 3519 822 3574 deterius
845 3519 1040 3588 quippe
1064 3517 1190 3571 vitio
1218 3525 1416 3572 mutata
1443 3523 1651 3583 neutra,
1683 3532 1789 3570 non
1829 3517 1914 3570 in-

321 3611 463 3664 venit
506 3611 692 3679 prima:
720 3609 860 3665 illius
889 3609 1132 3679 puritatis
1159 3606 1484 3676 exemplum.
1527 3605 1634 3662 Sed
1664 3605 1910 3662 ﬁdelibus

321 3698 622 3770 lllqtllllllll‘,
679 3700 767 3770 qui
823 3706 1084 3754 noverunt
1136 3698 1358 3754 credere
1403 3698 1614 3753 divinis
1645 3698 1912 3768 eloquiis,

321 3795 478 3845 etiam
531 3793 690 3846 nullis
736 3789 988 3844 adhibitis
1039 3799 1276 3858 expertae
1335 3787 1573 3844 veritatis
1629 3787 1913 3859 exemplis.

321 3883 600 3951 Quomodo
629 3883 770 3939 enim
816 3898 956 3938 nunc
981 3882 1256 3937 ostendam
1299 3882 1414 3938 sine
1456 3882 1576 3938 ullis
1606 3883 1916 3952 parentibus

321 3975 383 4029 de
406 3977 624 4044 pulvere
654 3975 920 4028 hominem
951 3972 1170 4036 factum,
1200 3973 1355 4041 eique
1381 3972 1448 4028 de
1472 3987 1571 4027 suo
1598 3973 1765 4028 latere
1787 3989 1912 4028 con-

318 4067 491 4135 jugem
528 4063 637 4133 (Id.
666 4079 723 4128 ιι,
750 4067 804 4130 7,
829 4065 967 4134 2:2)?
995 4063 1062 4118 Et
1083 4073 1260 4118 tamen
1291 4064 1432 4134 quod
1458 4064 1644 4118 oculus
1662 4065 1774 4134 jam
1804 4080 1910 4120 non

321 4159 542 4222 invenit,
573 4157 704 4212 fides
724 4157 913 4212 credit.
1671 4204 1678 4210 .

387 4249 615 4305 CAPUT
663 4249 902 4304 XXXVI.
951 4281 1025 4291 —
1069 4251 1158 4306 41.
1227 4250 1319 4306 Sic
1361 4265 1489 4320 ergo
1527 4258 1580 4304 et
1623 4249 1911 4318 primarum

325 4341 625 4407 nuptiarum
675 4341 791 4394 sine
842 4341 1073 4396 libidinis
1124 4341 1368 4409 passione
1417 4341 1810 4409 tranquillitas,
1859 4349 1915 4396 et

324 4444 494 4487 motus
520 4432 827 4503 genitalium
871 4434 1007 4487 sicut
1035 4433 1260 4488 aliorum
1292 4433 1670 4496 membrorum,
1715 4448 1818 4487 non
1847 4433 1915 4489 ad

326 4512 784 4579 etlrenati'cdoris
828 4524 1251 4587 incitamentum,
1291 4524 1384 4578 sed
1410 4523 1478 4577 ad
1507 4525 1792 4580 voluntatis
1820 4540 1910 4581 ar-

334 4617 549 4664 titrtunt
570 4615 786 4682 (quales
806 4627 1006 4684 nuptiae
1027 4616 1546 4683 perseverassent,si
1569 4619 1775 4684 peccati
1797 4631 1907 4672 non

334 4707 720 4759 Intervenissrt
741 4707 1302 4774 op-probriom),nune
1323 4708 1542 4762 ostendi
1571 4724 1677 4762 non
1701 4717 1908 4778 potest:

341 4794 418 4844 .ed
475 4809 540 4848 ex
601 4795 670 4848 iis
694 4811 813 4861 qtne
836 4795 1021 4848 divina
1045 4797 1377 4851 auctoritate
1401 4799 1718 4868 conscripta
1755 4808 1909 4866 sunt,

351 4897 431 4932 ιυιι
459 4881 737 4937 intueri-to
755 4883 906 4938 credi
935 4894 1134 4953 potest.
1161 4885 1252 4940 Sic
1294 4887 1443 4942 enim
1492 4887 1658 4943 modo
1690 4905 1800 4945 non
1828 4893 1914 4946 ln-

330 4973 484 5026 venio
506 4974 626 5028 sine
650 4978 935 5045 pruriente
985 4977 1214 5034 libidine
1252 4980 1734 5045 concumbentem,
1765 4981 1908 5038 sicut

328 5082 430 5120 non
458 5067 678 5122 invenio
703 5069 822 5123 sine
843 5068 1032 5125 dolore
1053 5079 1105 5125 et
1124 5071 1330 5141 gemitu
1355 5071 1906 5141 parturientem,sine

325 5159 509 5214 hnura
535 5169 714 5216 morte
738 5171 1048 5217 nascentem
1077 5179 1092 5218 :
1121 5175 1174 5218 et
1205 5173 1386 5220 tamen
1425 5165 1727 5220 secundum
1751 5165 1905 5221 Seri-

362 5245 610 5307 tnrarunt
639 5267 953 5310 sanctarum
971 5258 1526 5329 veritatem,gemitus
1549 5261 1906 5330 parturientis

331 5354 375 5401 rt
393 5363 542 5401 mors
559 5347 797 5403 hominis
821 5365 928 5403 non
955 5349 1272 5416 fuissent,si
1301 5360 1586 5422 peccatum
1631 5366 1740 5408 non
1766 5336 1917 5424 prie?

323 5441 602 5496 cessisset.
625 5439 714 5495 Sic
735 5458 832 5498 nec
849 5442 980 5497 illud
1005 5444 1150 5500 unde
1175 5445 1639 5517 erubuerunt,qui
1663 5447 1904 5504 membra

385 5654 399 5683 ι
427 5650 558 5700 ῐίάὶνὶ
587 5659 641 5700 et
669 5652 802 5710 Mss,
833 5665 924 5701 non
952 5659 1125 5702 natura
1152 5633 1429 5704 voluntatis.
1455 5655 1803 5708 Emendantur
1831 5658 1921 5707 hic-

323 5725 380 5760 ex
408 5711 532 5779 libro
558 5715 718 5779 primo
751 5714 813 5763 de
839 5714 1032 5779 Nuptiis
1064 5724 1116 5765 et
1136 5716 1564 5779 tjoncupiscentla,
1591 5732 1638 5769 n.
1667 5721 1711 5768 7.

384 5779 402 5805 '
438 5775 620 5825 Victor.
653 5776 740 5824 .lls.
767 5785 819 5826 et
855 5775 1028 5838 Vatis,
1061 5775 1360 5828 inritaretur.

1429 305 1635 365 LIBER
1671 304 1760 362 DE
1798 303 2112 365 PECCATO
2147 307 2518 367 ORIGINALI.

3522 316 3624 376 106

2027 419 2115 475 illa
2145 429 2392 477 texerunt
2422 438 2437 477 :
2467 423 2590 493 quia
2627 431 2682 480 ct
2711 425 2812 480 hoc
2856 424 2910 480 in
2939 425 3141 482 eisdem
3172 423 3372 485 sanctis
3405 421 3620 488 Litteris

2023 511 2359 580 precedente
2383 521 2601 584 peccato
2613 513 2869 584 scriptum
2885 523 2967 570 est
2981 525 3346 572 consecutum.
3375 516 3613 576 Membra

2022 603 2218 675 quippe
2267 604 2358 660 illa
2401 605 2504 661 nisi
2547 605 2800 664 indecens
2840 615 3016 663 motus
3051 608 3227 665 oculis
3266 625 3474 678 eorum,
3509 626 3613 668 non

2024 694 2204 764 utique
2231 696 2446 763 clausis,
2477 697 2574 754 sed
2617 697 2670 752 in
2699 697 2802 754 hoc
2829 712 2936 754 non
2976 699 3195 769 apertis,
3242 699 3345 756 boc
3371 711 3480 768 est,
3507 716 3615 758 non

2022 788 2258 854 attentis,
2296 788 2782 844 animadvertenda
2835 790 3171 856 nuntiasset;
3223 791 3354 846 nihil
3410 792 3472 847 in-
3517 807 3617 847 suo

2021 891 2266 947 corpore,
2311 878 2450 948 quod
2483 880 2663 948 utique
2693 887 2860 934 totum
2903 881 3042 936 Deus
3070 880 3334 938 laudabile
3365 881 3634 944 fecerat...

2021 968 2327 1037 pudendum
2373 969 2760 1040 velandumque
2803 972 3139 1028 sensissent:
3169 973 3292 1044 quia
3335 973 3436 1029 nisi
3468 991 3606 1044 prat-

2021 1055 2152 1112 isset
2175 1057 2399 1122 facinus,
2427 1059 2568 1128 quod
2600 1059 2956 1116 inobedientia
2983 1069 3067 1116 est
3093 1076 3220 1117 ausa
3249 1064 3606 1128 committere.

2021 1163 2126 1204 non
2152 1160 2463 1219 sequeretur
2491 1150 2743 1221 dedecus,
2772 1151 2914 1224 quod
2946 1152 3266 1210 verecundia
3296 1155 3455 1210 vellet
3477 1155 3607 1210 abs-

2019 1241 2274 1296 condere.

2089 1331 2318 1387 CAPUT
2357 1332 2620 1387 XXXVII.
2647 1362 2720 1374 —
2761 1335 2852 1389 42.
2892 1333 3106 1390 Clarum
3155 1343 3239 1390 est
3279 1335 3457 1406 igitur,
3510 1336 3610 1390 hoc

2015 1437 2124 1478 non
2151 1437 2270 1478 esse
2299 1425 2496 1492 nuptiis
2539 1424 2927 1494 imputandum,
2957 1426 3099 1497 quod
3141 1427 3242 1482 etsi
3286 1443 3397 1482 non
3423 1435 3567 1482 esset
3595 1441 3608 1487 ;

2018 1513 2215 1581 nuptire
2251 1523 2428 1568 tamen
2470 1523 2651 1569 essent
2680 1531 2693 1568 :
2720 1531 2944 1586 quarum
2993 1517 3190 1571 bonum
3233 1532 3338 1572 non
3368 1516 3606 1572 aufertur

2019 1602 2122 1657 isto
2159 1603 2316 1662 malo.
2344 1603 2436 1658 sed
2464 1604 2532 1658 ab
2562 1605 2640 1660 cis
2665 1612 2720 1659 et
2761 1605 2861 1661 hoc
2887 1605 3086 1660 malum
3120 1607 3170 1660 in
3203 1621 3356 1661 usum
3387 1607 3618 1663 vertitur.

2017 1691 2237 1747 bonum.
2282 1693 2474 1748 Verum
2501 1695 2621 1764 quia
2663 1695 2772 1765 jam
2804 1695 2900 1750 ista
2927 1696 3234 1752 conditione
3261 1698 3560 1752 mortalium
3589 1739 3604 1761 .

2018 1798 2159 1836 nunc
2201 1784 2357 1838 simul
2388 1793 2614 1854 aguntur
2657 1786 2971 1852 concubitus
3001 1797 3056 1842 et
3101 1787 3303 1852 libido;
3351 1803 3416 1842 eo
3463 1788 3520 1842 lit
3551 1799 3608 1843 ut

2017 1888 2136 1928 cum
2168 1875 2331 1929 libido
2359 1877 2789 1946 reprehenditur,
2825 1879 2982 1933 etiam
3010 1880 3260 1949 nuptialis
3289 1880 3603 1938 concubitus

2017 1967 2192 2021 Iieitos
2232 1979 2287 2022 et
2337 1970 2592 2024 honestus
2639 1970 2959 2040 reprehendi
3011 1982 3225 2040 putetur
3253 1972 3321 2026 ab
3371 1973 3468 2038 eis,
3517 1973 3606 2043 qui

2016 2056 2204 2110 nolunt
2245 2056 2552 2114 discernere
2597 2059 2697 2114 ista
2736 2059 2819 2116 vel
2867 2061 3130 2116 nesciunt.
3171 2060 3278 2116 Nec
3327 2061 3610 2118 attendunt

2017 2145 2145 2202 iliud
2173 2162 2292 2202 esse
2319 2150 2620 2217 nuptiarum
2648 2150 2866 2216 bonum,
2901 2150 3041 2207 unde
3064 2151 3358 2221 gloriantur
3381 2154 3604 2223 nuptitr,

2018 2237 2070 2292 id
2099 2245 2201 2306 est,
2248 2240 2449 2310 proles,
2481 2240 2751 2310 pudicitia,
2782 2251 3176 2298 sacramentum
3204 2259 3219 2308 ;
3255 2244 3381 2299 illud
3425 2255 3604 2300 autem

2017 2346 2123 2386 non
2175 2345 2297 2387 esse
2347 2335 2686 2402 nuptiarum,
2734 2333 2829 2389 sed
2877 2335 3111 2390 carnalis
3163 2335 3608 2406 concupiscentia:

2016 2421 2238 2488 malum,
2269 2421 2337 2477 de
2365 2438 2470 2493 quo
2499 2423 2820 2478 erubescunt
2845 2432 2898 2479 et
2927 2426 3144 2494 nuptiae.
3184 2424 3292 2480 Sed
3337 2426 3458 2497 quia
3489 2427 3607 2481 sine

2018 2510 2110 2567 illo
2137 2513 2277 2567 malo
2306 2512 2422 2568 lieri
2451 2530 2566 2569 non.
2587 2524 2764 2584 potest
2789 2515 3091 2586 nuptiarum
3132 2515 3352 2583 bonum,
3381 2517 3481 2572 hoc
3505 2526 3607 2583 est,

2019 2605 2326 2681 propagatio
2350 2603 2578 2659 ﬁliorum
2602 2621 2620 2671 ;
2649 2607 2734 2661 ubi
2761 2606 2828 2660 ad
2857 2606 3156 2676 hujusmodi
3187 2619 3322 2678 opus
3349 2609 3565 2663 venitur
3591 2649 3604 2670 .

2015 2703 2220 2750 secreta
2246 2705 2576 2766 qumruntur,
2603 2697 2788 2752 arbitri
2828 2709 3190 2765 removentur,
3223 2700 3448 2754 ﬁliorum
3476 2717 3608 2770 quo-

2016 2800 2120 2856 que
2161 2786 2418 2854 ipsorum,
2465 2787 2511 2842 si
2533 2788 2643 2855 jam
2689 2787 2813 2844 inde
2854 2789 3018 2860 aliqui
3051 2790 3157 2844 nati
3186 2799 3478 2856 snnt,.cnm
3511 2808 3606 2862 per

2017 2885 2230 2931 aetatem
2268 2877 2468 2932 sentire
2519 2878 2622 2932 ista
2645 2877 2754 2946 jam
2783 2879 3077 2950 ceperint,
3123 2882 3406 2950 przesentia
3455 2881 3608 2938 devi-

2020 2975 2160 3023 tatur
2183 2985 2198 3022 :
2221 2977 2380 3038 atque
2404 2970 2473 3024 ita
2503 2970 2701 3040 nuptia:
2738 2971 2988 3027 sinuntur
3007 2987 3261 3028 exercere
3284 2973 3428 3045 quod
3459 2975 3606 3042 licrt,

2019 3067 2077 3112 ut
2119 3073 2226 3112 non
2265 3059 2540 3130 negligant
2563 3061 2837 3116 occulta-re
2865 3060 3010 3132 quod
3050 3061 3294 3118 dedecet.
3353 3063 3486 3118 Ilinc
3527 3075 3608 3119 est

2018 3148 2160 3217 quod
2183 3148 2409 3204 infantes
2435 3152 2595 3204 etiam
2624 3151 2713 3222 qui
2741 3166 2963 3220 peccare
2987 3167 3092 3207 non
3125 3161 3367 3222 possunt,
3400 3170 3504 3208 non
3527 3161 3609 3206 ta-

2019 3254 2142 3293 men
2181 3239 2300 3295 sine
2329 3241 2531 3310 peccati
2561 3243 2878 3313 contagione
2922 3253 3248 3310 nascuntur;
3282 3260 3483 3300 non-ex.
3509 3244 3608 3300 hoc

2019 3331 2159 3402 quod
2190 3333 2332 3400 licet,
2357 3333 2451 3390 sed
2473 3349 2538 3388 ex
2563 3349 2629 3390 eo
2652 3334 2792 3405 quod
2816 3335 3058 3390 dedecet.
3100 3335 3230 3392 Nam
3256 3352 3322 3392 ea
3346 3335 3448 3392 hoc
3465 3337 3620 3406 quod,

2021 3425 2164 3491 licet,
2197 3434 2381 3481 natura
2413 3427 2680 3490 nascitur;
2725 3443 2791 3482 ex
2821 3427 2914 3482 illo
2954 3428 3097 3498 quod
3127 3429 3370 3494 dedecet,
3400 3430 3606 3484 vitium.

2019 3513 2233 3570 Natura:
2258 3517 2522 3572 nascentis
2547 3525 2627 3572 est
2653 3527 2840 3571 auctor
2867 3517 3029 3580 Deus,
3059 3519 3148 3588 qui
3177 3518 3444 3574 hominem
3471 3535 3605 3574 con-

2020 3605 2174 3672 didit,
2213 3614 2267 3660 et
2291 3608 2378 3676 qui
2405 3607 2662 3662 virumae
2687 3604 2938 3662 feminam
2983 3609 3202 3679 nuptiali
3225 3608 3346 3681 jure
3382 3611 3611 3680 conjun-

2020 3698 2098 3752 xit
2124 3714 2137 3750 :
2166 3697 2277 3752 vitii
2304 3711 2430 3753 vero
2457 3705 2642 3753 auctor
2661 3707 2744 3754 est
2765 3699 2962 3754 diaboli
2985 3700 3298 3771 decipientis
3324 3704 3608 3768 calliditas.

2018 3799 2074 3844 et
2100 3788 2331 3844 heminis
2354 3790 2737 3846 consentientis
2779 3793 3042 3848 voluntas.

2090 3880 2317 3938 CAPUT
2353 3880 2840 3940 XXXVlll.—43.
2863 3884 2970 3941 Ubi
2991 3885 3122 3941 nihil
3163 3886 3302 3942 Deus
3341 3886 3484 3952 fecit,
3509 3888 3623 3947 nisi.

2019 3973 2159 4042 qttod
2206 3973 2474 4028 hominem
2526 3973 2801 4033 voluntate
2846 3989 3176 4046 peccantem,
3216 3978 3365 4049 justo
3404 3973 3616 4050 judicio.

2020 4079 2139 4117 cum
2166 4063 2332 4132 stirpe
2354 4063 2626 4120 damnavit
2652 4083 2667 4121 :
2693 4077 2748 4122 et
2773 4066 2892 4122 ideo
2920 4068 2990 4122 ibi
3014 4053 3270 4138 quidquid
3292 4071 3454 4126 etiam
3479 4087 3612 4127 non-

2019 4152 2144 4206 dum
2172 4163 2284 4208 erat
2313 4164 2518 4221 natum,
2562 4156 2754 4210 merito
2783 4165 2867 4212 est
2892 4157 2944 4213 in
2979 4160 3402 4228 praevaricatrice
3432 4162 3614 4218 radice

2019 4242 2379 4298 damnatum:
2412 4245 2464 4298 in
2506 4261 2611 4315 qua
2653 4246 2820 4316 stirpe
2862 4246 3112 4304 damnata
3158 4257 3301 4306 tenet
3343 4252 3612 4309 hominem

2019 4335 2290 4404 generatio
2315 4335 2562 4398 carnalis,
2597 4336 2738 4392 unde
2765 4339 2876 4393 sola
2921 4338 3112 4396 liberat
3141 4344 3478 4412 regeneratio
3504 4346 3613 4414 spi-

2021 4426 2243 4481 ritualis.
2299 4426 2425 4482 Ideo
2464 4429 2792 4498 regeneratis
2842 4432 3186 4499 parentilms.
3234 4435 3278 4488 si
3330 4444 3508 4491 tamen
3557 4439 3610 4492 in

2019 4517 2205 4572 eadem
2237 4519 2400 4589 gratia
2433 4523 2910 4590 perseveraverint,
2944 4525 3125 4592 procul
3159 4525 3326 4581 dubio
3356 4527 3455 4582 ista
3483 4544 3606 4598 pro-

2021 4617 2137 4678 pter
2179 4611 2543 4665 rentissionem
2572 4623 2934 4684 peccatorum,
2979 4632 3100 4685 qu;e
3141 4616 3193 4671 in
3223 4620 3300 4673 eis
3330 4619 3462 4674 facta
3489 4630 3569 4673 Cal
3594 4661 3609 4683 ,

2019 4717 2124 4756 non
2150 4703 2385 4768 nocebit,
2414 4705 2513 4759 nisi
2553 4719 2674 4759 cum
2705 4721 2766 4760 ea
2797 4707 2932 4762 male
2959 4718 3198 4774 utuntur,
3228 4726 3331 4764 non
3360 4711 3528 4764 solum
3560 4713 3612 4764 in

2019 4796 2265 4851 omnibus
2310 4797 2507 4852 illicitis
2553 4799 2890 4868 corruptelis,
2938 4816 3123 4855 verum
3169 4803 3328 4857 etiam
3375 4803 3426 4856 in
3479 4804 3652 4872 ipsis‘

2019 4885 2330 4954 conjngibus
2361 4888 2572 4957 quando
2600 4905 2704 4943 non
2734 4891 3056 4960 propagandi
3090 4890 3360 4946 voluntate
3389 4907 3610 4962 opt-ratu

2019 4976 2265 5031 creandis
2311 4977 2430 5031 [iliis
2477 4978 2810 5046 impendunt,
2857 4981 2952 5036 sed
2995 4980 3300 5036 Iaseiviendi
3345 4983 3614 5051 voluptate

2020 5069 2390 5123 exsaturaudm
2437 5071 2670 5140 cupidini
2720 5072 3033 5128 inserviunt.
3073 5071 3223 5141 Quod
3269 5083 3488 5144 propter
3527 5079 3609 5128 vi-

2021 5159 2207 5215 tandas
2233 5160 2610 5216 fornicationes
2638 5163 2842 5218 maritis
2884 5172 2939 5218 et
2977 5164 3230 5219 uxoribus
3253 5181 3322 5220 ne
3364 5164 3615 5223 [raudrnt

2022 5251 2266 5316 invicem,
2297 5253 2397 5306 nisi
2439 5269 2501 5306 ex
2529 5269 2790 5308 consensu
2817 5255 2886 5309 ad
2929 5265 3156 5326 tempus,
3189 5266 3246 5313 ut
3284 5259 3620 5319 orationibus

2021 5353 2232 5408 vacent,
2261 5343 2552 5398 secundum
2581 5345 2810 5409 veniam,
2842 5363 2946 5400 non
2979 5347 3272 5405 secundum
3303 5349 3608 5420 imperium,

2021 5433 2265 5488 concedit
2287 5435 2572 5504 Apostolus
2597 5435 2638 5505 (Ι
2669 5435 2786 5489 Cor.
2812 5452 2907 5500 vn.
2926 5438 2980 5501 5,
3003 5437 3082 5507 6).
3108 5439 3392 5495 Evidenter
3417 5444 3614 5512 quippe

2021 5526 2146 5582 dum
2172 5528 2352 5582 tribuit
2375 5527 2605 5590 veniam.
2629 5529 2846 5584 denotat
2869 5531 3102 5602 culpam.
3144 5531 3404 5603 Nuptialis
3433 5546 3608 5590 autem

2010 5616 2356 5683 ‘concubilus,
2399 5633 2556 5688 quem
2587 5620 3006 5676 matrimoniales
3031 5638 3242 5694 quoque
3273 5623 3506 5679 indicant
3538 5639 3612 5678 ta-

2025 5712 2181 5773 bulae,
2229 5726 2387 5765 causa
2441 5713 2891 5780 procreandorum
2939 5715 3051 5772 ﬁeri
3107 5717 3353 5781 oliorum,
3413 5734 3503 5784 per
3556 5737 3610 5771 se

2024 5804 2198 5873 ipsum
2247 5818 2486 5873 ιτοτδιιδ,
2522 5821 2626 5861 non
2675 5807 2727 5862 in
2772 5808 3167 5876 comparatione
3209 5805 3590 5866 fornicationis,
