  <div class='ocr_page' id='page_1' title='image "/cluster/home/n/w/nwhite01/storage/ocr_20150623/44/hvd.32044069687945/209.png"; bbox 0 0 4034 6182; ppageno 0'>
   <div class='ocr_carea' id='block_1_1' title="bbox 360 243 466 301">
    <p class='ocr_par' dir='ltr' id='par_1_1' title="bbox 360 243 466 301">
     <span class='ocr_line' id='line_1_1' title="bbox 360 243 466 301; baseline -0.057 0"><span class='ocrx_word' id='word_1_1' title='bbox 360 243 466 301; x_wconf 60' lang='lat' dir='ltr'><strong>tu?</strong></span> 
     </span>
    </p>
   </div>
   <div class='ocr_carea' id='block_1_2' title="bbox 359 341 1947 423">
    <p class='ocr_par' dir='ltr' id='par_1_2' title="bbox 359 341 1947 423">
     <span class='ocr_line' id='line_1_2' title="bbox 359 341 1947 423; baseline -0.008 -13"><span class='ocrx_word' id='word_1_2' title='bbox 359 368 443 410; x_wconf 77' lang='lat' dir='ltr'><strong>est</strong></span> <span class='ocrx_word' id='word_1_3' title='bbox 477 354 647 409; x_wconf 86' lang='lat' dir='ltr'><strong>bonus</strong></span> <span class='ocrx_word' id='word_1_4' title='bbox 679 369 693 408; x_wconf 92' lang='lat'><strong>:</strong></span> <span class='ocrx_word' id='word_1_5' title='bbox 724 350 814 423; x_wconf 90' lang='lat' dir='ltr'><strong>qui</strong></span> <span class='ocrx_word' id='word_1_6' title='bbox 841 348 1072 416; x_wconf 86' lang='lat' dir='ltr'><strong>tametsi,</strong></span> <span class='ocrx_word' id='word_1_7' title='bbox 1100 355 1319 419; x_wconf 89' lang='lat' dir='ltr'><strong>propter</strong></span> <span class='ocrx_word' id='word_1_8' title='bbox 1343 360 1541 418; x_wconf 87' lang='lat' dir='ltr'><strong>corpus</strong></span> <span class='ocrx_word' id='word_1_9' title='bbox 1567 345 1775 411; x_wconf 87' lang='lat' dir='ltr'><strong>mortis,</strong></span> <span class='ocrx_word' id='word_1_10' title='bbox 1806 341 1947 415; x_wconf 88' lang='lat' dir='ltr'><strong>quod</strong></span> 
     </span>
    </p>
   </div>
   <div class='ocr_carea' id='block_1_3' title="bbox 361 434 1949 506">
    <p class='ocr_par' dir='ltr' id='par_1_3' title="bbox 361 434 1949 506">
     <span class='ocr_line' id='line_1_3' title="bbox 361 434 1949 506; baseline -0.006 -7"><span class='ocrx_word' id='word_1_11' title='bbox 361 443 599 499; x_wconf 84' lang='lat' dir='ltr'><strong>nondum</strong></span> <span class='ocrx_word' id='word_1_12' title='bbox 633 450 717 498; x_wconf 85' lang='lat' dir='ltr'><strong>est</strong></span> <span class='ocrx_word' id='word_1_13' title='bbox 754 440 1144 497; x_wconf 85' lang='lat' dir='ltr'><strong>resurrectione</strong></span> <span class='ocrx_word' id='word_1_14' title='bbox 1187 446 1525 503; x_wconf 78' lang='lat' dir='ltr'><strong>renovatum,</strong></span> <span class='ocrx_word' id='word_1_15' title='bbox 1556 436 1674 491; x_wconf 91' lang='lat' dir='ltr'><strong>sine</strong></span> <span class='ocrx_word' id='word_1_16' title='bbox 1713 434 1949 506; x_wconf 87' lang='lat' dir='ltr'><strong>quodam</strong></span> 
     </span>
    </p>
   </div>
   <div class='ocr_carea' id='block_1_4' title="bbox 361 528 1948 603">
    <p class='ocr_par' dir='ltr' id='par_1_4' title="bbox 361 528 1948 603">
     <span class='ocr_line' id='line_1_4' title="bbox 361 528 1948 603; baseline -0.005 -11"><span class='ocrx_word' id='word_1_17' title='bbox 361 536 571 592; x_wconf 85' lang='lat' dir='ltr'><strong>bestiaii</strong></span> <span class='ocrx_word' id='word_1_18' title='bbox 601 542 766 599; x_wconf 82' lang='lat' dir='ltr'><strong>metu,</strong></span> <span class='ocrx_word' id='word_1_19' title='bbox 797 533 865 588; x_wconf 91' lang='lat' dir='ltr'><strong>de</strong></span> <span class='ocrx_word' id='word_1_20' title='bbox 889 546 996 603; x_wconf 91' lang='lat' dir='ltr'><strong>quo</strong></span> <span class='ocrx_word' id='word_1_21' title='bbox 1038 539 1226 587; x_wconf 89' lang='lat' dir='ltr'><strong>natura</strong></span> <span class='ocrx_word' id='word_1_22' title='bbox 1256 529 1522 586; x_wconf 91' lang='lat' dir='ltr'><strong>erubescit</strong></span> <span class='ocrx_word' id='word_1_23' title='bbox 1550 528 1801 591; x_wconf 87' lang='lat' dir='ltr'><strong>humana,</strong></span> <span class='ocrx_word' id='word_1_24' title='bbox 1844 543 1948 584; x_wconf 91' lang='lat' dir='ltr'><strong>non</strong></span> 
     </span>
    </p>
   </div>
   <div class='ocr_carea' id='block_1_5' title="bbox 363 622 1947 700">
    <p class='ocr_par' dir='ltr' id='par_1_5' title="bbox 363 622 1947 700">
     <span class='ocr_line' id='line_1_5' title="bbox 363 622 1947 700; baseline -0.003 -20"><span class='ocrx_word' id='word_1_25' title='bbox 363 636 543 700; x_wconf 81' lang='lat' dir='ltr'><strong>potest</strong></span> <span class='ocrx_word' id='word_1_26' title='bbox 565 627 676 681; x_wconf 87' lang='lat' dir='ltr'><strong>fieri</strong></span> <span class='ocrx_word' id='word_1_27' title='bbox 695 642 709 692; x_wconf 90' lang='lat'><strong>;</strong></span> <span class='ocrx_word' id='word_1_28' title='bbox 741 635 914 680; x_wconf 87' lang='lat' dir='ltr'><strong>tamen</strong></span> <span class='ocrx_word' id='word_1_29' title='bbox 941 625 1054 694; x_wconf 90' lang='lat' dir='ltr'><strong>ipse</strong></span> <span class='ocrx_word' id='word_1_30' title='bbox 1078 622 1393 678; x_wconf 81' lang='lat' dir='ltr'><strong>concubitus</strong></span> <span class='ocrx_word' id='word_1_31' title='bbox 1417 636 1522 676; x_wconf 92' lang='lat' dir='ltr'><strong>non</strong></span> <span class='ocrx_word' id='word_1_32' title='bbox 1544 630 1628 677; x_wconf 90' lang='lat' dir='ltr'><strong>est</strong></span> <span class='ocrx_word' id='word_1_33' title='bbox 1652 629 1947 692; x_wconf 89' lang='lat' dir='ltr'><strong>peccatum,</strong></span> 
     </span>
    </p>
   </div>
   <div class='ocr_carea' id='block_1_6' title="bbox 366 711 1949 784">
    <p class='ocr_par' dir='ltr' id='par_1_6' title="bbox 366 711 1949 784">
     <span class='ocr_line' id='line_1_6' title="bbox 366 711 1949 784; baseline -0.005 -11"><span class='ocrx_word' id='word_1_34' title='bbox 366 722 454 775; x_wconf 89' lang='lat' dir='ltr'><strong>ubi</strong></span> <span class='ocrx_word' id='word_1_35' title='bbox 487 720 622 775; x_wconf 82' lang='lat' dir='ltr'><strong>ratio</strong></span> <span class='ocrx_word' id='word_1_36' title='bbox 652 717 868 774; x_wconf 83' lang='lat' dir='ltr'><strong>libidine</strong></span> <span class='ocrx_word' id='word_1_37' title='bbox 898 718 1059 772; x_wconf 87' lang='lat' dir='ltr'><strong>utitur</strong></span> <span class='ocrx_word' id='word_1_38' title='bbox 1084 715 1151 771; x_wconf 90' lang='lat' dir='ltr'><strong>ad</strong></span> <span class='ocrx_word' id='word_1_39' title='bbox 1194 715 1412 781; x_wconf 89' lang='lat' dir='ltr'><strong>bonum,</strong></span> <span class='ocrx_word' id='word_1_40' title='bbox 1441 728 1548 770; x_wconf 86' lang='lat' dir='ltr'><strong>non</strong></span> <span class='ocrx_word' id='word_1_41' title='bbox 1576 720 1860 784; x_wconf 81' lang='lat' dir='ltr'><strong>separatur</strong></span> <span class='ocrx_word' id='word_1_42' title='bbox 1882 711 1949 766; x_wconf 90' lang='lat' dir='ltr'><strong>ad</strong></span> 
     </span>
    </p>
   </div>
   <div class='ocr_carea' id='block_1_7' title="bbox 365 812 583 867">
    <p class='ocr_par' dir='ltr' id='par_1_7' title="bbox 365 812 583 867">
     <span class='ocr_line' id='line_1_7' title="bbox 365 812 583 867; baseline 0 0"><span class='ocrx_word' id='word_1_43' title='bbox 365 812 583 867; x_wconf 85' lang='lat' dir='ltr'><strong>malum.</strong></span> 
     </span>
    </p>
   </div>
   <div class='ocr_carea' id='block_1_8' title="bbox 438 895 1952 957">
    <p class='ocr_par' dir='ltr' id='par_1_8' title="bbox 438 895 1952 957">
     <span class='ocr_line' id='line_1_8' title="bbox 438 895 1952 957; baseline -0.006 0"><span class='ocrx_word' id='word_1_44' title='bbox 438 900 663 957; x_wconf 78' lang='lat' dir='ltr'><strong>CAPUT</strong></span> <span class='ocrx_word' id='word_1_45' title='bbox 701 898 944 955; x_wconf 76' lang='lat' dir='ltr'><strong>XXXIX.</strong></span> <span class='ocrx_word' id='word_1_46' title='bbox 969 928 1044 940; x_wconf 89' lang='lat'>—</span> <span class='ocrx_word' id='word_1_47' title='bbox 1066 897 1155 955; x_wconf 64' lang='grc'><strong>44.</strong></span> <span class='ocrx_word' id='word_1_48' title='bbox 1194 897 1419 954; x_wconf 90' lang='lat' dir='ltr'><strong>Obesset</strong></span> <span class='ocrx_word' id='word_1_49' title='bbox 1439 898 1535 952; x_wconf 87' lang='lat' dir='ltr'><strong>ista</strong></span> <span class='ocrx_word' id='word_1_50' title='bbox 1562 895 1738 951; x_wconf 89' lang='lat' dir='ltr'><strong>carnis</strong></span> <span class='ocrx_word' id='word_1_51' title='bbox 1757 908 1952 950; x_wconf 82' lang='lat' dir='ltr'><strong>concu-</strong></span> 
     </span>
    </p>
   </div>
   <div class='ocr_carea' id='block_1_9' title="bbox 369 986 1954 1061">
    <p class='ocr_par' dir='ltr' id='par_1_9' title="bbox 369 986 1954 1061">
     <span class='ocr_line' id='line_1_9' title="bbox 369 986 1954 1061; baseline -0.005 -16"><span class='ocrx_word' id='word_1_52' title='bbox 369 991 642 1061; x_wconf 85' lang='lat' dir='ltr'><strong>piscentia,</strong></span> <span class='ocrx_word' id='word_1_53' title='bbox 664 991 823 1047; x_wconf 90' lang='lat' dir='ltr'><strong>etiam</strong></span> <span class='ocrx_word' id='word_1_54' title='bbox 847 988 1210 1046; x_wconf 81' lang='lat' dir='ltr'><strong>tantummodo</strong></span> <span class='ocrx_word' id='word_1_55' title='bbox 1229 988 1370 1059; x_wconf 88' lang='lat' dir='ltr'><strong>quod</strong></span> <span class='ocrx_word' id='word_1_56' title='bbox 1398 988 1613 1049; x_wconf 87' lang='lat' dir='ltr'><strong>inesset,</strong></span> <span class='ocrx_word' id='word_1_57' title='bbox 1638 986 1738 1039; x_wconf 91' lang='lat' dir='ltr'><strong>nisi</strong></span> <span class='ocrx_word' id='word_1_58' title='bbox 1766 1000 1954 1054; x_wconf 85' lang='lat' dir='ltr'><strong>pecca-</strong></span> 
     </span>
    </p>
   </div>
   <div class='ocr_carea' id='block_1_10' title="bbox 369 1078 1955 1152">
    <p class='ocr_par' dir='ltr' id='par_1_10' title="bbox 369 1078 1955 1152">
     <span class='ocr_line' id='line_1_10' title="bbox 369 1078 1955 1152; baseline -0.004 -15"><span class='ocrx_word' id='word_1_59' title='bbox 369 1097 542 1140; x_wconf 84' lang='lat' dir='ltr'><strong>torum</strong></span> <span class='ocrx_word' id='word_1_60' title='bbox 574 1084 818 1140; x_wconf 85' lang='lat' dir='ltr'><strong>remissio</strong></span> <span class='ocrx_word' id='word_1_61' title='bbox 845 1084 922 1140; x_wconf 88' lang='lat' dir='ltr'><strong>sic</strong></span> <span class='ocrx_word' id='word_1_62' title='bbox 969 1080 1265 1152; x_wconf 82' lang='lat' dir='ltr'><strong>prodesset,</strong></span> <span class='ocrx_word' id='word_1_63' title='bbox 1296 1090 1353 1134; x_wconf 88' lang='lat' dir='ltr'><strong>ut</strong></span> <span class='ocrx_word' id='word_1_64' title='bbox 1379 1095 1496 1150; x_wconf 78' lang='lat' dir='ltr'><strong>qua:</strong></span> <span class='ocrx_word' id='word_1_65' title='bbox 1527 1079 1578 1133; x_wconf 91' lang='lat' dir='ltr'><strong>in</strong></span> <span class='ocrx_word' id='word_1_66' title='bbox 1607 1078 1684 1133; x_wconf 90' lang='lat' dir='ltr'><strong>eis</strong></span> <span class='ocrx_word' id='word_1_67' title='bbox 1712 1086 1793 1132; x_wconf 89' lang='lat' dir='ltr'><strong>est</strong></span> <span class='ocrx_word' id='word_1_68' title='bbox 1821 1079 1861 1133; x_wconf 73' lang='grc' dir='ltr'><strong>ἐ</strong></span> <span class='ocrx_word' id='word_1_69' title='bbox 1899 1085 1955 1131; x_wconf 87' lang='lat' dir='ltr'><strong>et</strong></span> 
     </span>
    </p>
   </div>
   <div class='ocr_carea' id='block_1_11' title="bbox 371 1168 1952 1242">
    <p class='ocr_par' dir='ltr' id='par_1_11' title="bbox 371 1168 1952 1242">
     <span class='ocr_line' id='line_1_11' title="bbox 371 1168 1952 1242; baseline -0.006 -14"><span class='ocrx_word' id='word_1_70' title='bbox 371 1184 517 1241; x_wconf 86' lang='lat' dir='ltr'><strong>nato,</strong></span> <span class='ocrx_word' id='word_1_71' title='bbox 542 1183 598 1230; x_wconf 94' lang='lat' dir='ltr'><strong>et</strong></span> <span class='ocrx_word' id='word_1_72' title='bbox 628 1183 832 1237; x_wconf 89' lang='lat' dir='ltr'><strong>renato,</strong></span> <span class='ocrx_word' id='word_1_73' title='bbox 865 1181 988 1227; x_wconf 82' lang='lat' dir='ltr'><strong>nato</strong></span> <span class='ocrx_word' id='word_1_74' title='bbox 1015 1171 1228 1242; x_wconf 82' lang='lat' dir='ltr'><strong>quidem</strong></span> <span class='ocrx_word' id='word_1_75' title='bbox 1253 1179 1308 1226; x_wconf 83' lang='lat' dir='ltr'><strong>et</strong></span> <span class='ocrx_word' id='word_1_76' title='bbox 1335 1171 1511 1225; x_wconf 89' lang='lat' dir='ltr'><strong>inesse</strong></span> <span class='ocrx_word' id='word_1_77' title='bbox 1549 1176 1604 1223; x_wconf 89' lang='lat' dir='ltr'><strong>et</strong></span> <span class='ocrx_word' id='word_1_78' title='bbox 1627 1168 1834 1233; x_wconf 87' lang='lat' dir='ltr'><strong>obesse,</strong></span> <span class='ocrx_word' id='word_1_79' title='bbox 1864 1182 1952 1220; x_wconf 74' lang='lat' dir='ltr'><strong>re~</strong></span> 
     </span>
    </p>
   </div>
   <div class='ocr_carea' id='block_1_12' title="bbox 371 1255 1950 1332">
    <p class='ocr_par' dir='ltr' id='par_1_12' title="bbox 371 1255 1950 1332">
     <span class='ocr_line' id='line_1_12' title="bbox 371 1255 1950 1332; baseline -0.006 -13"><span class='ocrx_word' id='word_1_80' title='bbox 371 1275 498 1319; x_wconf 90' lang='lat' dir='ltr'><strong>nato</strong></span> <span class='ocrx_word' id='word_1_81' title='bbox 535 1275 710 1319; x_wconf 89' lang='lat' dir='ltr'><strong>autem</strong></span> <span class='ocrx_word' id='word_1_82' title='bbox 739 1264 913 1318; x_wconf 90' lang='lat' dir='ltr'><strong>inesse</strong></span> <span class='ocrx_word' id='word_1_83' title='bbox 937 1261 1171 1332; x_wconf 83' lang='lat' dir='ltr'><strong>quidem,</strong></span> <span class='ocrx_word' id='word_1_84' title='bbox 1201 1259 1293 1315; x_wconf 88' lang='lat' dir='ltr'><strong>sed</strong></span> <span class='ocrx_word' id='word_1_85' title='bbox 1323 1275 1427 1314; x_wconf 92' lang='lat' dir='ltr'><strong>nou</strong></span> <span class='ocrx_word' id='word_1_86' title='bbox 1458 1258 1650 1313; x_wconf 87' lang='lat' dir='ltr'><strong>obesse</strong></span> <span class='ocrx_word' id='word_1_87' title='bbox 1675 1257 1862 1327; x_wconf 83' lang='lat' dir='ltr'><strong>possit.</strong></span> <span class='ocrx_word' id='word_1_88' title='bbox 1896 1255 1950 1310; x_wconf 93' lang='lat' dir='ltr'><strong>ln</strong></span> 
     </span>
    </p>
   </div>
   <div class='ocr_carea' id='block_1_13' title="bbox 370 1344 1953 1417">
    <p class='ocr_par' dir='ltr' id='par_1_13' title="bbox 370 1344 1953 1417">
     <span class='ocr_line' id='line_1_13' title="bbox 370 1344 1953 1417; baseline -0.006 -8"><span class='ocrx_word' id='word_1_89' title='bbox 370 1364 577 1409; x_wconf 89' lang='lat' dir='ltr'><strong>tantum</strong></span> <span class='ocrx_word' id='word_1_90' title='bbox 603 1353 745 1410; x_wconf 89' lang='lat' dir='ltr'><strong>enim</strong></span> <span class='ocrx_word' id='word_1_91' title='bbox 776 1353 931 1409; x_wconf 90' lang='lat' dir='ltr'><strong>obest</strong></span> <span class='ocrx_word' id='word_1_92' title='bbox 974 1352 1131 1417; x_wconf 88' lang='lat' dir='ltr'><strong>natis,</strong></span> <span class='ocrx_word' id='word_1_93' title='bbox 1178 1358 1235 1404; x_wconf 94' lang='lat' dir='ltr'><strong>ut</strong></span> <span class='ocrx_word' id='word_1_94' title='bbox 1264 1350 1363 1404; x_wconf 87' lang='lat' dir='ltr'><strong>nisi</strong></span> <span class='ocrx_word' id='word_1_95' title='bbox 1407 1354 1773 1412; x_wconf 77' lang='lat' dir='ltr'><strong>renascantur,</strong></span> <span class='ocrx_word' id='word_1_96' title='bbox 1819 1344 1953 1399; x_wconf 90' lang='lat' dir='ltr'><strong>nihil</strong></span> 
     </span>
    </p>
   </div>
   <div class='ocr_carea' id='block_1_14' title="bbox 370 1438 1955 1519">
    <p class='ocr_par' dir='ltr' id='par_1_14' title="bbox 370 1438 1955 1519">
     <span class='ocr_line' id='line_1_14' title="bbox 370 1438 1955 1519; baseline -0.006 -15"><span class='ocrx_word' id='word_1_97' title='bbox 370 1450 540 1519; x_wconf 81' lang='lat' dir='ltr'><strong>possit</strong></span> <span class='ocrx_word' id='word_1_98' title='bbox 564 1449 815 1519; x_wconf 89' lang='lat' dir='ltr'><strong>prodesse</strong></span> <span class='ocrx_word' id='word_1_99' title='bbox 836 1447 879 1502; x_wconf 93' lang='lat' dir='ltr'><strong>si</strong></span> <span class='ocrx_word' id='word_1_100' title='bbox 909 1448 1016 1501; x_wconf 89' lang='lat' dir='ltr'><strong>nati</strong></span> <span class='ocrx_word' id='word_1_101' title='bbox 1045 1449 1066 1480; x_wconf 80' lang='grc'>³</span> <span class='ocrx_word' id='word_1_102' title='bbox 1091 1451 1216 1501; x_wconf 89' lang='lat' dir='ltr'><strong>sunt</strong></span> <span class='ocrx_word' id='word_1_103' title='bbox 1234 1443 1301 1498; x_wconf 90' lang='lat' dir='ltr'><strong>de</strong></span> <span class='ocrx_word' id='word_1_104' title='bbox 1320 1442 1538 1498; x_wconf 81' lang='lat' dir='ltr'><strong>renatis.</strong></span> <span class='ocrx_word' id='word_1_105' title='bbox 1562 1440 1734 1495; x_wconf 76' lang='lat' dir='ltr'><strong>Manet</strong></span> <span class='ocrx_word' id='word_1_106' title='bbox 1757 1438 1955 1509; x_wconf 85' lang='lat' dir='ltr'><strong>quippe</strong></span> 
     </span>
    </p>
   </div>
   <div class='ocr_carea' id='block_1_15' title="bbox 370 1528 1954 1610">
    <p class='ocr_par' dir='ltr' id='par_1_15' title="bbox 370 1528 1954 1610">
     <span class='ocr_line' id='line_1_15' title="bbox 370 1528 1954 1610; baseline -0.008 -15"><span class='ocrx_word' id='word_1_107' title='bbox 370 1542 425 1595; x_wconf 89' lang='lat' dir='ltr'><strong>in</strong></span> <span class='ocrx_word' id='word_1_108' title='bbox 456 1540 627 1610; x_wconf 88' lang='lat' dir='ltr'><strong>prole,</strong></span> <span class='ocrx_word' id='word_1_109' title='bbox 659 1541 730 1594; x_wconf 84' lang='lat' dir='ltr'><strong>ita</strong></span> <span class='ocrx_word' id='word_1_110' title='bbox 761 1548 817 1593; x_wconf 90' lang='lat' dir='ltr'><strong>ut</strong></span> <span class='ocrx_word' id='word_1_111' title='bbox 844 1552 987 1593; x_wconf 91' lang='lat' dir='ltr'><strong>ream</strong></span> <span class='ocrx_word' id='word_1_112' title='bbox 1016 1537 1172 1591; x_wconf 87' lang='lat' dir='ltr'><strong>faciat</strong></span> <span class='ocrx_word' id='word_1_113' title='bbox 1200 1538 1244 1603; x_wconf 84' lang='grc'><em>³,</em></span> <span class='ocrx_word' id='word_1_114' title='bbox 1288 1533 1507 1603; x_wconf 79' lang='lat' dir='ltr'><strong>originis</strong></span> <span class='ocrx_word' id='word_1_115' title='bbox 1539 1531 1724 1585; x_wconf 80' lang='lat' dir='ltr'><strong>vitium</strong></span> <span class='ocrx_word' id='word_1_116' title='bbox 1749 1547 1764 1595; x_wconf 89' lang='lat'><strong>;</strong></span> <span class='ocrx_word' id='word_1_117' title='bbox 1793 1528 1954 1583; x_wconf 88' lang='lat' dir='ltr'><strong>etiam</strong></span> 
     </span>
    </p>
   </div>
   <div class='ocr_carea' id='block_1_16' title="bbox 376 1620 1956 1702">
    <p class='ocr_par' dir='ltr' id='par_1_16' title="bbox 376 1620 1956 1702">
     <span class='ocr_line' id='line_1_16' title="bbox 376 1620 1956 1702; baseline -0.006 -18"><span class='ocrx_word' id='word_1_118' title='bbox 376 1630 424 1686; x_wconf 89' lang='lat' dir='ltr'><strong>si</strong></span> <span class='ocrx_word' id='word_1_119' title='bbox 451 1631 503 1685; x_wconf 91' lang='lat' dir='ltr'><strong>in</strong></span> <span class='ocrx_word' id='word_1_120' title='bbox 530 1639 749 1702; x_wconf 89' lang='lat' dir='ltr'><strong>parente</strong></span> <span class='ocrx_word' id='word_1_121' title='bbox 777 1638 956 1684; x_wconf 80' lang='lat' dir='ltr'><strong>reatus</strong></span> <span class='ocrx_word' id='word_1_122' title='bbox 983 1627 1221 1698; x_wconf 78' lang='lat' dir='ltr'><strong>ejusdem</strong></span> <span class='ocrx_word' id='word_1_123' title='bbox 1248 1625 1359 1679; x_wconf 86' lang='lat' dir='ltr'><strong>vitii</strong></span> <span class='ocrx_word' id='word_1_124' title='bbox 1392 1622 1703 1679; x_wconf 83' lang='lat' dir='ltr'><strong>remissione</strong></span> <span class='ocrx_word' id='word_1_125' title='bbox 1744 1620 1956 1675; x_wconf 88' lang='lat' dir='ltr'><strong>ablutus</strong></span> 
     </span>
    </p>
   </div>
   <div class='ocr_carea' id='block_1_17' title="bbox 369 1712 1955 1794">
    <p class='ocr_par' dir='ltr' id='par_1_17' title="bbox 369 1712 1955 1794">
     <span class='ocr_line' id='line_1_17' title="bbox 369 1712 1955 1794; baseline -0.009 -16"><span class='ocrx_word' id='word_1_126' title='bbox 369 1732 454 1777; x_wconf 68' lang='lat' dir='ltr'><strong>est</strong></span> <span class='ocrx_word' id='word_1_127' title='bbox 469 1723 491 1754; x_wconf 73' lang='grc'><strong>⁵</strong></span> <span class='ocrx_word' id='word_1_128' title='bbox 512 1732 868 1794; x_wconf 84' lang='lat' dir='ltr'><strong>peccatorum,</strong></span> <span class='ocrx_word' id='word_1_129' title='bbox 893 1720 1064 1776; x_wconf 90' lang='lat' dir='ltr'><strong>donec</strong></span> <span class='ocrx_word' id='word_1_130' title='bbox 1083 1734 1242 1774; x_wconf 89' lang='lat' dir='ltr'><strong>omne</strong></span> <span class='ocrx_word' id='word_1_131' title='bbox 1263 1716 1444 1771; x_wconf 80' lang='lat' dir='ltr'><strong>vitium</strong></span> <span class='ocrx_word' id='word_1_132' title='bbox 1464 1715 1549 1770; x_wconf 89' lang='lat' dir='ltr'><strong>cui</strong></span> <span class='ocrx_word' id='word_1_133' title='bbox 1571 1712 1955 1770; x_wconf 68' lang='lat' dir='ltr'><strong>consentit-mlo</strong></span> 
     </span>
    </p>
   </div>
   <div class='ocr_carea' id='block_1_18' title="bbox 375 1801 1954 1882">
    <p class='ocr_par' dir='ltr' id='par_1_18' title="bbox 375 1801 1954 1882">
     <span class='ocr_line' id='line_1_18' title="bbox 375 1801 1954 1882; baseline -0.009 -12"><span class='ocrx_word' id='word_1_134' title='bbox 375 1823 650 1882; x_wconf 80' lang='lat' dir='ltr'><strong>peccatur,</strong></span> <span class='ocrx_word' id='word_1_135' title='bbox 696 1811 1116 1882; x_wconf 82' lang='lat' dir='ltr'><strong>regeneratione.</strong></span> <span class='ocrx_word' id='word_1_136' title='bbox 1150 1806 1435 1863; x_wconf 86' lang='lat' dir='ltr'><strong>novissima</strong></span> <span class='ocrx_word' id='word_1_137' title='bbox 1478 1810 1823 1859; x_wconf 79' lang='lat' dir='ltr'><strong>consumatur</strong></span> <span class='ocrx_word' id='word_1_138' title='bbox 1854 1818 1868 1854; x_wconf 84' lang='lat'><strong>:</strong></span> <span class='ocrx_word' id='word_1_139' title='bbox 1903 1801 1954 1855; x_wconf 90' lang='lat' dir='ltr'><strong>id</strong></span> 
     </span>
    </p>
   </div>
   <div class='ocr_carea' id='block_1_19' title="bbox 370 1892 1956 1974">
    <p class='ocr_par' dir='ltr' id='par_1_19' title="bbox 370 1892 1956 1974">
     <span class='ocr_line' id='line_1_19' title="bbox 370 1892 1956 1974; baseline -0.009 -16"><span class='ocrx_word' id='word_1_140' title='bbox 370 1913 475 1973; x_wconf 85' lang='lat' dir='ltr'><strong>est,</strong></span> <span class='ocrx_word' id='word_1_141' title='bbox 506 1905 671 1974; x_wconf 82' lang='lat' dir='ltr'><strong>ipsius</strong></span> <span class='ocrx_word' id='word_1_142' title='bbox 700 1913 861 1958; x_wconf 78' lang='lat' dir='ltr'><strong>etiam</strong></span> <span class='ocrx_word' id='word_1_143' title='bbox 901 1899 1244 1957; x_wconf 82' lang='lat' dir='ltr'><strong>renovatione</strong></span> <span class='ocrx_word' id='word_1_144' title='bbox 1273 1896 1467 1959; x_wconf 86' lang='lat' dir='ltr'><strong>carnis,</strong></span> <span class='ocrx_word' id='word_1_145' title='bbox 1495 1908 1613 1965; x_wconf 70' lang='lat' dir='ltr'><strong>qua:</strong></span> <span class='ocrx_word' id='word_1_146' title='bbox 1642 1893 1694 1947; x_wconf 93' lang='lat' dir='ltr'><strong>in</strong></span> <span class='ocrx_word' id='word_1_147' title='bbox 1724 1892 1840 1962; x_wconf 86' lang='lat' dir='ltr'><strong>ejus</strong></span> <span class='ocrx_word' id='word_1_148' title='bbox 1867 1907 1956 1945; x_wconf 89' lang='lat' dir='ltr'><strong>re-</strong></span> 
     </span>
    </p>
   </div>
   <div class='ocr_carea' id='block_1_20' title="bbox 370 1983 1956 2065">
    <p class='ocr_par' dir='ltr' id='par_1_20' title="bbox 370 1983 1956 2065">
     <span class='ocr_line' id='line_1_20' title="bbox 370 1983 1956 2065; baseline -0.008 -14"><span class='ocrx_word' id='word_1_149' title='bbox 370 1995 701 2053; x_wconf 77' lang='lat' dir='ltr'><strong>surrectione</strong></span> <span class='ocrx_word' id='word_1_150' title='bbox 731 1997 903 2050; x_wconf 84' lang='lat' dir='ltr'><strong>futura</strong></span> <span class='ocrx_word' id='word_1_151' title='bbox 950 1992 1292 2065; x_wconf 85' lang='lat' dir='ltr'><strong>promittitur,</strong></span> <span class='ocrx_word' id='word_1_152' title='bbox 1339 1988 1428 2043; x_wconf 89' lang='lat' dir='ltr'><strong>ubi</strong></span> <span class='ocrx_word' id='word_1_153' title='bbox 1457 2000 1566 2041; x_wconf 85' lang='lat' dir='ltr'><strong>non</strong></span> <span class='ocrx_word' id='word_1_154' title='bbox 1596 1985 1767 2040; x_wconf 88' lang='lat' dir='ltr'><strong>solum</strong></span> <span class='ocrx_word' id='word_1_155' title='bbox 1814 1983 1956 2038; x_wconf 86' lang='lat' dir='ltr'><strong>nulla</strong></span> 
     </span>
    </p>
   </div>
   <div class='ocr_carea' id='block_1_21' title="bbox 372 2073 1957 2156">
    <p class='ocr_par' dir='ltr' id='par_1_21' title="bbox 372 2073 1957 2156">
     <span class='ocr_line' id='line_1_21' title="bbox 372 2073 1957 2156; baseline -0.009 -14"><span class='ocrx_word' id='word_1_156' title='bbox 372 2096 586 2156; x_wconf 85' lang='lat' dir='ltr'><strong>peccata</strong></span> <span class='ocrx_word' id='word_1_157' title='bbox 613 2085 882 2148; x_wconf 89' lang='lat' dir='ltr'><strong>faciamus,</strong></span> <span class='ocrx_word' id='word_1_158' title='bbox 925 2083 1021 2138; x_wconf 90' lang='lat' dir='ltr'><strong>sed</strong></span> <span class='ocrx_word' id='word_1_159' title='bbox 1078 2096 1176 2137; x_wconf 91' lang='lat' dir='ltr'><strong>nec</strong></span> <span class='ocrx_word' id='word_1_160' title='bbox 1221 2080 1510 2135; x_wconf 82' lang='lat' dir='ltr'><strong>habeamus</strong></span> <span class='ocrx_word' id='word_1_161' title='bbox 1538 2076 1644 2131; x_wconf 89' lang='lat' dir='ltr'><strong>ulla</strong></span> <span class='ocrx_word' id='word_1_162' title='bbox 1694 2073 1957 2130; x_wconf 89' lang='lat' dir='ltr'><strong>desideria</strong></span> 
     </span>
    </p>
   </div>
   <div class='ocr_carea' id='block_1_22' title="bbox 370 2164 1956 2249">
    <p class='ocr_par' dir='ltr' id='par_1_22' title="bbox 370 2164 1956 2249">
     <span class='ocr_line' id='line_1_22' title="bbox 370 2164 1956 2249; baseline -0.007 -20"><span class='ocrx_word' id='word_1_163' title='bbox 370 2179 579 2244; x_wconf 78' lang='lat' dir='ltr'><strong>vitiosa,</strong></span> <span class='ocrx_word' id='word_1_164' title='bbox 637 2177 830 2249; x_wconf 87' lang='lat' dir='ltr'><strong>quibus</strong></span> <span class='ocrx_word' id='word_1_165' title='bbox 876 2172 1258 2231; x_wconf 90' lang='lat' dir='ltr'><strong>conscntiendo</strong></span> <span class='ocrx_word' id='word_1_166' title='bbox 1310 2182 1630 2241; x_wconf 88' lang='lat' dir='ltr'><strong>peccemus;</strong></span> <span class='ocrx_word' id='word_1_167' title='bbox 1684 2164 1750 2221; x_wconf 90' lang='lat' dir='ltr'><strong>ad</strong></span> <span class='ocrx_word' id='word_1_168' title='bbox 1798 2179 1956 2235; x_wconf 88' lang='lat' dir='ltr'><strong>quam</strong></span> 
     </span>
    </p>
   </div>
   <div class='ocr_carea' id='block_1_23' title="bbox 373 2254 1958 2338">
    <p class='ocr_par' dir='ltr' id='par_1_23' title="bbox 373 2254 1958 2338">
     <span class='ocr_line' id='line_1_23' title="bbox 373 2254 1958 2338; baseline -0.01 -16"><span class='ocrx_word' id='word_1_169' title='bbox 373 2272 581 2326; x_wconf 80' lang='lat' dir='ltr'><strong>beatam</strong></span> <span class='ocrx_word' id='word_1_170' title='bbox 609 2267 988 2338; x_wconf 74' lang='lat' dir='ltr'><strong>perfectionem</strong></span> <span class='ocrx_word' id='word_1_171' title='bbox 1018 2264 1196 2335; x_wconf 84' lang='lat' dir='ltr'><strong>hujus,</strong></span> <span class='ocrx_word' id='word_1_172' title='bbox 1227 2261 1368 2333; x_wconf 88' lang='lat' dir='ltr'><strong>quod</strong></span> <span class='ocrx_word' id='word_1_173' title='bbox 1400 2272 1543 2315; x_wconf 90' lang='lat' dir='ltr'><strong>nunc</strong></span> <span class='ocrx_word' id='word_1_174' title='bbox 1566 2258 1744 2322; x_wconf 88' lang='lat' dir='ltr'><strong>datur,</strong></span> <span class='ocrx_word' id='word_1_175' title='bbox 1787 2254 1958 2310; x_wconf 88' lang='lat' dir='ltr'><strong>sancti</strong></span> 
     </span>
    </p>
   </div>
   <div class='ocr_carea' id='block_1_24' title="bbox 372 2347 1960 2429">
    <p class='ocr_par' dir='ltr' id='par_1_24' title="bbox 372 2347 1960 2429">
     <span class='ocr_line' id='line_1_24' title="bbox 372 2347 1960 2429; baseline -0.008 -16"><span class='ocrx_word' id='word_1_176' title='bbox 372 2359 566 2414; x_wconf 80' lang='lat' dir='ltr'><strong>lavacri</strong></span> <span class='ocrx_word' id='word_1_177' title='bbox 613 2358 781 2429; x_wconf 88' lang='lat' dir='ltr'><strong>gratia</strong></span> <span class='ocrx_word' id='word_1_178' title='bbox 832 2356 1158 2426; x_wconf 88' lang='lat' dir='ltr'><strong>pervenitur.</strong></span> <span class='ocrx_word' id='word_1_179' title='bbox 1196 2354 1309 2423; x_wconf 83' lang='lat' dir='ltr'><strong>Qua</strong></span> <span class='ocrx_word' id='word_1_180' title='bbox 1358 2351 1502 2407; x_wconf 88' lang='lat' dir='ltr'><strong>enim</strong></span> <span class='ocrx_word' id='word_1_181' title='bbox 1553 2347 1960 2419; x_wconf 79' lang='lat' dir='ltr'><strong>regeneratione</strong></span> 
     </span>
    </p>
   </div>
   <div class='ocr_carea' id='block_1_25' title="bbox 371 2436 1958 2520">
    <p class='ocr_par' dir='ltr' id='par_1_25' title="bbox 371 2436 1958 2520">
     <span class='ocr_line' id='line_1_25' title="bbox 371 2436 1958 2520; baseline -0.008 -17"><span class='ocrx_word' id='word_1_182' title='bbox 371 2450 590 2520; x_wconf 80' lang='lat' dir='ltr'><strong>spiritus</strong></span> <span class='ocrx_word' id='word_1_183' title='bbox 621 2449 780 2504; x_wconf 90' lang='lat' dir='ltr'><strong>modo</strong></span> <span class='ocrx_word' id='word_1_184' title='bbox 824 2451 880 2502; x_wconf 90' lang='lat' dir='ltr'><strong>lit</strong></span> <span class='ocrx_word' id='word_1_185' title='bbox 909 2457 963 2502; x_wconf 91' lang='lat' dir='ltr'><strong>ut</strong></span> <span class='ocrx_word' id='word_1_186' title='bbox 994 2454 1208 2517; x_wconf 89' lang='lat' dir='ltr'><strong>peccata</strong></span> <span class='ocrx_word' id='word_1_187' title='bbox 1237 2443 1411 2498; x_wconf 90' lang='lat' dir='ltr'><strong>omnia</strong></span> <span class='ocrx_word' id='word_1_188' title='bbox 1461 2438 1728 2511; x_wconf 64' lang='lat' dir='ltr'><strong>prmterita</strong></span> <span class='ocrx_word' id='word_1_189' title='bbox 1772 2436 1958 2494; x_wconf 86' lang='lat' dir='ltr'><strong>remit-</strong></span> 
     </span>
    </p>
   </div>
   <div class='ocr_carea' id='block_1_26' title="bbox 374 2528 1956 2610">
    <p class='ocr_par' dir='ltr' id='par_1_26' title="bbox 374 2528 1956 2610">
     <span class='ocr_line' id='line_1_26' title="bbox 374 2528 1956 2610; baseline -0.007 -17"><span class='ocrx_word' id='word_1_190' title='bbox 374 2550 574 2607; x_wconf 88' lang='lat' dir='ltr'><strong>tantur,</strong></span> <span class='ocrx_word' id='word_1_191' title='bbox 616 2539 734 2610; x_wconf 88' lang='lat' dir='ltr'><strong>ejus</strong></span> <span class='ocrx_word' id='word_1_192' title='bbox 778 2538 968 2594; x_wconf 91' lang='lat' dir='ltr'><strong>merito</strong></span> <span class='ocrx_word' id='word_1_193' title='bbox 999 2537 1090 2592; x_wconf 84' lang='lat' dir='ltr'><strong>fiet</strong></span> <span class='ocrx_word' id='word_1_194' title='bbox 1132 2536 1292 2591; x_wconf 90' lang='lat' dir='ltr'><strong>etiam</strong></span> <span class='ocrx_word' id='word_1_195' title='bbox 1323 2530 1655 2604; x_wconf 83' lang='lat' dir='ltr'><strong>regeneratio</strong></span> <span class='ocrx_word' id='word_1_196' title='bbox 1697 2529 1875 2585; x_wconf 89' lang='lat' dir='ltr'><strong>carnis</strong></span> <span class='ocrx_word' id='word_1_197' title='bbox 1904 2528 1956 2583; x_wconf 92' lang='lat' dir='ltr'><strong>in</strong></span> 
     </span>
    </p>
   </div>
   <div class='ocr_carea' id='block_1_27' title="bbox 370 2620 1961 2701">
    <p class='ocr_par' dir='ltr' id='par_1_27' title="bbox 370 2620 1961 2701">
     <span class='ocr_line' id='line_1_27' title="bbox 370 2620 1961 2701; baseline -0.009 -12"><span class='ocrx_word' id='word_1_198' title='bbox 370 2643 630 2689; x_wconf 77' lang='lat' dir='ltr'><strong>mternam</strong></span> <span class='ocrx_word' id='word_1_199' title='bbox 678 2632 861 2695; x_wconf 91' lang='lat' dir='ltr'><strong>vitam,</strong></span> <span class='ocrx_word' id='word_1_200' title='bbox 909 2644 1013 2701; x_wconf 91' lang='lat' dir='ltr'><strong>qua</strong></span> <span class='ocrx_word' id='word_1_201' title='bbox 1064 2629 1116 2683; x_wconf 92' lang='lat' dir='ltr'><strong>in</strong></span> <span class='ocrx_word' id='word_1_202' title='bbox 1164 2628 1276 2698; x_wconf 91' lang='lat' dir='ltr'><strong>ipsa</strong></span> <span class='ocrx_word' id='word_1_203' title='bbox 1305 2640 1464 2681; x_wconf 87' lang='lat' dir='ltr'><strong>carne</strong></span> <span class='ocrx_word' id='word_1_204' title='bbox 1493 2620 1961 2691; x_wconf 85' lang='lat' dir='ltr'><strong>incorruptibiliter</strong></span> 
     </span>
    </p>
   </div>
   <div class='ocr_carea' id='block_1_28' title="bbox 373 2714 1957 2793">
    <p class='ocr_par' dir='ltr' id='par_1_28' title="bbox 373 2714 1957 2793">
     <span class='ocr_line' id='line_1_28' title="bbox 373 2714 1957 2793; baseline -0.008 -14"><span class='ocrx_word' id='word_1_205' title='bbox 373 2733 684 2793; x_wconf 87' lang='lat' dir='ltr'><strong>resurgeute</strong></span> <span class='ocrx_word' id='word_1_206' title='bbox 729 2731 1064 2793; x_wconf 85' lang='lat' dir='ltr'><strong>peccatorum</strong></span> <span class='ocrx_word' id='word_1_207' title='bbox 1108 2717 1348 2773; x_wconf 90' lang='lat' dir='ltr'><strong>omnium</strong></span> <span class='ocrx_word' id='word_1_208' title='bbox 1396 2714 1735 2769; x_wconf 90' lang='lat' dir='ltr'><strong>incitamenta</strong></span> <span class='ocrx_word' id='word_1_209' title='bbox 1762 2725 1957 2769; x_wconf 85' lang='lat' dir='ltr'><strong>sanen-</strong></span> 
     </span>
    </p>
   </div>
   <div class='ocr_carea' id='block_1_29' title="bbox 375 2804 1962 2878">
    <p class='ocr_par' dir='ltr' id='par_1_29' title="bbox 375 2804 1962 2878">
     <span class='ocr_line' id='line_1_29' title="bbox 375 2804 1962 2878; baseline -0.008 -9"><span class='ocrx_word' id='word_1_210' title='bbox 375 2825 483 2872; x_wconf 89' lang='lat' dir='ltr'><strong>tur.</strong></span> <span class='ocrx_word' id='word_1_211' title='bbox 521 2814 627 2872; x_wconf 88' lang='lat' dir='ltr'><strong>Sed</strong></span> <span class='ocrx_word' id='word_1_212' title='bbox 655 2829 718 2870; x_wconf 88' lang='lat' dir='ltr'><strong>ea</strong></span> <span class='ocrx_word' id='word_1_213' title='bbox 747 2813 887 2868; x_wconf 90' lang='lat' dir='ltr'><strong>salus</strong></span> <span class='ocrx_word' id='word_1_214' title='bbox 916 2810 1089 2866; x_wconf 85' lang='lat' dir='ltr'><strong>adhuc</strong></span> <span class='ocrx_word' id='word_1_215' title='bbox 1114 2810 1169 2864; x_wconf 91' lang='lat' dir='ltr'><strong>in</strong></span> <span class='ocrx_word' id='word_1_216' title='bbox 1189 2823 1283 2878; x_wconf 87' lang='lat' dir='ltr'><strong>spe</strong></span> <span class='ocrx_word' id='word_1_217' title='bbox 1310 2804 1442 2861; x_wconf 88' lang='lat' dir='ltr'><strong>facta</strong></span> <span class='ocrx_word' id='word_1_218' title='bbox 1470 2814 1572 2868; x_wconf 92' lang='lat' dir='ltr'><strong>est,</strong></span> <span class='ocrx_word' id='word_1_219' title='bbox 1618 2818 1720 2858; x_wconf 92' lang='lat' dir='ltr'><strong>non</strong></span> <span class='ocrx_word' id='word_1_220' title='bbox 1751 2810 1962 2858; x_wconf 84' lang='lat' dir='ltr'><strong>tenetur</strong></span> 
     </span>
    </p>
   </div>
   <div class='ocr_carea' id='block_1_30' title="bbox 376 2894 1959 2978">
    <p class='ocr_par' dir='ltr' id='par_1_30' title="bbox 376 2894 1959 2978">
     <span class='ocr_line' id='line_1_30' title="bbox 376 2894 1959 2978; baseline -0.011 -15"><span class='ocrx_word' id='word_1_221' title='bbox 376 2910 429 2964; x_wconf 90' lang='lat' dir='ltr'><strong>in</strong></span> <span class='ocrx_word' id='word_1_222' title='bbox 452 2924 548 2974; x_wconf 89' lang='lat' dir='ltr'><strong>re;</strong></span> <span class='ocrx_word' id='word_1_223' title='bbox 580 2921 752 2978; x_wconf 91' lang='lat' dir='ltr'><strong>neque</strong></span> <span class='ocrx_word' id='word_1_224' title='bbox 797 2902 1098 2975; x_wconf 84' lang='lat' dir='ltr'><strong>possidetur</strong></span> <span class='ocrx_word' id='word_1_225' title='bbox 1128 2915 1223 2973; x_wconf 88' lang='lat' dir='ltr'><strong>per</strong></span> <span class='ocrx_word' id='word_1_226' title='bbox 1251 2898 1608 2970; x_wconf 68' lang='lat' dir='ltr'><strong>praesentiam,</strong></span> <span class='ocrx_word' id='word_1_227' title='bbox 1638 2894 1730 2951; x_wconf 88' lang='lat' dir='ltr'><strong>sed</strong></span> <span class='ocrx_word' id='word_1_228' title='bbox 1764 2908 1959 2963; x_wconf 78' lang='lat' dir='ltr'><strong>exspe-</strong></span> 
     </span>
    </p>
   </div>
   <div class='ocr_carea' id='block_1_31' title="bbox 375 2994 1035 3068">
    <p class='ocr_par' dir='ltr' id='par_1_31' title="bbox 375 2994 1035 3068">
     <span class='ocr_line' id='line_1_31' title="bbox 375 2994 1035 3068; baseline -0.012 -14"><span class='ocrx_word' id='word_1_229' title='bbox 375 3007 552 3054; x_wconf 86' lang='lat' dir='ltr'><strong>ctatur</strong></span> <span class='ocrx_word' id='word_1_230' title='bbox 582 3013 677 3068; x_wconf 89' lang='lat' dir='ltr'><strong>per</strong></span> <span class='ocrx_word' id='word_1_231' title='bbox 706 2994 1035 3068; x_wconf 87' lang='lat' dir='ltr'><strong>patientiam.</strong></span> 
     </span>
    </p>
   </div>
   <div class='ocr_carea' id='block_1_32' title="bbox 447 3078 1949 3155">
    <p class='ocr_par' dir='ltr' id='par_1_32' title="bbox 447 3078 1949 3155">
     <span class='ocr_line' id='line_1_32' title="bbox 447 3078 1949 3155; baseline -0.01 -9"><span class='ocrx_word' id='word_1_232' title='bbox 447 3087 671 3146; x_wconf 77' lang='lat' dir='ltr'><strong>CAPUT</strong></span> <span class='ocrx_word' id='word_1_233' title='bbox 710 3087 823 3142; x_wconf 82' lang='lat' dir='ltr'><strong>XL.</strong></span> <span class='ocrx_word' id='word_1_234' title='bbox 849 3115 922 3126; x_wconf 90' lang='lat'><strong>—</strong></span> <span class='ocrx_word' id='word_1_235' title='bbox 949 3086 1026 3141; x_wconf 85' lang='lat' dir='ltr'><strong>Ae</strong></span> <span class='ocrx_word' id='word_1_236' title='bbox 1067 3098 1164 3155; x_wconf 86' lang='lat' dir='ltr'><strong>per</strong></span> <span class='ocrx_word' id='word_1_237' title='bbox 1207 3082 1310 3138; x_wconf 87' lang='lat' dir='ltr'><strong>hoc</strong></span> <span class='ocrx_word' id='word_1_238' title='bbox 1356 3096 1466 3136; x_wconf 93' lang='lat' dir='ltr'><strong>non</strong></span> <span class='ocrx_word' id='word_1_239' title='bbox 1517 3078 1691 3135; x_wconf 87' lang='lat' dir='ltr'><strong>solum</strong></span> <span class='ocrx_word' id='word_1_240' title='bbox 1735 3084 1949 3149; x_wconf 87' lang='lat' dir='ltr'><strong>peccata</strong></span> 
     </span>
    </p>
   </div>
   <div class='ocr_carea' id='block_1_33' title="bbox 378 3168 1963 3249">
    <p class='ocr_par' dir='ltr' id='par_1_33' title="bbox 378 3168 1963 3249">
     <span class='ocr_line' id='line_1_33' title="bbox 378 3168 1963 3249; baseline -0.006 -17"><span class='ocrx_word' id='word_1_241' title='bbox 378 3179 580 3243; x_wconf 84' lang='lat' dir='ltr'><strong>omnia,</strong></span> <span class='ocrx_word' id='word_1_242' title='bbox 609 3193 835 3249; x_wconf 86' lang='lat' dir='ltr'><strong>quorum</strong></span> <span class='ocrx_word' id='word_1_243' title='bbox 887 3189 1027 3231; x_wconf 87' lang='lat' dir='ltr'><strong>nunc</strong></span> <span class='ocrx_word' id='word_1_244' title='bbox 1056 3172 1302 3247; x_wconf 79' lang='lat' dir='ltr'><strong>remissio</strong></span> <span class='ocrx_word' id='word_1_245' title='bbox 1330 3174 1389 3227; x_wconf 85' lang='lat' dir='ltr'><strong>fit</strong></span> <span class='ocrx_word' id='word_1_246' title='bbox 1416 3172 1467 3226; x_wconf 92' lang='lat' dir='ltr'><strong>in</strong></span> <span class='ocrx_word' id='word_1_247' title='bbox 1506 3168 1799 3240; x_wconf 81' lang='lat' dir='ltr'><strong>Baptismo,</strong></span> <span class='ocrx_word' id='word_1_248' title='bbox 1844 3183 1963 3238; x_wconf 72' lang='lat' dir='ltr'><strong>qum</strong></span> 
     </span>
    </p>
   </div>
   <div class='ocr_carea' id='block_1_34' title="bbox 379 3260 1961 3336">
    <p class='ocr_par' dir='ltr' id='par_1_34' title="bbox 379 3260 1961 3336">
     <span class='ocr_line' id='line_1_34' title="bbox 379 3260 1961 3336; baseline -0.009 -8"><span class='ocrx_word' id='word_1_249' title='bbox 379 3287 501 3328; x_wconf 80' lang='lat' dir='ltr'><strong>reos</strong></span> <span class='ocrx_word' id='word_1_250' title='bbox 527 3269 747 3336; x_wconf 85' lang='lat' dir='ltr'><strong>faciunt,</strong></span> <span class='ocrx_word' id='word_1_251' title='bbox 769 3267 894 3324; x_wconf 84' lang='lat' dir='ltr'><strong>dum</strong></span> <span class='ocrx_word' id='word_1_252' title='bbox 916 3265 1195 3322; x_wconf 87' lang='lat' dir='ltr'><strong>desideriis</strong></span> <span class='ocrx_word' id='word_1_253' title='bbox 1219 3262 1426 3318; x_wconf 86' lang='lat' dir='ltr'><strong>vitiosis</strong></span> <span class='ocrx_word' id='word_1_254' title='bbox 1442 3260 1774 3317; x_wconf 84' lang='lat' dir='ltr'><strong>consentitur</strong></span> <span class='ocrx_word' id='word_1_255' title='bbox 1796 3268 1961 3329; x_wconf 90' lang='lat' dir='ltr'><strong>atque</strong></span> 
     </span>
    </p>
   </div>
   <div class='ocr_carea' id='block_1_35' title="bbox 381 3350 1963 3429">
    <p class='ocr_par' dir='ltr' id='par_1_35' title="bbox 381 3350 1963 3429">
     <span class='ocr_line' id='line_1_35' title="bbox 381 3350 1963 3429; baseline -0.009 -10"><span class='ocrx_word' id='word_1_256' title='bbox 381 3370 665 3429; x_wconf 76' lang='lat' dir='ltr'><strong>peccatur;</strong></span> <span class='ocrx_word' id='word_1_257' title='bbox 693 3373 874 3414; x_wconf 90' lang='lat' dir='ltr'><strong>verum</strong></span> <span class='ocrx_word' id='word_1_258' title='bbox 895 3357 1056 3414; x_wconf 84' lang='lat' dir='ltr'><strong>etiam</strong></span> <span class='ocrx_word' id='word_1_259' title='bbox 1092 3356 1204 3425; x_wconf 89' lang='lat' dir='ltr'><strong>ipsa</strong></span> <span class='ocrx_word' id='word_1_260' title='bbox 1237 3352 1500 3409; x_wconf 88' lang='lat' dir='ltr'><strong>desideria</strong></span> <span class='ocrx_word' id='word_1_261' title='bbox 1527 3350 1736 3415; x_wconf 87' lang='lat' dir='ltr'><strong>vitiosa,</strong></span> <span class='ocrx_word' id='word_1_262' title='bbox 1768 3350 1963 3419; x_wconf 82' lang='lat' dir='ltr'><strong>quibus</strong></span> 
     </span>
    </p>
   </div>
   <div class='ocr_carea' id='block_1_36' title="bbox 380 3434 1960 3517">
    <p class='ocr_par' dir='ltr' id='par_1_36' title="bbox 380 3434 1960 3517">
     <span class='ocr_line' id='line_1_36' title="bbox 380 3434 1960 3517; baseline -0.009 -9"><span class='ocrx_word' id='word_1_263' title='bbox 380 3455 427 3511; x_wconf 86' lang='lat' dir='ltr'><strong>si</strong></span> <span class='ocrx_word' id='word_1_264' title='bbox 468 3467 572 3510; x_wconf 90' lang='lat' dir='ltr'><strong>non</strong></span> <span class='ocrx_word' id='word_1_265' title='bbox 594 3451 945 3515; x_wconf 89' lang='lat' dir='ltr'><strong>consentitur,</strong></span> <span class='ocrx_word' id='word_1_266' title='bbox 974 3448 1151 3505; x_wconf 90' lang='lat' dir='ltr'><strong>nullus</strong></span> <span class='ocrx_word' id='word_1_267' title='bbox 1176 3434 1378 3517; x_wconf 84' lang='lat' dir='ltr'><strong>peccati</strong></span> <span class='ocrx_word' id='word_1_268' title='bbox 1403 3452 1581 3500; x_wconf 89' lang='lat' dir='ltr'><strong>reatus</strong></span> <span class='ocrx_word' id='word_1_269' title='bbox 1609 3441 1960 3508; x_wconf 91' lang='lat' dir='ltr'><strong>contrahitur,</strong></span> 
     </span>
    </p>
   </div>
   <div class='ocr_carea' id='block_1_37' title="bbox 380 3530 1958 3616">
    <p class='ocr_par' dir='ltr' id='par_1_37' title="bbox 380 3530 1958 3616">
     <span class='ocr_line' id='line_1_37' title="bbox 380 3530 1958 3616; baseline -0.009 -16"><span class='ocrx_word' id='word_1_270' title='bbox 380 3560 502 3616; x_wconf 70' lang='lat' dir='ltr'><strong>quae</strong></span> <span class='ocrx_word' id='word_1_271' title='bbox 528 3557 633 3598; x_wconf 91' lang='lat' dir='ltr'><strong>non</strong></span> <span class='ocrx_word' id='word_1_272' title='bbox 680 3542 734 3598; x_wconf 85' lang='lat' dir='ltr'><strong>in</strong></span> <span class='ocrx_word' id='word_1_273' title='bbox 766 3541 887 3608; x_wconf 86' lang='lat' dir='ltr'><strong>ista,</strong></span> <span class='ocrx_word' id='word_1_274' title='bbox 911 3538 1006 3596; x_wconf 87' lang='lat' dir='ltr'><strong>sed</strong></span> <span class='ocrx_word' id='word_1_275' title='bbox 1043 3538 1096 3593; x_wconf 91' lang='lat' dir='ltr'><strong>in</strong></span> <span class='ocrx_word' id='word_1_276' title='bbox 1123 3536 1226 3593; x_wconf 80' lang='lat' dir='ltr'><strong>alia</strong></span> <span class='ocrx_word' id='word_1_277' title='bbox 1254 3535 1361 3591; x_wconf 87' lang='lat' dir='ltr'><strong>vita</strong></span> <span class='ocrx_word' id='word_1_278' title='bbox 1388 3534 1533 3590; x_wconf 86' lang='lat' dir='ltr'><strong>nulla</strong></span> <span class='ocrx_word' id='word_1_279' title='bbox 1559 3543 1737 3602; x_wconf 89' lang='lat' dir='ltr'><strong>erunt,</strong></span> <span class='ocrx_word' id='word_1_280' title='bbox 1768 3530 1958 3588; x_wconf 86' lang='lat' dir='ltr'><strong>eodem</strong></span> 
     </span>
    </p>
   </div>
   <div class='ocr_carea' id='block_1_38' title="bbox 382 3628 1686 3703">
    <p class='ocr_par' dir='ltr' id='par_1_38' title="bbox 382 3628 1686 3703">
     <span class='ocr_line' id='line_1_38' title="bbox 382 3628 1686 3703; baseline -0.011 -13"><span class='ocrx_word' id='word_1_281' title='bbox 382 3636 599 3690; x_wconf 85' lang='lat' dir='ltr'><strong>lavacro</strong></span> <span class='ocrx_word' id='word_1_282' title='bbox 626 3630 968 3703; x_wconf 84' lang='lat' dir='ltr'><strong>Baptismatis</strong></span> <span class='ocrx_word' id='word_1_283' title='bbox 989 3628 1234 3684; x_wconf 81' lang='lat' dir='ltr'><strong>universa</strong></span> <span class='ocrx_word' id='word_1_284' title='bbox 1259 3632 1572 3696; x_wconf 85' lang='lat' dir='ltr'><strong>purgantur.</strong></span> <span class='ocrx_word' id='word_1_285' title='bbox 1672 3690 1686 3703; x_wconf 30' lang='grc' dir='ltr'><strong>κ</strong></span> 
     </span>
    </p>
   </div>
   <div class='ocr_carea' id='block_1_39' title="bbox 455 3715 1963 3794">
    <p class='ocr_par' dir='ltr' id='par_1_39' title="bbox 455 3715 1963 3794">
     <span class='ocr_line' id='line_1_39' title="bbox 455 3715 1963 3794; baseline -0.008 -12"><span class='ocrx_word' id='word_1_286' title='bbox 455 3728 546 3785; x_wconf 70' lang='grc' dir='ltr'><strong>ιε.</strong></span> <span class='ocrx_word' id='word_1_287' title='bbox 575 3726 776 3782; x_wconf 78' lang='lat' dir='ltr'><strong>Beatus</strong></span> <span class='ocrx_word' id='word_1_288' title='bbox 821 3725 998 3794; x_wconf 81' lang='lat' dir='ltr'><strong>itaque</strong></span> <span class='ocrx_word' id='word_1_289' title='bbox 1039 3720 1152 3776; x_wconf 92' lang='lat' dir='ltr'><strong>vitii</strong></span> <span class='ocrx_word' id='word_1_290' title='bbox 1198 3720 1316 3789; x_wconf 87' lang='lat' dir='ltr'><strong>ejus</strong></span> <span class='ocrx_word' id='word_1_291' title='bbox 1348 3719 1416 3775; x_wconf 88' lang='lat' dir='ltr'><strong>de</strong></span> <span class='ocrx_word' id='word_1_292' title='bbox 1452 3734 1557 3789; x_wconf 90' lang='lat' dir='ltr'><strong>quo</strong></span> <span class='ocrx_word' id='word_1_293' title='bbox 1587 3717 1875 3788; x_wconf 81' lang='lat' dir='ltr'><strong>loquimur,</strong></span> <span class='ocrx_word' id='word_1_294' title='bbox 1909 3715 1963 3771; x_wconf 90' lang='lat' dir='ltr'><strong>in</strong></span> 
     </span>
    </p>
   </div>
   <div class='ocr_carea' id='block_1_40' title="bbox 380 3806 1959 3891">
    <p class='ocr_par' dir='ltr' id='par_1_40' title="bbox 380 3806 1959 3891">
     <span class='ocr_line' id='line_1_40' title="bbox 380 3806 1959 3891; baseline -0.008 -17"><span class='ocrx_word' id='word_1_295' title='bbox 380 3827 817 3891; x_wconf 74' lang='lat' dir='ltr'><strong>regeneratorum</strong></span> <span class='ocrx_word' id='word_1_296' title='bbox 853 3813 1002 3886; x_wconf 89' lang='lat' dir='ltr'><strong>prole</strong></span> <span class='ocrx_word' id='word_1_297' title='bbox 1047 3810 1248 3869; x_wconf 88' lang='lat' dir='ltr'><strong>carnali</strong></span> <span class='ocrx_word' id='word_1_298' title='bbox 1273 3809 1472 3865; x_wconf 87' lang='lat' dir='ltr'><strong>tamdiu</strong></span> <span class='ocrx_word' id='word_1_299' title='bbox 1503 3808 1760 3871; x_wconf 84' lang='lat' dir='ltr'><strong>manebit,</strong></span> <span class='ocrx_word' id='word_1_300' title='bbox 1783 3806 1959 3862; x_wconf 90' lang='lat' dir='ltr'><strong>donec</strong></span> 
     </span>
    </p>
   </div>
   <div class='ocr_carea' id='block_1_41' title="bbox 382 3897 1966 3976">
    <p class='ocr_par' dir='ltr' id='par_1_41' title="bbox 382 3897 1966 3976">
     <span class='ocr_line' id='line_1_41' title="bbox 382 3897 1966 3976; baseline -0.007 -13"><span class='ocrx_word' id='word_1_301' title='bbox 382 3919 439 3963; x_wconf 82' lang='lat' dir='ltr'><strong>et</strong></span> <span class='ocrx_word' id='word_1_302' title='bbox 467 3909 571 3963; x_wconf 85' lang='lat' dir='ltr'><strong>illic</strong></span> <span class='ocrx_word' id='word_1_303' title='bbox 595 3907 804 3962; x_wconf 84' lang='lat' dir='ltr'><strong>lavacro</strong></span> <span class='ocrx_word' id='word_1_304' title='bbox 834 3900 1254 3976; x_wconf 74' lang='lat' dir='ltr'><strong>regenerationis</strong></span> <span class='ocrx_word' id='word_1_305' title='bbox 1301 3898 1565 3955; x_wconf 82' lang='lat' dir='ltr'><strong>abluatur.</strong></span> <span class='ocrx_word' id='word_1_306' title='bbox 1602 3897 1966 3968; x_wconf 81' lang='lat' dir='ltr'><strong>Regeneratus</strong></span> 
     </span>
    </p>
   </div>
   <div class='ocr_carea' id='block_1_42' title="bbox 381 3988 1965 4072">
    <p class='ocr_par' dir='ltr' id='par_1_42' title="bbox 381 3988 1965 4072">
     <span class='ocr_line' id='line_1_42' title="bbox 381 3988 1965 4072; baseline -0.004 -21"><span class='ocrx_word' id='word_1_307' title='bbox 381 4000 579 4072; x_wconf 79' lang='lat' dir='ltr'><strong>quippe</strong></span> <span class='ocrx_word' id='word_1_308' title='bbox 603 4013 708 4053; x_wconf 92' lang='lat' dir='ltr'><strong>non</strong></span> <span class='ocrx_word' id='word_1_309' title='bbox 761 4002 1042 4068; x_wconf 85' lang='lat' dir='ltr'><strong>regenerat</strong></span> <span class='ocrx_word' id='word_1_310' title='bbox 1071 3993 1210 4049; x_wconf 82' lang='lat' dir='ltr'><strong>filios</strong></span> <span class='ocrx_word' id='word_1_311' title='bbox 1234 3990 1432 4056; x_wconf 85' lang='lat' dir='ltr'><strong>carnis,</strong></span> <span class='ocrx_word' id='word_1_312' title='bbox 1482 3988 1576 4044; x_wconf 90' lang='lat' dir='ltr'><strong>sed</strong></span> <span class='ocrx_word' id='word_1_313' title='bbox 1618 3997 1874 4060; x_wconf 77' lang='lat' dir='ltr'><strong>generat;</strong></span> <span class='ocrx_word' id='word_1_314' title='bbox 1900 4002 1965 4044; x_wconf 87' lang='lat' dir='ltr'><strong>ac</strong></span> 
     </span>
    </p>
   </div>
   <div class='ocr_carea' id='block_1_43' title="bbox 383 4077 1968 4161">
    <p class='ocr_par' dir='ltr' id='par_1_43' title="bbox 383 4077 1968 4161">
     <span class='ocr_line' id='line_1_43' title="bbox 383 4077 1968 4161; baseline -0.006 -16"><span class='ocrx_word' id='word_1_315' title='bbox 383 4105 481 4161; x_wconf 89' lang='lat' dir='ltr'><strong>per</strong></span> <span class='ocrx_word' id='word_1_316' title='bbox 500 4088 602 4145; x_wconf 89' lang='lat' dir='ltr'><strong>hoc</strong></span> <span class='ocrx_word' id='word_1_317' title='bbox 621 4089 673 4144; x_wconf 91' lang='lat' dir='ltr'><strong>in</strong></span> <span class='ocrx_word' id='word_1_318' title='bbox 698 4101 791 4143; x_wconf 86' lang='lat' dir='ltr'><strong>eos</strong></span> <span class='ocrx_word' id='word_1_319' title='bbox 821 4100 924 4142; x_wconf 90' lang='lat' dir='ltr'><strong>non</strong></span> <span class='ocrx_word' id='word_1_320' title='bbox 951 4084 1091 4156; x_wconf 88' lang='lat' dir='ltr'><strong>quod</strong></span> <span class='ocrx_word' id='word_1_321' title='bbox 1120 4090 1485 4155; x_wconf 73' lang='lat' dir='ltr'><strong>regeneratus,</strong></span> <span class='ocrx_word' id='word_1_322' title='bbox 1510 4079 1603 4134; x_wconf 86' lang='lat' dir='ltr'><strong>sed</strong></span> <span class='ocrx_word' id='word_1_323' title='bbox 1642 4077 1784 4150; x_wconf 90' lang='lat' dir='ltr'><strong>quod</strong></span> <span class='ocrx_word' id='word_1_324' title='bbox 1806 4093 1968 4150; x_wconf 86' lang='lat' dir='ltr'><strong>gene-</strong></span> 
     </span>
    </p>
   </div>
   <div class='ocr_carea' id='block_1_44' title="bbox 383 4170 1968 4249">
    <p class='ocr_par' dir='ltr' id='par_1_44' title="bbox 383 4170 1968 4249">
     <span class='ocr_line' id='line_1_44' title="bbox 383 4170 1968 4249; baseline -0.006 -14"><span class='ocrx_word' id='word_1_325' title='bbox 383 4191 533 4236; x_wconf 90' lang='lat' dir='ltr'><strong>ratus</strong></span> <span class='ocrx_word' id='word_1_326' title='bbox 561 4189 643 4236; x_wconf 90' lang='lat' dir='ltr'><strong>est</strong></span> <span class='ocrx_word' id='word_1_327' title='bbox 664 4217 684 4249; x_wconf 88' lang='lat'><strong>,</strong></span> <span class='ocrx_word' id='word_1_328' title='bbox 715 4179 928 4248; x_wconf 86' lang='lat' dir='ltr'><strong>trajicit.</strong></span> <span class='ocrx_word' id='word_1_329' title='bbox 949 4176 1039 4233; x_wconf 89' lang='lat' dir='ltr'><strong>Sic</strong></span> <span class='ocrx_word' id='word_1_330' title='bbox 1080 4176 1258 4249; x_wconf 79' lang='lat' dir='ltr'><strong>igitur,</strong></span> <span class='ocrx_word' id='word_1_331' title='bbox 1292 4174 1405 4229; x_wconf 89' lang='lat' dir='ltr'><strong>sive</strong></span> <span class='ocrx_word' id='word_1_332' title='bbox 1428 4187 1553 4228; x_wconf 90' lang='lat' dir='ltr'><strong>reus</strong></span> <span class='ocrx_word' id='word_1_333' title='bbox 1573 4170 1824 4237; x_wconf 84' lang='lat' dir='ltr'><strong>infidelis,</strong></span> <span class='ocrx_word' id='word_1_334' title='bbox 1854 4170 1968 4226; x_wconf 90' lang='lat' dir='ltr'><strong>sive</strong></span> 
     </span>
    </p>
   </div>
   <div class='ocr_carea' id='block_1_45' title="bbox 384 4262 1967 4343">
    <p class='ocr_par' dir='ltr' id='par_1_45' title="bbox 384 4262 1967 4343">
     <span class='ocr_line' id='line_1_45' title="bbox 384 4262 1967 4343; baseline -0.006 -15"><span class='ocrx_word' id='word_1_335' title='bbox 384 4274 659 4329; x_wconf 82' lang='lat' dir='ltr'><strong>absolutus</strong></span> <span class='ocrx_word' id='word_1_336' title='bbox 679 4270 870 4340; x_wconf 74' lang='lat' dir='ltr'><strong>ﬁdelis,</strong></span> <span class='ocrx_word' id='word_1_337' title='bbox 893 4286 1002 4327; x_wconf 91' lang='lat' dir='ltr'><strong>non</strong></span> <span class='ocrx_word' id='word_1_338' title='bbox 1022 4268 1278 4343; x_wconf 79' lang='lat' dir='ltr'><strong>generat&#39;</strong></span> <span class='ocrx_word' id='word_1_339' title='bbox 1305 4266 1577 4322; x_wconf 89' lang='lat' dir='ltr'><strong>absolutos</strong></span> <span class='ocrx_word' id='word_1_340' title='bbox 1602 4272 1844 4335; x_wconf 90' lang='lat' dir='ltr'><strong>uterque,</strong></span> <span class='ocrx_word' id='word_1_341' title='bbox 1873 4262 1967 4319; x_wconf 86' lang='lat' dir='ltr'><strong>sed</strong></span> 
     </span>
    </p>
   </div>
   <div class='ocr_carea' id='block_1_46' title="bbox 384 4355 1969 4435">
    <p class='ocr_par' dir='ltr' id='par_1_46' title="bbox 384 4355 1969 4435">
     <span class='ocr_line' id='line_1_46' title="bbox 384 4355 1969 4435; baseline -0.006 -15"><span class='ocrx_word' id='word_1_342' title='bbox 384 4378 511 4421; x_wconf 86' lang='lat' dir='ltr'><strong>reos</strong></span> <span class='ocrx_word' id='word_1_343' title='bbox 537 4362 842 4435; x_wconf 89' lang='lat' dir='ltr'><strong>:quomodo</strong></span> <span class='ocrx_word' id='word_1_344' title='bbox 869 4376 975 4417; x_wconf 92' lang='lat' dir='ltr'><strong>non</strong></span> <span class='ocrx_word' id='word_1_345' title='bbox 1019 4362 1189 4417; x_wconf 89' lang='lat' dir='ltr'><strong>solum</strong></span> <span class='ocrx_word' id='word_1_346' title='bbox 1217 4358 1457 4423; x_wconf 88' lang='lat' dir='ltr'><strong>oleastri,</strong></span> <span class='ocrx_word' id='word_1_347' title='bbox 1510 4356 1603 4412; x_wconf 90' lang='lat' dir='ltr'><strong>sed</strong></span> <span class='ocrx_word' id='word_1_348' title='bbox 1629 4357 1791 4412; x_wconf 89' lang='lat' dir='ltr'><strong>etiam</strong></span> <span class='ocrx_word' id='word_1_349' title='bbox 1831 4355 1969 4411; x_wconf 69' lang='lat' dir='ltr'><strong>olete</strong></span> 
     </span>
    </p>
   </div>
   <div class='ocr_carea' id='block_1_47' title="bbox 393 4446 1969 4524">
    <p class='ocr_par' dir='ltr' id='par_1_47' title="bbox 393 4446 1969 4524">
     <span class='ocr_line' id='line_1_47' title="bbox 393 4446 1969 4524; baseline -0.007 -12"><span class='ocrx_word' id='word_1_350' title='bbox 393 4457 603 4512; x_wconf 80' lang='lat' dir='ltr'><strong>semine</strong></span> <span class='ocrx_word' id='word_1_351' title='bbox 651 4470 756 4510; x_wconf 89' lang='lat' dir='ltr'><strong>non</strong></span> <span class='ocrx_word' id='word_1_352' title='bbox 774 4454 920 4509; x_wconf 72' lang='lat' dir='ltr'><strong>nicas</strong></span> <span class='ocrx_word' id='word_1_353' title='bbox 948 4459 1226 4524; x_wconf 77' lang='lat' dir='ltr'><strong>generant,</strong></span> <span class='ocrx_word' id='word_1_354' title='bbox 1266 4450 1358 4505; x_wconf 91' lang='lat' dir='ltr'><strong>sed</strong></span> <span class='ocrx_word' id='word_1_355' title='bbox 1387 4450 1666 4504; x_wconf 86' lang='lat' dir='ltr'><strong>oleastros.</strong></span> <span class='ocrx_word' id='word_1_356' title='bbox 1689 4446 1775 4503; x_wconf 86' lang='lat' dir='ltr'><strong>Sic</strong></span> <span class='ocrx_word' id='word_1_357' title='bbox 1793 4447 1969 4516; x_wconf 83' lang='lat' dir='ltr'><strong>itaque</strong></span> 
     </span>
    </p>
   </div>
   <div class='ocr_carea' id='block_1_48' title="bbox 386 4535 1969 4612">
    <p class='ocr_par' dir='ltr' id='par_1_48' title="bbox 386 4535 1969 4612">
     <span class='ocr_line' id='line_1_48' title="bbox 386 4535 1969 4612; baseline -0.008 -8"><span class='ocrx_word' id='word_1_358' title='bbox 386 4547 443 4605; x_wconf 90' lang='lat' dir='ltr'><strong>in</strong></span> <span class='ocrx_word' id='word_1_359' title='bbox 469 4546 811 4603; x_wconf 84' lang='lat' dir='ltr'><strong>damnatione</strong></span> <span class='ocrx_word' id='word_1_360' title='bbox 835 4542 1102 4598; x_wconf 85' lang='lat' dir='ltr'><strong>hominem</strong></span> <span class='ocrx_word' id='word_1_361' title='bbox 1128 4541 1296 4612; x_wconf 90' lang='lat' dir='ltr'><strong>prima</strong></span> <span class='ocrx_word' id='word_1_362' title='bbox 1339 4538 1586 4593; x_wconf 83' lang='lat' dir='ltr'><strong>nativitas</strong></span> <span class='ocrx_word' id='word_1_363' title='bbox 1626 4546 1790 4603; x_wconf 89' lang='lat' dir='ltr'><strong>tenet,</strong></span> <span class='ocrx_word' id='word_1_364' title='bbox 1828 4535 1969 4591; x_wconf 89' lang='lat' dir='ltr'><strong>unde</strong></span> 
     </span>
    </p>
   </div>
   <div class='ocr_carea' id='block_1_49' title="bbox 384 4626 1970 4698">
    <p class='ocr_par' dir='ltr' id='par_1_49' title="bbox 384 4626 1970 4698">
     <span class='ocr_line' id='line_1_49' title="bbox 384 4626 1970 4698; baseline -0.009 -3"><span class='ocrx_word' id='word_1_365' title='bbox 384 4638 489 4695; x_wconf 83' lang='lat' dir='ltr'><strong>nisi</strong></span> <span class='ocrx_word' id='word_1_366' title='bbox 522 4634 755 4694; x_wconf 88' lang='lat' dir='ltr'><strong>secunda</strong></span> <span class='ocrx_word' id='word_1_367' title='bbox 776 4651 880 4691; x_wconf 88' lang='lat' dir='ltr'><strong>non</strong></span> <span class='ocrx_word' id='word_1_368' title='bbox 903 4633 1113 4689; x_wconf 87' lang='lat' dir='ltr'><strong>liberat.</strong></span> <span class='ocrx_word' id='word_1_369' title='bbox 1135 4630 1306 4687; x_wconf 83' lang='lat' dir='ltr'><strong>Tenet</strong></span> <span class='ocrx_word' id='word_1_370' title='bbox 1332 4643 1460 4698; x_wconf 83' lang='lat' dir='ltr'><strong>ergo</strong></span> <span class='ocrx_word' id='word_1_371' title='bbox 1485 4627 1751 4693; x_wconf 83' lang='lat' dir='ltr'><strong>diabolus,</strong></span> <span class='ocrx_word' id='word_1_372' title='bbox 1780 4626 1970 4681; x_wconf 88' lang='lat' dir='ltr'><strong>liberat</strong></span> 
     </span>
    </p>
   </div>
   <div class='ocr_carea' id='block_1_50' title="bbox 380 4718 1959 4796">
    <p class='ocr_par' dir='ltr' id='par_1_50' title="bbox 380 4718 1959 4796">
     <span class='ocr_line' id='line_1_50' title="bbox 380 4718 1959 4796; baseline -0.01 -7"><span class='ocrx_word' id='word_1_373' title='bbox 380 4732 628 4789; x_wconf 79' lang='lat' dir='ltr'><strong>Christus</strong></span> <span class='ocrx_word' id='word_1_374' title='bbox 654 4748 668 4785; x_wconf 89' lang='lat'><strong>:</strong></span> <span class='ocrx_word' id='word_1_375' title='bbox 693 4735 839 4785; x_wconf 88' lang='lat' dir='ltr'><strong>tenet</strong></span> <span class='ocrx_word' id='word_1_376' title='bbox 864 4727 1118 4796; x_wconf 81' lang='lat' dir='ltr'><strong>deceptor</strong></span> <span class='ocrx_word' id='word_1_377' title='bbox 1142 4723 1287 4788; x_wconf 66' lang='lat' dir='ltr'><strong>Em,</strong></span> <span class='ocrx_word' id='word_1_378' title='bbox 1318 4721 1508 4776; x_wconf 80' lang='lat' dir='ltr'><strong>liberat</strong></span> <span class='ocrx_word' id='word_1_379' title='bbox 1549 4719 1717 4775; x_wconf 73' lang='lat' dir='ltr'><strong>Filius</strong></span> <span class='ocrx_word' id='word_1_380' title='bbox 1751 4718 1959 4774; x_wconf 65' lang='lat' dir='ltr'><strong>Mariie:</strong></span> 
     </span>
    </p>
   </div>
   <div class='ocr_carea' id='block_1_51' title="bbox 389 4807 1965 4895">
    <p class='ocr_par' dir='ltr' id='par_1_51' title="bbox 389 4807 1965 4895">
     <span class='ocr_line' id='line_1_51' title="bbox 389 4807 1965 4895; baseline -0.011 -14"><span class='ocrx_word' id='word_1_381' title='bbox 389 4822 640 4895; x_wconf 88' lang='lat' dir='ltr'><strong>tenetqni</strong></span> <span class='ocrx_word' id='word_1_382' title='bbox 663 4836 760 4893; x_wconf 87' lang='lat' dir='ltr'><strong>per</strong></span> <span class='ocrx_word' id='word_1_383' title='bbox 774 4818 1052 4889; x_wconf 83' lang='lat' dir='ltr'><strong>conjugem</strong></span> <span class='ocrx_word' id='word_1_384' title='bbox 1067 4815 1208 4872; x_wconf 87' lang='lat' dir='ltr'><strong>venit</strong></span> <span class='ocrx_word' id='word_1_385' title='bbox 1246 4812 1312 4868; x_wconf 89' lang='lat' dir='ltr'><strong>ad</strong></span> <span class='ocrx_word' id='word_1_386' title='bbox 1343 4811 1536 4867; x_wconf 83' lang='lat' dir='ltr'><strong>virum.</strong></span> <span class='ocrx_word' id='word_1_387' title='bbox 1566 4810 1752 4865; x_wconf 83' lang='lat' dir='ltr'><strong>liberat</strong></span> <span class='ocrx_word' id='word_1_388' title='bbox 1783 4809 1873 4880; x_wconf 89' lang='lat' dir='ltr'><strong>qui</strong></span> <span class='ocrx_word' id='word_1_389' title='bbox 1894 4807 1965 4864; x_wconf 87' lang='lat' dir='ltr'><strong>de</strong></span> 
     </span>
    </p>
   </div>
   <div class='ocr_carea' id='block_1_52' title="bbox 382 4899 1970 4987">
    <p class='ocr_par' dir='ltr' id='par_1_52' title="bbox 382 4899 1970 4987">
     <span class='ocr_line' id='line_1_52' title="bbox 382 4899 1970 4987; baseline -0.011 -16"><span class='ocrx_word' id='word_1_390' title='bbox 382 4914 612 4987; x_wconf 79' lang='lat' dir='ltr'><strong>conjuge</strong></span> <span class='ocrx_word' id='word_1_391' title='bbox 645 4920 803 4970; x_wconf 82' lang='lat' dir='ltr'><strong>natus</strong></span> <span class='ocrx_word' id='word_1_392' title='bbox 827 4917 931 4974; x_wconf 89' lang='lat' dir='ltr'><strong>est,</strong></span> <span class='ocrx_word' id='word_1_393' title='bbox 959 4922 1077 4979; x_wconf 66' lang='lat' dir='ltr'><strong>quae</strong></span> <span class='ocrx_word' id='word_1_394' title='bbox 1094 4920 1196 4962; x_wconf 89' lang='lat' dir='ltr'><strong>non</strong></span> <span class='ocrx_word' id='word_1_395' title='bbox 1228 4903 1444 4975; x_wconf 70' lang='lat' dir='ltr'><strong>pertulit</strong></span> <span class='ocrx_word' id='word_1_396' title='bbox 1471 4901 1672 4957; x_wconf 87' lang='lat' dir='ltr'><strong>virum:</strong></span> <span class='ocrx_word' id='word_1_397' title='bbox 1709 4909 1851 4956; x_wconf 89' lang='lat' dir='ltr'><strong>tenet</strong></span> <span class='ocrx_word' id='word_1_398' title='bbox 1876 4899 1970 4968; x_wconf 89' lang='lat' dir='ltr'><strong>qui</strong></span> 
     </span>
    </p>
   </div>
   <div class='ocr_carea' id='block_1_53' title="bbox 382 4991 1968 5064">
    <p class='ocr_par' dir='ltr' id='par_1_53' title="bbox 382 4991 1968 5064">
     <span class='ocr_line' id='line_1_53' title="bbox 382 4991 1968 5064; baseline -0.011 1"><span class='ocrx_word' id='word_1_399' title='bbox 382 5021 603 5064; x_wconf 79' lang='lat' dir='ltr'><strong>causam</strong></span> <span class='ocrx_word' id='word_1_400' title='bbox 621 5002 854 5061; x_wconf 87' lang='lat' dir='ltr'><strong>libidinis</strong></span> <span class='ocrx_word' id='word_1_401' title='bbox 888 4999 1067 5058; x_wconf 87' lang='lat' dir='ltr'><strong>intulit</strong></span> <span class='ocrx_word' id='word_1_402' title='bbox 1099 4996 1335 5059; x_wconf 70' lang='lat' dir='ltr'><strong>fetninm,</strong></span> <span class='ocrx_word' id='word_1_403' title='bbox 1370 4993 1562 5050; x_wconf 82' lang='lat' dir='ltr'><strong>liberat</strong></span> <span class='ocrx_word' id='word_1_404' title='bbox 1589 4992 1677 5064; x_wconf 89' lang='lat' dir='ltr'><strong>qui</strong></span> <span class='ocrx_word' id='word_1_405' title='bbox 1703 4994 1820 5048; x_wconf 87' lang='lat' dir='ltr'><strong>sine</strong></span> <span class='ocrx_word' id='word_1_406' title='bbox 1846 4991 1968 5047; x_wconf 85' lang='lat' dir='ltr'><strong>libi-</strong></span> 
     </span>
    </p>
   </div>
   <div class='ocr_carea' id='block_1_54' title="bbox 372 5084 1969 5165">
    <p class='ocr_par' dir='ltr' id='par_1_54' title="bbox 372 5084 1969 5165">
     <span class='ocr_line' id='line_1_54' title="bbox 372 5084 1969 5165; baseline -0.009 -12"><span class='ocrx_word' id='word_1_407' title='bbox 372 5099 507 5154; x_wconf 78' lang='lat' dir='ltr'><strong>dine</strong></span> <span class='ocrx_word' id='word_1_408' title='bbox 533 5105 618 5155; x_wconf 86' lang='lat' dir='ltr'><strong>est</strong></span> <span class='ocrx_word' id='word_1_409' title='bbox 636 5103 929 5165; x_wconf 83' lang='lat' dir='ltr'><strong>conceptus</strong></span> <span class='ocrx_word' id='word_1_410' title='bbox 947 5090 1000 5148; x_wconf 88' lang='lat' dir='ltr'><strong>in</strong></span> <span class='ocrx_word' id='word_1_411' title='bbox 1026 5088 1242 5146; x_wconf 79' lang='lat' dir='ltr'><strong>femina.</strong></span> <span class='ocrx_word' id='word_1_412' title='bbox 1269 5086 1469 5143; x_wconf 85' lang='lat' dir='ltr'><strong>Omnes</strong></span> <span class='ocrx_word' id='word_1_413' title='bbox 1513 5084 1599 5138; x_wconf 90' lang='lat' dir='ltr'><strong>ille</strong></span> <span class='ocrx_word' id='word_1_414' title='bbox 1632 5098 1850 5154; x_wconf 84' lang='lat' dir='ltr'><strong>prorsus</strong></span> <span class='ocrx_word' id='word_1_415' title='bbox 1874 5097 1969 5152; x_wconf 83' lang='lat' dir='ltr'><strong>per</strong></span> 
     </span>
    </p>
   </div>
   <div class='ocr_carea' id='block_1_55' title="bbox 383 5173 1967 5259">
    <p class='ocr_par' dir='ltr' id='par_1_55' title="bbox 383 5173 1967 5259">
     <span class='ocr_line' id='line_1_55' title="bbox 383 5173 1967 5259; baseline -0.008 -19"><span class='ocrx_word' id='word_1_416' title='bbox 383 5202 548 5245; x_wconf 80' lang='lat' dir='ltr'><strong>unum</strong></span> <span class='ocrx_word' id='word_1_417' title='bbox 567 5196 752 5245; x_wconf 81' lang='lat' dir='ltr'><strong>tenere</strong></span> <span class='ocrx_word' id='word_1_418' title='bbox 776 5183 971 5259; x_wconf 88' lang='lat' dir='ltr'><strong>potuit,</strong></span> <span class='ocrx_word' id='word_1_419' title='bbox 998 5195 1101 5238; x_wconf 90' lang='lat' dir='ltr'><strong>nec</strong></span> <span class='ocrx_word' id='word_1_420' title='bbox 1127 5178 1197 5234; x_wconf 88' lang='lat' dir='ltr'><strong>ab</strong></span> <span class='ocrx_word' id='word_1_421' title='bbox 1219 5177 1338 5250; x_wconf 90' lang='lat' dir='ltr'><strong>ejus</strong></span> <span class='ocrx_word' id='word_1_422' title='bbox 1373 5173 1737 5232; x_wconf 85' lang='lat' dir='ltr'><strong>dominatione</strong></span> <span class='ocrx_word' id='word_1_423' title='bbox 1777 5173 1967 5229; x_wconf 79' lang='lat' dir='ltr'><strong>liberat</strong></span> 
     </span>
    </p>
   </div>
   <div class='ocr_carea' id='block_1_56' title="bbox 441 5393 1916 5509">
    <p class='ocr_par' dir='ltr' id='par_1_56' title="bbox 441 5393 1916 5509">
     <span class='ocr_line' id='line_1_56' title="bbox 445 5393 1459 5448; baseline 0.012 -12"><span class='ocrx_word' id='word_1_424' title='bbox 445 5393 463 5423; x_wconf 76' lang='grc' dir='ltr'><strong>ι</strong></span> <span class='ocrx_word' id='word_1_425' title='bbox 490 5393 649 5448; x_wconf 70' lang='lat' dir='ltr'><strong>Forte,</strong></span> <span class='ocrx_word' id='word_1_426' title='bbox 668 5393 807 5439; x_wconf 66' lang='lat' dir='ltr'><strong>mw.</strong></span> <span class='ocrx_word' id='word_1_427' title='bbox 1448 5437 1459 5448; x_wconf 92' lang='lat'><strong>.</strong></span> 
     </span>
     <span class='ocr_line' id='line_1_57' title="bbox 441 5439 1916 5509; baseline 0.004 -9"><span class='ocrx_word' id='word_1_428' title='bbox 441 5450 633 5501; x_wconf 71' lang='lat' dir='ltr'><strong>H‘atic.</strong></span> <span class='ocrx_word' id='word_1_429' title='bbox 662 5445 911 5509; x_wconf 66' lang='lat' dir='ltr'><strong>ss,un</strong></span> <span class='ocrx_word' id='word_1_430' title='bbox 932 5439 1477 5509; x_wconf 50' lang='lat' dir='ltr'><strong>itali._l&#39;orlet,“‘i.w’:</strong></span> <span class='ocrx_word' id='word_1_431' title='bbox 1740 5508 1762 5509; x_wconf 45' lang='grc' dir='ltr'><em>η</em></span> 
     </span>
    </p>
   </div>
   <div class='ocr_carea' id='block_1_57' title="bbox 444 5494 1963 5580">
    <p class='ocr_par' dir='ltr' id='par_1_57' title="bbox 444 5494 1963 5580">
     <span class='ocr_line' id='line_1_58' title="bbox 444 5494 1963 5580; baseline -0.013 -17"><span class='ocrx_word' id='word_1_432' title='bbox 444 5494 1096 5580; x_wconf 83' lang='grc'><strong><em>⁸</em></strong></span> <span class='ocrx_word' id='word_1_433' title='bbox 1131 5512 1186 5555; x_wconf 86' lang='lat' dir='ltr'><strong>et</strong></span> <span class='ocrx_word' id='word_1_434' title='bbox 1214 5494 1511 5553; x_wconf 63' lang='lat' dir='ltr'><strong>&#39;Casaleusis.</strong></span> <span class='ocrx_word' id='word_1_435' title='bbox 1539 5496 1623 5549; x_wconf 76' lang='grc' dir='ltr'><strong>Αιῦ</strong></span> <span class='ocrx_word' id='word_1_436' title='bbox 1663 5508 1773 5549; x_wconf 78' lang='lat' dir='ltr'><strong>cum</strong></span> <span class='ocrx_word' id='word_1_437' title='bbox 1802 5494 1963 5553; x_wconf 82' lang='lat' dir='ltr'><strong>editis,</strong></span> 
     </span>
    </p>
   </div>
   <div class='ocr_carea' id='block_1_58' title="bbox 381 5571 1099 5689">
    <p class='ocr_par' dir='ltr' id='par_1_58' title="bbox 381 5571 1099 5689">
     <span class='ocr_line' id='line_1_59' title="bbox 381 5571 813 5636; baseline -0.019 -10"><span class='ocrx_word' id='word_1_438' title='bbox 381 5580 568 5627; x_wconf 61' lang='lat' dir='ltr'><strong>rentum</strong></span> <span class='ocrx_word' id='word_1_439' title='bbox 582 5571 745 5636; x_wconf 68' lang='lat' dir='ltr'><strong>facim.</strong></span> <span class='ocrx_word' id='word_1_440' title='bbox 760 5571 772 5573; x_wconf 74' lang='lat'>&#39;</span> <span class='ocrx_word' id='word_1_441' title='bbox 794 5571 813 5574; x_wconf 66' lang='grc'><strong><em>“</em></strong></span> 
     </span>
     <span class='ocr_line' id='line_1_60' title="bbox 445 5626 1099 5689; baseline -0.021 -1"><span class='ocrx_word' id='word_1_442' title='bbox 445 5644 464 5668; x_wconf 67' lang='grc'><strong>⁸</strong></span> <span class='ocrx_word' id='word_1_443' title='bbox 490 5643 589 5687; x_wconf 75' lang='grc' dir='ltr'><strong>Ι)υο</strong></span> <span class='ocrx_word' id='word_1_444' title='bbox 612 5640 740 5689; x_wconf 66' lang='grc' dir='ltr'><strong>κει..</strong></span> 
     </span>
    </p>
   </div>
   <div class='ocr_carea' id='block_1_59' title="bbox 441 5684 1820 5756">
    <p class='ocr_par' dir='ltr' id='par_1_59' title="bbox 441 5684 1820 5756">
     <span class='ocr_line' id='line_1_61' title="bbox 441 5684 1820 5756; baseline -0.006 -21"><span class='ocrx_word' id='word_1_445' title='bbox 441 5698 465 5735; x_wconf 77' lang='grc' dir='ltr'><em>ε</em></span> <span class='ocrx_word' id='word_1_446' title='bbox 488 5684 634 5754; x_wconf 55' lang='lat' dir='ltr'><strong>iam,</strong></span> <span class='ocrx_word' id='word_1_447' title='bbox 668 5684 934 5756; x_wconf 54' lang='lat' dir='ltr'><strong>repararet.</strong></span> <span class='ocrx_word' id='word_1_448' title='bbox 982 5686 1149 5739; x_wconf 69' lang='lat' dir='ltr'><strong>Melius</strong></span> <span class='ocrx_word' id='word_1_449' title='bbox 1180 5684 1270 5735; x_wconf 87' lang='lat' dir='ltr'><strong>hoc</strong></span> <span class='ocrx_word' id='word_1_450' title='bbox 1302 5684 1406 5735; x_wconf 76' lang='lat' dir='ltr'><strong>loco</strong></span> <span class='ocrx_word' id='word_1_451' title='bbox 1440 5692 1528 5733; x_wconf 69' lang='lat' dir='ltr'><strong>uss</strong></span> <span class='ocrx_word' id='word_1_452' title='bbox 1565 5721 1576 5744; x_wconf 91' lang='lat'><strong>,</strong></span> <span class='ocrx_word' id='word_1_453' title='bbox 1606 5684 1820 5748; x_wconf 55' lang='lat' dir='ltr'><strong>grueret.</strong></span> 
     </span>
    </p>
   </div>
   <div class='ocr_carea' id='block_1_60' title="bbox 1021 229 2940 318">
    <p class='ocr_par' dir='ltr' id='par_1_60' title="bbox 1021 229 2940 318">
     <span class='ocr_line' id='line_1_62' title="bbox 1021 229 2940 318; baseline 0 -23"><span class='ocrx_word' id='word_1_454' title='bbox 1021 236 1078 295; x_wconf 78' lang='lat'><strong>5.</strong></span> <span class='ocrx_word' id='word_1_455' title='bbox 1118 232 1485 318; x_wconf 76' lang='lat' dir='ltr'><strong>AUGUSTlNI</strong></span> <span class='ocrx_word' id='word_1_456' title='bbox 1524 229 1822 288; x_wconf 75' lang='lat' dir='ltr'><strong>EPISCOPI</strong></span> <span class='ocrx_word' id='word_1_457' title='bbox 1857 231 2056 289; x_wconf 77' lang='lat' dir='ltr'><strong>LIBER</strong></span> <span class='ocrx_word' id='word_1_458' title='bbox 2102 235 2184 292; x_wconf 76' lang='lat' dir='ltr'><strong>DE</strong></span> <span class='ocrx_word' id='word_1_459' title='bbox 2224 236 2537 293; x_wconf 77' lang='lat' dir='ltr'><strong>PECC.\TO</strong></span> <span class='ocrx_word' id='word_1_460' title='bbox 2574 236 2940 298; x_wconf 75' lang='lat' dir='ltr'><strong>ORIGINALI.</strong></span> 
     </span>
    </p>
   </div>
   <div class='ocr_carea' id='block_1_61' title="bbox 3523 234 3626 290">
    <p class='ocr_par' dir='ltr' id='par_1_61' title="bbox 3523 234 3626 290">
     <span class='ocr_line' id='line_1_63' title="bbox 3523 234 3626 290; baseline -0.019 0"><span class='ocrx_word' id='word_1_461' title='bbox 3523 234 3626 290; x_wconf 68' lang='lat'><strong>‘03</strong></span> 
     </span>
    </p>
   </div>
   <div class='ocr_carea' id='block_1_62' title="bbox 2059 346 3634 423">
    <p class='ocr_par' dir='ltr' id='par_1_62' title="bbox 2059 346 3634 423">
     <span class='ocr_line' id='line_1_64' title="bbox 2059 346 3634 423; baseline 0.005 -22"><span class='ocrx_word' id='word_1_462' title='bbox 2059 346 2159 402; x_wconf 88' lang='lat' dir='ltr'><strong>nisi</strong></span> <span class='ocrx_word' id='word_1_463' title='bbox 2173 361 2329 413; x_wconf 88' lang='lat' dir='ltr'><strong>unus,</strong></span> <span class='ocrx_word' id='word_1_464' title='bbox 2348 363 2503 418; x_wconf 88' lang='lat' dir='ltr'><strong>quem</strong></span> <span class='ocrx_word' id='word_1_465' title='bbox 2521 359 2701 406; x_wconf 85' lang='lat' dir='ltr'><strong>tenere</strong></span> <span class='ocrx_word' id='word_1_466' title='bbox 2724 365 2832 406; x_wconf 90' lang='lat' dir='ltr'><strong>non</strong></span> <span class='ocrx_word' id='word_1_467' title='bbox 2855 351 3040 422; x_wconf 89' lang='lat' dir='ltr'><strong>potuit.</strong></span> <span class='ocrx_word' id='word_1_468' title='bbox 3060 350 3295 422; x_wconf 84' lang='lat' dir='ltr'><strong>Denique</strong></span> <span class='ocrx_word' id='word_1_469' title='bbox 3313 350 3421 423; x_wconf 87' lang='lat' dir='ltr'><strong>ipsa</strong></span> <span class='ocrx_word' id='word_1_470' title='bbox 3441 348 3634 409; x_wconf 78' lang='lat' dir='ltr'><strong>Eccle-</strong></span> 
     </span>
    </p>
   </div>
   <div class='ocr_carea' id='block_1_63' title="bbox 2056 436 3636 510">
    <p class='ocr_par' dir='ltr' id='par_1_63' title="bbox 2056 436 3636 510">
     <span class='ocr_line' id='line_1_65' title="bbox 2056 436 3636 510; baseline 0.002 -18"><span class='ocrx_word' id='word_1_471' title='bbox 2056 436 2150 492; x_wconf 63' lang='lat' dir='ltr'><strong>sia:</strong></span> <span class='ocrx_word' id='word_1_472' title='bbox 2172 436 2537 502; x_wconf 84' lang='lat' dir='ltr'><strong>Sacramenta,</strong></span> <span class='ocrx_word' id='word_1_473' title='bbox 2565 455 2683 510; x_wconf 84' lang='lat' dir='ltr'><strong>qua:</strong></span> <span class='ocrx_word' id='word_1_474' title='bbox 2710 448 2819 495; x_wconf 87' lang='lat' dir='ltr'><strong>tam</strong></span> <span class='ocrx_word' id='word_1_475' title='bbox 2839 440 3027 510; x_wconf 78' lang='lat' dir='ltr'><strong>prisca:</strong></span> <span class='ocrx_word' id='word_1_476' title='bbox 3071 441 3368 496; x_wconf 89' lang='lat' dir='ltr'><strong>traditionis</strong></span> <span class='ocrx_word' id='word_1_477' title='bbox 3396 444 3636 496; x_wconf 82' lang='lat' dir='ltr'><strong>auctori-</strong></span> 
     </span>
    </p>
   </div>
   <div class='ocr_carea' id='block_1_64' title="bbox 2058 528 3634 601">
    <p class='ocr_par' dir='ltr' id='par_1_64' title="bbox 2058 528 3634 601">
     <span class='ocr_line' id='line_1_66' title="bbox 2058 528 3634 601; baseline 0.003 -19"><span class='ocrx_word' id='word_1_478' title='bbox 2058 536 2165 583; x_wconf 88' lang='lat' dir='ltr'><strong>tate</strong></span> <span class='ocrx_word' id='word_1_479' title='bbox 2201 528 2589 594; x_wconf 71' lang='lat' dir='ltr'><strong>concelebrat‘,</strong></span> <span class='ocrx_word' id='word_1_480' title='bbox 2633 538 2692 585; x_wconf 89' lang='lat' dir='ltr'><strong>ut</strong></span> <span class='ocrx_word' id='word_1_481' title='bbox 2738 545 2799 585; x_wconf 82' lang='lat' dir='ltr'><strong>ea</strong></span> <span class='ocrx_word' id='word_1_482' title='bbox 2854 530 2964 595; x_wconf 84' lang='lat' dir='ltr'><strong>isti,</strong></span> <span class='ocrx_word' id='word_1_483' title='bbox 3010 531 3258 600; x_wconf 85' lang='lat' dir='ltr'><strong>quamvis</strong></span> <span class='ocrx_word' id='word_1_484' title='bbox 3295 531 3348 585; x_wconf 92' lang='lat' dir='ltr'><strong>in</strong></span> <span class='ocrx_word' id='word_1_485' title='bbox 3400 532 3634 601; x_wconf 87' lang='lat' dir='ltr'><strong>parvulis</strong></span> 
     </span>
    </p>
   </div>
   <div class='ocr_carea' id='block_1_65' title="bbox 2056 618 3629 693">
    <p class='ocr_par' dir='ltr' id='par_1_65' title="bbox 2056 618 3629 693">
     <span class='ocr_line' id='line_1_67' title="bbox 2056 618 3629 693; baseline 0.001 -19"><span class='ocrx_word' id='word_1_486' title='bbox 2056 618 2361 675; x_wconf 82' lang='lat' dir='ltr'><strong>existiment</strong></span> <span class='ocrx_word' id='word_1_487' title='bbox 2401 621 2729 676; x_wconf 89' lang='lat' dir='ltr'><strong>simulatorie</strong></span> <span class='ocrx_word' id='word_1_488' title='bbox 2775 622 2950 690; x_wconf 89' lang='lat' dir='ltr'><strong>potius</strong></span> <span class='ocrx_word' id='word_1_489' title='bbox 2980 636 3139 693; x_wconf 83' lang='lat' dir='ltr'><strong>quam</strong></span> <span class='ocrx_word' id='word_1_490' title='bbox 3181 623 3444 679; x_wconf 87' lang='lat' dir='ltr'><strong>veraciter</strong></span> <span class='ocrx_word' id='word_1_491' title='bbox 3493 623 3629 686; x_wconf 85' lang='lat' dir='ltr'><strong>fieri,</strong></span> 
     </span>
    </p>
   </div>
   <div class='ocr_carea' id='block_1_66' title="bbox 2058 711 3632 783">
    <p class='ocr_par' dir='ltr' id='par_1_66' title="bbox 2058 711 3632 783">
     <span class='ocr_line' id='line_1_68' title="bbox 2058 711 3632 783; baseline 0.003 -19"><span class='ocrx_word' id='word_1_492' title='bbox 2058 726 2162 764; x_wconf 90' lang='lat' dir='ltr'><strong>non</strong></span> <span class='ocrx_word' id='word_1_493' title='bbox 2218 718 2393 766; x_wconf 89' lang='lat' dir='ltr'><strong>tamen</strong></span> <span class='ocrx_word' id='word_1_494' title='bbox 2440 711 2668 767; x_wconf 85' lang='lat' dir='ltr'><strong>audeant</strong></span> <span class='ocrx_word' id='word_1_495' title='bbox 2700 723 2884 781; x_wconf 88' lang='lat' dir='ltr'><strong>aperta</strong></span> <span class='ocrx_word' id='word_1_496' title='bbox 2937 714 3321 783; x_wconf 88' lang='lat' dir='ltr'><strong>improbatione</strong></span> <span class='ocrx_word' id='word_1_497' title='bbox 3344 728 3632 782; x_wconf 86' lang='lat' dir='ltr'><strong>respuere:</strong></span> 
     </span>
    </p>
   </div>
   <div class='ocr_carea' id='block_1_67' title="bbox 2058 800 3634 872">
    <p class='ocr_par' dir='ltr' id='par_1_67' title="bbox 2058 800 3634 872">
     <span class='ocr_line' id='line_1_69' title="bbox 2058 800 3634 872; baseline 0.001 -18"><span class='ocrx_word' id='word_1_498' title='bbox 2058 800 2192 872; x_wconf 83' lang='lat' dir='ltr'><strong>ipsa,</strong></span> <span class='ocrx_word' id='word_1_499' title='bbox 2227 801 2461 871; x_wconf 89' lang='lat' dir='ltr'><strong>inquam,</strong></span> <span class='ocrx_word' id='word_1_500' title='bbox 2499 812 2695 857; x_wconf 61' lang='lat' dir='ltr'><strong>sanctae</strong></span> <span class='ocrx_word' id='word_1_501' title='bbox 2742 804 2991 858; x_wconf 79' lang='lat' dir='ltr'><strong>Ecclesia:</strong></span> <span class='ocrx_word' id='word_1_502' title='bbox 3018 803 3359 860; x_wconf 69' lang='lat' dir='ltr'><strong>Sacramenta</strong></span> <span class='ocrx_word' id='word_1_503' title='bbox 3389 804 3519 858; x_wconf 86' lang='lat' dir='ltr'><strong>satis</strong></span> <span class='ocrx_word' id='word_1_504' title='bbox 3550 804 3634 856; x_wconf 84' lang='lat' dir='ltr'><strong>in-</strong></span> 
     </span>
    </p>
   </div>
   <div class='ocr_carea' id='block_1_68' title="bbox 2056 892 3637 964">
    <p class='ocr_par' dir='ltr' id='par_1_68' title="bbox 2056 892 3637 964">
     <span class='ocr_line' id='line_1_70' title="bbox 2056 892 3637 964; baseline 0.001 -17"><span class='ocrx_word' id='word_1_505' title='bbox 2056 892 2257 959; x_wconf 88' lang='lat' dir='ltr'><strong>dicant,</strong></span> <span class='ocrx_word' id='word_1_506' title='bbox 2298 894 2543 961; x_wconf 85' lang='lat' dir='ltr'><strong>parvulos</strong></span> <span class='ocrx_word' id='word_1_507' title='bbox 2561 909 2590 946; x_wconf 90' lang='lat' dir='ltr'><strong>a</strong></span> <span class='ocrx_word' id='word_1_508' title='bbox 2613 902 2763 963; x_wconf 88' lang='lat' dir='ltr'><strong>partu</strong></span> <span class='ocrx_word' id='word_1_509' title='bbox 2788 895 2948 950; x_wconf 89' lang='lat' dir='ltr'><strong>etiam</strong></span> <span class='ocrx_word' id='word_1_510' title='bbox 2978 896 3373 950; x_wconf 57' lang='lat' dir='ltr'><strong>recentissimos</strong></span> <span class='ocrx_word' id='word_1_511' title='bbox 3392 911 3484 962; x_wconf 86' lang='lat' dir='ltr'><strong>per</strong></span> <span class='ocrx_word' id='word_1_512' title='bbox 3511 909 3637 964; x_wconf 81' lang='lat' dir='ltr'><strong>gra-</strong></span> 
     </span>
    </p>
   </div>
   <div class='ocr_carea' id='block_1_69' title="bbox 2059 984 3632 1058">
    <p class='ocr_par' dir='ltr' id='par_1_69' title="bbox 2059 984 3632 1058">
     <span class='ocr_line' id='line_1_71' title="bbox 2059 984 3632 1058; baseline 0.001 -20"><span class='ocrx_word' id='word_1_513' title='bbox 2059 985 2184 1039; x_wconf 89' lang='lat' dir='ltr'><strong>tiam</strong></span> <span class='ocrx_word' id='word_1_514' title='bbox 2210 984 2402 1040; x_wconf 86' lang='lat' dir='ltr'><strong>Christi</strong></span> <span class='ocrx_word' id='word_1_515' title='bbox 2416 985 2485 1040; x_wconf 87' lang='lat' dir='ltr'><strong>de</strong></span> <span class='ocrx_word' id='word_1_516' title='bbox 2508 986 2702 1041; x_wconf 88' lang='lat' dir='ltr'><strong>diaboli</strong></span> <span class='ocrx_word' id='word_1_517' title='bbox 2723 988 2940 1042; x_wconf 87' lang='lat' dir='ltr'><strong>servitio</strong></span> <span class='ocrx_word' id='word_1_518' title='bbox 2971 988 3200 1042; x_wconf 89' lang='lat' dir='ltr'><strong>liberari.</strong></span> <span class='ocrx_word' id='word_1_519' title='bbox 3227 988 3461 1058; x_wconf 77' lang='lat' dir='ltr'><strong>Excepto</strong></span> <span class='ocrx_word' id='word_1_520' title='bbox 3488 988 3632 1041; x_wconf 89' lang='lat' dir='ltr'><strong>enim</strong></span> 
     </span>
    </p>
   </div>
   <div class='ocr_carea' id='block_1_70' title="bbox 2058 1077 3647 1147">
    <p class='ocr_par' dir='ltr' id='par_1_70' title="bbox 2058 1077 3647 1147">
     <span class='ocr_line' id='line_1_72' title="bbox 2058 1077 3647 1147; baseline 0.002 -17"><span class='ocrx_word' id='word_1_521' title='bbox 2058 1077 2200 1147; x_wconf 86' lang='lat' dir='ltr'><strong>quod</strong></span> <span class='ocrx_word' id='word_1_522' title='bbox 2244 1077 2296 1131; x_wconf 91' lang='lat' dir='ltr'><strong>in</strong></span> <span class='ocrx_word' id='word_1_523' title='bbox 2339 1089 2677 1147; x_wconf 91' lang='lat' dir='ltr'><strong>peccatorum</strong></span> <span class='ocrx_word' id='word_1_524' title='bbox 2728 1079 3119 1142; x_wconf 88' lang='lat' dir='ltr'><strong>remissionem,</strong></span> <span class='ocrx_word' id='word_1_525' title='bbox 3150 1093 3253 1132; x_wconf 91' lang='lat' dir='ltr'><strong>non</strong></span> <span class='ocrx_word' id='word_1_526' title='bbox 3312 1078 3503 1140; x_wconf 85' lang='lat' dir='ltr'><strong>fallaci,</strong></span> <span class='ocrx_word' id='word_1_527' title='bbox 3535 1077 3647 1133; x_wconf 76' lang='lat' dir='ltr'><strong>scd</strong></span> 
     </span>
    </p>
   </div>
   <div class='ocr_carea' id='block_1_71' title="bbox 2059 1166 3635 1239">
    <p class='ocr_par' dir='ltr' id='par_1_71' title="bbox 2059 1166 3635 1239">
     <span class='ocr_line' id='line_1_73' title="bbox 2059 1166 3635 1239; baseline 0 -18"><span class='ocrx_word' id='word_1_528' title='bbox 2059 1166 2198 1222; x_wconf 87' lang='lat' dir='ltr'><strong>fideli</strong></span> <span class='ocrx_word' id='word_1_529' title='bbox 2221 1168 2474 1239; x_wconf 86' lang='lat' dir='ltr'><strong>mysterio</strong></span> <span class='ocrx_word' id='word_1_530' title='bbox 2494 1168 2842 1237; x_wconf 82' lang='lat' dir='ltr'><strong>haptizantnr,</strong></span> <span class='ocrx_word' id='word_1_531' title='bbox 2870 1170 3029 1224; x_wconf 84' lang='lat' dir='ltr'><strong>etiam</strong></span> <span class='ocrx_word' id='word_1_532' title='bbox 3060 1170 3203 1238; x_wconf 88' lang='lat' dir='ltr'><strong>prius</strong></span> <span class='ocrx_word' id='word_1_533' title='bbox 3228 1168 3559 1223; x_wconf 77' lang='lat' dir='ltr'><strong>exorcizatnr</strong></span> <span class='ocrx_word' id='word_1_534' title='bbox 3580 1168 3635 1221; x_wconf 89' lang='lat' dir='ltr'><strong>in</strong></span> 
     </span>
    </p>
   </div>
   <div class='ocr_carea' id='block_1_72' title="bbox 2059 1257 3638 1328">
    <p class='ocr_par' dir='ltr' id='par_1_72' title="bbox 2059 1257 3638 1328">
     <span class='ocr_line' id='line_1_74' title="bbox 2059 1257 3638 1328; baseline 0.001 -17"><span class='ocrx_word' id='word_1_535' title='bbox 2059 1260 2138 1312; x_wconf 90' lang='lat' dir='ltr'><strong>eis</strong></span> <span class='ocrx_word' id='word_1_536' title='bbox 2166 1267 2220 1312; x_wconf 92' lang='lat' dir='ltr'><strong>ct</strong></span> <span class='ocrx_word' id='word_1_537' title='bbox 2247 1257 2553 1313; x_wconf 77' lang='lat' dir='ltr'><strong>exsufflatur</strong></span> <span class='ocrx_word' id='word_1_538' title='bbox 2573 1269 2805 1328; x_wconf 87' lang='lat' dir='ltr'><strong>potestas</strong></span> <span class='ocrx_word' id='word_1_539' title='bbox 2832 1261 3097 1314; x_wconf 89' lang='lat' dir='ltr'><strong>contraria</strong></span> <span class='ocrx_word' id='word_1_540' title='bbox 3125 1276 3140 1322; x_wconf 86' lang='lat'><strong>;</strong></span> <span class='ocrx_word' id='word_1_541' title='bbox 3169 1260 3252 1313; x_wconf 92' lang='lat' dir='ltr'><strong>cui</strong></span> <span class='ocrx_word' id='word_1_542' title='bbox 3277 1259 3432 1313; x_wconf 87' lang='lat' dir='ltr'><strong>etiam</strong></span> <span class='ocrx_word' id='word_1_543' title='bbox 3457 1257 3638 1313; x_wconf 71' lang='lat' dir='ltr'><strong>verbis</strong></span> 
     </span>
    </p>
   </div>
   <div class='ocr_carea' id='block_1_73' title="bbox 2059 1348 3633 1419">
    <p class='ocr_par' dir='ltr' id='par_1_73' title="bbox 2059 1348 3633 1419">
     <span class='ocr_line' id='line_1_75' title="bbox 2059 1348 3633 1419; baseline -0.003 -14"><span class='ocrx_word' id='word_1_544' title='bbox 2059 1363 2288 1405; x_wconf 88' lang='lat' dir='ltr'><strong>eoruma</strong></span> <span class='ocrx_word' id='word_1_545' title='bbox 2319 1350 2508 1419; x_wconf 86' lang='lat' dir='ltr'><strong>quibus</strong></span> <span class='ocrx_word' id='word_1_546' title='bbox 2534 1359 2830 1419; x_wconf 88' lang='lat' dir='ltr'><strong>portantur,</strong></span> <span class='ocrx_word' id='word_1_547' title='bbox 2859 1365 2919 1405; x_wconf 88' lang='lat' dir='ltr'><strong>se</strong></span> <span class='ocrx_word' id='word_1_548' title='bbox 2958 1350 3259 1405; x_wconf 88' lang='lat' dir='ltr'><strong>renuntiare</strong></span> <span class='ocrx_word' id='word_1_549' title='bbox 3285 1348 3633 1417; x_wconf 86' lang='lat' dir='ltr'><strong>respondent.</strong></span> 
     </span>
    </p>
   </div>
   <div class='ocr_carea' id='block_1_74' title="bbox 2059 1438 3639 1507">
    <p class='ocr_par' dir='ltr' id='par_1_74' title="bbox 2059 1438 3639 1507">
     <span class='ocr_line' id='line_1_76' title="bbox 2059 1438 3639 1507; baseline 0 -14"><span class='ocrx_word' id='word_1_550' title='bbox 2059 1438 2262 1507; x_wconf 86' lang='lat' dir='ltr'><strong>Quibus</strong></span> <span class='ocrx_word' id='word_1_551' title='bbox 2285 1439 2531 1495; x_wconf 88' lang='lat' dir='ltr'><strong>omnibus</strong></span> <span class='ocrx_word' id='word_1_552' title='bbox 2552 1455 2730 1495; x_wconf 89' lang='lat' dir='ltr'><strong>rerum</strong></span> <span class='ocrx_word' id='word_1_553' title='bbox 2758 1442 3082 1497; x_wconf 89' lang='lat' dir='ltr'><strong>oceultarmn</strong></span> <span class='ocrx_word' id='word_1_554' title='bbox 3098 1442 3319 1495; x_wconf 88' lang='lat' dir='ltr'><strong>sacratis</strong></span> <span class='ocrx_word' id='word_1_555' title='bbox 3341 1450 3396 1494; x_wconf 93' lang='lat' dir='ltr'><strong>et</strong></span> <span class='ocrx_word' id='word_1_556' title='bbox 3423 1438 3639 1493; x_wconf 80' lang='lat' dir='ltr'><strong>eviden-</strong></span> 
     </span>
    </p>
   </div>
   <div class='ocr_carea' id='block_1_75' title="bbox 2062 1530 3637 1603">
    <p class='ocr_par' dir='ltr' id='par_1_75' title="bbox 2062 1530 3637 1603">
     <span class='ocr_line' id='line_1_77' title="bbox 2062 1530 3637 1603; baseline 0 -19"><span class='ocrx_word' id='word_1_557' title='bbox 2062 1530 2200 1586; x_wconf 91' lang='lat' dir='ltr'><strong>tibus</strong></span> <span class='ocrx_word' id='word_1_558' title='bbox 2219 1531 2405 1602; x_wconf 81' lang='lat' dir='ltr'><strong>signis,</strong></span> <span class='ocrx_word' id='word_1_559' title='bbox 2447 1546 2476 1584; x_wconf 93' lang='lat' dir='ltr'><strong>a</strong></span> <span class='ocrx_word' id='word_1_560' title='bbox 2514 1532 2845 1603; x_wconf 88' lang='lat' dir='ltr'><strong>captivatore</strong></span> <span class='ocrx_word' id='word_1_561' title='bbox 2895 1534 3127 1602; x_wconf 88' lang='lat' dir='ltr'><strong>pessimo</strong></span> <span class='ocrx_word' id='word_1_562' title='bbox 3152 1532 3216 1586; x_wconf 90' lang='lat' dir='ltr'><strong>ad</strong></span> <span class='ocrx_word' id='word_1_563' title='bbox 3255 1533 3513 1601; x_wconf 88' lang='lat' dir='ltr'><strong>optimum</strong></span> <span class='ocrx_word' id='word_1_564' title='bbox 3546 1545 3637 1584; x_wconf 87' lang='lat' dir='ltr'><strong>re—</strong></span> 
     </span>
    </p>
   </div>
   <div class='ocr_carea' id='block_1_76' title="bbox 2063 1612 3635 1696">
    <p class='ocr_par' dir='ltr' id='par_1_76' title="bbox 2063 1612 3635 1696">
     <span class='ocr_line' id='line_1_78' title="bbox 2063 1612 3635 1696; baseline -0.002 -16"><span class='ocrx_word' id='word_1_565' title='bbox 2063 1628 2396 1696; x_wconf 87' lang='lat' dir='ltr'><strong>demptorem</strong></span> <span class='ocrx_word' id='word_1_566' title='bbox 2420 1612 2646 1682; x_wconf 81' lang='lat' dir='ltr'><strong>transire</strong></span> <span class='ocrx_word' id='word_1_567' title='bbox 2673 1636 3074 1690; x_wconf 89' lang='lat' dir='ltr'><strong>monstrantur;</strong></span> <span class='ocrx_word' id='word_1_568' title='bbox 3120 1626 3209 1695; x_wconf 88' lang='lat' dir='ltr'><strong>qui</strong></span> <span class='ocrx_word' id='word_1_569' title='bbox 3233 1640 3329 1694; x_wconf 85' lang='lat' dir='ltr'><strong>pro</strong></span> <span class='ocrx_word' id='word_1_570' title='bbox 3367 1624 3519 1678; x_wconf 88' lang='lat' dir='ltr'><strong>nobis</strong></span> <span class='ocrx_word' id='word_1_571' title='bbox 3548 1622 3635 1677; x_wconf 89' lang='lat' dir='ltr'><strong>in-</strong></span> 
     </span>
    </p>
   </div>
   <div class='ocr_carea' id='block_1_77' title="bbox 2061 1713 3637 1788">
    <p class='ocr_par' dir='ltr' id='par_1_77' title="bbox 2061 1713 3637 1788">
     <span class='ocr_line' id='line_1_79' title="bbox 2061 1713 3637 1788; baseline -0.001 -19"><span class='ocrx_word' id='word_1_572' title='bbox 2061 1715 2313 1770; x_wconf 84' lang='lat' dir='ltr'><strong>firmitate</strong></span> <span class='ocrx_word' id='word_1_573' title='bbox 2338 1726 2607 1786; x_wconf 89' lang='lat' dir='ltr'><strong>suscepta,</strong></span> <span class='ocrx_word' id='word_1_574' title='bbox 2637 1717 2869 1788; x_wconf 80' lang='lat' dir='ltr'><strong>alligavit</strong></span> <span class='ocrx_word' id='word_1_575' title='bbox 2894 1716 3104 1781; x_wconf 87' lang='lat' dir='ltr'><strong>fortem,</strong></span> <span class='ocrx_word' id='word_1_576' title='bbox 3136 1728 3193 1770; x_wconf 92' lang='lat' dir='ltr'><strong>ut</strong></span> <span class='ocrx_word' id='word_1_577' title='bbox 3218 1731 3340 1769; x_wconf 88' lang='lat' dir='ltr'><strong>vasa</strong></span> <span class='ocrx_word' id='word_1_578' title='bbox 3363 1715 3476 1783; x_wconf 80' lang='lat' dir='ltr'><strong>ejus</strong></span> <span class='ocrx_word' id='word_1_579' title='bbox 3522 1713 3637 1769; x_wconf 85' lang='lat' dir='ltr'><strong>eri-</strong></span> 
     </span>
    </p>
   </div>
   <div class='ocr_carea' id='block_1_78' title="bbox 2062 1804 3633 1877">
    <p class='ocr_par' dir='ltr' id='par_1_78' title="bbox 2062 1804 3633 1877">
     <span class='ocr_line' id='line_1_80' title="bbox 2062 1804 3633 1877; baseline -0.002 -18"><span class='ocrx_word' id='word_1_580' title='bbox 2062 1814 2209 1876; x_wconf 81' lang='lat' dir='ltr'><strong>pcret</strong></span> <span class='ocrx_word' id='word_1_581' title='bbox 2234 1805 2451 1873; x_wconf 79' lang='lat' dir='ltr'><strong>(Matth.</strong></span> <span class='ocrx_word' id='word_1_582' title='bbox 2477 1821 2577 1871; x_wconf 78' lang='lat' dir='ltr'><strong>xu,</strong></span> <span class='ocrx_word' id='word_1_583' title='bbox 2604 1806 2696 1877; x_wconf 72' lang='lat'><strong>29)</strong></span> <span class='ocrx_word' id='word_1_584' title='bbox 2734 1823 2747 1858; x_wconf 77' lang='grc' dir='ltr'><strong><em>τ</em></strong></span> <span class='ocrx_word' id='word_1_585' title='bbox 2779 1808 2899 1877; x_wconf 88' lang='lat' dir='ltr'><strong>quia</strong></span> <span class='ocrx_word' id='word_1_586' title='bbox 2923 1808 3188 1860; x_wconf 81' lang='lat' dir='ltr'><strong>infirmum</strong></span> <span class='ocrx_word' id='word_1_587' title='bbox 3218 1805 3309 1860; x_wconf 86' lang='lat' dir='ltr'><strong>Dei</strong></span> <span class='ocrx_word' id='word_1_588' title='bbox 3331 1821 3436 1860; x_wconf 85' lang='lat' dir='ltr'><strong>non</strong></span> <span class='ocrx_word' id='word_1_589' title='bbox 3457 1804 3633 1858; x_wconf 88' lang='lat' dir='ltr'><strong>solum</strong></span> 
     </span>
    </p>
   </div>
   <div class='ocr_carea' id='block_1_79' title="bbox 2061 1893 3644 1969">
    <p class='ocr_par' dir='ltr' id='par_1_79' title="bbox 2061 1893 3644 1969">
     <span class='ocr_line' id='line_1_81' title="bbox 2061 1893 3644 1969; baseline -0.003 -18"><span class='ocrx_word' id='word_1_590' title='bbox 2061 1904 2143 1951; x_wconf 86' lang='lat' dir='ltr'><strong>est</strong></span> <span class='ocrx_word' id='word_1_591' title='bbox 2168 1896 2471 1951; x_wconf 87' lang='lat' dir='ltr'><strong>hominibus</strong></span> <span class='ocrx_word' id='word_1_592' title='bbox 2495 1894 2515 1969; x_wconf 94' lang='lat'><strong>(</strong></span> <span class='ocrx_word' id='word_1_593' title='bbox 2545 1896 2563 1951; x_wconf 91' lang='grc' dir='ltr'><strong>Ι</strong></span> <span class='ocrx_word' id='word_1_594' title='bbox 2593 1896 2711 1952; x_wconf 87' lang='lat' dir='ltr'><strong>Cor.</strong></span> <span class='ocrx_word' id='word_1_595' title='bbox 2739 1912 2777 1964; x_wconf 84' lang='grc' dir='ltr'><strong>ι,</strong></span> <span class='ocrx_word' id='word_1_596' title='bbox 2821 1897 2893 1952; x_wconf 74' lang='lat'><strong>25</strong></span> <span class='ocrx_word' id='word_1_597' title='bbox 2916 1898 2969 1967; x_wconf 91' lang='lat'><strong>),-</strong></span> <span class='ocrx_word' id='word_1_598' title='bbox 2997 1912 3183 1951; x_wconf 88' lang='lat' dir='ltr'><strong>verum</strong></span> <span class='ocrx_word' id='word_1_599' title='bbox 3218 1904 3274 1950; x_wconf 89' lang='lat' dir='ltr'><strong>et</strong></span> <span class='ocrx_word' id='word_1_600' title='bbox 3298 1895 3499 1964; x_wconf 72' lang='lat' dir='ltr'><strong>angelis</strong></span> <span class='ocrx_word' id='word_1_601' title='bbox 3528 1893 3644 1946; x_wconf 82' lang='lat' dir='ltr'><strong>for-</strong></span> 
     </span>
    </p>
   </div>
   <div class='ocr_carea' id='block_1_80' title="bbox 2065 1980 3637 2056">
    <p class='ocr_par' dir='ltr' id='par_1_80' title="bbox 2065 1980 3637 2056">
     <span class='ocr_line' id='line_1_82' title="bbox 2065 1980 3637 2056; baseline -0.003 -17"><span class='ocrx_word' id='word_1_602' title='bbox 2065 1986 2186 2041; x_wconf 89' lang='lat' dir='ltr'><strong>tius.</strong></span> <span class='ocrx_word' id='word_1_603' title='bbox 2210 1986 2469 2041; x_wconf 85' lang='lat' dir='ltr'><strong>Libcrans</strong></span> <span class='ocrx_word' id='word_1_604' title='bbox 2497 1986 2676 2056; x_wconf 83' lang='lat' dir='ltr'><strong>itaque</strong></span> <span class='ocrx_word' id='word_1_605' title='bbox 2720 1987 2861 2041; x_wconf 90' lang='lat' dir='ltr'><strong>Deus</strong></span> <span class='ocrx_word' id='word_1_606' title='bbox 2900 1986 3125 2055; x_wconf 87' lang='lat' dir='ltr'><strong>pusillos</strong></span> <span class='ocrx_word' id='word_1_607' title='bbox 3151 2000 3271 2040; x_wconf 90' lang='lat' dir='ltr'><strong>cum</strong></span> <span class='ocrx_word' id='word_1_608' title='bbox 3310 1983 3533 2052; x_wconf 80' lang='lat' dir='ltr'><strong>magnis,</strong></span> <span class='ocrx_word' id='word_1_609' title='bbox 3582 1980 3637 2035; x_wconf 91' lang='lat' dir='ltr'><strong>in</strong></span> 
     </span>
    </p>
   </div>
   <div class='ocr_carea' id='block_1_81' title="bbox 2063 2071 3640 2147">
    <p class='ocr_par' dir='ltr' id='par_1_81' title="bbox 2063 2071 3640 2147">
     <span class='ocr_line' id='line_1_83' title="bbox 2063 2071 3640 2147; baseline -0.003 -16"><span class='ocrx_word' id='word_1_610' title='bbox 2063 2078 2299 2147; x_wconf 87' lang='lat' dir='ltr'><strong>utrisque</strong></span> <span class='ocrx_word' id='word_1_611' title='bbox 2323 2076 2557 2132; x_wconf 73' lang='lat' dir='ltr'><strong>ostendit</strong></span> <span class='ocrx_word' id='word_1_612' title='bbox 2581 2077 2722 2146; x_wconf 89' lang='lat' dir='ltr'><strong>quod</strong></span> <span class='ocrx_word' id='word_1_613' title='bbox 2744 2076 2919 2131; x_wconf 90' lang='lat' dir='ltr'><strong>locuta</strong></span> <span class='ocrx_word' id='word_1_614' title='bbox 2953 2084 3036 2131; x_wconf 90' lang='lat' dir='ltr'><strong>cst</strong></span> <span class='ocrx_word' id='word_1_615' title='bbox 3066 2092 3159 2146; x_wconf 84' lang='lat' dir='ltr'><strong>per</strong></span> <span class='ocrx_word' id='word_1_616' title='bbox 3186 2075 3496 2144; x_wconf 85' lang='lat' dir='ltr'><strong>Apostolum</strong></span> <span class='ocrx_word' id='word_1_617' title='bbox 3529 2071 3640 2127; x_wconf 77' lang='lat' dir='ltr'><strong>Ye-</strong></span> 
     </span>
    </p>
   </div>
   <div class='ocr_carea' id='block_1_82' title="bbox 2064 2168 3640 2239">
    <p class='ocr_par' dir='ltr' id='par_1_82' title="bbox 2064 2168 3640 2239">
     <span class='ocr_line' id='line_1_84' title="bbox 2064 2168 3640 2239; baseline -0.003 -17"><span class='ocrx_word' id='word_1_618' title='bbox 2064 2170 2209 2223; x_wconf 89' lang='lat' dir='ltr'><strong>ritas.</strong></span> <span class='ocrx_word' id='word_1_619' title='bbox 2238 2168 2355 2224; x_wconf 82' lang='lat' dir='ltr'><strong>Non</strong></span> <span class='ocrx_word' id='word_1_620' title='bbox 2392 2170 2534 2224; x_wconf 87' lang='lat' dir='ltr'><strong>enim</strong></span> <span class='ocrx_word' id='word_1_621' title='bbox 2557 2170 2701 2228; x_wconf 65' lang='lat' dir='ltr'><strong>solus</strong></span> <span class='ocrx_word' id='word_1_622' title='bbox 2734 2177 2895 2224; x_wconf 73' lang='lat' dir='ltr'><strong>mtate</strong></span> <span class='ocrx_word' id='word_1_623' title='bbox 2939 2168 3189 2239; x_wconf 88' lang='lat' dir='ltr'><strong>majores,</strong></span> <span class='ocrx_word' id='word_1_624' title='bbox 3232 2168 3324 2223; x_wconf 87' lang='lat' dir='ltr'><strong>sed</strong></span> <span class='ocrx_word' id='word_1_625' title='bbox 3352 2168 3510 2222; x_wconf 87' lang='lat' dir='ltr'><strong>etiam</strong></span> <span class='ocrx_word' id='word_1_626' title='bbox 3543 2181 3640 2235; x_wconf 90' lang='lat' dir='ltr'><strong>pn-</strong></span> 
     </span>
    </p>
   </div>
   <div class='ocr_carea' id='block_1_83' title="bbox 2061 2256 3641 2329">
    <p class='ocr_par' dir='ltr' id='par_1_83' title="bbox 2061 2256 3641 2329">
     <span class='ocr_line' id='line_1_85' title="bbox 2061 2256 3641 2329; baseline -0.002 -14"><span class='ocrx_word' id='word_1_627' title='bbox 2061 2260 2210 2315; x_wconf 86' lang='lat' dir='ltr'><strong>sillos</strong></span> <span class='ocrx_word' id='word_1_628' title='bbox 2236 2260 2376 2315; x_wconf 90' lang='lat' dir='ltr'><strong>eruit</strong></span> <span class='ocrx_word' id='word_1_629' title='bbox 2405 2275 2434 2313; x_wconf 91' lang='lat' dir='ltr'><strong>a</strong></span> <span class='ocrx_word' id='word_1_630' title='bbox 2480 2269 2741 2329; x_wconf 87' lang='lat' dir='ltr'><strong>potestate</strong></span> <span class='ocrx_word' id='word_1_631' title='bbox 2781 2261 3142 2321; x_wconf 83' lang='lat' dir='ltr'><strong>tenebrarum.</strong></span> <span class='ocrx_word' id='word_1_632' title='bbox 3170 2267 3229 2313; x_wconf 91' lang='lat' dir='ltr'><strong>ut</strong></span> <span class='ocrx_word' id='word_1_633' title='bbox 3269 2256 3560 2314; x_wconf 81' lang='lat' dir='ltr'><strong>transferat</strong></span> <span class='ocrx_word' id='word_1_634' title='bbox 3585 2256 3641 2312; x_wconf 88' lang='lat' dir='ltr'><strong>in</strong></span> 
     </span>
    </p>
   </div>
   <div class='ocr_carea' id='block_1_84' title="bbox 2063 2350 3292 2420">
    <p class='ocr_par' dir='ltr' id='par_1_84' title="bbox 2063 2350 3292 2420">
     <span class='ocr_line' id='line_1_86' title="bbox 2063 2350 3292 2420; baseline 0 -16"><span class='ocrx_word' id='word_1_635' title='bbox 2063 2365 2282 2420; x_wconf 89' lang='lat' dir='ltr'><strong>regnum</strong></span> <span class='ocrx_word' id='word_1_636' title='bbox 2309 2350 2429 2406; x_wconf 81' lang='lat' dir='ltr'><strong>Filii</strong></span> <span class='ocrx_word' id='word_1_637' title='bbox 2448 2351 2721 2406; x_wconf 85' lang='lat' dir='ltr'><strong>charitatis</strong></span> <span class='ocrx_word' id='word_1_638' title='bbox 2736 2351 3083 2418; x_wconf 66' lang='lat' dir='ltr'><strong>summoto“.</strong></span> <span class='ocrx_word' id='word_1_639' title='bbox 3116 2367 3151 2414; x_wconf 87' lang='grc' dir='ltr'><strong>ι.</strong></span> <span class='ocrx_word' id='word_1_640' title='bbox 3183 2351 3292 2420; x_wconf 82' lang='lat' dir='ltr'><strong>l5).</strong></span> 
     </span>
    </p>
   </div>
   <div class='ocr_carea' id='block_1_85' title="bbox 2133 2439 3631 2513">
    <p class='ocr_par' dir='ltr' id='par_1_85' title="bbox 2133 2439 3631 2513">
     <span class='ocr_line' id='line_1_87' title="bbox 2133 2439 3631 2513; baseline -0.001 -15"><span class='ocrx_word' id='word_1_641' title='bbox 2133 2442 2224 2498; x_wconf 66' lang='grc'><strong>46.</strong></span> <span class='ocrx_word' id='word_1_642' title='bbox 2261 2441 2374 2498; x_wconf 83' lang='lat' dir='ltr'><strong>Nec</strong></span> <span class='ocrx_word' id='word_1_643' title='bbox 2413 2443 2694 2513; x_wconf 86' lang='lat' dir='ltr'><strong>quisquam</strong></span> <span class='ocrx_word' id='word_1_644' title='bbox 2748 2443 3005 2507; x_wconf 89' lang='lat' dir='ltr'><strong>miretur,</strong></span> <span class='ocrx_word' id='word_1_645' title='bbox 3036 2452 3090 2496; x_wconf 90' lang='lat' dir='ltr'><strong>ct</strong></span> <span class='ocrx_word' id='word_1_646' title='bbox 3125 2442 3299 2509; x_wconf 88' lang='lat' dir='ltr'><strong>dicat,</strong></span> <span class='ocrx_word' id='word_1_647' title='bbox 3337 2461 3355 2494; x_wconf 78' lang='grc' dir='ltr'>ι</span> <span class='ocrx_word' id='word_1_648' title='bbox 3391 2439 3631 2499; x_wconf 79' lang='lat' dir='ltr'><strong>Cnrhoc</strong></span> 
     </span>
    </p>
   </div>
   <div class='ocr_carea' id='block_1_86' title="bbox 2062 2532 3644 2603">
    <p class='ocr_par' dir='ltr' id='par_1_86' title="bbox 2062 2532 3644 2603">
     <span class='ocr_line' id='line_1_88' title="bbox 2062 2532 3644 2603; baseline -0.001 -15"><span class='ocrx_word' id='word_1_649' title='bbox 2062 2541 2211 2588; x_wconf 79' lang='lat' dir='ltr'><strong>creat</strong></span> <span class='ocrx_word' id='word_1_650' title='bbox 2252 2532 2461 2588; x_wconf 84' lang='lat' dir='ltr'><strong>bonitas</strong></span> <span class='ocrx_word' id='word_1_651' title='bbox 2520 2532 2633 2599; x_wconf 92' lang='lat' dir='ltr'><strong>Dei,</strong></span> <span class='ocrx_word' id='word_1_652' title='bbox 2686 2532 2827 2602; x_wconf 90' lang='lat' dir='ltr'><strong>quod</strong></span> <span class='ocrx_word' id='word_1_653' title='bbox 2880 2532 3147 2603; x_wconf 87' lang='lat' dir='ltr'><strong>possideat</strong></span> <span class='ocrx_word' id='word_1_654' title='bbox 3186 2534 3483 2603; x_wconf 84' lang='lat' dir='ltr'><strong>malignitas</strong></span> <span class='ocrx_word' id='word_1_655' title='bbox 3521 2533 3644 2587; x_wconf 79' lang='lat' dir='ltr'><strong>dia-</strong></span> 
     </span>
    </p>
   </div>
   <div class='ocr_carea' id='block_1_87' title="bbox 2063 2621 3646 2700">
    <p class='ocr_par' dir='ltr' id='par_1_87' title="bbox 2063 2621 3646 2700">
     <span class='ocr_line' id='line_1_89' title="bbox 2063 2621 3646 2700; baseline 0 -22"><span class='ocrx_word' id='word_1_656' title='bbox 2063 2621 2170 2678; x_wconf 88' lang='lat' dir='ltr'><strong>boli</strong></span> <span class='ocrx_word' id='word_1_657' title='bbox 2193 2623 2219 2677; x_wconf 73' lang='grc' dir='ltr'><em>ἳ</em></span> <span class='ocrx_word' id='word_1_658' title='bbox 2250 2642 2272 2677; x_wconf 75' lang='grc' dir='ltr'><strong><em>ι</em></strong></span> <span class='ocrx_word' id='word_1_659' title='bbox 2304 2623 2417 2679; x_wconf 86' lang='lat' dir='ltr'><strong>lluc</strong></span> <span class='ocrx_word' id='word_1_660' title='bbox 2436 2624 2578 2679; x_wconf 90' lang='lat' dir='ltr'><strong>enim</strong></span> <span class='ocrx_word' id='word_1_661' title='bbox 2604 2639 2715 2679; x_wconf 74' lang='lat' dir='ltr'><strong>sum</strong></span> <span class='ocrx_word' id='word_1_662' title='bbox 2730 2634 2989 2679; x_wconf 65' lang='lat' dir='ltr'><strong>creatura:</strong></span> <span class='ocrx_word' id='word_1_663' title='bbox 3009 2626 3301 2700; x_wconf 86' lang='lat' dir='ltr'><strong>seminibus</strong></span> <span class='ocrx_word' id='word_1_664' title='bbox 3335 2640 3399 2679; x_wconf 75' lang='lat' dir='ltr'><strong>ex</strong></span> <span class='ocrx_word' id='word_1_665' title='bbox 3428 2624 3512 2678; x_wconf 86' lang='lat' dir='ltr'><strong>illa</strong></span> <span class='ocrx_word' id='word_1_666' title='bbox 3545 2623 3646 2678; x_wconf 88' lang='lat' dir='ltr'><strong>ho-</strong></span> 
     </span>
    </p>
   </div>
   <div class='ocr_carea' id='block_1_88' title="bbox 2063 2714 3641 2786">
    <p class='ocr_par' dir='ltr' id='par_1_88' title="bbox 2063 2714 3641 2786">
     <span class='ocr_line' id='line_1_90' title="bbox 2063 2714 3641 2786; baseline 0.002 -17"><span class='ocrx_word' id='word_1_667' title='bbox 2063 2714 2232 2769; x_wconf 88' lang='lat' dir='ltr'><strong>nitate</strong></span> <span class='ocrx_word' id='word_1_668' title='bbox 2259 2714 2498 2786; x_wconf 87' lang='lat' dir='ltr'><strong>largitur,</strong></span> <span class='ocrx_word' id='word_1_669' title='bbox 2520 2730 2625 2786; x_wconf 91' lang='lat' dir='ltr'><strong>qua</strong></span> <span class='ocrx_word' id='word_1_670' title='bbox 2649 2716 2807 2770; x_wconf 88' lang='lat' dir='ltr'><strong>etiam</strong></span> <span class='ocrx_word' id='word_1_671' title='bbox 2825 2715 2949 2771; x_wconf 84' lang='lat' dir='ltr'><strong>facit</strong></span> <span class='ocrx_word' id='word_1_672' title='bbox 2965 2716 3134 2772; x_wconf 89' lang='lat' dir='ltr'><strong>solem</strong></span> <span class='ocrx_word' id='word_1_673' title='bbox 3150 2732 3304 2770; x_wconf 87' lang='lat' dir='ltr'><strong>suum</strong></span> <span class='ocrx_word' id='word_1_674' title='bbox 3321 2717 3446 2771; x_wconf 85' lang='lat' dir='ltr'><strong>orin</strong></span> <span class='ocrx_word' id='word_1_675' title='bbox 3473 2731 3641 2786; x_wconf 76' lang='lat' dir='ltr'><strong>super</strong></span> 
     </span>
    </p>
   </div>
   <div class='ocr_carea' id='block_1_89' title="bbox 2064 2806 3646 2880">
    <p class='ocr_par' dir='ltr' id='par_1_89' title="bbox 2064 2806 3646 2880">
     <span class='ocr_line' id='line_1_91' title="bbox 2064 2806 3646 2880; baseline 0.001 -17"><span class='ocrx_word' id='word_1_676' title='bbox 2064 2806 2235 2863; x_wconf 90' lang='lat' dir='ltr'><strong>bonos</strong></span> <span class='ocrx_word' id='word_1_677' title='bbox 2273 2816 2329 2864; x_wconf 91' lang='lat' dir='ltr'><strong>et</strong></span> <span class='ocrx_word' id='word_1_678' title='bbox 2370 2809 2540 2865; x_wconf 90' lang='lat' dir='ltr'><strong>malos</strong></span> <span class='ocrx_word' id='word_1_679' title='bbox 2568 2850 2583 2875; x_wconf 96' lang='lat'><strong>,</strong></span> <span class='ocrx_word' id='word_1_680' title='bbox 2625 2818 2679 2864; x_wconf 89' lang='lat' dir='ltr'><strong>et</strong></span> <span class='ocrx_word' id='word_1_681' title='bbox 2726 2809 2859 2880; x_wconf 91' lang='lat' dir='ltr'><strong>pluit</strong></span> <span class='ocrx_word' id='word_1_682' title='bbox 2903 2824 3064 2878; x_wconf 88' lang='lat' dir='ltr'><strong>super</strong></span> <span class='ocrx_word' id='word_1_683' title='bbox 3101 2809 3283 2879; x_wconf 66' lang='lat' dir='ltr'><strong>‘justes</strong></span> <span class='ocrx_word' id='word_1_684' title='bbox 3325 2819 3381 2864; x_wconf 90' lang='lat' dir='ltr'><strong>et</strong></span> <span class='ocrx_word' id='word_1_685' title='bbox 3420 2809 3646 2879; x_wconf 74' lang='lat' dir='ltr'><strong>injustas</strong></span> 
     </span>
    </p>
   </div>
   <div class='ocr_carea' id='block_1_90' title="bbox 2064 2898 3645 2973">
    <p class='ocr_par' dir='ltr' id='par_1_90' title="bbox 2064 2898 3645 2973">
     <span class='ocr_line' id='line_1_92' title="bbox 2064 2898 3645 2973; baseline 0.002 -19"><span class='ocrx_word' id='word_1_686' title='bbox 2064 2898 2287 2972; x_wconf 70' lang='lat' dir='ltr'><strong>(Matth.</strong></span> <span class='ocrx_word' id='word_1_687' title='bbox 2336 2916 2392 2965; x_wconf 84' lang='lat' dir='ltr'><strong>v,</strong></span> <span class='ocrx_word' id='word_1_688' title='bbox 2432 2901 2503 2957; x_wconf 70' lang='grc'><strong>45</strong></span> <span class='ocrx_word' id='word_1_689' title='bbox 2530 2902 2572 2971; x_wconf 78' lang='lat'><strong>}.</strong></span> <span class='ocrx_word' id='word_1_690' title='bbox 2623 2901 2732 2957; x_wconf 81' lang='lat' dir='ltr'><strong>Hac</strong></span> <span class='ocrx_word' id='word_1_691' title='bbox 2791 2901 2987 2973; x_wconf 87' lang='lat' dir='ltr'><strong>quippe</strong></span> <span class='ocrx_word' id='word_1_692' title='bbox 3027 2902 3261 2957; x_wconf 89' lang='lat' dir='ltr'><strong>bonitate</strong></span> <span class='ocrx_word' id='word_1_693' title='bbox 3312 2903 3471 2957; x_wconf 83' lang='lat' dir='ltr'><strong>etiam</strong></span> <span class='ocrx_word' id='word_1_694' title='bbox 3527 2901 3645 2970; x_wconf 78' lang='lat' dir='ltr'><strong>ipsa</strong></span> 
     </span>
    </p>
   </div>
   <div class='ocr_carea' id='block_1_91' title="bbox 2063 2991 3631 3062">
    <p class='ocr_par' dir='ltr' id='par_1_91' title="bbox 2063 2991 3631 3062">
     <span class='ocr_line' id='line_1_93' title="bbox 2063 2991 3631 3062; baseline 0 -15"><span class='ocrx_word' id='word_1_695' title='bbox 2063 2993 2270 3048; x_wconf 84' lang='lat' dir='ltr'><strong>semina</strong></span> <span class='ocrx_word' id='word_1_696' title='bbox 2290 2991 2579 3056; x_wconf 71' lang='lat' dir='ltr'><strong>benedixit,</strong></span> <span class='ocrx_word' id='word_1_697' title='bbox 2607 2993 2690 3047; x_wconf 87' lang='lat' dir='ltr'><strong>vel</strong></span> <span class='ocrx_word' id='word_1_698' title='bbox 2733 2992 3098 3048; x_wconf 88' lang='lat' dir='ltr'><strong>benedicendo</strong></span> <span class='ocrx_word' id='word_1_699' title='bbox 3140 2995 3447 3048; x_wconf 86' lang='lat' dir='ltr'><strong>constituit:</strong></span> <span class='ocrx_word' id='word_1_700' title='bbox 3470 3008 3631 3062; x_wconf 88' lang='lat' dir='ltr'><strong>quam</strong></span> 
     </span>
    </p>
   </div>
   <div class='ocr_carea' id='block_1_92' title="bbox 2066 3084 3633 3155">
    <p class='ocr_par' dir='ltr' id='par_1_92' title="bbox 2066 3084 3633 3155">
     <span class='ocr_line' id='line_1_94' title="bbox 2066 3084 3633 3155; baseline 0.001 -16"><span class='ocrx_word' id='word_1_701' title='bbox 2066 3084 2489 3140; x_wconf 86' lang='lat' dir='ltr'><strong>benedictionem</strong></span> <span class='ocrx_word' id='word_1_702' title='bbox 2511 3096 2713 3140; x_wconf 63' lang='lat' dir='ltr'><strong>naturtc</strong></span> <span class='ocrx_word' id='word_1_703' title='bbox 2729 3086 2979 3140; x_wconf 77' lang='lat' dir='ltr'><strong>laudabili</strong></span> <span class='ocrx_word' id='word_1_704' title='bbox 3005 3088 3159 3155; x_wconf 91' lang='lat' dir='ltr'><strong>culpa</strong></span> <span class='ocrx_word' id='word_1_705' title='bbox 3176 3086 3494 3141; x_wconf 83' lang='lat' dir='ltr'><strong>damnabilis</strong></span> <span class='ocrx_word' id='word_1_706' title='bbox 3525 3102 3633 3141; x_wconf 89' lang='lat' dir='ltr'><strong>nou</strong></span> 
     </span>
    </p>
   </div>
   <div class='ocr_carea' id='block_1_93' title="bbox 2064 3174 3643 3247">
    <p class='ocr_par' dir='ltr' id='par_1_93' title="bbox 2064 3174 3643 3247">
     <span class='ocr_line' id='line_1_95' title="bbox 2064 3174 3643 3247; baseline 0.003 -19"><span class='ocrx_word' id='word_1_707' title='bbox 2064 3174 2284 3231; x_wconf 89' lang='lat' dir='ltr'><strong>ademit.</strong></span> <span class='ocrx_word' id='word_1_708' title='bbox 2311 3175 2442 3243; x_wconf 67' lang='lat' dir='ltr'><strong>Quae</strong></span> <span class='ocrx_word' id='word_1_709' title='bbox 2469 3176 2593 3231; x_wconf 90' lang='lat' dir='ltr'><strong>licet</strong></span> <span class='ocrx_word' id='word_1_710' title='bbox 2617 3192 2713 3246; x_wconf 90' lang='lat' dir='ltr'><strong>per</strong></span> <span class='ocrx_word' id='word_1_711' title='bbox 2742 3176 2834 3232; x_wconf 87' lang='lat' dir='ltr'><strong>Dei</strong></span> <span class='ocrx_word' id='word_1_712' title='bbox 2874 3179 3145 3247; x_wconf 89' lang='lat' dir='ltr'><strong>punientis</strong></span> <span class='ocrx_word' id='word_1_713' title='bbox 3168 3179 3425 3247; x_wconf 82' lang='lat' dir='ltr'><strong>justitiam</strong></span> <span class='ocrx_word' id='word_1_714' title='bbox 3456 3180 3643 3233; x_wconf 89' lang='lat' dir='ltr'><strong>value-</strong></span> 
     </span>
    </p>
   </div>
   <div class='ocr_carea' id='block_1_94' title="bbox 2067 3264 3644 3339">
    <p class='ocr_par' dir='ltr' id='par_1_94' title="bbox 2067 3264 3644 3339">
     <span class='ocr_line' id='line_1_96' title="bbox 2067 3264 3644 3339; baseline 0.003 -19"><span class='ocrx_word' id='word_1_715' title='bbox 2067 3267 2151 3330; x_wconf 91' lang='lat' dir='ltr'><strong>rit,</strong></span> <span class='ocrx_word' id='word_1_716' title='bbox 2177 3276 2237 3321; x_wconf 90' lang='lat' dir='ltr'><strong>ut</strong></span> <span class='ocrx_word' id='word_1_717' title='bbox 2258 3264 2501 3322; x_wconf 87' lang='lat' dir='ltr'><strong>homines</strong></span> <span class='ocrx_word' id='word_1_718' title='bbox 2522 3281 2642 3321; x_wconf 90' lang='lat' dir='ltr'><strong>cum</strong></span> <span class='ocrx_word' id='word_1_719' title='bbox 2674 3267 2876 3336; x_wconf 90' lang='lat' dir='ltr'><strong>peccati</strong></span> <span class='ocrx_word' id='word_1_720' title='bbox 2902 3267 3176 3339; x_wconf 83' lang='lat' dir='ltr'><strong>originalis</strong></span> <span class='ocrx_word' id='word_1_721' title='bbox 3200 3269 3327 3323; x_wconf 86' lang='lat' dir='ltr'><strong>vitio</strong></span> <span class='ocrx_word' id='word_1_722' title='bbox 3355 3284 3644 3324; x_wconf 78' lang='lat' dir='ltr'><strong>nasceren—</strong></span> 
     </span>
    </p>
   </div>
   <div class='ocr_carea' id='block_1_95' title="bbox 2067 3357 3642 3421">
    <p class='ocr_par' dir='ltr' id='par_1_95' title="bbox 2067 3357 3642 3421">
     <span class='ocr_line' id='line_1_97' title="bbox 2067 3357 3642 3421; baseline 0.004 -11"><span class='ocrx_word' id='word_1_723' title='bbox 2067 3366 2153 3411; x_wconf 92' lang='lat' dir='ltr'><strong>tur</strong></span> <span class='ocrx_word' id='word_1_724' title='bbox 2179 3373 2193 3421; x_wconf 92' lang='lat'><strong>;</strong></span> <span class='ocrx_word' id='word_1_725' title='bbox 2225 3372 2330 3413; x_wconf 86' lang='lat' dir='ltr'><strong>non</strong></span> <span class='ocrx_word' id='word_1_726' title='bbox 2360 3364 2538 3413; x_wconf 89' lang='lat' dir='ltr'><strong>tamen</strong></span> <span class='ocrx_word' id='word_1_727' title='bbox 2560 3358 2743 3421; x_wconf 86' lang='lat' dir='ltr'><strong>valuit,</strong></span> <span class='ocrx_word' id='word_1_728' title='bbox 2768 3369 2829 3413; x_wconf 92' lang='lat' dir='ltr'><strong>ut</strong></span> <span class='ocrx_word' id='word_1_729' title='bbox 2870 3357 3115 3414; x_wconf 87' lang='lat' dir='ltr'><strong>homines</strong></span> <span class='ocrx_word' id='word_1_730' title='bbox 3140 3376 3244 3415; x_wconf 91' lang='lat' dir='ltr'><strong>non</strong></span> <span class='ocrx_word' id='word_1_731' title='bbox 3276 3369 3642 3415; x_wconf 89' lang='lat' dir='ltr'><strong>nascerentur.</strong></span> 
     </span>
    </p>
   </div>
   <div class='ocr_carea' id='block_1_96' title="bbox 2068 3447 3641 3521">
    <p class='ocr_par' dir='ltr' id='par_1_96' title="bbox 2068 3447 3641 3521">
     <span class='ocr_line' id='line_1_98' title="bbox 2068 3447 3641 3521; baseline 0.004 -20"><span class='ocrx_word' id='word_1_732' title='bbox 2068 3447 2217 3502; x_wconf 88' lang='lat' dir='ltr'><strong>Sicut</strong></span> <span class='ocrx_word' id='word_1_733' title='bbox 2246 3448 2298 3502; x_wconf 90' lang='lat' dir='ltr'><strong>in</strong></span> <span class='ocrx_word' id='word_1_734' title='bbox 2328 3448 2457 3519; x_wconf 84' lang='lat' dir='ltr'><strong>ipsis</strong></span> <span class='ocrx_word' id='word_1_735' title='bbox 2487 3457 2645 3505; x_wconf 74' lang='lat' dir='ltr'><strong>teme</strong></span> <span class='ocrx_word' id='word_1_736' title='bbox 2670 3450 2961 3519; x_wconf 81' lang='lat' dir='ltr'><strong>majoribus</strong></span> <span class='ocrx_word' id='word_1_737' title='bbox 2983 3450 3232 3521; x_wconf 65' lang='lat' dir='ltr'><strong>quaslibet</strong></span> <span class='ocrx_word' id='word_1_738' title='bbox 3276 3452 3398 3506; x_wconf 88' lang='lat' dir='ltr'><strong>vitia</strong></span> <span class='ocrx_word' id='word_1_739' title='bbox 3447 3467 3641 3521; x_wconf 79' lang='lat' dir='ltr'><strong>pecca-</strong></span> 
     </span>
    </p>
   </div>
   <div class='ocr_carea' id='block_1_97' title="bbox 2069 3540 3649 3613">
    <p class='ocr_par' dir='ltr' id='par_1_97' title="bbox 2069 3540 3649 3613">
     <span class='ocr_line' id='line_1_99' title="bbox 2069 3540 3649 3613; baseline 0.003 -19"><span class='ocrx_word' id='word_1_740' title='bbox 2069 3547 2241 3595; x_wconf 88' lang='lat' dir='ltr'><strong>torum</strong></span> <span class='ocrx_word' id='word_1_741' title='bbox 2263 3556 2367 3596; x_wconf 91' lang='lat' dir='ltr'><strong>non</strong></span> <span class='ocrx_word' id='word_1_742' title='bbox 2380 3555 2447 3596; x_wconf 78' lang='lat' dir='ltr'><strong>ex</strong></span> <span class='ocrx_word' id='word_1_743' title='bbox 2469 3540 2685 3597; x_wconf 87' lang='lat' dir='ltr'><strong>homine</strong></span> <span class='ocrx_word' id='word_1_744' title='bbox 2703 3541 2970 3598; x_wconf 88' lang='lat' dir='ltr'><strong>hominem</strong></span> <span class='ocrx_word' id='word_1_745' title='bbox 2994 3543 3221 3608; x_wconf 88' lang='lat' dir='ltr'><strong>tollunt;</strong></span> <span class='ocrx_word' id='word_1_746' title='bbox 3248 3544 3340 3598; x_wconf 90' lang='lat' dir='ltr'><strong>sed</strong></span> <span class='ocrx_word' id='word_1_747' title='bbox 3367 3553 3649 3613; x_wconf 86' lang='lat' dir='ltr'><strong>permanet</strong></span> 
     </span>
    </p>
   </div>
   <div class='ocr_carea' id='block_1_98' title="bbox 2069 3634 3645 3706">
    <p class='ocr_par' dir='ltr' id='par_1_98' title="bbox 2069 3634 3645 3706">
     <span class='ocr_line' id='line_1_100' title="bbox 2069 3634 3645 3706; baseline 0.002 -17"><span class='ocrx_word' id='word_1_748' title='bbox 2069 3635 2163 3690; x_wconf 86' lang='lat' dir='ltr'><strong>Dei</strong></span> <span class='ocrx_word' id='word_1_749' title='bbox 2191 3650 2326 3705; x_wconf 90' lang='lat' dir='ltr'><strong>opus</strong></span> <span class='ocrx_word' id='word_1_750' title='bbox 2372 3634 2592 3701; x_wconf 89' lang='lat' dir='ltr'><strong>bonum,</strong></span> <span class='ocrx_word' id='word_1_751' title='bbox 2622 3636 2675 3689; x_wconf 90' lang='lat' dir='ltr'><strong>in</strong></span> <span class='ocrx_word' id='word_1_752' title='bbox 2714 3637 3157 3706; x_wconf 87' lang='lat' dir='ltr'><strong>quantiscumque</strong></span> <span class='ocrx_word' id='word_1_753' title='bbox 3208 3636 3360 3690; x_wconf 87' lang='lat' dir='ltr'><strong>malis</strong></span> <span class='ocrx_word' id='word_1_754' title='bbox 3388 3637 3645 3705; x_wconf 87' lang='lat' dir='ltr'><strong>operibus</strong></span> 
     </span>
    </p>
   </div>
   <div class='ocr_carea' id='block_1_99' title="bbox 2069 3724 3647 3797">
    <p class='ocr_par' dir='ltr' id='par_1_99' title="bbox 2069 3724 3647 3797">
     <span class='ocr_line' id='line_1_101' title="bbox 2069 3724 3647 3797; baseline -0.001 -15"><span class='ocrx_word' id='word_1_755' title='bbox 2069 3726 2371 3797; x_wconf 88' lang='lat' dir='ltr'><strong>impiorum.</strong></span> <span class='ocrx_word' id='word_1_756' title='bbox 2398 3724 2529 3781; x_wconf 85' lang='lat' dir='ltr'><strong>Nam</strong></span> <span class='ocrx_word' id='word_1_757' title='bbox 2559 3726 2659 3783; x_wconf 90' lang='lat' dir='ltr'><strong>etsi</strong></span> <span class='ocrx_word' id='word_1_758' title='bbox 2699 3726 2860 3781; x_wconf 89' lang='lat' dir='ltr'><strong>homo</strong></span> <span class='ocrx_word' id='word_1_759' title='bbox 2886 3727 2940 3780; x_wconf 93' lang='lat' dir='ltr'><strong>in</strong></span> <span class='ocrx_word' id='word_1_760' title='bbox 2985 3726 3186 3782; x_wconf 87' lang='lat' dir='ltr'><strong>honore</strong></span> <span class='ocrx_word' id='word_1_761' title='bbox 3214 3726 3434 3797; x_wconf 76' lang='lat' dir='ltr'><strong>pasizus,</strong></span> <span class='ocrx_word' id='word_1_762' title='bbox 3456 3735 3512 3783; x_wconf 89' lang='lat' dir='ltr'><strong>et</strong></span> <span class='ocrx_word' id='word_1_763' title='bbox 3541 3742 3647 3781; x_wconf 87' lang='lat' dir='ltr'><strong>non</strong></span> 
     </span>
    </p>
   </div>
   <div class='ocr_carea' id='block_1_100' title="bbox 2069 3815 3641 3887">
    <p class='ocr_par' dir='ltr' id='par_1_100' title="bbox 2069 3815 3641 3887">
     <span class='ocr_line' id='line_1_102' title="bbox 2069 3815 3641 3887; baseline -0.001 -15"><span class='ocrx_word' id='word_1_764' title='bbox 2069 3816 2390 3887; x_wconf 83' lang='lat' dir='ltr'><strong>intelligens,</strong></span> <span class='ocrx_word' id='word_1_765' title='bbox 2443 3822 2785 3887; x_wconf 79' lang='lat' dir='ltr'><strong>comparatur</strong></span> <span class='ocrx_word' id='word_1_766' title='bbox 2826 3817 3129 3887; x_wconf 87' lang='lat' dir='ltr'><strong>pecoribus,</strong></span> <span class='ocrx_word' id='word_1_767' title='bbox 3153 3819 3338 3886; x_wconf 83' lang='lat' dir='ltr'><strong>eisque</strong></span> <span class='ocrx_word' id='word_1_768' title='bbox 3366 3817 3560 3870; x_wconf 88' lang='lat' dir='ltr'><strong>similis</strong></span> <span class='ocrx_word' id='word_1_769' title='bbox 3581 3815 3641 3881; x_wconf 88' lang='lat' dir='ltr'><strong>(lt</strong></span> 
     </span>
    </p>
   </div>
   <div class='ocr_carea' id='block_1_101' title="bbox 2069 3907 3647 3981">
    <p class='ocr_par' dir='ltr' id='par_1_101' title="bbox 2069 3907 3647 3981">
     <span class='ocr_line' id='line_1_103' title="bbox 2069 3907 3647 3981; baseline -0.001 -18"><span class='ocrx_word' id='word_1_770' title='bbox 2069 3910 2090 3981; x_wconf 90' lang='lat'><strong>(</strong></span> <span class='ocrx_word' id='word_1_771' title='bbox 2116 3907 2258 3964; x_wconf 82' lang='lat' dir='ltr'><strong>Psal.</strong></span> <span class='ocrx_word' id='word_1_772' title='bbox 2282 3924 2467 3976; x_wconf 72' lang='lat' dir='ltr'><strong>xsvut,</strong></span> <span class='ocrx_word' id='word_1_773' title='bbox 2497 3910 2565 3964; x_wconf 75' lang='lat' dir='ltr'><strong>t3</strong></span> <span class='ocrx_word' id='word_1_774' title='bbox 2591 3912 2611 3981; x_wconf 85' lang='lat'>)</span> <span class='ocrx_word' id='word_1_775' title='bbox 2639 3926 2653 3975; x_wconf 90' lang='lat'><strong>;</strong></span> <span class='ocrx_word' id='word_1_776' title='bbox 2686 3923 2791 3964; x_wconf 91' lang='lat' dir='ltr'><strong>non</strong></span> <span class='ocrx_word' id='word_1_777' title='bbox 2817 3920 2993 3965; x_wconf 89' lang='lat' dir='ltr'><strong>tamen</strong></span> <span class='ocrx_word' id='word_1_778' title='bbox 3017 3923 3186 3979; x_wconf 89' lang='lat' dir='ltr'><strong>usque</strong></span> <span class='ocrx_word' id='word_1_779' title='bbox 3203 3908 3339 3963; x_wconf 90' lang='lat' dir='ltr'><strong>adeo</strong></span> <span class='ocrx_word' id='word_1_780' title='bbox 3363 3908 3552 3962; x_wconf 87' lang='lat' dir='ltr'><strong>similis</strong></span> <span class='ocrx_word' id='word_1_781' title='bbox 3568 3910 3647 3974; x_wconf 86' lang='lat' dir='ltr'><strong>fit,</strong></span> 
     </span>
    </p>
   </div>
   <div class='ocr_carea' id='block_1_102' title="bbox 2069 4002 3652 4073">
    <p class='ocr_par' dir='ltr' id='par_1_102' title="bbox 2069 4002 3652 4073">
     <span class='ocr_line' id='line_1_104' title="bbox 2069 4002 3652 4073; baseline -0.002 -16"><span class='ocrx_word' id='word_1_782' title='bbox 2069 4011 2126 4057; x_wconf 87' lang='lat' dir='ltr'><strong>ut</strong></span> <span class='ocrx_word' id='word_1_783' title='bbox 2148 4017 2307 4073; x_wconf 88' lang='lat' dir='ltr'><strong>pecus</strong></span> <span class='ocrx_word' id='word_1_784' title='bbox 2331 4002 2419 4058; x_wconf 85' lang='lat' dir='ltr'><strong>sit.</strong></span> <span class='ocrx_word' id='word_1_785' title='bbox 2448 4002 2798 4072; x_wconf 86' lang='lat' dir='ltr'><strong>Comparatur</strong></span> <span class='ocrx_word' id='word_1_786' title='bbox 2813 4016 3042 4072; x_wconf 82' lang='lat' dir='ltr'><strong>namque</strong></span> <span class='ocrx_word' id='word_1_787' title='bbox 3072 4016 3167 4071; x_wconf 85' lang='lat' dir='ltr'><strong>per</strong></span> <span class='ocrx_word' id='word_1_788' title='bbox 3195 4002 3398 4063; x_wconf 83' lang='lat' dir='ltr'><strong>vitium,</strong></span> <span class='ocrx_word' id='word_1_789' title='bbox 3428 4016 3531 4053; x_wconf 88' lang='lat' dir='ltr'><strong>non</strong></span> <span class='ocrx_word' id='word_1_790' title='bbox 3557 4015 3652 4068; x_wconf 86' lang='lat' dir='ltr'><strong>per</strong></span> 
     </span>
    </p>
   </div>
   <div class='ocr_carea' id='block_1_103' title="bbox 2070 4090 3652 4163">
    <p class='ocr_par' dir='ltr' id='par_1_103' title="bbox 2070 4090 3652 4163">
     <span class='ocr_line' id='line_1_105' title="bbox 2070 4090 3652 4163; baseline -0.004 -14"><span class='ocrx_word' id='word_1_791' title='bbox 2070 4104 2349 4159; x_wconf 86' lang='lat' dir='ltr'><strong>naturam;</strong></span> <span class='ocrx_word' id='word_1_792' title='bbox 2383 4107 2488 4148; x_wconf 88' lang='lat' dir='ltr'><strong>non</strong></span> <span class='ocrx_word' id='word_1_793' title='bbox 2521 4094 2730 4163; x_wconf 89' lang='lat' dir='ltr'><strong>pecoris</strong></span> <span class='ocrx_word' id='word_1_794' title='bbox 2758 4094 2905 4157; x_wconf 88' lang='lat' dir='ltr'><strong>vitio,</strong></span> <span class='ocrx_word' id='word_1_795' title='bbox 2933 4093 3026 4148; x_wconf 89' lang='lat' dir='ltr'><strong>sed</strong></span> <span class='ocrx_word' id='word_1_796' title='bbox 3059 4100 3281 4146; x_wconf 74' lang='lat' dir='ltr'><strong>naturm.</strong></span> <span class='ocrx_word' id='word_1_797' title='bbox 3304 4090 3487 4145; x_wconf 78' lang='lat' dir='ltr'><strong>Tanta-</strong></span> <span class='ocrx_word' id='word_1_798' title='bbox 3509 4106 3652 4144; x_wconf 82' lang='lat' dir='ltr'><strong>nam-</strong></span> 
     </span>
    </p>
   </div>
   <div class='ocr_carea' id='block_1_104' title="bbox 2069 4183 3647 4256">
    <p class='ocr_par' dir='ltr' id='par_1_104' title="bbox 2069 4183 3647 4256">
     <span class='ocr_line' id='line_1_106' title="bbox 2069 4183 3647 4256; baseline -0.003 -17"><span class='ocrx_word' id='word_1_799' title='bbox 2069 4200 2175 4256; x_wconf 89' lang='lat' dir='ltr'><strong>que</strong></span> <span class='ocrx_word' id='word_1_800' title='bbox 2199 4185 2527 4241; x_wconf 67' lang='lat' dir='ltr'><strong>exoellentim</strong></span> <span class='ocrx_word' id='word_1_801' title='bbox 2552 4192 2636 4240; x_wconf 89' lang='lat' dir='ltr'><strong>est</strong></span> <span class='ocrx_word' id='word_1_802' title='bbox 2690 4184 2746 4239; x_wconf 89' lang='lat' dir='ltr'><strong>in</strong></span> <span class='ocrx_word' id='word_1_803' title='bbox 2792 4183 3191 4255; x_wconf 84' lang='lat' dir='ltr'><strong>comparatione</strong></span> <span class='ocrx_word' id='word_1_804' title='bbox 3221 4185 3430 4253; x_wconf 87' lang='lat' dir='ltr'><strong>pecoris</strong></span> <span class='ocrx_word' id='word_1_805' title='bbox 3463 4183 3647 4249; x_wconf 87' lang='lat' dir='ltr'><strong>homo,</strong></span> 
     </span>
    </p>
   </div>
   <div class='ocr_carea' id='block_1_105' title="bbox 2071 4274 3647 4345">
    <p class='ocr_par' dir='ltr' id='par_1_105' title="bbox 2071 4274 3647 4345">
     <span class='ocr_line' id='line_1_107' title="bbox 2071 4274 3647 4345; baseline -0.004 -12"><span class='ocrx_word' id='word_1_806' title='bbox 2071 4288 2129 4333; x_wconf 93' lang='lat' dir='ltr'><strong>ut</strong></span> <span class='ocrx_word' id='word_1_807' title='bbox 2152 4278 2337 4333; x_wconf 88' lang='lat' dir='ltr'><strong>vitium</strong></span> <span class='ocrx_word' id='word_1_808' title='bbox 2350 4274 2583 4332; x_wconf 87' lang='lat' dir='ltr'><strong>hominis</strong></span> <span class='ocrx_word' id='word_1_809' title='bbox 2600 4286 2786 4331; x_wconf 87' lang='lat' dir='ltr'><strong>natura</strong></span> <span class='ocrx_word' id='word_1_810' title='bbox 2812 4276 2882 4331; x_wconf 88' lang='lat' dir='ltr'><strong>sit</strong></span> <span class='ocrx_word' id='word_1_811' title='bbox 2908 4276 3113 4345; x_wconf 85' lang='lat' dir='ltr'><strong>pecoris</strong></span> <span class='ocrx_word' id='word_1_812' title='bbox 3145 4293 3159 4328; x_wconf 90' lang='lat'><strong>:</strong></span> <span class='ocrx_word' id='word_1_813' title='bbox 3195 4290 3295 4329; x_wconf 90' lang='lat' dir='ltr'><strong>nec</strong></span> <span class='ocrx_word' id='word_1_814' title='bbox 3314 4282 3492 4329; x_wconf 77' lang='lat' dir='ltr'><strong>tamen</strong></span> <span class='ocrx_word' id='word_1_815' title='bbox 3521 4274 3647 4328; x_wconf 87' lang='lat' dir='ltr'><strong>ideo</strong></span> 
     </span>
    </p>
   </div>
   <div class='ocr_carea' id='block_1_106' title="bbox 2073 4367 3654 4438">
    <p class='ocr_par' dir='ltr' id='par_1_106' title="bbox 2073 4367 3654 4438">
     <span class='ocr_line' id='line_1_108' title="bbox 2073 4367 3654 4438; baseline -0.003 -14"><span class='ocrx_word' id='word_1_816' title='bbox 2073 4379 2260 4425; x_wconf 86' lang='lat' dir='ltr'><strong>natura</strong></span> <span class='ocrx_word' id='word_1_817' title='bbox 2280 4369 2512 4425; x_wconf 89' lang='lat' dir='ltr'><strong>hominis</strong></span> <span class='ocrx_word' id='word_1_818' title='bbox 2557 4369 2611 4423; x_wconf 84' lang='lat' dir='ltr'><strong>in</strong></span> <span class='ocrx_word' id='word_1_819' title='bbox 2638 4378 2878 4423; x_wconf 90' lang='lat' dir='ltr'><strong>naturam</strong></span> <span class='ocrx_word' id='word_1_820' title='bbox 2910 4367 3130 4423; x_wconf 84' lang='lat' dir='ltr'><strong>vertitur</strong></span> <span class='ocrx_word' id='word_1_821' title='bbox 3179 4367 3405 4438; x_wconf 68' lang='lat' dir='ltr'><strong>peciiris.</strong></span> <span class='ocrx_word' id='word_1_822' title='bbox 3439 4367 3514 4419; x_wconf 82' lang='lat' dir='ltr'><strong>Ac</strong></span> <span class='ocrx_word' id='word_1_823' title='bbox 3559 4381 3654 4434; x_wconf 77' lang='lat' dir='ltr'><strong>per</strong></span> 
     </span>
    </p>
   </div>
   <div class='ocr_carea' id='block_1_107' title="bbox 2074 4457 3653 4527">
    <p class='ocr_par' dir='ltr' id='par_1_107' title="bbox 2074 4457 3653 4527">
     <span class='ocr_line' id='line_1_109' title="bbox 2074 4457 3653 4527; baseline -0.004 -13"><span class='ocrx_word' id='word_1_824' title='bbox 2074 4459 2174 4515; x_wconf 90' lang='lat' dir='ltr'><strong>hoc</strong></span> <span class='ocrx_word' id='word_1_825' title='bbox 2199 4460 2337 4515; x_wconf 85' lang='lat' dir='ltr'><strong>Deus</strong></span> <span class='ocrx_word' id='word_1_826' title='bbox 2371 4458 2637 4514; x_wconf 85' lang='lat' dir='ltr'><strong>hominem</strong></span> <span class='ocrx_word' id='word_1_827' title='bbox 2668 4458 2886 4512; x_wconf 84' lang='lat' dir='ltr'><strong>damnat</strong></span> <span class='ocrx_word' id='word_1_828' title='bbox 2917 4467 3133 4527; x_wconf 81' lang='lat' dir='ltr'><strong>propter</strong></span> <span class='ocrx_word' id='word_1_829' title='bbox 3167 4457 3371 4521; x_wconf 85' lang='lat' dir='ltr'><strong>vitium,</strong></span> <span class='ocrx_word' id='word_1_830' title='bbox 3404 4470 3509 4525; x_wconf 90' lang='lat' dir='ltr'><strong>quo</strong></span> <span class='ocrx_word' id='word_1_831' title='bbox 3553 4471 3653 4508; x_wconf 79' lang='lat' dir='ltr'><strong>na-</strong></span> 
     </span>
    </p>
   </div>
   <div class='ocr_carea' id='block_1_108' title="bbox 2075 4546 3655 4619">
    <p class='ocr_par' dir='ltr' id='par_1_108' title="bbox 2075 4546 3655 4619">
     <span class='ocr_line' id='line_1_110' title="bbox 2075 4546 3655 4619; baseline -0.006 -10"><span class='ocrx_word' id='word_1_832' title='bbox 2075 4565 2189 4609; x_wconf 85' lang='lat' dir='ltr'><strong>tura</strong></span> <span class='ocrx_word' id='word_1_833' title='bbox 2241 4551 2652 4613; x_wconf 75' lang='lat' dir='ltr'><strong>delumestatnr;</strong></span> <span class='ocrx_word' id='word_1_834' title='bbox 2684 4564 2786 4603; x_wconf 81' lang='lat' dir='ltr'><strong>una</strong></span> <span class='ocrx_word' id='word_1_835' title='bbox 2836 4559 3051 4619; x_wconf 85' lang='lat' dir='ltr'><strong>propter</strong></span> <span class='ocrx_word' id='word_1_836' title='bbox 3075 4556 3336 4613; x_wconf 89' lang='lat' dir='ltr'><strong>naturam,</strong></span> <span class='ocrx_word' id='word_1_837' title='bbox 3365 4564 3484 4617; x_wconf 82' lang='lat' dir='ltr'><strong>qua:</strong></span> <span class='ocrx_word' id='word_1_838' title='bbox 3524 4546 3655 4601; x_wconf 88' lang='lat' dir='ltr'><strong>vitio</strong></span> 
     </span>
    </p>
   </div>
   <div class='ocr_carea' id='block_1_109' title="bbox 2081 4639 3645 4709">
    <p class='ocr_par' dir='ltr' id='par_1_109' title="bbox 2081 4639 3645 4709">
     <span class='ocr_line' id='line_1_111' title="bbox 2081 4639 3645 4709; baseline -0.005 -10"><span class='ocrx_word' id='word_1_839' title='bbox 2081 4660 2185 4699; x_wconf 88' lang='lat' dir='ltr'><strong>non</strong></span> <span class='ocrx_word' id='word_1_840' title='bbox 2202 4641 2460 4698; x_wconf 89' lang='lat' dir='ltr'><strong>aufertur.</strong></span> <span class='ocrx_word' id='word_1_841' title='bbox 2506 4640 2711 4697; x_wconf 83' lang='lat' dir='ltr'><strong>Bestias</strong></span> <span class='ocrx_word' id='word_1_842' title='bbox 2757 4655 2883 4693; x_wconf 87' lang='lat' dir='ltr'><strong>vero</strong></span> <span class='ocrx_word' id='word_1_843' title='bbox 2907 4640 3045 4694; x_wconf 87' lang='lat' dir='ltr'><strong>absit</strong></span> <span class='ocrx_word' id='word_1_844' title='bbox 3086 4648 3143 4693; x_wconf 91' lang='lat' dir='ltr'><strong>ut</strong></span> <span class='ocrx_word' id='word_1_845' title='bbox 3171 4639 3450 4709; x_wconf 85' lang='lat' dir='ltr'><strong>opinemur</strong></span> <span class='ocrx_word' id='word_1_846' title='bbox 3473 4652 3645 4707; x_wconf 65' lang='lat' dir='ltr'><strong>preme</strong></span> 
     </span>
    </p>
   </div>
   <div class='ocr_carea' id='block_1_110' title="bbox 2074 4730 3651 4803">
    <p class='ocr_par' dir='ltr' id='par_1_110' title="bbox 2074 4730 3651 4803">
     <span class='ocr_line' id='line_1_112' title="bbox 2074 4730 3651 4803; baseline -0.006 -11"><span class='ocrx_word' id='word_1_847' title='bbox 2074 4734 2431 4792; x_wconf 87' lang='lat' dir='ltr'><strong>damnationis</strong></span> <span class='ocrx_word' id='word_1_848' title='bbox 2469 4732 2751 4798; x_wconf 74' lang='lat' dir='ltr'><strong>obnoxias,-</strong></span> <span class='ocrx_word' id='word_1_849' title='bbox 2794 4747 2924 4803; x_wconf 87' lang='lat' dir='ltr'><strong>quas</strong></span> <span class='ocrx_word' id='word_1_850' title='bbox 2963 4731 3164 4801; x_wconf 88' lang='lat' dir='ltr'><strong>justum</strong></span> <span class='ocrx_word' id='word_1_851' title='bbox 3216 4741 3380 4784; x_wconf 88' lang='lat' dir='ltr'><strong>estut</strong></span> <span class='ocrx_word' id='word_1_852' title='bbox 3415 4730 3651 4784; x_wconf 64' lang='lat' dir='ltr'><strong>miseria:</strong></span> 
     </span>
    </p>
   </div>
   <div class='ocr_carea' id='block_1_111' title="bbox 2074 4824 3656 4901">
    <p class='ocr_par' dir='ltr' id='par_1_111' title="bbox 2074 4824 3656 4901">
     <span class='ocr_line' id='line_1_113' title="bbox 2074 4824 3656 4901; baseline -0.005 -16"><span class='ocrx_word' id='word_1_853' title='bbox 2074 4831 2183 4885; x_wconf 87' lang='lat' dir='ltr'><strong>sint</strong></span> <span class='ocrx_word' id='word_1_854' title='bbox 2208 4837 2481 4901; x_wconf 79' lang='lat' dir='ltr'><strong>expertes,</strong></span> <span class='ocrx_word' id='word_1_855' title='bbox 2504 4841 2625 4898; x_wconf 73' lang='lat' dir='ltr'><strong>qum</strong></span> <span class='ocrx_word' id='word_1_856' title='bbox 2650 4841 2749 4881; x_wconf 91' lang='lat' dir='ltr'><strong>nec</strong></span> <span class='ocrx_word' id='word_1_857' title='bbox 2776 4824 3117 4880; x_wconf 88' lang='lat' dir='ltr'><strong>beatitudinis</strong></span> <span class='ocrx_word' id='word_1_858' title='bbox 3139 4833 3360 4892; x_wconf 88' lang='lat' dir='ltr'><strong>possunt</strong></span> <span class='ocrx_word' id='word_1_859' title='bbox 3384 4838 3503 4877; x_wconf 65' lang='lat' dir='ltr'><strong>esse</strong></span> <span class='ocrx_word' id='word_1_860' title='bbox 3529 4838 3656 4890; x_wconf 83' lang='lat' dir='ltr'><strong>par-</strong></span> 
     </span>
    </p>
   </div>
   <div class='ocr_carea' id='block_1_112' title="bbox 2077 4916 3647 4992">
    <p class='ocr_par' dir='ltr' id='par_1_112' title="bbox 2077 4916 3647 4992">
     <span class='ocr_line' id='line_1_114' title="bbox 2077 4916 3647 4992; baseline -0.004 -14"><span class='ocrx_word' id='word_1_861' title='bbox 2077 4923 2279 4992; x_wconf 89' lang='lat' dir='ltr'><strong>ticipcs.</strong></span> <span class='ocrx_word' id='word_1_862' title='bbox 2306 4919 2445 4990; x_wconf 86' lang='lat' dir='ltr'><strong>Quid</strong></span> <span class='ocrx_word' id='word_1_863' title='bbox 2468 4934 2597 4990; x_wconf 79' lang='lat' dir='ltr'><strong>ergo</strong></span> <span class='ocrx_word' id='word_1_864' title='bbox 2627 4918 2820 4975; x_wconf 86' lang='lat' dir='ltr'><strong>mirum</strong></span> <span class='ocrx_word' id='word_1_865' title='bbox 2836 4925 2919 4973; x_wconf 85' lang='lat' dir='ltr'><strong>est</strong></span> <span class='ocrx_word' id='word_1_866' title='bbox 2945 4916 3024 4972; x_wconf 89' lang='lat' dir='ltr'><strong>vel</strong></span> <span class='ocrx_word' id='word_1_867' title='bbox 3057 4916 3391 4985; x_wconf 85' lang='lat' dir='ltr'><strong>iniqmuu,ut</strong></span> <span class='ocrx_word' id='word_1_868' title='bbox 3414 4918 3647 4971; x_wconf 85' lang='lat' dir='ltr'><strong>inunun-</strong></span> 
     </span>
    </p>
   </div>
   <div class='ocr_carea' id='block_1_113' title="bbox 2074 5007 3655 5083">
    <p class='ocr_par' dir='ltr' id='par_1_113' title="bbox 2074 5007 3655 5083">
     <span class='ocr_line' id='line_1_115' title="bbox 2074 5007 3655 5083; baseline -0.004 -14"><span class='ocrx_word' id='word_1_869' title='bbox 2074 5013 2144 5069; x_wconf 92' lang='lat' dir='ltr'><strong>do</strong></span> <span class='ocrx_word' id='word_1_870' title='bbox 2158 5012 2364 5083; x_wconf 87' lang='lat' dir='ltr'><strong>spiritui</strong></span> <span class='ocrx_word' id='word_1_871' title='bbox 2393 5010 2652 5066; x_wconf 85' lang='lat' dir='ltr'><strong>subdatur</strong></span> <span class='ocrx_word' id='word_1_872' title='bbox 2680 5009 2861 5075; x_wconf 89' lang='lat' dir='ltr'><strong>homo,</strong></span> <span class='ocrx_word' id='word_1_873' title='bbox 2894 5023 2999 5063; x_wconf 91' lang='lat' dir='ltr'><strong>non</strong></span> <span class='ocrx_word' id='word_1_874' title='bbox 3029 5017 3246 5078; x_wconf 83' lang='lat' dir='ltr'><strong>propter</strong></span> <span class='ocrx_word' id='word_1_875' title='bbox 3265 5017 3528 5071; x_wconf 87' lang='lat' dir='ltr'><strong>naturam,</strong></span> <span class='ocrx_word' id='word_1_876' title='bbox 3560 5007 3655 5063; x_wconf 80' lang='lat' dir='ltr'><strong>sed</strong></span> 
     </span>
    </p>
   </div>
   <div class='ocr_carea' id='block_1_114' title="bbox 2074 5099 3657 5176">
    <p class='ocr_par' dir='ltr' id='par_1_114' title="bbox 2074 5099 3657 5176">
     <span class='ocr_line' id='line_1_116' title="bbox 2074 5099 3657 5176; baseline -0.004 -17"><span class='ocrx_word' id='word_1_877' title='bbox 2074 5113 2291 5176; x_wconf 87' lang='lat' dir='ltr'><strong>propter</strong></span> <span class='ocrx_word' id='word_1_878' title='bbox 2307 5100 2693 5157; x_wconf 90' lang='lat' dir='ltr'><strong>immunditiam</strong></span> <span class='ocrx_word' id='word_1_879' title='bbox 2731 5115 2906 5162; x_wconf 89' lang='lat' dir='ltr'><strong>suam,</strong></span> <span class='ocrx_word' id='word_1_880' title='bbox 2932 5115 3090 5171; x_wconf 88' lang='lat' dir='ltr'><strong>quam</strong></span> <span class='ocrx_word' id='word_1_881' title='bbox 3114 5115 3216 5155; x_wconf 91' lang='lat' dir='ltr'><strong>non</strong></span> <span class='ocrx_word' id='word_1_882' title='bbox 3243 5114 3306 5155; x_wconf 78' lang='lat' dir='ltr'><strong>es</strong></span> <span class='ocrx_word' id='word_1_883' title='bbox 3330 5114 3494 5169; x_wconf 90' lang='lat' dir='ltr'><strong>opere</strong></span> <span class='ocrx_word' id='word_1_884' title='bbox 3518 5099 3657 5153; x_wconf 82' lang='lat' dir='ltr'><strong>nivi-</strong></span> 
     </span>
    </p>
   </div>
   <div class='ocr_carea' id='block_1_115' title="bbox 2074 5192 3659 5261">
    <p class='ocr_par' dir='ltr' id='par_1_115' title="bbox 2074 5192 3659 5261">
     <span class='ocr_line' id='line_1_117' title="bbox 2074 5192 3659 5261; baseline -0.004 -10"><span class='ocrx_word' id='word_1_885' title='bbox 2074 5210 2166 5261; x_wconf 91' lang='lat' dir='ltr'><strong>no,</strong></span> <span class='ocrx_word' id='word_1_886' title='bbox 2194 5194 2287 5249; x_wconf 88' lang='lat' dir='ltr'><strong>sed</strong></span> <span class='ocrx_word' id='word_1_887' title='bbox 2336 5208 2404 5251; x_wconf 79' lang='lat' dir='ltr'><strong>ex</strong></span> <span class='ocrx_word' id='word_1_888' title='bbox 2446 5192 2678 5250; x_wconf 84' lang='lat' dir='ltr'><strong>humana</strong></span> <span class='ocrx_word' id='word_1_889' title='bbox 2712 5193 2988 5248; x_wconf 89' lang='lat' dir='ltr'><strong>voluntate</strong></span> <span class='ocrx_word' id='word_1_890' title='bbox 3027 5192 3327 5249; x_wconf 87' lang='lat' dir='ltr'><strong>venientem</strong></span> <span class='ocrx_word' id='word_1_891' title='bbox 3355 5192 3407 5247; x_wconf 92' lang='lat' dir='ltr'><strong>in</strong></span> <span class='ocrx_word' id='word_1_892' title='bbox 3436 5193 3659 5261; x_wconf 85' lang='lat' dir='ltr'><strong>originis</strong></span> 
     </span>
    </p>
   </div>
   <div class='ocr_carea' id='block_1_116' title="bbox 2074 5285 3650 5358">
    <p class='ocr_par' dir='ltr' id='par_1_116' title="bbox 2074 5285 3650 5358">
     <span class='ocr_line' id='line_1_118' title="bbox 2074 5285 3650 5358; baseline -0.004 -13"><span class='ocrx_word' id='word_1_893' title='bbox 2074 5290 2195 5345; x_wconf 81' lang='lat' dir='ltr'><strong>labe</strong></span> <span class='ocrx_word' id='word_1_894' title='bbox 2236 5288 2501 5345; x_wconf 73' lang='lat' dir='ltr'><strong>contraxit</strong></span> <span class='ocrx_word' id='word_1_895' title='bbox 2548 5304 2564 5342; x_wconf 92' lang='lat'><strong>:</strong></span> <span class='ocrx_word' id='word_1_896' title='bbox 2612 5300 2735 5342; x_wconf 90' lang='lat' dir='ltr'><strong>cum</strong></span> <span class='ocrx_word' id='word_1_897' title='bbox 2781 5298 2837 5343; x_wconf 89' lang='lat' dir='ltr'><strong>et</strong></span> <span class='ocrx_word' id='word_1_898' title='bbox 2872 5287 2987 5357; x_wconf 86' lang='lat' dir='ltr'><strong>ipse</strong></span> <span class='ocrx_word' id='word_1_899' title='bbox 3034 5287 3253 5358; x_wconf 87' lang='lat' dir='ltr'><strong>spiritus</strong></span> <span class='ocrx_word' id='word_1_900' title='bbox 3297 5285 3606 5341; x_wconf 84' lang='lat' dir='ltr'><strong>immundus</strong></span> <span class='ocrx_word' id='word_1_901' title='bbox 3636 5326 3650 5345; x_wconf 90' lang='lat'>.</span> 
     </span>
    </p>
   </div>
   <div class='ocr_carea' id='block_1_117' title="bbox 2076 5377 3660 5454">
    <p class='ocr_par' dir='ltr' id='par_1_117' title="bbox 2076 5377 3660 5454">
     <span class='ocr_line' id='line_1_119' title="bbox 2076 5377 3660 5454; baseline -0.006 -15"><span class='ocrx_word' id='word_1_902' title='bbox 2076 5385 2268 5440; x_wconf 83' lang='lat' dir='ltr'><strong>bonum</strong></span> <span class='ocrx_word' id='word_1_903' title='bbox 2298 5384 2388 5448; x_wconf 85' lang='lat' dir='ltr'><strong>sit,</strong></span> <span class='ocrx_word' id='word_1_904' title='bbox 2412 5382 2551 5454; x_wconf 89' lang='lat' dir='ltr'><strong>quod</strong></span> <span class='ocrx_word' id='word_1_905' title='bbox 2591 5382 2809 5452; x_wconf 87' lang='lat' dir='ltr'><strong>spiritus</strong></span> <span class='ocrx_word' id='word_1_906' title='bbox 2837 5398 2853 5447; x_wconf 88' lang='lat'><strong>;</strong></span> <span class='ocrx_word' id='word_1_907' title='bbox 2886 5382 3105 5447; x_wconf 91' lang='lat' dir='ltr'><strong>malum,</strong></span> <span class='ocrx_word' id='word_1_908' title='bbox 3124 5378 3267 5450; x_wconf 80' lang='lat' dir='ltr'><strong>quod</strong></span> <span class='ocrx_word' id='word_1_909' title='bbox 3312 5377 3660 5434; x_wconf 78' lang='lat' dir='ltr'><strong>immundus?</strong></span> 
     </span>
    </p>
   </div>
   <div class='ocr_carea' id='block_1_118' title="bbox 2075 5469 3658 5549">
    <p class='ocr_par' dir='ltr' id='par_1_118' title="bbox 2075 5469 3658 5549">
     <span class='ocr_line' id='line_1_120' title="bbox 2075 5469 3658 5549; baseline -0.007 -18"><span class='ocrx_word' id='word_1_910' title='bbox 2075 5475 2206 5534; x_wconf 87' lang='lat' dir='ltr'><strong>Illud</strong></span> <span class='ocrx_word' id='word_1_911' title='bbox 2232 5476 2427 5549; x_wconf 87' lang='lat' dir='ltr'><strong>quippe</strong></span> <span class='ocrx_word' id='word_1_912' title='bbox 2452 5482 2537 5531; x_wconf 74' lang='lat' dir='ltr'><strong>est</strong></span> <span class='ocrx_word' id='word_1_913' title='bbox 2558 5490 2625 5529; x_wconf 75' lang='lat' dir='ltr'><strong>ex</strong></span> <span class='ocrx_word' id='word_1_914' title='bbox 2657 5474 2745 5528; x_wconf 89' lang='lat' dir='ltr'><strong>Dei</strong></span> <span class='ocrx_word' id='word_1_915' title='bbox 2771 5489 2952 5538; x_wconf 83' lang='lat' dir='ltr'><strong>opere,</strong></span> <span class='ocrx_word' id='word_1_916' title='bbox 2982 5473 3088 5530; x_wconf 87' lang='lat' dir='ltr'><strong>hoc</strong></span> <span class='ocrx_word' id='word_1_917' title='bbox 3127 5486 3192 5529; x_wconf 79' lang='lat' dir='ltr'><strong>ex</strong></span> <span class='ocrx_word' id='word_1_918' title='bbox 3225 5469 3441 5542; x_wconf 85' lang='lat' dir='ltr'><strong>propria</strong></span> <span class='ocrx_word' id='word_1_919' title='bbox 3467 5469 3658 5523; x_wconf 81' lang='lat' dir='ltr'><strong>volun-</strong></span> 
     </span>
    </p>
   </div>
   <div class='ocr_carea' id='block_1_119' title="bbox 2111 5605 3651 5688">
    <p class='ocr_par' dir='ltr' id='par_1_119' title="bbox 2111 5605 3651 5688">
     <span class='ocr_line' id='line_1_121' title="bbox 2111 5605 3651 5688; baseline -0.006 -24"><span class='ocrx_word' id='word_1_920' title='bbox 2111 5616 2153 5688; x_wconf 52' lang='lat' dir='ltr'><strong><em>f</em></strong></span> <span class='ocrx_word' id='word_1_921' title='bbox 2181 5614 2430 5688; x_wconf 51' lang='lat' dir='ltr'><strong>Vatia-ius</strong></span> <span class='ocrx_word' id='word_1_922' title='bbox 2455 5619 2558 5671; x_wconf 70' lang='lat' dir='ltr'><strong>us,</strong></span> <span class='ocrx_word' id='word_1_923' title='bbox 2584 5611 2911 5663; x_wconf 64' lang='lat' dir='ltr'><strong>conctkbrcmt</strong></span> <span class='ocrx_word' id='word_1_924' title='bbox 2940 5624 2956 5661; x_wconf 89' lang='lat'><strong><em>:</em></strong></span> <span class='ocrx_word' id='word_1_925' title='bbox 2980 5623 3077 5662; x_wconf 87' lang='lat' dir='ltr'><strong>non</strong></span> <span class='ocrx_word' id='word_1_926' title='bbox 3116 5607 3263 5671; x_wconf 77' lang='lat' dir='ltr'><strong>male,</strong></span> <span class='ocrx_word' id='word_1_927' title='bbox 3287 5620 3398 5660; x_wconf 83' lang='lat' dir='ltr'><strong>cum</strong></span> <span class='ocrx_word' id='word_1_928' title='bbox 3437 5606 3496 5659; x_wconf 77' lang='lat' dir='ltr'><strong>ad</strong></span> <span class='ocrx_word' id='word_1_929' title='bbox 3520 5605 3651 5657; x_wconf 75' lang='lat' dir='ltr'><strong>Pela-</strong></span> 
     </span>
    </p>
   </div>
   <div class='ocr_carea' id='block_1_120' title="bbox 2076 5684 2495 5738">
    <p class='ocr_par' dir='ltr' id='par_1_120' title="bbox 2076 5684 2495 5738">
     <span class='ocr_line' id='line_1_122' title="bbox 2076 5684 2495 5738; baseline -0.007 -14"><span class='ocrx_word' id='word_1_930' title='bbox 2076 5684 2244 5738; x_wconf 66' lang='lat' dir='ltr'><strong>gianos</strong></span> <span class='ocrx_word' id='word_1_931' title='bbox 2267 5688 2322 5723; x_wconf 82' lang='lat' dir='ltr'><strong>re</strong></span> <span class='ocrx_word' id='word_1_932' title='bbox 2345 5684 2495 5722; x_wconf 69' lang='lat' dir='ltr'><strong>ertur.</strong></span> 
     </span>
    </p>
   </div>
  </div>
