4010 6186
304 260 402 315 809
1154 318 1157 323 ν
1256 255 1627 315 ADMONITIO
1669 255 1734 312 IN
1771 255 2304 321 SUBSEQUENTES
2343 256 2611 314 LIBROS.

303 385 432 429 tate.
457 369 650 428 Natura
702 372 877 442 itaque
912 369 1118 437 fortior,
1147 369 1200 425 id
1235 380 1335 437 est,
1382 370 1638 441 augeiica,
1663 372 1877 426 inl‘erio-

299 481 409 520 rem
436 475 701 525 naturam.
721 463 771 517 id
796 471 895 523 est,
928 461 1234 528 humanam,
1280 463 1389 517 vitii
1416 464 1669 518 societate
1694 461 1879 516 subdi-

300 566 403 612 tam
450 567 615 613 tenet.
676 555 798 609 Ideo
839 554 1099 609 Mediator
1140 554 1341 625 angelis
1381 554 1589 617 fortior,
1636 554 1879 607 inlirmus

300 657 517 719 prolztcr
544 646 785 699 homines
813 643 982 699 factus
997 655 1077 699 est
1101 661 1115 698 :
1141 646 1217 698 sic
1247 645 1492 712 superbia
1515 644 1877 714 captivatoris,

300 739 675 809 Redemptoris
731 737 1026 791 humilitate
1088 736 1414 798 destruitur;
1474 747 1530 790 ut
1583 737 1672 806 qui
1722 750 1881 806 Super

299 830 436 884 lilios
486 828 715 883 hominis
744 828 761 861 ι
796 827 1033 897 angelica
1072 826 1378 881 fortitudine
1425 828 1699 897 gloriatur,
1730 842 1758 878 a
1791 824 1879 881 Fi-

300 922 372 976 lio
397 922 485 974 Dei
517 932 762 988 suscepta
792 918 1020 973 humana
1045 919 1347 972 inﬁrmitate
1370 920 1627 973 vincatur.

366 1010 595 1068 CAPUT
635 1008 775 1065 XLI.
809 1040 879 1050 --
904 1009 1111 1064 t7.Scd
1154 1009 1261 1077 jam
1290 1011 1447 1063 etiam
1477 1010 1633 1062 istum
1666 1008 1882 1062 conclu-

296 1103 404 1158 suri
438 1103 630 1156 librum
649 1142 664 1164 ,
691 1111 938 1171 opOrtere
955 1101 1297 1167 arbitramur,
1330 1108 1387 1153 ut
1413 1100 1752 1154 Ambrosium
1783 1115 1879 1153 au-

301 1196 519 1249 (stitem
571 1194 701 1259 ltei,
743 1193 895 1259 cujus
940 1193 1083 1246 inter
1130 1192 1308 1246 latina:
1357 1192 1547 1261 lingua:
1595 1193 1881 1262 scriptores

297 1285 972 1353 ecclesiastiCospra-cipue
1003 1283 1247 1353 Pelagius
1295 1282 1689 1352 integerrimam
1725 1283 1880 1337 tidem

299 1376 574 1446 praedicat,
597 1377 734 1430 sicut
758 1375 824 1428 de
862 1375 1027 1444 gratia
1053 1373 1277 1428 fecimus
1308 1374 1406 1445 (ιι),
1428 1375 1496 1427 ita
1524 1374 1667 1429 etde
1698 1391 1884 1443 pecca-

299 1478 352 1523 to
384 1468 649 1538 originali,
697 1468 747 1521 in
784 1482 892 1537 quo
936 1466 1165 1521 dolendo
1216 1467 1327 1536 ipsa
1370 1466 1534 1536 gratia
1587 1468 1883 1521 evidentius

303 1562 725 1625 commendatur,
763 1560 1105 1615 calumniosa:
1146 1560 1366 1613 istorum
1431 1560 1729 1629 loquacitati
1789 1576 1874 1614 rc-

310 1655 574 1723 tpondere
600 1653 873 1708 faciamus.
899 1651 955 1706 In
984 1667 1048 1706 eo
1078 1666 1240 1720 opere
1268 1650 1406 1719 quod
1444 1651 1658 1718 scripsit
1678 1650 1744 1706 de
1776 1650 1881 1705 lie-

298 1746 629 1799 snrrectione
653 1756 865 1798 Sanctus
882 1744 1194 1797 Ambrosius
1223 1760 1235 1796 :
1270 1761 1289 1793 ι
1330 1743 1528 1813 Lapsus
1564 1758 1701 1808 sum,
1746 1761 1765 1794 ι
1797 1746 1879 1796 in-

298 1835 431 1906 quit,
461 1853 480 1885 ι
519 1835 572 1888 in
594 1835 780 1897 Adam,
812 1833 880 1889 de
914 1833 1159 1903 paradiSo
1198 1833 1399 1903 ejectus
1424 1833 1475 1887 in
1516 1834 1705 1893 Adam.
1737 1848 1883 1888 mor-

300 1934 419 1980 tuus
450 1925 503 1980 iu
533 1924 700 1979 Adam
733 1942 745 1978 :
779 1941 937 1994 quem
974 1941 1078 1978 non
1111 1934 1323 1978 revocat
1350 1926 1369 1955 ⁸
1397 1924 1496 1977 nisi
1526 1939 1609 1978 me
1637 1925 1687 1977 in
1716 1924 1879 1979 Adam

300 2016 581 2079 invenerit,
616 2025 671 2068 ut
710 2015 760 2068 in
785 2015 873 2069 illo
894 2014 1365 2084 culpzeobuoxium
1394 2056 1409 2079 ,
1439 2016 1594 2068 morti
1618 2012 1878 2081 debitum,

301 2108 366 2162 ita
387 2108 439 2161 in
464 2106 1038 2176 Christojustilicatum
1075 2126 1095 2159 ι
1120 2105 1254 2176 (Lib.
1284 2106 1348 2160 de
1376 2105 1506 2159 Fide
1537 2106 1881 2161 Ressurectio-

302 2200 376 2253 nis
400 2199 442 2272 ).
493 2201 623 2255 Item
660 2202 899 2256 scribens
930 2208 1115 2254 contra
1154 2199 1472 2254 Novatianos
1489 2200 1599 2254 ait:
1640 2218 1659 2251 ι
1682 2200 1880 2255 Omnes

304 2291 550 2348 homines
581 2294 680 2347 sub
710 2302 923 2361 peccato
965 2294 1254 2357 nascimur,
1303 2307 1528 2361 quormn
1590 2291 1704 2360 ipse
1732 2303 1881 2347 ortus

304 2384 353 2438 in
385 2385 513 2436 vitio
536 2392 638 2443 est,
666 2384 804 2436 sicut
848 2382 1013 2437 habes
1040 2383 1256 2448 lectum,
1284 2380 1492 2436 dici-nte
1520 2380 1701 2445 David,
1752 2380 1881 2435 Ecce

314 2476 363 2529 in
392 2476 736 2545 iniquitatibus
760 2485 1027 2546 conceptus
1058 2490 1189 2538 sum,
1221 2484 1267 2527 et
1286 2475 1337 2527 in
1363 2472 1557 2527 delictis
1583 2474 1775 2543 peperit
1805 2489 1883 2527 me

305 2576 458 2619 mater
478 2582 588 2617 mea
616 2565 633 2635 (
658 2563 797 2618 Psal.
829 2580 880 2627 ι,
905 2566 934 2617 7
961 2564 1001 2636 ).
1033 2564 1153 2617 Ideo
1181 2563 1326 2617 Pauli
1351 2578 1476 2616 caro
1506 2577 1699 2631 corpus
1732 2576 1881 2616 mor-

309 2654 371 2709 tis
410 2664 549 2720 erat,
575 2657 711 2711 δίε-ιιι
743 2656 853 2723 ipse
889 2657 962 2709 ait
994 2673 1006 2708 :
1042 2655 1165 2720 Quis
1193 2670 1271 2706 me
1296 2652 1523 2707 liberabit
1566 2654 1629 2706 de
1671 2668 1883 2721 corpore

307 2748 477 2800 mortis
510 2748 661 2816 hujus
694 2747 711 2817 (
740 2745 890 2800 (inin.
912 2762 1005 2810 vu,
1037 2746 1106 2800 ‘25
1136 2743 1200 2817 )?
1229 2746 1422 2800 Christi
1440 2756 1616 2799 autem
1640 2760 1765 2800 caro
1794 2744 1883 2799 da-

306 2837 502 2890 muavit
547 2846 846 2906 peccatum,
902 2836 1041 2905 quod
1079 2836 1344 2890 nascendo
1393 2837 1709 2898 nonscnsit,
1742 2834 1882 2905 quod

309 2926 584 2980 moriendo
636 2926 929 2991 crueilixit;
956 2934 1012 2980 ut
1042 2926 1092 2979 in
1122 2942 1282 2980 carne
1309 2936 1486 2980 nostra
1513 2935 1656 2981 esset
1686 2924 1879 2992 justiﬁ-

306 3017 438 3071 catio
455 3032 550 3085 per
571 3017 817 3085 gratiam,
844 3015 930 3069 ubi
969 3025 1083 3070 erat
1105 3026 1228 3070 ante
1256 3014 1485 3070 eolluvio
1513 3029 1607 3084 per
1627 3016 1834 3084 culpam
1856 3032 1877 3067 ι

309 3104 460 3177 (Lib.
497 3107 522 3160 t
562 3106 628 3159 de
674 3103 980 3160 Paenitentia
1003 3147 1019 3174 ,
1069 3123 1183 3175 cap.
1216 3105 1271 3174 2,
1318 3106 1397 3161 vel
1423 3104 1519 3177 ὅ).
1563 3104 1694 3161 Item
1742 3104 1884 3162 idem

365 3261 384 3332 ξ
403 3261 655 3332 vatienuus
668 3268 772 3332 ita,
783 3258 927 3332 ﬂio;
941 3258 1203 3311 hominum.

364 3322 608 3387 (sicam.
640 3330 695 3372 ,ιι
733 3321 810 3371 edi
837 3323 869 3387 ᾗ.
894 3335 1035 3385 quem
1059 3328 1302 3374 remearet
1328 3335 1347 3375 :
1370 3323 1531 3375 minus
1564 3321 1717 3373 bene.
1750 3321 1885 3387 Apud

310 3384 618 3441 Ambrosium,
643 3384 879 3444 quomodo
897 3384 1095 3434 revocet.

362 3444 433 3507 (α)
467 3445 583 3495 \ide
602 3445 778 3494 librum
797 3445 862 3496 de
883 3445 1039 3496 Gratia
1058 3445 1257 3507 Christi,
1278 3460 1330 3496 n.
1353 3445 1520 3497 47-53.

408 3578 605 3588 ...ι-

1989 373 2102 439 ipse
2140 370 2274 425 'cum
2313 381 2603 440 exponeret
2642 370 2828 425 lsaiam
2872 369 3185 440 prophetam
3231 370 3455 443 loquens
3497 375 3566 430 de

1987 462 2200 517 Christo
2233 480 2246 516 :
2284 481 2301 514 ι
2340 463 2485 525 Ideo,
2519 481 2538 515 ι
2572 463 2760 533 inquit,
2796 482 2815 515 ι
2851 472 2904 517 et
2935 464 3085 532 quasi
3137 464 3299 518 homo
3326 481 3422 535 per
3441 469 3570 521 uni-

1987 572 2137 610 versa
2187 565 2417 611 tentatus
2441 564 2541 617 est,
2581 565 2632 610 et
2661 555 2712 609 in
2738 555 3086 611 similitudine
3124 557 3394 611 hominum
3435 573 3566 613 cun-

1987 661 2069 703 cta
2099 649 2347 703 sustinuit
2379 666 2390 700 :
2426 648 2517 702 sed
2550 649 2697 717 quasi
2734 648 2801 702 de
2827 648 3024 717 Spiritu
3066 660 3224 703 natus
3253 650 3506 704 abstinuit
3532 667 3561 705 a

1987 750 2204 811 peccato
2241 739 2440 810 (Hebr.
2471 754 2544 801 tv,
2578 740 2643 794 15
2668 740 2705 809 ).
2739 738 2923 793 Omnis
2958 739 3097 793 enim
3146 741 3304 793 homo
3335 741 3560 795 mcuth

1989 836 2007 903 (
2042 834 2184 887 Psal.
2218 850 2338 898 cvv,
2380 834 2577 902 9.);et
2632 849 2789 887 nemo
2843 835 2957 887 sine
2995 842 3231 901 pccmto,
3284 834 3380 885 nisi
3428 848 3561 887 unus

1989 925 2150 995 Deus.
2186 923 2464 978 Servatum
2485 935 2571 977 est
2603 924 2780 995 igitur,
2812 933 2867 976 ut
2896 939 2960 977 ex
3012 924 3128 976 viro
3154 932 3207 977 et
3236 924 3476 986 muliere,
3511 924 3559 978 id

1987 1023 2089 1082 est,
2121 1031 2216 1085 per
2237 1016 2378 1069 illam
2409 1030 2695 1083 corporum
2723 1015 3176 1079 connnixtionem,
3206 1029 3362 1066 nemo
3385 1014 3564 1066 vidca-

1988 1117 2073 1160 tur
2094 1121 2288 1175 expers
2314 1121 2431 1160 esse
2452 1106 2648 1159 delicti.
2673 1104 2771 1172 Qui
2799 1114 2974 1158 autem
3023 1118 3213 1171 expers
3241 1113 3321 1157 est
3358 1102 3562 1165 delicti,

1986 1214 2177 1268 expers
2211 1209 2292 1252 est
2328 1201 2484 1253 etiam
2519 1198 2820 1268 hnjnsmodi
2864 1198 3225 1267 COIICt'piiOIIiS
3258 1214 3276 1247 ι
3310 1196 3404 1269 (a).
3437 1198 3566 1251 item

1987 1306 2109 1344 cum
2134 1299 2433 1359 exponeret
2462 1290 2808 1360 Evangelium
2832 1289 3127 1343 secundum
3158 1289 3350 1342 Lucam
3370 1305 3382 1318 ·
3413 1307 3431 1338 ι
3456 1288 3567 1340 Non

1988 1381 2131 1435 enim
2188 1380 2359 1434 virilis
2414 1382 2605 1445 coitus,
2656 1399 2673 1431 ι
2712 1381 2899 1448 inquit,
2934 1397 2953 1430 ι
3000 1379 3169 1432 vulvze
3199 1379 3466 1448 virginalis
3486 1393 3570 1433 se-

1986 1481 2128 1525 creta
2162 1472 2438 1535 reseravit,
2471 1470 2564 1526 sed
2609 1470 3000 1524 immaculatum
3049 1484 3230 1523 semen
3278 1468 3567 1522 inviolabili

1985 1573 2141 1618 utero
2170 1564 2396 1632 Spiritus
2424 1573 2639 1617 Sanctus
2668 1562 2879 1615 infudit.
2917 1561 3076 1614 Solus
3102 1558 3241 1613 enim
3273 1576 3367 1627 per
3391 1558 3568 1612 omnia

1986 1672 2052 1712 ex
2079 1658 2215 1712 natis
2236 1657 2301 1711 de
2338 1656 2532 1710 femina
2566 1664 2779 1709 sanctus
2826 1654 3079 1707 Dominus
3108 1652 3284 1718 Jesus,
3333 1652 3419 1720 qui
3452 1662 3563 1704 ter~

1944 1790 1969 1803 ..
1987 1765 2129 1803 reme
2153 1750 2392 1817 contagia
2420 1750 2733 1817 corruptela:
2777 1745 3095 1800 immaculati
3126 1755 3307 1813 partus
3335 1744 3567 1797 novitate
3624 1807 3628 1812 ,

1987 1854 2092 1893 non
2121 1841 2366 1901 senserit,
2398 1847 2451 1891 et
2475 1839 2677 1894 co‘lesti
2705 1837 2979 1907 majestate
3003 1836 3263 1905 depulerit
3301 1853 3319 1886 ι
3350 1833 3485 1904 (Lib.
3507 1833 3567 1900 2,

1985 1944 2036 1981 η.
2067 1929 2155 1994 56,
2179 1929 2246 1980 ad
2265 1946 2377 1998 cap.
2410 1928 2495 1996 9.).

2058 2018 2145 2072 48.
2182 2019 2270 2072 Ιῐίη
2295 2028 2467 2073 tamen
2488 2018 2663 2071 verbis
2686 2015 2915 2070 hominis
2944 2015 3055 2077 Dei,
3079 2030 3237 2085 quem
3266 2022 3412 2067 tanto
3441 2030 3567 2083 pra:-

1987 2110 2143 2165 ccnio
2187 2111 2299 2179 ipse
2330 2110 2556 2163 laudavit
2610 2107 2873 2179 Pelagius,
2927 2107 3262 2171 contradicit,
3315 2116 3369 2160 et
3407 2107 3558 2173 dicit,

2000 2219 2018 2252 ι
2043 2202 2177 2255 sicut
2203 2202 2317 2254 sine
2340 2202 2550 2261 virtute,
2576 2200 2643 2253 ita
2662 2214 2758 2251 nos
2772 2200 2887 2253 sine
2907 2199 3033 2251 vitio
3057 2197 3348 2266 procreari.
3374 2217 3392 2249 ι
3422 2197 3558 2265 Quid

1987 2290 2146 2360 igitur
2171 2299 2360 2355 restat,
2404 2289 2503 2343 nisi
2556 2299 2643 2344 ant
2696 2289 2854 2343 istmn
2886 2288 3127 2357 Pelagius
3171 2302 3324 2341 suum
3354 2287 3569 2341 damnet

1987 2395 2248 2441 errorem,
2271 2388 2360 2432 aut
2380 2394 2500 2434 eum
2526 2379 2603 2432 sic
2626 2378 2961 2431 Ambrosium
2988 2378 3229 2431 laudasse
3270 2378 3521 2446 poeniteat
3546 2377 3571 2428 ?

1986 2470 2090 2527 Sed
2135 2472 2255 2541 quia
2313 2471 2412 2526 ista
2460 2471 2755 2527 secundum
2799 2471 3112 2525 catholicam
3162 2470 3317 2523 ﬁdem
3380 2471 3570 2525 beatus

1986 2563 2316 2624 Ambrosius,
2346 2571 2403 2615 ut
2430 2564 2710 2631 episcopus
2735 2561 3051 2625 catholicus,
3082 2572 3163 2615 est
3196 2562 3435 2625 locutus;
3468 2574 3556 2615 sc-

1986 2657 2162 2722 quLtur
2189 2661 2243 2706 ut
2272 2653 2338 2705 ab
2357 2651 2454 2705 hac
2483 2652 2563 2705 via
2589 2652 2707 2705 lidei
2735 2651 2919 2704 devius
2950 2651 3139 2706 merito
3170 2651 3409 2720 Pelagius
3433 2665 3552 2703 cum

1990 2744 2244 2798 Cwlcstio
2284 2744 2544 2812 discipulo
2572 2759 2667 2797 suo
2695 2743 2972 2798 catholica:
3004 2742 3254 2796 Ecclesim
3288 2743 3357 2795 sit
3382 2750 3566 2795 aucto-

1986 2837 2143 2890 ritate
2170 2839 2470 2897 damnatus,
2505 2835 2601 2888 nisi
2628 2849 2757 2888 eum
2785 2850 2887 2888 non
2920 2832 3257 2886 Ambrosium
3293 2832 3561 2896 laudasse,

1987 2928 2082 2982 sed
2125 2940 2310 2981 contra
2360 2926 2700 2981 Ambrosium
2747 2927 2979 2979 sensisse
3007 2924 3282 2994 poeniteat.
3311 2921 3434 2976 Scio
3472 2936 3571 2976 vos

1990 3031 2051 3073 ea
2083 3033 2201 3087 qttte
2255 3017 2321 3072 ad
2370 3018 2773 3072 mdilicationem
2820 3016 2902 3071 vel
2959 3015 3412 3070 confirmatitmem
3446 3012 3571 3069 fidei

1990 3110 2423 3169 conscribuntur.
2458 3109 2832 3165 insatiabiliter
2859 3109 3065 3177 legere:
3091 3117 3455 3161 verumtamen
3486 3105 3575 3162 hic

1993 3198 2157 3262 liber,
2184 3199 2589 3269 qnamtumlibet
2634 3199 2705 3253 sit
2756 3198 2821 3252 ad
2872 3197 2973 3252 hoc
3003 3197 3167 3264 utilis,
3203 3196 3310 3267 jam
3355 3197 3565 3250 tandem

1987 3288 2278 3359 aliquando
2306 3290 2569 3344 finiendus
2586 3297 2687 3344 est.

2052 3443 2125 3506 (α)
2158 3443 2389 3494 Ambrosii
2411 3457 2535 3507 opus
2557 3444 2604 3492 in
2629 3444 2793 3493 Isaiam
2811 3454 2907 3493 non
2931 3447 3112 3490 exstat.

2976 3574 3147 3583 .—————

311 3578 1368 3627 Η-Ὶ-
841 3579 1880 3617 ’”--Ἣ

1990 3568 3572 3627 ω

1375 3713 2453 3845 ADMONITIO

765 3919 841 3986 IN
884 3918 1485 3995 SUBSEQUENTES
1525 3918 1807 3982 LIBROS
1847 3919 1954 3980 DE
1994 3920 2305 3982 NUPTIIS
2346 3921 2450 3981 ET
2495 3918 3193 3982 CONCUPISCENTIA.

1728 4066 2151 4123 τεςῶθοοεευβ

378 4208 515 4263 Duos
544 4208 611 4263 ad
657 4207 925 4264 Valerium
954 4210 1200 4266 comitem
1230 4210 1393 4266 libros
1433 4224 1553 4265 cum
1592 4218 1901 4265 recenseret
1928 4209 2271 4280 Augustinus,
2318 4226 2413 4266 eos
2453 4210 2783 4280 responsiOai
2811 4210 2877 4265 ad
2908 4210 3226 4265 Arianorum
3277 4224 3584 4264 sermonem

308 4311 422 4368 qua:
448 4310 559 4368 post
591 4300 753 4356 Gesta
786 4315 906 4354 cum
941 4300 1175 4355 l-Zmerito
1207 4300 1374 4354 locata
1408 4309 1509 4366 est,
1546 4301 1785 4369 proxime
1808 4300 2100 4369 subjnmit.
2146 4301 2269 4355 llam
2297 4316 2455 4370 porro
2479 4301 2637 4357 Gesta
2660 4302 3040 4372 consignantur
3060 4317 3198 4355 anno
3230 4301 3426 4355 Christi
3452 4300 3577 4365 418,

308 4390 388 4446 die
404 4388 471 4443 20
497 4391 837 4460 septembris.
876 4392 1209 4460 Quapropter
1237 4390 1673 4459 subsequentiuin
1707 4391 1983 4457 librorum,
2016 4392 2203 4445 saltem
2237 4392 2466 4460 priorem
2505 4400 2596 4446 aut
2639 4392 2739 4447 hoc
2769 4393 2885 4462 ipso
2913 4409 3054 4447 anno
3077 4393 3180 4447 “8
3219 4392 3460 4453 labente,
3493 4398 3587 4445 aut

310 4487 582 4556 illCipit'llle
613 4488 738 4550 “9.
767 4488 1021 4556 scriptum
1044 4488 1203 4542 fuisse
1235 4487 1360 4541 nulli
1392 4487 1716 4541 dubitamus.
1749 4486 1902 4541 Enim
1929 4501 2061 4540 vero
2082 4486 2149 4541 de
2177 4486 2354 4556 priore
2376 4487 2478 4541 isto
2507 4486 2641 4539 libro
2669 4487 2783 4556 ipse
2821 4489 3149 4559 Augustinus
3177 4488 3226 4541 in
3255 4487 3389 4541 libro
3414 4487 3589 4554 primo

309 4589 480 4633 contra
511 4579 644 4633 duas
667 4580 931 4648 Epistolas
964 4580 1388 4649 l‘elagianomm,
1422 4597 1476 4633 ιι.
1507 4580 1559 4643 9,
1592 4578 1721 4635 dicit
1750 4596 1764 4634 :
1802 4597 1821 4631 ι
1858 4579 2072 4633 Librum
2098 4590 2274 4635 autem
2302 4597 2500 4646 meum,
2529 4594 2711 4639 contra
2736 4599 2892 4654 quem
2916 4597 2977 4637 se
3014 4591 3241 4651 quatuor
3282 4580 3474 4634 libellis
3502 4593 3591 4633 re-

310 4671 582 4739 Spondisse
604 4681 1010 4735 commemorat,
1043 4682 1158 4741 post
1182 4671 1576 4725 damnationem
1607 4670 1800 4741 Pelagii
1828 4672 2165 4740 C(elestiique
2192 4675 2505 4744 conscripsi.
2530 4675 2681 4743 Quod
2706 4675 2825 4730 ideo
2844 4674 3149 4738 dicendum,
3183 4691 3202 4724 ι
3233 4672 3417 4741 inquit,
3444 4689 3462 4721 ι
3494 4685 3592 4738 pu-

309 4763 430 4829 lavi,
458 4765 705 4833 qimniam
727 4765 827 4819 iste
848 4764 977 4818 dicit
1005 4764 1073 4817 ab
1095 4763 1323 4818 inimicis
1348 4764 1458 4817 suis
1490 4763 1541 4817 in
1563 4762 1743 4818 odittm
1774 4763 2012 4818 veritatis
2038 4763 2177 4818 dicta
2209 4780 2323 4819 mea
2349 4765 2510 4820 fuisse
2537 4776 2818 4835 suscepta;
2850 4781 2919 4820 ne
2948 4765 3067 4820 ideo
3094 4763 3369 4832 quisquam
3393 4760 3582 4815 existi-

308 4878 432 4933 wet,
459 4878 671 4939 promer
701 4869 841 4922 lnmc
866 4868 1055 4921 librum
1089 4881 1264 4920 meum
1293 4864 1537 4918 inimicos
1556 4864 1739 4933 gratia:
1759 4860 1961 4918 Christi
1986 4877 2154 4916 noros
2182 4862 2463 4917 luereticos
2500 4862 2662 4917 fuisse
2690 4862 2990 4917 damnatos.
3027 4879 3048 4908 ι
3078 4857 3280 4924 Quibus
3305 4871 3369 4910 ex
3406 4854 3591 4923 verbis

308 4956 455 5016 facile
483 4961 768 5032 intelligas,
805 4958 1037 5030 priorem
1067 4957 1209 5013 hunc
1234 4957 1448 5022 librum,
1480 4955 1745 5010 damnatis
1786 4968 1928 5009 anno
1957 4953 2062 5008 418
2090 4953 2406 5023 Pelagianis,
2447 4954 2499 5009 in
2544 4954 2717 5009 lucem
2747 4952 2847 5009 sub
2874 4952 3012 5006 idem
3044 4948 3156 5004 fere
3183 4958 3391 5017 tempus
3421 4942 3585 5014 prod-

305 5053 446 5109 itsse.

369 5141 550 5207 Liber,
581 5158 706 5198 mox
738 5151 794 5197 ut
816 5140 1030 5212 prodiit.
1052 5139 1223 5209 palam
1251 5136 1573 5208 reprehendi
1600 5137 1765 5206 empit
1791 5151 1819 5190 a
1841 5136 2162 5209 Pelagianis,
2184 5137 2274 5207 qui
2296 5136 2411 5207 ejus
2436 5136 2661 5192 lectione
2676 5133 3071 5191 Catholicorum
3096 5129 3306 5185 animos
3333 5129 3384 5183 in
3405 5126 3590 5182 odium

303 5233 509 5291 illorum
558 5232 781 5290 bairesis
813 5233 1138 5289 commoveri
1185 5229 1568 5302 intelligebant.
1596 5229 1741 5284 Inter
1769 5243 1863 5284 eos
1887 5228 2130 5285 Julianus
2161 5229 2457 5299 Pelagiana:
2506 5226 2724 5281 haeresis
2766 5221 3108 5279 sublevanda:
3154 5220 3332 5275 studio
3360 5218 3592 5282 ardens,

303 5338 526 5397 quatuor
548 5330 701 5384 libris
727 5343 887 5382 unum
921 5327 1068 5382 illum
1096 5323 1375 5395 Augustini
1395 5322 1573 5377 statim
1603 5336 1888 5392 aggressus
1908 5333 2008 5378 est.
2041 5323 2115 5376 De
2142 5321 2225 5375 his
2252 5320 2447 5376 .Inliani
2475 5319 2623 5374 libris
2648 5316 2905 5372 nonnulla
2941 5314 3208 5385 decerpsit
3231 5314 3514 5387 quispiam,
3538 5320 3593 5369 et

302 5420 548 5491 decerpta
577 5422 761 5477 comiti
795 5418 1005 5475 Valerio
1033 5419 1195 5473 misit.
1246 5415 1487 5470 Valerius
1515 5415 1764 5469 Ravenna
1793 5413 2019 5468 Romam
2043 5412 2110 5467 ad
2142 5411 2387 5482 Alypium
2415 5410 2733 5482 perferenda
2761 5408 2987 5475 curavit,
3012 5418 3067 5461 ut
3104 5407 3216 5476 ipse
3252 5408 3304 5460 in
3347 5404 3581 5460 Africam

308 5528 571 5581 reversus,
602 5525 799 5585 przeter
829 5512 1033 5568 litteras
1056 5511 1249 5583 quibus
1272 5509 1474 5580 gratias
1499 5506 1568 5561 ob
1597 5507 1788 5561 librum
1822 5506 2053 5577 priorem
2090 5505 2189 5560 sibi
2215 5512 2580 5573 nuncupatum
2620 5503 2811 5571 agebat
2840 5501 2979 5555 idem
3012 5499 3268 5565 Valerius,
3303 5500 3463 5554 etiam
3497 5515 3592 5553 ex-

304 5616 483 5679 cerpta
511 5608 598 5663 illa
627 5605 943 5679 quantocius
970 5603 1258 5659 refellenda
1289 5601 1582 5681 Augustino
1606 5599 1858 5656 traderet.
1886 5597 2012 5655 Haec
2038 5597 2363 5668 Augustinus
2383 5611 2449 5651 ex
2479 5593 2850 5680 opereJuliaui
2870 5594 3095 5652 collecta
3119 5607 3239 5649 esse
3262 5592 3441 5647 statim
3467 5607 3591 5658 per-

309 5702 478 5754 sensit
509 5718 521 5754 :
554 5708 608 5758 et
639 5713 937 5772 quanquam
986 5697 1151 5768 magis
1182 5696 1337 5751 veilet
1384 5693 1487 5749 illis
1532 5708 1632 5749 non
1671 5702 1792 5748 ante
1841 5690 2195 5762 respondere,
2228 5704 2383 5761 quam
2428 5689 2686 5758 integrum
2713 5701 2845 5757 opus
2875 5685 3016 5742 unde
3044 5685 3251 5741 fuerant
3280 5682 3589 5753 desumpta.
