4010 6186
356 374 458 432 ιη
1559 356 1890 416 EPISTOLA
1933 355 2024 410 AD
2062 352 2441 412 VALERIUM.
3535 353 3643 410 ιη

358 486 674 560 accepisset,
707 495 882 542 tamen
903 483 1003 539 sibi
1034 479 1390 538 festinandum
1417 475 1758 541 existimavit,
1785 481 1843 530 ut
1865 471 2075 529 Valerio
2098 470 2278 527 comiti
2311 467 2660 560 satisfaceret.
2678 557 2688 560 Δ
2709 465 2804 560 liis
2831 483 2960 540 ergo
2985 468 3125 525 nulla
3149 467 3464 560 Interposita
3489 485 3641 526 mora

366 557 718 645 restiondens,
771 573 998 629 alterum
1029 570 1129 628 sub
1154 569 1343 626 eadem
1393 566 1739 638 inscriptione
1769 563 1837 620 de
1881 561 2090 634 Nuptiis
2114 570 2168 616 et
2191 559 2634 630 Concupiscentia
2676 557 2869 614 librum
2921 559 3243 628 composuit,
3291 573 3450 630 quem
3499 574 3642 614 anno

361 667 561 724 Christi
582 665 687 722 £30
713 661 1124 720 adscribendum
1154 661 1474 716 arbitramur
1505 673 1520 710 :
1551 655 1748 728 quippe
1781 669 1904 710 cum
1929 667 2049 708 eum
2079 650 2358 706 confestim
2408 656 2528 718 post
2576 657 2822 716 acceptas
2873 645 2941 702 de
2970 649 3147 720 priore
3195 647 3336 705 libro
3351 649 3642 720 gratiarum

361 757 603 814 actiones
631 753 902 823 scripserit
926 761 1140 808 sanctus
1167 751 1385 815 Doctor,
1419 763 1520 803 nec
1546 744 1788 801 videatur
1813 742 2118 806 verisimile,
2155 740 2444 806 Valerium,
2463 737 2674 794 utbanc
2699 739 2836 810 grati
2864 737 3028 793 animi
3064 739 3508 811 signiﬁcationem
3535 749 3644 798 tes-

371 855 596 912 taretur,
615 855 754 901 totos
779 844 916 900 duos
943 859 1112 899 annos
1137 850 1222 896 aut
1247 842 1425 911 ptui-es
1441 845 1800 907 exspectasse.

434 938 682 996 Valerius
707 947 884 994 autem
909 937 1016 1001 Ille,
1039 951 1198 1007 quem
1231 933 1456 989 Illustris
1475 941 1528 988 et
1542 929 1772 988 Comitis
1799 928 1950 983 titulo
1975 926 2300 996 Augustinus
2325 931 2568 990 exornat,
2603 923 2830 994 negotiis
2857 921 3081 992 publicis
3112 921 3506 993 implicabatur,
3535 941 3642 986 non

366 1031 670 1089 forensibus
701 1031 805 1085 illis
827 1029 1064 1100 quidem,
1087 1029 1183 1085 sed
1204 1027 1431 1084 bellicis.
1460 1025 1611 1082 Unde
1637 1039 1744 1080 non
1771 1021 1926 1079 facile
1951 1021 2285 1086 adducimur,
2312 1027 2374 1075 ut
2400 1034 2522 1074 cum
2545 1019 2660 1074 viro
2683 1019 2894 1074 erudito
2933 1019 3106 1088 ipsom
3131 1019 3280 1075 illum
3308 1036 3428 1076 esse
3451 1024 3643 1080 existi.

365 1136 597 1189 memus,
628 1121 715 1189 qui
748 1120 843 1175 fuit
861 1135 1046 1176 comes
1069 1119 1143 1174 rei
1175 1119 1392 1188 privata:
1403 1131 1546 1171 anno
1566 1113 1692 1176 423,
1717 1112 1902 1168 consul
1923 1127 2064 1167 anno
2084 1111 2210 1177 452,
2237 1109 2469 1180 denique
2507 1107 2762 1177 magister
2779 1107 3077 1164 ofﬁciorum
3113 1110 3213 1166 sub
3238 1110 3544 1168 Theodosio
3563 1113 3650 1186 ju-

365 1214 517 1268 niore
544 1227 684 1266 anno
713 1211 838 1267 435.
874 1211 1082 1264 Etcnim
1114 1224 1214 1266 nec
1232 1223 1296 1264 ea
1321 1221 1543 1264 munera
1579 1199 1918 1280 pertinebant
1940 1202 2009 1258 ad
2043 1202 2311 1264 militiam,
2357 1213 2459 1256 nec
2498 1197 2770 1272 prccfectis
2799 1199 3185 1256 Theodosianis
3213 1201 3503 1274 quidquam
3533 1215 3652 1262 erat

366 1316 488 1356 cum
518 1299 834 1356 llonorianis
859 1314 1163 1354 commune.

465 1460 620 1525 Vide
663 1469 963 1541 praeterea
987 1457 1094 1522 lib.
1125 1459 1188 1534 2,
1222 1475 1355 1538 cap.
1385 1457 1486 1532 53,
1523 1455 2096 1525 Retractationum,
2131 1460 2177 1514 t.
2211 1453 2272 1518 1.
2307 1451 2426 1514 σοι.
2456 1446 2600 1530 651,
2631 1469 2670 1512 a
2696 1449 2922 1522 verbis,
2950 1451 3184 1533 Scripsi
3214 1451 3374 1514 duos
3401 1452 3601 1515 libros
3633 1498 3649 1524 .

363 1581 562 1644 usque
593 1563 677 1626 ad
699 1561 884 1626 verba
903 1607 922 1632 ,
952 1564 1126 1625 Inter
1159 1561 1403 1624 militiai
1433 1565 1556 1624 tute
1579 1577 1796 1623 curas.
2038 1556 2126 1619 Μ.

371 1812 1270 1994 npts'rona
1341 1875 1600 1992 an
1644 1875 2615 1989 VALERIUM
2644 1875 3480 1992 COMITEM
3514 1863 3650 2023 (α),

545 2097 666 2155 CUI
693 2095 1130 2155 AUGUSTINUS
1165 2093 1631 2152 TRANSMITTIT
1669 2075 2137 2150 NUNCUPATU.“
2177 2090 2300 2146 IPSI
2347 2091 2604 2150 LIBRUM
2644 2087 2913 2149 PRIMUM
2953 2090 3044 2148 DE
3081 2090 3354 2150 NUPTIS
3392 2092 3482 2148 ET

1721 2180 2328 2240 CONCUPISCENTIA.
3205 2263 3246 2305 Ω

1863 2345 2231 2396 -οὓοοοε-ο·

377 2490 608 2550 Domino
634 2489 830 2550 illustri
849 2499 909 2548 et
933 2493 1128 2550 merito
1145 2491 1608 2564 praestantissime,
1631 2499 1790 2562 atque
1822 2491 1876 2546 in
1895 2489 2098 2546 Christi
2120 2489 2414 2548 dilectione
2429 2489 2749 2550 clarissimo
2777 2489 2890 2548 lilio
2911 2471 3176 2558 .Vautuo,
3206 2491 3574 2557 Ausus-nitus,
3608 2492 3664 2548 in

1773 2581 2002 2640 Domino
2021 2579 2272 2638 salutem.
2621 2591 2642 2623 ι

453 2742 506 2800 ι.
547 2741 679 2798 Cum
700 2739 790 2797 diu
812 2739 1034 2796 moleste
1053 2739 1306 2798 haberem
1333 2739 1476 2814 quod
1498 2739 1782 2814 aliquoties
1805 2737 2132 2810 scripserim,
2163 2745 2218 2794 et
2259 2737 2400 2794 nulla
2425 2747 2530 2794 ture
2555 2735 2906 2794 Sublimitatis
2928 2736 3186 2808 rescripta
3212 2736 3521 2803 meruerim,
3567 2751 3664 2792 re-

381 2845 545 2908 pente
568 2835 822 2906 epistolas
843 2845 952 2891 tres
978 2845 1080 2891 tum
1104 2835 1452 2906 Benignitatis
1467 2837 1648 2906 accepi
1683 2854 1696 2888 :
1726 2850 1888 2890 unam
1918 2849 2024 2889 non
2045 2831 2110 2888 ad
2140 2848 2228 2888 me
2255 2833 2426 2888 solum
2448 2831 2624 2888 datam
2653 2847 2747 2902 per
2766 2831 3141 2902 coepiscopum
3163 2847 3342 2888 meum
3365 2830 3671 2887 Vindemia-

380 2927 514 2992 lem,
542 2936 596 2981 et
625 2943 730 2982 non
761 2926 918 2997 longe
946 2936 1064 2994 post
1091 2943 1184 2997 per
1201 2927 1698 2999 coiiipresbyterttm
1731 2926 1967 2983 Firmum
1997 2923 2270 2996 duas;qui
2295 2925 2377 2979 vir
2397 2933 2634 2992 sanctus,
2665 2922 2942 2994 nobisque,
2975 2932 3034 2980 ut
3053 2923 3118 2979 ab
3139 2923 3230 2980 illo
3256 2925 3396 2981 scire
3419 2923 3668 2996 potuisti,

385 3016 795 3074 familiarissima
822 3019 1082 3074 charitate
1113 3019 1450 3087 cenjnnctus,
1480 3021 1646 3076 multa
1676 3019 1953 3075 nobiscum
1978 3018 2047 3074 de
2069 3028 2159 3074 tua
2181 3018 2496 3074 excellentia
2539 3017 2914 3089 colloquendo,
2957 3025 3012 3074 et
3051 3018 3314 3074 veraciter
3356 3015 3673 3074 insinuando

386 3110 600 3180 qualem
633 3119 685 3165 te
707 3111 762 3165 in
782 3109 980 3166 Christi
1011 3109 1304 3165 visceribus
1332 3111 1562 3176 noverit,
1589 3127 1693 3167 non
1730 3111 1906 3166 solum
1933 3126 2028 3168 eas
2053 3125 2187 3183 quas
2229 3120 2557 3166 memoratus
2584 3111 2888 3182 episcopus,
2925 3111 3012 3167 vel
3051 3127 3185 3183 quas
3211 3095 3325 3182 ipse
3351 3110 3546 3172 attulit,
3576 3107 3674 3164 sed

387 3203 549 3259 etiam
579 3204 696 3260 illas
721 3219 855 3272 quas
881 3219 988 3259 non
1016 3203 1296 3274 accepisse
1317 3205 1698 3274 querebamur,
1729 3205 1934 3260 litteras
1967 3203 2111 3260 vicit.
2136 3203 2206 3258 Et
2231 3203 2353 3260 ideo
2376 3203 2446 3260 de
2471 3211 2522 3258 te
2547 3205 2784 3258 narratio
2807 3203 2926 3273 ejus
2953 3206 3169 3260 suavior
3194 3204 3348 3260 nobis
3373 3212 3518 3269 erat,
3541 3202 3672 3273 quia
3721 3269 3728 3275 ν

389 3309 454 3348 ea
500 3293 734 3361 dicebat,
763 3309 882 3365 qua:
927 3295 1041 3367 ipse
1089 3310 1196 3352 non
1256 3310 1460 3366 posses,
1487 3311 1556 3352 ne
1575 3295 1789 3368 quidem
1831 3310 1920 3352 me
1958 3295 2260 3366 inquirente
2296 3295 2627 3360 rescribere,
2673 3312 2740 3351 ne
2782 3304 2992 3351 tuarum
3024 3295 3449 3367 laudum-quod
3492 3305 3676 3350 sancta

391 3387 668 3457 Scriptura
719 3387 970 3460 prohibet
1013 3388 1034 3459 (
1063 3387 1222 3445 Prov.
1278 3404 1449 3453 xxvu,
1471 3389 1506 3444 2
1534 3387 1578 3460 ),
1637 3390 1799 3445 ﬁeres
1844 3390 2180 3458 przedicator.
2229 3389 2544 3460 Quanquam
2572 3397 2628 3446 et
2650 3401 2750 3460 ego
2774 3405 2963 3447 verear
2987 3387 3105 3446 baac
3128 3389 3195 3444 ad
3239 3400 3290 3445 te
3317 3389 3582 3454 scribere,
3609 3405 3679 3446 ne

390 3477 748 3547 suspicionem
776 3479 1043 3536 adulantis
1062 3481 1351 3546 incurram,
1380 3480 1595 3538 domine
1625 3479 1854 3537 ilIuSIris
1871 3489 1927 3538 et
1947 3482 2143 3538 merito
2172 3481 2632 3552 praestantissima
2655 3491 2816 3554 atque
2841 3483 2894 3538 in
2932 3482 3135 3540 Christi
3159 3481 3445 3540 dilectione
3469 3481 3678 3538 charis-

389 3569 528 3625 sime
559 3569 653 3624 lili.

479 3661 534 3717 2.
576 3661 786 3718 Laudes
812 3663 990 3732 itaque
1013 3672 1130 3720 tuas
1158 3663 1210 3719 in
1232 3663 1471 3732 Christo,
1492 3664 1604 3720 sive
1627 3664 1795 3736 magis
1824 3665 1876 3721 in
1909 3675 1959 3721 te
1981 3665 2164 3722 laudes
2185 3665 2404 3734 Christi,
2429 3666 2549 3724 vide
2569 3666 2694 3739 quid
2713 3667 2845 3724 mibi
2874 3667 3246 3726 delectationis
3272 3675 3330 3726 et
3349 3667 3548 3723 lzetitia:
3577 3665 3680 3724 fuit

395 3753 584 3810 audire
623 3754 692 3807 ab
731 3755 824 3809 illo
851 3755 942 3826 qui
968 3771 1066 3812 nec
1088 3755 1274 3812 fallere
1301 3771 1385 3811 me
1433 3765 1613 3826 posset
1637 3766 1856 3828 propter
1879 3757 2038 3814 ﬁdem
2068 3771 2243 3826 suam,
2273 3767 2330 3816 et
2355 3773 2448 3814 eas
2490 3759 2738 3832 ignorare
2782 3777 2888 3817 non
2921 3771 3101 3832 posset
3139 3771 3354 3833 propter
3384 3761 3677 3818 amicitiam

392 3853 566 3902 tuam.
596 3845 700 3902 Sed
731 3846 832 3900 alia
863 3856 919 3902 et
947 3847 1014 3902 ab
1043 3847 1184 3913 aliis,
1217 3847 1316 3904 etsi
1354 3863 1460 3903 non
1491 3857 1596 3902 tam
1626 3849 1788 3904 multa
1823 3848 1909 3906 vel
1935 3859 2081 3905 certa
2101 3889 2120 3916 ,
2146 3860 2516 3906 vertth
2539 3851 2864 3920 audivimus,
2892 3852 3026 3909 ﬁdes
3048 3862 3138 3908 tua
3173 3868 3330 3924 quam
3371 3853 3442 3907 sit
3465 3867 3597 3907 sana
3624 3861 3682 3908 et

403 3939 689 4003 catholica,
717 3953 873 4010 quam
894 3937 978 4008 pia
1009 3939 1340 4010 exepectatio
1368 3940 1687 4004 futurorum,
1714 3951 1834 4010 qua;
1859 3940 1952 3994 Dei
1979 3939 2563 4012 fnurmnqueddectio,
2585 3957 2744 4018 quam
2771 3958 2876 4000 non
2903 3945 3134 4014 supeer
3173 3945 3348 4012 sapias
3365 3943 3420 3998 in
3446 3943 3684 3998 evcelsis

388 4029 708 4092 honoribus,
746 4045 844 4086 nec
863 4045 1048 4099 speres
1075 4031 1125 4086 in
1154 4032 1358 4086 incerto
1381 4029 1710 4097 divitiarum,
1743 4029 1838 4086 sed
1861 4030 1913 4085 in
1946 4031 2058 4086 Deo
2079 4031 2219 4094 vivo,
2251 4039 2308 4086 et
2328 4031 2482 4088 dives
2500 4033 2576 4089 sis
2602 4032 2658 4088 in
2683 4034 2936 4104 cperibus
2960 4033 3114 4088 bonis
3133 4033 3174 4102 (I
3200 4031 3331 4088 Tim.
3351 4049 3424 4096 Vl,
3453 4033 3542 4099 l7,
3570 4031 3682 4101 ~l8):

387 4138 555 4196 quam
577 4121 854 4177 sitdnmns
879 4133 966 4177 tua
995 4123 1206 4193 requies
1234 4121 1590 4193 solatiumqne
1617 4131 1942 4184 sanctorum,
1971 4129 2028 4178 et
2057 4130 2228 4178 terror
2253 4123 2536 4191 impiorum
2567 4139 2582 4178 :
2613 4133 2806 4195 quanta
2837 4125 2928 4180 tibi
2959 4139 3086 4180 cura
3117 4124 3205 4187 sit,
3238 4139 3308 4179 ne
3322 4124 3439 4194 quis
3457 4124 3684 4179 insidie-

395 4223 486 4270 tur
511 4213 764 4269 membris
783 4211 1004 4279 Christi,
1026 4222 1310 4282 coopertus
1338 4213 1604 4269 velamine
1624 4213 1854 4268 numinis
1879 4210 2098 4275 Christi.
2122 4212 2236 4268 sive
2257 4214 2308 4268 in
2332 4213 2600 4268 veteribus
2623 4214 2760 4284 ejus,
2781 4215 2894 4272 sive
2915 4215 2966 4269 in
3002 4215 3389 4270 recentioribus
3417 4215 3646 4270 inimicis
3666 4230 3682 4278 ;

392 4323 666 4378 quamque
685 4307 758 4362 sis
783 4306 1092 4363 eorumdem
1124 4306 1458 4362 inimicorum
1490 4305 1742 4377 providus
1768 4305 1946 4370 saluti,
1973 4293 2196 4361 infestus
2221 4305 2412 4360 errori.
2437 4305 2562 4362 Haec
2585 4315 2744 4377 atque
2774 4305 3099 4378 huiusmodi,
3131 4315 3187 4363 ut
3211 4306 3356 4377 dixi,
3392 4315 3446 4362 et
3472 4307 3540 4363 ab
3561 4309 3685 4364 aliis

390 4400 636 4454 Solemus
659 4400 878 4465 audire;
905 4409 998 4454 seu
1027 4413 1173 4454 nunc
1197 4414 1258 4453 ea
1285 4413 1382 4468 per
1407 4398 1766 4468 supradictum
1795 4397 2010 4451 fratrem
2041 4397 2190 4466 plura
2217 4408 2271 4452 et
2294 4397 2562 4454 testatiora
2583 4399 2950 4469 cognovimus.

471 4492 525 4548 5.
569 4491 736 4547 Porro
756 4501 931 4545 autem
953 4488 1020 4544 de
1045 4491 1292 4560 pudicitia
1321 4489 1606 4560 cmujugali,
1633 4499 1688 4542 nt
1703 4504 1822 4545 eam
1847 4504 2058 4560 quoque
2080 4489 2133 4543 in
2175 4495 2228 4543 te
2251 4488 2470 4545 laudare
2486 4500 2540 4548 et
2559 4505 2742 4548 amare
2763 4492 3050 4561 possimus,
3073 4491 3330 4562 numquid
3349 4491 3682 4558 audiremus,

391 4583 502 4640 nisi
531 4583 598 4638 ab
613 4581 790 4653 aliquo
816 4583 1068 4637 interiore
1098 4581 1343 4636 familiari
1369 4591 1480 4646 tuo,
1509 4581 1598 4650 qui
1624 4581 1787 4634 vitam
1821 4588 1983 4640 tnzun.
2010 4596 2114 4634 non
2134 4581 2190 4635 in
2219 4581 2525 4652 superﬁcie,
2546 4581 2640 4638 sed
2674 4583 2886 4652 penitus
2907 4581 3124 4638 nosset?
3155 4582 3230 4636 De
3259 4583 3362 4638 hoc
3395 4582 3573 4652 itaque
3593 4590 3685 4635 tuo

395 4676 567 4744 bono,
602 4675 692 4731 Dei
721 4675 883 4736 dono,
914 4690 1002 4730 me
1027 4690 1239 4746 quoque
1266 4673 1498 4730 delectat
1526 4672 1857 4735 familiarius,
1881 4681 1934 4726 et
1957 4673 2231 4744 aliquanto
2251 4673 2448 4728 diutius
2471 4672 2613 4744 loqui
2643 4683 2836 4728 tecum.
2863 4672 2986 4729 Scio
3010 4689 3095 4729 me
3123 4689 3226 4729 non
3251 4688 3372 4728 esse
3395 4672 3545 4728 oneri
3568 4671 3689 4736 tibi,

394 4769 447 4827 si
477 4769 672 4839 aliquid
703 4769 970 4837 prolixum
999 4769 1175 4832 mitto,
1208 4767 1350 4839 quod
1379 4766 1624 4836 legendo,
1651 4765 1853 4820 diutius
1877 4763 1953 4820 sis
1977 4765 2281 4821 uobiscum.
2310 4763 2444 4820 Nam
2469 4775 2524 4820 et
2563 4764 2665 4820 hoc
2693 4765 2958 4836 comperi,
3003 4764 3144 4835 quod
3180 4765 3329 4820 inter
3345 4773 3464 4818 tuas
3491 4762 3688 4819 multas

399 4877 735 4934 magnasque
759 4876 918 4917 curas
955 4859 1112 4916 facile
1144 4875 1206 4916 ac
1251 4859 1482 4914 libenter
1515 4859 1680 4928 legas,
1711 4857 2010 4928 nostrisque
2037 4856 2330 4928 opusculis,
2357 4857 2518 4912 etiam
2544 4872 2662 4928 qua:
2705 4857 2773 4912 ad
2809 4859 2946 4914 alios
2969 4857 3407 4926 conscripsimus,
3439 4855 3611 4928 siqua
3637 4855 3690 4912 in

398 4970 595 5011 saeuus
625 4962 746 5010 tuas
771 4954 956 5010 venire
981 4961 1287 5024 potuerunt,
1317 4951 1604 5006 admodum
1627 4949 1940 5014 delecteris;
1965 4959 2164 5019 quanto
2199 4949 2365 5015 magis
2396 4949 2537 5020 quod
2563 4949 2630 5004 ad
2657 4958 2710 5006 te
2738 4949 3010 5016 scribitur,
3043 4949 3132 5006 ubi
3159 4959 3409 5020 tauquam
3437 4949 3691 5021 praesenti

395 5046 612 5117 loquar,
657 5053 714 5101 et
759 5044 1046 5100 advertere
1074 5043 1380 5114 dignaberis
1408 5043 1684 5107 attentius,
1715 5051 1769 5096 et
1793 5041 2037 5110 accipere
2057 5041 2290 5112 gratius!
2333 5040 2416 5096 Ab
2446 5041 2544 5096 bac
2567 5057 2695 5112 ergo
2720 5042 2938 5112 epistola
2965 5057 3125 5112 perge
3165 5040 3231 5096 ad
3275 5040 3492 5106 librum,
3529 5055 3692 5113 quem

399 5137 566 5216 simul
616 5137 758 5204 misi,
789 5137 880 5210 qui
930 5145 1036 5192 tute
1077 5134 1411 5192 Reverentia:
1438 5145 1605 5191 etcur
1632 5134 1968 5205 conscriptus
2010 5136 2101 5202 sit,
2135 5145 2186 5189 et
2210 5149 2308 5188 cur
2325 5133 2394 5189 ad
2418 5144 2468 5190 te
2493 5135 2830 5206 potissimum
2877 5134 3104 5204 missus,
3143 5135 3257 5205 ipse
3286 5148 3385 5190 suo
3414 5135 3688 5208 principio

395 5233 740 5290 tutantodius
767 5232 1050 5289 intimabit.

463 5365 540 5438 ςα)
561 5369 642 5419 FS!
659 5363 753 5419 suo
775 5369 904 5420 Inter
927 5373 1308 5434 Attgustiulanas,
1332 5379 1444 5418 tam.
1476 5369 1519 5418 Ξ.
