4010 6186
363 365 464 426 H5

360 477 564 548 aliquid
615 489 853 532 meorum
891 469 1264 540 opusculorum
1311 465 1588 538 legendum
1637 476 1742 516 non
1785 473 1815 513 a
1857 473 1943 513 me

362 569 581 638 petenti,
611 581 716 619 non
748 574 852 616 tam
880 561 1179 630 diligenter,
1209 573 1367 625 quam
1391 555 1726 624 impudenter
1752 551 1946 620 impin-

361 672 508 726 gere.
550 657 606 712 Si
637 655 761 726 quid
809 667 936 720 ergo
983 653 1086 706 tale
1131 664 1270 704 nunc
1313 649 1410 702 feci
1455 656 1670 716 propter
1695 659 1785 698 eas
1814 657 1945 711 quas

361 746 772 803 conunemoravi
793 761 1002 808 Causas,
1034 744 1313 812 dignanter
1339 741 1584 810 ignosce,
1621 747 1676 790 et
1711 735 1946 790 benevo-

362 842 470 892 lum
503 839 735 890 aninnun
765 837 828 888 ad
857 851 919 889 ea
940 851 1056 900 qua:
1081 847 1377 898 sequuntur
1407 831 1639 884 intente.

432 928 658 984 CAPUT
691 926 774 981 Ill.
813 957 884 967 —
921 929 972 982 5.
1011 924 1263 978 Pudicitia
1293 922 1576 994 conjugalis
1606 919 1795 978 donum
1829 916 1944 972 Dei.

361 1019 438 1074 De
467 1021 745 1088 inﬁdelium
769 1019 1007 1088 pudicitia
1039 1017 1324 1086 diﬁiruftus.
1367 1013 1594 1066 Pudicus
1639 1028 1779 1064 vrrus
1821 1026 1951 1062 non-

361 1111 458 1165 nisi
497 1111 679 1178 ﬁdelis.
725 1111 927 1163 Donum
973 1108 1061 1160 Dei
1093 1121 1210 1160 esse
1235 1106 1393 1159 etiam
1428 1102 1729 1172 pudicitiam
1759 1099 1949 1167 conju-

359 1202 568 1272 galem,
609 1200 940 1253 beatissimus
983 1198 1176 1251 Paulus
1212 1195 1484 1256 ostendit,
1529 1194 1614 1246 nlu
1655 1195 1720 1246 de
1765 1191 1864 1244 hac
1893 1205 1950 1244 re

363 1293 586 1364 loquens
615 1293 688 1346 ait
720 1309 732 1344 :
781 1289 905 1344 Volo
942 1299 1106 1342 (uitem
1135 1304 1306 1341 omnes
1337 1286 1563 1338 homines
1591 1301 1696 1337 esse
1719 1285 1844 1334 sicut
1875 1297 1952 1333 me

365 1387 573 1456 ipsum:
599 1383 686 1436 sed
713 1383 1054 1452 unusquisque
1079 1381 1340 1450 proprium
1370 1378 1556 1430 donum
1585 1375 1730 1428 habet
1761 1391 1792 1426 α
1816 1372 1951 1438 Deo;

363 1475 497 1530 alius
523 1474 723 1537 quidem
750 1475 821 1524 sic
839 1474 878 1537 ‘,
905 1472 1037 1524 alius
1068 1487 1180 1524 vero
1205 1469 1313 1539 sic(
1338 1469 1352 1522 1
1389 1468 1506 1520 Cor.
1533 1482 1608 1521 vn
1631 1507 1646 1530 ,
1677 1467 1706 1518 7
1815 1464 1953 1518 Ecce

365 1574 420 1619 et
446 1565 543 1617 hoc
574 1564 770 1616 donum
792 1577 909 1616 esse
932 1561 1064 1615 dixit
1091 1575 1120 1613 a
1149 1561 1290 1623 Deo;
1315 1559 1413 1612 etsi
1439 1557 1660 1612 inferius
1685 1570 1840 1625 quam
1866 1555 1954 1609 illa

363 1655 686 1712 Continentia
705 1695 718 1718 ,
743 1654 794 1706 in
816 1669 914 1722 qua
937 1666 1124 1706 omnes
1145 1651 1353 1704 volebat
1376 1663 1494 1703 eSsc
1515 1649 1652 1700 sicut
1671 1661 1728 1700 se
1751 1647 1918 1716 ipsum
1937 1687 1950 1710 ,

367 1757 541 1804 tamen
565 1787 582 1812 ,
611 1747 806 1799 domnn
833 1761 862 1798 a
894 1745 1019 1800 Deo.
1070 1743 1222 1800 Unde
1263 1740 1639 1810 inteiligimus,
1679 1755 1798 1793 cum
1840 1737 1956 1794 h.-ec

366 1840 780 1909 praecipiuntur,
821 1848 880 1892 ut
929 1839 1088 1901 tiant,
1139 1837 1266 1890 nihil
1316 1834 1456 1888 aliud
1497 1833 1739 1897 ostendi,
1796 1847 1954 1901 quam

367 1931 544 1985 inesse
570 1929 722 1982 nobis
758 1939 1004 1996 oportere
1043 1928 1110 1982 ad
1149 1927 1264 1981 haec
1301 1925 1606 1994 accipienda
1633 1935 1686 1979 et
1717 1923 1954 1978 habenda

365 2025 524 2078 etiam
556 2023 820 2092 propriam
852 2023 1197 2075 voluntatem.
1239 2019 1370 2074 Cum
1398 2035 1524 2071 vero
1552 2018 1644 2072 Dei
1671 2019 1809 2070 dona
1836 2030 1958 2071 esse

365 2123 761 2172 monStraatur,
795 2129 824 2166 a
863 2126 970 2181 quo
1011 2111 1234 2180 petenda
1275 2111 1419 2175 sint,
1461 2108 1718 2170 discitur,
1761 2107 1805 2160 si
1849 2120 1955 2160 non

369 2204 664 2268 habentur;
696 2213 746 2258 et
775 2201 860 2255 cui
903 2205 1008 2256 sint
1043 2203 1260 2272 agenda:
1302 2201 1483 2268 gratia:
1506 2241 1522 2266 ,
1569 2200 1614 2254 si
1654 2198 1954 2262 habentur;

365 2298 682 2363 nostrasque
725 2295 1022 2348 voluntates
1051 2293 1116 2347 ad
1150 2293 1262 2346 lizec
1291 2291 1582 2360 expetenda
1604 2331 1620 2356 ,
1664 2288 1919 2343 summula
1939 2327 1955 2354 ,

365 2383 640 2440 retinenda
669 2401 850 2452 parum
878 2384 1056 2437 valere
1079 2425 1094 2449 ,
1125 2383 1225 2437 nisi
1249 2383 1506 2435 divinitus
1533 2381 1868 2448 adjuvantur.

437 2476 493 2531 4.
521 2477 656 2542 Quid
685 2492 812 2546 ergo
840 2476 1066 2529 dicimus
1089 2517 1104 2539 ,
1131 2474 1418 2544 quando‘et
1445 2475 1500 2527 in
1530 2472 1839 2541 quihusdam
1863 2471 1962 2525 im-

365 2568 469 2638 piis
495 2569 760 2622 invenitur
790 2567 1039 2637 pudicitia
1067 2568 1360 2636 eonjngalis
1379 2568 1404 2620 ἶ)
1436 2573 1610 2620 utrum
1641 2580 1707 2620 eo
1737 2578 1956 2634 peccare

373 2659 580 2714 dicendi
608 2668 768 2722 smit,
807 2659 946 2728 quod
987 2657 1130 2712 dnuo
1177 2659 1266 2711 Dei
1311 2658 1451 2730 male
1497 2666 1750 2716 utantur,
1775 2655 1960 2710 nonid

365 2749 661 2806 referentes
683 2749 746 2802 :ul
772 2750 968 2802 cultum
996 2747 1112 2816 ejus
1141 2764 1167 2800 a
1199 2763 1305 2817 quo
1329 2757 1650 2815 acceperunt
1673 2746 1697 2799 ?
1725 2763 1791 2799 an
1824 2745 1960 2801 forte

366 2857 466 2896 nec
486 2840 622 2894 dona
653 2840 742 2894 Dei
771 2840 1000 2910 pntauda
1021 2846 1144 2892 sunt
1172 2839 1269 2890 ista
1287 2839 1332 2902 ',
1357 2836 1568 2906 quando
1587 2837 1700 2890 lnrc
1721 2835 1960 2891 infideles

366 2942 528 3002 agunt
548 2972 564 2996 ,
589 2932 879 2986 secundum
908 2933 1141 2999 Arosmli
1171 2930 1488 2984 sententiam
1515 2928 1768 2988 dicentis,
1801 2925 1962 2980 Omne
1989 2927 1993 2930 ’

367 3023 504 3091 quod
530 3039 628 3074 non
664 3032 734 3074 est
760 3038 822 3074 cx
855 3023 955 3089 ﬁde
979 3063 994 3086 ,
1033 3032 1288 3091 peccatum
1325 3029 1396 3072 est
1439 3017 1460 3090 (
1492 3017 1640 3071 ηοω.
1669 3034 1776 3082 xlv,
1803 3017 1874 3072 25
1899 3019 1962 3089 )?

368 3111 499 3180 Quis
525 3123 702 3166 autem
730 3112 920 3165 audeat
947 3113 1123 3165 dicere
1151 3111 1350 3165 donum
1387 3109 1474 3162 Dei
1503 3122 1623 3162 esse
1655 3107 1962 3176 peccatum?

370 3203 560 3258 Anima
591 3203 732 3258 enim
755 3244 770 3264 ,
799 3211 852 3256 et
879 3217 1074 3270 corpus
1098 3243 1114 3267 ,
1151 3211 1204 3255 et
1232 3215 1578 3271 qtuccumqtlc
1607 3199 1741 3252 bona
1769 3199 1962 3254 anima:

369 3307 424 3352 ct
449 3297 688 3365 Corporis
720 3297 1029 3349 naturaliter
1071 3295 1260 3359 insita,
1295 3294 1452 3346 etiam
1499 3293 1552 3346 in
1596 3291 1963 3361 peccatoribus

371 3390 506 3444 d0.;:t
541 3391 630 3444 Dei
659 3397 814 3454 sunt;
839 3404 1086 3458 quoniam
1111 3387 1250 3442 Deus
1271 3429 1284 3452 ,
1315 3403 1418 3439 non
1449 3385 1546 3454 ipsi
1575 3385 1672 3439 ista
1701 3385 1957 3438 fecerunt.

375 3482 451 3537 De
484 3484 563 3536 his
592 3493 766 3535 autem
794 3499 912 3550 qmc
940 3481 1131 3534 faciunt
1163 3481 1356 3534 dictum
1381 3487 1462 3533 est
1480 3519 1495 3544 ,
1517 3478 1678 3532 Omne
1700 3477 1834 3547 quod
1863 3493 1962 3530 non

371 3584 443 3627 est
473 3589 535 3626 ea:
562 3572 693 3640 ﬁde,
726 3580 980 3640 peceatum
1009 3582 1100 3626 cst.
1139 3571 1270 3624 Cum
1303 3571 1459 3638 igitur
1489 3569 1686 3624 faciunt
1713 3569 1826 3622 haec
1855 3567 1952 3622 ho-

373 3663 545 3717 mines
575 3663 688 3715 sine
721 3662 856 3726 lide,
885 3677 1004 3731 qua:
1047 3661 1290 3715 videntur
1325 3661 1388 3713 ad
1434 3659 1765 3730 eonjugalem
1808 3658 1962 3728 pndi-

373 3755 552 3808 citiaui
582 3758 850 3822 pertinuere
874 3795 888 3814 .
917 3755 1030 3808 sive
1061 3752 1366 3806 hominibus
1387 3751 1599 3822 placere
1625 3759 1926 3820 quaerentes
1945 3791 1959 3816 ,

373 3847 457 3899 γιιι
489 3845 584 3900 sibi
619 3845 699 3898 vel
730 3845 846 3899 aliis
873 3887 888 3908 ,
921 3845 1035 3900 sive
1067 3845 1120 3896 in
1160 3843 1241 3897 Itis
1271 3844 1429 3898 rebus
1455 3857 1586 3912 quas
1614 3843 1800 3896 vitiose
1829 3857 1961 3896 cnn-

375 3940 653 4010 cupiscuat
677 3979 692 4003 ,
737 3937 996 3992 humanas
1037 3936 1308 3990 molestias
1347 3935 1644 3989 devitantes
1669 3976 1682 3998 ,
1712 3935 1824 3988 sive
1853 3933 1964 3986 dze-

374 4031 621 4085 monibus
668 4031 996 4092 servientes;
1047 4042 1150 4082 non
1204 4037 1416 4097 peccata
1469 4035 1816 4092 coercentur,
1871 4025 1964 4080 sed

374 4123 494 4176 aliis
524 4121 753 4190 peccatis
781 4119 882 4174 alia
913 4126 1130 4188 pcccztta
1155 4119 1456 4172 vincuntur.
1492 4117 1640 4170 Absit
1663 4132 1791 4187 ergo
1815 4117 1966 4184 pudi-

377 4231 497 4269 cum
537 4217 799 4268 veraciter
839 4215 978 4282 dici,
1023 4215 1111 4284 qui
1159 4230 1264 4268 non
1310 4220 1530 4285 propter
1569 4214 1733 4268 Deum
1780 4223 1998 4268 verum'

376 4307 536 4362 ﬁdem
567 4307 814 4359 coniinhii
845 4318 1018 4361 servat
1049 4307 1223 4360 uxori.

449 4399 674 4452 CAPUT
703 4399 786 4450 IV.
812 4428 879 4438 ——
897 4398 1282 4466 Nuptiarum
1311 4398 1492 4452 bonum
1515 4397 1764 4452 naturale.
1791 4398 1968 4452 Omnis

378 4489 590 4546 societas
615 4489 914 4540 tmturaliter
943 4486 1323 4555 [rutululentum
1365 4489 1555 4540 socium
1593 4489 1794 4554 refugit.
1830 4487 1966 4542 Cou-

375 4579 568 4654 jugalis
595 4578 836 4644 pudicitia
865 4593 976 4648 qua:
1011 4593 1140 4629 cera.
1201 4575 1476 4645 Virginitns
1509 4588 1555 4628 ct
1600 4577 1840 4644 pudicitia
1868 4595 1969 4632 non

381 4688 528 4735 cera,
562 4669 660 4722 nisi
683 4685 795 4736 qum
820 4685 946 4722 certe
970 4670 1086 4736 ﬁdet
1116 4669 1452 4738 mancipatur.
1482 4667 1522 4722 C
1560 4670 1760 4738 pulatio
1791 4671 1967 4740 itaque

379 4763 543 4818 maris
567 4771 618 4814 ct
642 4760 848 4814 fctuiuzc
867 4759 1152 4828 generandi
1185 4775 1340 4812 causa
1364 4801 1378 4822 .
1404 4761 1599 4814 bonum
1623 4769 1706 4814 est
1728 4761 1968 4816 naturale

378 4855 683 4915 nuptiarum
712 4869 727 4906 :
761 4853 852 4906 scil
885 4853 988 4908 isni
1016 4853 1156 4905 bono
1183 4853 1318 4906 male
1338 4853 1410 4907 uti
1440 4869 1504 4908 ur
1523 4896 1538 4920 ,
1561 4855 1650 4924 qui
1679 4855 1969 4912 bestialiter

379 4950 544 5002 utitur
563 4988 576 5010 ,
609 4954 668 4999 nt
694 4945 759 5000 sit
787 4945 901 5015 ejus
930 4945 1155 4999 intentio
1185 4946 1238 5000 in
1267 4947 1540 5014 voluptate
1571 4948 1800 5004 libidinis
1819 4991 1834 5014 ,
1865 4966 1967 5030 non

385 5039 439 5093 in
469 5038 740 5091 voluntate
773 5034 1097 5106 propaginis.
1124 5036 1438 5106 Quanquam
1481 5039 1533 5092 in
1563 5040 1828 5093 nonnullis
1856 5041 1971 5094 ani-

382 5129 612 5183 malibus
639 5128 858 5182 rationis
885 5129 1192 5197 expertibus
1213 5171 1227 5192 ,
1261 5130 1400 5184 sicut
1437 5131 1486 5184 in
1529 5131 1800 5202 plerisque
1826 5133 1968 5187 aliti-

378 5218 481 5278 bus
501 5262 514 5284 ,
543 5229 597 5274 et
616 5220 979 5290 coniugiorum
1003 5223 1244 5292 qnmdam
1280 5225 1430 5290 quasi
1470 5225 1851 5282 conlaederatio
1877 5243 1971 5282 cu-

387 5311 644 5372 sioditur,
672 5321 726 5365 et
768 5313 980 5366 socialis
1025 5313 1328 5368 niditieandi
1357 5317 1602 5382 solertia,
1633 5317 1970 5390 vicissimque

382 5416 603 5456 ovorum
645 5401 920 5470 dispertita
963 5411 1200 5471 tempora
1243 5405 1625 5474 fovendorum,
1655 5419 1708 5464 et
1734 5413 1970 5466 ntitricu-

382 5492 572 5548 dorum
621 5508 784 5561 Opera
837 5495 1039 5550 alterna
1092 5498 1393 5568 pullorum,
1451 5504 1618 5572 magis
1667 5518 1758 5558 cas
1802 5503 1970 5560 \ideri

380 5584 806 5652 laciuntagerc,
855 5601 974 5638 cmn
1021 5601 1252 5646 canunt.
1303 5594 1571 5660 ns‘gotinm
1613 5595 1966 5652 substiturndi

448 5718 464 5787 ξ
492 5724 536 5787 ta
561 5717 780 5767 omnibus
805 5725 929 5773 Mss,
955 5719 1177 5787 (εζξιιςεεὶε.
1202 5721 1327 5787 alia:
1344 5726 1537 5787 quidem
1554 5741 1642 5780 sic.

444 5779 466 5812 ⁸
489 5778 658 5831 iteres
681 5789 807 5844 Mss,
827 5781 1038 5830 t‘Ot‘omla
1063 5791 1168 5832 sunt
1194 5783 1302 5834 ista.

347 5866 376 5884 δ

1174 354 1266 410 DE
1303 349 1572 411 NUPTHS
1611 345 1695 402 ET
1735 339 2342 412 CONCUPISCENTM,
2383 343 2421 399 S
2481 341 2846 400 AUGUSTI)“

3525 344 3630 402 416

2052 458 2296 526 generis,
2336 472 2498 527 quam
2533 457 2810 527 explendae
2852 457 3104 512 libidinis.
3140 456 3375 528 Quorum
3405 457 3633 515 duorum

2051 547 2178 603 illud
2226 557 2308 604 est
2348 547 2400 602 in
2449 564 2635 617 pecore
2669 547 2842 603 simile
2883 548 3148 614 hominis,
3179 547 3282 604 hoc
3322 549 3373 603 in
3417 547 3635 608 homine

2051 641 2224 695 simile
2251 641 2476 709 pecoris.
2499 641 2692 695 Verum
2716 641 2853 711 quod
2878 641 2982 696 dixi
3008 641 3072 695 ad
3103 653 3340 696 naturam
3365 643 3629 712 pertinere

2051 733 2393 802 nuptiarum,
2439 743 2496 786 ut
2543 749 2654 786 nias
2696 743 2750 788 et
2797 733 2988 788 femina
3035 735 3320 803 generandi
3373 737 3634 793 socictate

2048 820 2335 890 juagautnr
2357 863 2372 887 ,
2403 833 2456 876 et
2484 824 2552 876 ita
2584 825 2806 879 invicem
2838 841 2942 877 non
2972 823 3208 880 fraudeut
3236 868 3252 888 ,
3296 827 3429 881 sicut
3456 829 3630 884 oinnis

2053 919 2282 968 societas
2310 915 2698 968 fraudulentum
2726 915 2928 970 socium
2953 917 2968 948 ⁸
3011 920 3320 972 naturaliter
3355 935 3458 973 non
3487 921 3630 986 vult;

2057 1005 2156 1057 hoc
2189 1015 2294 1058 tam
2323 1005 2542 1060 evidens
2569 1007 2764 1061 ilOllllIll
2807 1024 2927 1062 cum
2972 1009 3212 1064 infideles
3255 1011 3448 1065 habent
3469 1054 3484 1076 ,
3510 1014 3634 1081 quia

2055 1093 2338 1148 infideliter
2365 1107 2580 1150 utuntur
2603 1139 2618 1163 ,
2670 1097 2722 1151 in
2765 1101 2960 1152 malum
3000 1113 3376 1170 peccatnnnptc
3407 1118 3636 1158 cnnver-

2057 1194 2192 1240 tnnt.
2225 1187 2302 1241 Eo
2326 1189 2484 1244 modo
2510 1206 2636 1259 ergo
2665 1197 2722 1244 ct
2744 1191 2884 1244 illam
2913 1194 3395 1258 concupiscentiam
3423 1195 3632 1260 carnis,

2054 1293 2154 1348 qua
2182 1295 2306 1332 caro
2327 1283 2654 1349 concnpiscit
2672 1283 2924 1336 adversus
2945 1285 3187 1353 spiritum
3214 1284 3420 1358 (Ca/at.
3443 1303 3497 1352 v,
3527 1289 3634 1355 Π),

2059 1369 2108 1422 in
2142 1384 2292 1422 usum
2322 1369 2544 1436 justitim
2580 1383 2897 1427 convertunt
2927 1375 3155 1428 lidelitnn
3187 1377 3400 1444 nuptize.
3435 1377 3638 1432 Habent

2055 1461 2252 1528 quippe
2284 1461 2629 1516 intentionem
2679 1465 2968 1534 generandi
3003 1467 3428 1536 regenemndos,
3466 1479 3520 1520 nt
3548 1470 3638 1538 qui

2055 1567 2122 1606 ex
2149 1551 2228 1605 eis
2254 1553 2430 1606 smculi
2455 1554 2544 1607 lilii
2568 1564 2856 1610 nascuntur
2878 1597 2894 1622 ,
2925 1556 2976 1610 in
3003 1557 3089 1610 Dei
3111 1557 3248 1611 ﬁlios
3271 1569 3636 1614 renascantur.

2055 1640 2387 1711 Quapropter
2410 1645 2498 1713 qni
2529 1661 2632 1698 non
2681 1646 2780 1700 hac
2819 1647 3110 1703 intentione
3133 1690 3148 1713 ,
3191 1647 3290 1703 hac
3329 1652 3596 1704 voluntate
3619 1693 3635 1718 ,

2058 1731 2158 1786 hoc
2186 1731 2289 1786 tiue
2311 1744 2569 1803 generant
2598 1737 2734 1790 tilios
2757 1779 2772 1800 ,
2808 1745 2865 1790 nt
2902 1751 2996 1792 eos
3033 1755 3098 1793 ex
3125 1740 3379 1794 membris
3409 1741 3638 1798 hominis

2059 1822 2212 1892 primi
2253 1823 2304 1876 in
2347 1825 2582 1878 membra
2627 1826 2946 1882 transferant
2984 1829 3220 1898 Christi,
3260 1833 3352 1886 sed
3397 1833 3638 1890 inlideies

2057 1924 2306 1984 parentes
2327 1914 2394 1969 de
2425 1914 2620 1970 infideli
2646 1918 2793 1986 prole
2816 1919 3148 1988 glorientur;
3171 1923 3377 1978 etiamsi
3409 1933 3548 1978 tanta
3571 1925 3640 1980 sit

2058 2005 2472 2072 observantia’,
2522 2015 2580 2061 ut
2625 2007 2916 2062 secundum
2975 2011 3392 2070 matrimoniales
3437 2015 3643 2070 tabulas

2059 2096 2269 2150 nonnisi
2296 2097 2578 2152 liberorum
2601 2100 3045 2170 procreandorum
3067 2117 3222 2159 eausa
3249 2107 3602 2160 concumbunt
3621 2150 3637 2173 ,

2059 2202 2165 2241 non
2201 2198 2281 2242 est
2325 2189 2378 2243 in
2423 2191 2500 2244 cis
2546 2207 2668 2248 vera
2710 2194 2957 2263 pmlieitia
3000 2197 3308 2268 c0ujngalis.
3339 2197 3468 2254 Cum
3494 2201 3638 2255 enim

2057 2277 2226 2332 virtus
2251 2279 2320 2332 sit
2349 2281 2594 2348 pudicitia
2620 2323 2637 2348 ,
2677 2284 2764 2338 cui
2793 2285 2972 2339 vitium
3003 2289 3328 2342 contrarium
3355 2300 3438 2344 est
3469 2291 3640 2359 impu-

2013 2421 2018 2424 _
2060 2367 2238 2424 dicitia
2258 2414 2273 2438 ,
2298 2387 2589 2443 omnesque
2611 2376 2834 2432 virtutes
2853 2377 3010 2432 etiam
3033 2396 3150 2448 qua:
3175 2395 3268 2449 per
3295 2397 3491 2453 corpus
3515 2400 3640 2456 ope-

2061 2473 2280 2530 rantur,
2315 2465 2366 2518 in
2409 2467 2590 2520 animo
2635 2467 2905 2536 habitent;
2953 2473 3220 2541 quomodo
3260 2491 3384 2530 vera
3435 2479 3642 2534 ratione

2061 2551 2309 2622 pudicum
2341 2569 2534 2629 corpus
2569 2559 2858 2624 asseritur,
2900 2561 3110 2630 quando
3147 2579 3176 2616 a
3222 2580 3350 2619 vero
3377 2567 3483 2620 Ι)υο
3526 2569 3641 2636 ipse

2061 2645 2270 2700 animus
2299 2645 2626 2702 fornicatur?
2655 2649 2822 2718 Quam
2853 2651 3268 2714 fornicationem,
3297 2669 3508 2713 sanctus
3553 2662 3643 2718 ille

2062 2736 2296 2804 pSaImus
2320 2749 2531 2792 accusat
2555 2781 2570 2802 ,
2602 2740 2686 2792 ubi
2717 2741 2844 2796 dicit
2883 2761 2896 2796 :
2945 2743 3074 2798 Ecce
3112 2748 3246 2800 enim
3283 2750 3371 2820 qui
3414 2751 3564 2821 longe
3591 2769 3646 2806 se

2063 2827 2256 2896 faciunt
2281 2843 2312 2879 a
2338 2837 2384 2880 te
2406 2869 2420 2892 ,
2453 2829 2682 2898 peribunt
2705 2845 2724 2894 ;
2750 2833 3014 2900 perdidisti
3039 2852 3235 2890 onmem
3258 2841 3342 2903 qui
3361 2839 3646 2906 fornicatur

2063 2920 2152 2972 obs
2180 2929 2244 2972 te.
2276 2919 2294 2988 (
2320 2917 2465 2974 Psal.
2501 2937 2638 2976 Lxxu
2659 2963 2675 2989 ,
2702 2922 2768 2977 27
2864 2925 2996 2980 Vera
3027 2928 3184 2996 igitur
3211 2931 3496 3000 pudicitia,
3527 2936 3644 2992 sive

2061 3013 2354 3083 conjugalis
2377 3055 2393 3078 ,
2424 3014 2534 3068 sive
2565 3015 2788 3070 vidualis
2813 3059 2828 3080 ,
2856 3018 2972 3072 sive
2999 3021 3266 3088 virginalis
3291 3025 3510 3080 dicenda
3537 3046 3640 3083 non

2063 3111 2145 3157 est
2166 3143 2179 3165 ,
2214 3104 2313 3157 nisi
2343 3121 2461 3174 qum
2489 3121 2628 3161 vera:
2653 3107 2774 3161 lidei
2803 3110 3151 3179 mancipatur.
3176 3114 3306 3168 Cum
3329 3117 3469 3169 enim
3497 3127 3644 3174 recto

2060 3193 2264 3262 judicio
2287 3194 2598 3264 praferatur
2618 3199 2814 3268 nuptiis
2834 3211 3038 3254 Sacrata
3062 3203 3368 3270 virginitas;
3394 3207 3514 3274 quis
3539 3225 3645 3264 non

2062 3284 2237 3339 Sobria
2261 3295 2435 3340 mente
2455 3289 2773 3344 christianos
2794 3291 2951 3344 etiam
2981 3309 3084 3346 non
3109 3295 3374 3350 univiras’
3396 3299 3642 3353 christia-

2059 3390 2161 3430 nas
2203 3378 2492 3432 catholicas
2535 3393 2759 3450 nuptas,
2807 3399 2910 3436 non
2959 3386 3131 3440 solum
3179 3389 3504 3454 vcsndLhus,
3551 3392 3645 3447 sed

2063 3469 2221 3523 etiam
2254 3469 2516 3526 limrcticis
2545 3475 2836 3544 virginibus
2875 3480 3206 3546 anteponat?
3243 3481 3464 3536 Tantum
3505 3485 3647 3540 valet

2067 3561 2202 3616 ﬁdes
2223 3605 2236 3628 ,
2269 3563 2336 3618 de
2365 3581 2464 3634 qua
2495 3567 2622 3622 dicit
2655 3569 2972 3638 Apostolus,
3009 3573 3170 3625 Omne
3195 3574 3329 3642 quod
3357 3592 3456 3628 non
3487 3585 3556 3630 est
3585 3593 3650 3632 ex

2065 3651 2168 3719 ﬁde
2191 3695 2204 3714 .
2253 3666 2512 3724 peccatum
2557 3668 2629 3711 est
2675 3659 2692 3729 (
2723 3659 2868 3713 Rom.
2900 3677 3002 3724 xiv,
3029 3661 3102 3716 23
3125 3662 3143 3733 )
3169 3681 3183 3715 τ
3217 3675 3270 3718 et
3297 3663 3366 3720 de
3391 3682 3488 3734 qua
3521 3667 3645 3722 item

2065 3743 2317 3814 scriptum
2348 3756 2430 3800 est
2470 3746 2534 3800 ad
2576 3747 2864 3810 llebrmos.
2915 3749 3042 3806 Siue
3077 3755 3180 3822 [ide
3225 3755 3535 3825 impossibile
3573 3766 3648 3812 est

2065 3833 2264 3904 placere
2293 3834 2395 3888 Deo
2449 3835 2468 3906 (
2495 3835 2652 3891 Hebr.
2682 3855 2735 3893 ιιι
2760 3882 2774 3902 ,
2805 3839 2900 3911 6).

2137 3925 2360 3981 CAPUT
2393 3927 2452 3980 V.
2476 3957 2551 3968 —
2589 3928 2641 3982 6.
2672 3928 2918 3986 Libidinis
2963 3934 3258 4000 vituperatio
3297 3954 3396 3990 non
3436 3947 3508 3992 est
3553 3939 3648 3993 da-

2065 4019 2254 4071 mnatio
2269 4019 2574 4088 nuptiarum.
2596 4017 2773 4074 Pudor
2794 4022 2844 4074 in
2860 4039 3068 4093 carpare
3085 4027 3304 4080 Imnnma
3324 4027 3644 4082 iiitclc.Adant

2067 4117 2114 4162 ct
2145 4107 2250 4162 Era
2275 4126 2373 4162 nou
2419 4120 2536 4164 sunt
2565 4113 2683 4165 (τιεεί
2709 4115 2882 4167 creati.
2923 4115 3124 4185 Apertio
3154 4118 3414 4172 oculorum
3452 4121 3504 4174 in
3533 4122 3652 4190 pri-

2067 4201 2163 4254 mis
2217 4203 2503 4272 parentibus
2546 4204 2686 4273 quid.
2743 4204 2871 4271 Qu:e
2921 4223 3040 4260 cmn
3092 4208 3160 4262 ita
3213 4210 3354 4272 sint,
3409 4215 3644 4280 profecto

2067 4304 2246 4346 errant
2270 4333 2286 4358 ,
2313 4293 2400 4362 qui
2430 4308 2548 4346 cum
2581 4295 2904 4362 vituperatur
2931 4297 3092 4352 libido
3119 4302 3376 4364 carnaiis,
3403 4302 3642 4362 danniari

2069 4383 2278 4454 nuptias
2299 4385 2610 4451 opinantur,
2633 4387 2783 4456 quasi
2807 4388 3022 4443 morbus
3044 4390 3142 4445 iste
3168 4390 3234 4447 de
3255 4394 3521 4447 connubio
3541 4395 3608 4447 sit
3627 4438 3644 4459 ,

2069 4493 2174 4530 non
2205 4478 2272 4531 de
2303 4489 2538 4544 peceato.
2564 4478 2748 4533 Nonne
2789 4481 2861 4534 illi
2904 4481 3154 4550 conjuges
3187 4483 3380 4552 primi,
3421 4501 3647 4554 quorum

2070 4570 2280 4638 nuptias
2311 4569 2579 4624 benedixit
2609 4571 2750 4626 Deus
2779 4572 2961 4626 dicens
2983 4613 2998 4634 ,
3030 4573 3244 4628 Crescite
3265 4617 3282 4641 ,
3316 4584 3364 4629 et
3399 4575 3620 4648 multipli

2069 4661 2254 4712 camini
2279 4660 2298 4731 (
2322 4658 2446 4714 Gen.
2489 4678 2540 4728 ι,
2565 4661 2636 4717 28
2662 4667 2698 4730 ),
2734 4664 2857 4716 nudi
2887 4672 3070 4729 erant,
3115 4673 3170 4719 ct
3214 4683 3316 4719 non
3353 4667 3654 4720 confunde-

2070 4749 2304 4804 bantur“!
2331 4750 2438 4806 Cur
2463 4767 2590 4820 ergo
2613 4769 2676 4806 ex
2701 4754 2804 4805 illis
2833 4754 3084 4807 membris
3109 4754 3350 4808 confusio
3381 4767 3500 4824 post
3528 4773 3654 4821 pec-

2071 4854 2244 4897 catnm
2271 4885 2286 4908 ,
2318 4843 2416 4898 nisi
2443 4847 2564 4914 quia
2588 4844 2788 4898 exstitit
2810 4847 2920 4902 illic
2940 4847 3190 4900 indecens
3217 4857 3390 4903 motus
3409 4891 3426 4913 ,
3448 4865 3607 4920 quem
3635 4888 3655 4914 ,

2076 4934 2176 4988 nisi
2211 4935 2450 4990 homines
2495 4947 2798 5004 peccassent
2825 4978 2840 5001 ,
2879 4938 3059 5006 procul
3103 4938 3264 4992 dubio
3309 4942 3506 5009 nuptiae
3553 4956 3658 4996 non

2073 5024 2367 5080 haberent?
2397 5029 2478 5080 An
2516 5025 2650 5081 forte
2673 5069 2689 5094 ,
2734 5029 2870 5083 sicut
2911 5029 3124 5100 quidam
3159 5033 3498 5100 existimant,
3535 5035 3656 5102 quia

2074 5117 2126 5171 id
2177 5117 2318 5186 quod
2365 5118 2544 5188 legunt
2591 5134 2774 5188 parum
2829 5121 3112 5192 diligenter
3158 5124 3468 5189 advertunt,
3532 5127 3663 5182 ca-ci

2073 5211 2235 5264 creati
2268 5221 2416 5264 erant
2449 5211 2596 5281 prius
2627 5212 2869 5267 homines
2890 5256 2904 5279 ,
2939 5216 3075 5269 sicut
3102 5231 3292 5273 caneS'
3325 5225 3378 5271 cl.
3404 5217 3546 5286 quod
3581 5229 3661 5272 est

2073 5300 2356 5355 absurdius
2378 5342 2393 5368 ,
2426 5319 2528 5356 non
2557 5304 2690 5357 sicut
2715 5319 2872 5359 canes
2901 5306 3226 5370 crescendo,
3260 5307 3352 5361 sul
3387 5311 3663 5376 peccando

2074 5391 2250 5461 adeth
2277 5409 2400 5448 sunt
2425 5395 2632 5448 visum?
2665 5396 2814 5450 Absit
2846 5397 2944 5451 hoc
2967 5399 3208 5452 credere.
3243 5401 3346 5452 Sed
3378 5401 3516 5456 unde
3542 5421 3660 5459 mo-

2075 5494 2266 5539 ventur
2288 5486 2376 5556 qui
2409 5485 2505 5540 hoc
2537 5496 2753 5556 putant,
2805 5488 2932 5542 illud
2969 5501 3050 5544 est
3097 5489 3235 5559 quod
3284 5492 3514 5562 legitur,
3551 5495 3628 5550 Sa

2142 5670 2155 5699 '
2187 5677 2280 5716 Am.
2309 5675 2361 5716 et
2381 5674 2474 5727 BL,
2496 5667 2792 5718 ﬁ'audtdenu
2813 5683 2872 5718 an
2891 5681 2989 5719 san
3021 5683 3145 5719 rum.

2143 5732 2160 5761 ¹
2188 5733 2402 5780 Nounutli
2427 5744 2454 5776 θ
2483 5740 2500 5772 \
2517 5733 2712 5778 ant-auis
2735 5739 2860 5784 λιες..
2887 5739 3032 5780 tanta!
3056 5732 3150 5782 sint
3173 5733 3501 5784 observantur.

2145 5793 2165 5823 ³
2200 5800 2314 5842 ires
2342 5795 2541 5842 \aticaai
2571 5802 2691 5852 \zss.,
2717 5793 2857 5842 etiam
2881 5793 3120 5859 nuit-iras;
3143 5796 3340 5856 omisso,
3362 5809 3471 5845 nari.
