4034 6182
361 334 468 390 s19

361 444 690 512 adiunctum,
717 453 821 496 non
862 437 930 494 sit
959 433 1264 496 voluntatis,
1301 428 1396 486 sed
1441 423 1797 491 necessitatis,
1823 421 1940 512 sine

363 511 467 602 qua
505 544 680 589 tamen
719 532 770 585 in
810 525 1150 599 procreandis
1181 523 1304 577 ﬁliis
1328 521 1394 575 ad
1425 518 1650 574 fructum
1681 511 1944 586 perveniri

367 642 473 680 non
494 632 662 692 potest
681 621 844 692 ipsius
860 618 1166 673 voluntatis.
1188 614 1318 683 Qua:
1341 612 1584 667 voluntas
1605 608 1655 663 in
1669 604 1949 662 connubiis

367 716 600 772 ﬁdelium
641 730 744 768 non
783 727 849 766 eo
898 710 1004 765 ﬁne
1038 708 1451 770 determinatur,
1501 709 1558 756 ut
1609 695 1880 754 transituri
1928 695 1946 728 ⁸

370 807 460 863 lilii
494 821 776 863 nascantur
796 805 847 858 in
869 803 1066 858 seculo
1091 800 1213 866 isto,
1235 796 1328 853 sed
1353 805 1414 850 ut
1442 791 1772 865 permansori
1793 802 1951 844 rena-

369 909 585 955 scantur
613 899 664 952 in
690 895 921 952 Christo.
963 893 1116 962 Quod
1161 891 1206 946 si
1251 887 1573 960 provenerit,
1601 897 1808 940 merces
1843 880 1950 936 erit

369 991 437 1046 de
465 990 710 1059 conjugin
735 989 905 1058 plemc
931 983 1200 1040 felicitatis
1225 997 1240 1036 :
1271 981 1316 1036 si
1343 988 1522 1042 autem
1553 992 1657 1030 non
1687 987 1950 1046 provene-

372 1085 462 1152 rit,
489 1098 591 1153 pax
624 1081 723 1135 crit
757 1076 1069 1148 c0njugihns
1101 1075 1253 1128 honre
1281 1067 1587 1124 voluntatis.
1631 1065 1741 1120 Hac
1778 1065 1953 1118 inten-

374 1176 519 1230 tione
547 1171 735 1227 cordis
752 1171 842 1238 qui
871 1183 1024 1222 suum
1056 1180 1149 1220 vas
1177 1162 1436 1234 possidet,
1464 1160 1515 1214 id
1543 1166 1645 1225 est,
1674 1155 1953 1226 conjugem

374 1277 559 1327 suam;
591 1259 774 1330 procul
803 1257 964 1312 dubio
985 1271 1090 1310 non
1123 1252 1356 1324 possidet
1381 1253 1434 1306 in
1465 1250 1652 1304 morbo
1679 1245 1952 1310 desiderii,

375 1356 512 1410 sicut
532 1361 717 1421 gentes
732 1365 850 1419 qua:
870 1349 1109 1418 ignorant
1131 1345 1295 1399 Deum
1317 1359 1332 1408 ;
1355 1341 1448 1396 sed
1468 1341 1519 1394 in
1540 1337 1958 1394 sanctificatione

376 1451 436 1500 et
472 1443 708 1506 honore,
749 1441 885 1494 sicut
929 1436 1110 1492 ﬁdeles
1149 1435 1238 1504 qui
1277 1440 1490 1502 sperant
1535 1432 1585 1484 in
1631 1430 1819 1485 Deum.
1867 1425 1960 1483 Illo

378 1537 574 1608 quippe
617 1530 1057 1602 concupiscentia:
1101 1528 1240 1582 malo
1279 1525 1442 1580 utitur
1473 1523 1656 1588 homo,
1698 1536 1803 1576 non
1843 1521 1960 1574 vin—

380 1631 536 1693 citur,
553 1625 764 1698 quando
783 1639 899 1678 eam
928 1620 1240 1676 inordinatis
1260 1627 1418 1688 atque
1444 1615 1709 1670 indecoris
1728 1613 1962 1668 motibus

381 1727 694 1775 aestuantem
734 1715 922 1770 franiat
958 1722 1013 1768 et
1049 1711 1289 1776 cohibet;
1334 1723 1506 1777 neque
1548 1706 1648 1760 nisi
1687 1705 1962 1776 prepagini

381 1809 668 1864 consulens
685 1807 886 1861 relaxat
899 1813 1058 1874 atque
1069 1801 1306 1866 adhibet,
1323 1807 1379 1854 ιιι
1394 1798 1736 1868 Spiritualiter
1752 1811 1967 1870 regene-

382 1899 580 1954 randos
595 1896 875 1952 carnaliter
891 1894 1092 1965 gignat,
1116 1908 1219 1946 non
1243 1899 1300 1945 ut
1319 1889 1561 1960 spiritum
1583 1888 1729 1944 carni
1751 1885 1962 1942 sordida

385 1991 638 2047 servitute
653 1987 916 2056 subjiciat.
946 1986 1034 2041 Sic
1053 1993 1228 2056 patres
1245 1993 1460 2036 sanctos
1475 1983 1498 2016 ⁸
1523 1996 1586 2036 ex
1619 1979 1885 2035 Abraham
1913 1987 1968 2033 et

384 2088 509 2136 ante
525 2077 816 2142 Abraham,
833 2075 1025 2146 quibus
1043 2075 1182 2129 Deus
1195 2072 1335 2144 quod
1351 2069 1402 2126 ei
1418 2070 1710 2141 placuerint
1723 2067 1968 2140 perhibet

386 2170 770 2232 testimonium,
797 2183 922 2224 usos
953 2166 1113 2220 fuisse
1131 2163 1448 2234 conjugihus
1471 2162 1737 2216 neminem
1759 2169 1970 2230 oportet

389 2261 633 2316 dubitare
660 2257 1044 2322 christianum;
1084 2253 1296 2326 quando
1321 2252 1633 2324 quihusdam
1659 2252 1824 2308 etiam
1857 2251 1970 2307 sin-

389 2353 526 2424 gulis
553 2351 728 2420 plures
747 2348 944 2403 habere
967 2360 1279 2402 concessum
1304 2351 1408 2410 est,
1425 2343 1512 2398 ubi
1533 2343 1670 2398 ratio
1690 2340 1790 2396 fuit
1808 2341 1970 2411 prolis

392 2441 803 2512 multiplicandte
822 2480 836 2506 ,
868 2453 974 2494 non
1001 2437 1266 2492 varianda:
1294 2436 1550 2507 appetitio
1578 2435 1880 2506 voluptatis.

464 2531 690 2590 CAPUT
741 2529 830 2585 IX.
892 2559 965 2577 -ι-
1008 2527 1096 2585 10.
1147 2527 1248 2583 Cur
1305 2527 1411 2581 viro
1476 2526 1645 2596 plures
1697 2524 1972 2596 aliquando

394 2639 594 2686 uxores,
634 2636 892 2692 nunquam
941 2627 1108 2672 autem
1148 2618 1346 2690 femina:
1389 2616 1557 2688 plures
1606 2616 1738 2670 viros
1791 2615 1976 2669 habere

393 2712 709 2784 permissum.
763 2709 964 2762 Natura
993 2708 1356 2778 principiorum
1386 2703 1790 2777 singularitatem
1815 2715 1972 2758 amat.

394 2803 528 2858 Nam
577 2803 622 2857 si
671 2798 779 2856 Deo
821 2809 1028 2870 patrum
1067 2807 1410 2863 nostrorum,
1455 2796 1544 2866 qui
1592 2797 1750 2852 etiam
1796 2807 1977 2850 noster

397 2901 515 2960 est,
565 2892 652 2946 illa
690 2895 1042 2946 numerositas
1079 2888 1361 2958 conjugum
1402 2896 1682 2958 propterea
1715 2901 1822 2942 non
1862 2885 1976 2942 dis-

399 2983 692 3056 plicuisset,
731 2991 788 3036 ut
825 2979 1092 3049 c0piosius
1129 2991 1188 3034 se
1227 2977 1390 3033 libido
1425 2977 1674 3046 jactaret,
1707 2975 1776 3030 ita
1816 2977 1975 3030 etiam

397 3081 594 3128 sancte
639 3069 852 3126 femina:
900 3069 1194 3124 servissent
1238 3067 1476 3138 pluribus
1527 3066 1748 3137 singulae
1782 3084 1797 3120 :
1835 3064 1976 3138 quod

400 3163 446 3216 si
479 3163 650 3232 aliqua
689 3158 918 3225 faceret,
949 3157 1073 3229 quid
1113 3173 1230 3212 eam
1269 3158 1366 3212 nisi
1393 3157 1837 3226 concupiscentia:
1869 3167 1978 3213 tur-

398 3253 586 3324 pitudo
621 3252 986 3321 compelleret,
1027 3256 1087 3303 ut
1115 3249 1293 3318 plures
1321 3250 1464 3302 viros
1495 3247 1734 3314 haberet,
1767 3247 1980 3318 quando

399 3346 498 3401 ista
538 3344 746 3399 licentia
777 3342 956 3412 plures
986 3341 1122 3394 lilios
1161 3355 1264 3393 non
1300 3337 1558 3394 haberet?
1600 3340 1978 3395 Verumtamen

401 3436 571 3506 magis
606 3435 872 3506 pertinere
909 3433 975 3487 ad
1013 3431 1310 3503 nuptiarum
1350 3429 1565 3496 bonum,
1598 3445 1703 3485 non
1733 3445 1894 3485 unum
1923 3439 1984 3486 et

402 3529 618 3593 inultas,
648 3524 742 3580 sed
773 3538 932 3578 unum
965 3530 1020 3577 et
1057 3536 1238 3590 unam,
1263 3523 1394 3577 satis
1431 3520 1627 3576 iudicat
1661 3521 1772 3592 ipsa
1811 3521 1982 3592 prima

402 3617 656 3672 divinuus
679 3616 813 3671 facta
837 3613 1118 3685 conjngum
1139 3611 1348 3682 capula,
1375 3619 1434 3666 ut
1457 3611 1580 3666 inde
1601 3611 1865 3666 connubia
1889 3626 1982 3666 su-

401 3714 610 3763 merent
631 3706 858 3772 initium,
880 3705 968 3760 ubi
992 3703 1264 3759 honestius
1281 3702 1643 3758 attendcttetur
1657 3703 1980 3774 exemplum.

403 3797 782 3870 i‘rogredia-nte
807 3807 982 3851 autem
1003 3811 1198 3867 genere
1219 3795 1472 3859 humano,
1488 3794 1687 3866 jllnCli’c
1713 3804 1836 3850 sunt
1863 3797 1984 3866 qui-

403 3895 625 3950 husdam
660 3891 815 3948 bonis
857 3891 984 3945 viris
1030 3891 1182 3945 home
1233 3888 1476 3954 femina),
1514 3888 1736 3959 singulis
1779 3889 1980 3959 plures.

404 3985 555 4040 Unde
583 3991 802 4054 apparet
837 3991 892 4038 et
924 3980 1047 4037 illud
1073 3981 1343 4052 dignitatis
1377 3979 1546 4051 magis
1575 3981 1840 4052 appetisse
1865 3997 1982 4036 mo-

400 4075 659 4142 destiam,
711 4083 766 4130 et
818 4072 920 4128 hoc
969 4070 1308 4128 fecunditatis
1358 4071 1666 4142 permisisse
1714 4081 1982 4128 natumut.

407 4165 541 4221 Nam
571 4173 624 4220 ct
648 4163 969 4233 principatus
989 4163 1156 4234 magis
1175 4161 1486 4217 naturaliter
1508 4163 1670 4218 unius
1691 4163 1744 4218 in
1767 4165 1982 4232 multos,

403 4271 568 4327 quam
609 4256 660 4310 in
691 4270 852 4311 unum
883 4262 1060 4326 potest
1097 4267 1218 4308 esse
1255 4254 1563 4308 nmltorum.
1608 4254 1716 4311 Nec
1757 4255 1983 4312 dubitari

412 4355 592 4419 potest
615 4346 844 4400 naturali
871 4345 1060 4400 ordine
1082 4345 1226 4400 viros
1255 4347 1432 4414 potius
1456 4345 1688 4416 feminis,
1719 4365 1878 4420 quam
1910 4349 1986 4404 vi-

408 4439 488 4492 ris
527 4435 748 4491 feminas
787 4435 1090 4505 principari.
1137 4434 1288 4504 Quod
1323 4452 1542 4493 servans
1574 4441 1862 4510 Apostolus
1890 4443 1985 4510 ait,

403 4527 574 4599 Caput
602 4525 826 4580 mulieris
850 4523 926 4578 uir
954 4524 995 4597 (Ι
1026 4523 1141 4580 Cor.
1169 4541 1245 4592 st,
1275 4527 1352 4596 5);
1375 4536 1448 4594 et,
1479 4527 1743 4597 Mulieres,
1774 4531 1988 4589 subdita:

399 4628 560 4673 estote
577 4615 696 4672 uiris
719 4616 892 4671 vestris
913 4614 1126 4688 (Coloss.
1151 4632 1226 4682 ιιι,
1252 4617 1376 4688 l8):
1401 4627 1459 4674 et
1481 4621 1752 4690 apostolus
1776 4623 1982 4692 Petrus,

407 4707 680 4778 Quomodo
721 4705 890 4776 Sara,
924 4705 1114 4778 inquit,
1151 4706 1508 4780 obsequebatur
1541 4709 1788 4781 Abrahae,
1820 4715 1986 4771 domi-

407 4817 532 4856 num
551 4800 698 4856 illurn
725 4814 907 4854 muns
937 4799 978 4872 (ι
1007 4796 1150 4854 Petr.
1175 4814 1255 4865 HI,
1283 4797 1362 4872 6).
1403 4799 1554 4869 Quod
1595 4800 1718 4858 licet
1761 4804 1831 4860 ita
1867 4821 1987 4864 sese

405 4891 622 4958 habeat,
652 4898 714 4946 ut
749 4899 932 4946 natura
963 4889 1346 4960 principiorum
1375 4901 1519 4948 amet
1545 4892 1984 4966 singularitatem,

405 4981 615 5038 facilius
633 4989 812 5037 autem
842 4979 1193 5052 pluralitatem
1221 4981 1574 5038 videamuS'in
1601 4983 1829 5041 subditis
1856 5003 1870 5042 :
1904 4996 1985 5043 ta-

407 5088 532 5128 men
559 5073 738 5142 plures
759 5072 969 5129 leminze
995 5071 1085 5127 nni
1107 5071 1221 5128 viro
1245 5087 1514 5144 nunquam
1545 5073 1686 5130 licite
1699 5075 1988 5148 jungcrcn-

408 5173 518 5232 tur,
543 5165 642 5219 nisi
669 5180 737 5220 ex
765 5164 871 5221 hoc
897 5165 1072 5234 plures
1103 5164 1195 5220 lilii
1220 5177 1582 5222 nascerentur.
1625 5165 1778 5224 Unde
1807 5169 1850 5224 si
1882 5187 1984 5226 una

408 5255 728 5312 concumbat
757 5271 880 5312 cunt
912 5255 1170 5326 pluribus,
1193 5256 1313 5328 quia
1345 5273 1450 5312 non
1477 5269 1560 5314 est
1586 5259 1635 5314 ei
1661 5259 1786 5316 hinc
1805 5263 1986 5319 multi-

408 5345 628 5418 plicatio
650 5347 812 5417 prolis
831 5387 848 5412 ,
879 5347 970 5402 sed
997 5346 1354 5420 frequentatio
1385 5351 1637 5418 libidinis,
1660 5354 1852 5426 conjux
1879 5372 1984 5413 non

407 5447 582 5513 potest
612 5455 752 5506 esse,
779 5441 871 5496 sed
895 5443 1168 5497 meretrix.
1609 5454 1614 5459 ‘

475 5529 700 5586 CAPUT
736 5529 806 5586 Χ.
833 5559 904 5571 -—
942 5532 1029 5588 ll.
1059 5531 1439 5590 Saeramentttm
1469 5535 1776 5610 nuptiarum.
1807 5538 1986 5595 Hatri-

469 5685 488 5716 ι
523 5687 656 5740 ιω..
687 5679 969 5732 transitorit'.

464 5743 492 5774 ⁸
521 5739 710 5804 Aliquot
741 5747 870 5802 uss,
893 5740 962 5792 sit
983 5746 1143 5804 patres
1164 5751 1360 5796 mitras.

1139 319 1226 378 DE
1263 313 1529 376 NUPTIIS
1566 309 1653 371 ET
1689 301 2300 398 CONCUPISCENT‘IA,
2343 303 2400 357 S.
2443 298 2812 360 AUGUSTINI

3533 297 3638 356 tae

2052 417 2272 471 monium
2308 414 2670 469 indissolubilis.
2707 411 2815 468 Lex
2844 412 3019 469 seculi
3037 412 3207 484 quoad
3240 412 3506 467 divortium
3531 415 3638 470 alio

2049 527 2081 562 a
2113 509 2218 578 lege
2247 506 2526 577 Evangelii.
2569 505 2829 572 Quoniam
2865 519 2994 560 sane
3023 520 3130 560 non
3162 512 3364 560 tantum
3394 503 3643 562 fecundi-

2055 607 2154 659 ta‘s,
2185 595 2339 664 cujus
2362 593 2564 649 fructus
2593 593 2646 649 in
2677 593 2827 664 prole
2852 603 2965 658 est;
3001 608 3100 648 nec
3126 601 3330 648 tantum
3362 594 3636 664 pudicitia,

2053 687 2204 758 cujus
2229 686 2496 740 vinculum
2537 695 2622 741 est
2656 684 2821 750 ﬁdes;
2860 700 3041 740 verum
3067 685 3226 739 etiam
3260 685 3524 754 quoddam
3550 701 3642 740 Sa-

2051 787 2385 833 cramentum
2414 776 2714 845 nuptiarum
2745 775 3150 830 commendatur
3177 773 3424 830 ﬁdelibus
3451 777 3645 846 conjna-

2055 869 2212 938 gatis,
2239 865 2378 921 unde
2417 866 2546 920 dicit
2576 863 2889 935 Apostolus,
2929 862 3056 930 Viri,
3097 863 3294 934 diligite
3335 881 3518 920 uxores
3563 881 3646 920 ve-
3706 860 3717 866 ’

2055 968 2210 1023 stras,
2237 955 2365 1010 sicut
2391 965 2437 1009 et
2457 955 2686 1010 Christus
2711 955 2885 1008 dilexit
2907 951 3183 1008 Ecclesium
3205 953 3418 1025 (Ephes.
3442 971 3492 1021 v,
3513 953 3644 1027 25):

2059 1044 2220 1115 hujus
2263 1045 2444 1115 procul
2483 1044 2647 1099 dubio
2675 1045 2994 1099 sacramenti
3022 1059 3109 1098 res
3132 1055 3232 1106 est,
3259 1054 3315 1098 ut
3340 1060 3454 1098 mas
3481 1055 3538 1100 et
3568 1045 3648 1102 fe-

2061 1139 2200 1192 mina
2221 1137 2488 1191 connubio
2513 1136 2743 1206 copulati
2773 1135 3028 1205 quamdiu
3050 1139 3234 1189 vivunt
3272 1137 3649 1205 inseparabili-

2061 1235 2143 1283 ter
2167 1236 2530 1296 perseverent,
2561 1241 2660 1281 nec
2689 1225 2840 1280 liceat
2861 1265 2877 1292 ,
2909 1236 3128 1295 excepta
3155 1241 3314 1281 causa
3343 1225 3654 1281 fornicatio-

2062 1318 2166 1382 nis,
2189 1333 2218 1372 a
2249 1317 2476 1388 conjuge
2507 1317 2787 1386 conjugem
2827 1317 3001 1372 dirimi
3043 1315 3271 1390 (Matth.
3296 1335 3348 1384 ν,
3376 1319 3501 1390 52).
3539 1319 3654 1376 llot:

2061 1399 2204 1464 enim
2231 1409 2528 1464 custoditur
2549 1409 2600 1462 in
2625 1407 2840 1462 Christo
2859 1418 2912 1462 et
2944 1408 3204 1472 Ecclesia,
3236 1418 3293 1462 nt
3321 1409 3504 1464 vivens
3525 1425 3648 1464 cum

2063 1501 2274 1555 vivente
2311 1500 2363 1555 in
2408 1511 2664 1556 aeternum
2703 1501 2850 1554 nullo
2889 1501 3116 1556 divortio
3148 1513 3444 1571 separetur.
3485 1501 3654 1572 Cujus

2065 1595 2380 1650 sacramenti
2420 1604 2559 1648 tanta
2596 1593 2898 1649 obserVatio
2917 1605 2998 1648 est
3023 1596 3074 1647 in
3100 1594 3316 1650 civitate
3341 1595 3430 1649 Dei
3455 1595 3647 1664 nostri,

2066 1689 2120 1742 in
2147 1695 2326 1742 monte
2351 1697 2536 1741 saneto
2555 1685 2672 1756 ejus
2701 1683 2878 1756 (Psal.
2907 1699 3073 1750 savii,
3098 1683 3188 1749 2),
3221 1684 3324 1739 hoc
3349 1693 3449 1749 est,
3479 1685 3658 1740 inlic—

2067 1779 2228 1835 clesia
2251 1777 2472 1842 Christi,
2496 1777 2793 1848 quibusque
2820 1776 3062 1832 ﬁdelibus
3085 1776 3401 1848 conjngatis,
3423 1778 3513 1848 qui
3536 1777 3654 1833 sine

2067 1867 2230 1924 dubio
2271 1869 2507 1922 membra
2549 1877 2673 1922 sunt
2713 1867 2928 1932 (lbi-isti,
2972 1876 3048 1932 ut,
3098 1884 3219 1922 cutn
3259 1869 3486 1922 ﬁliorum
3533 1883 3658 1939 pro-

2069 1957 2418 2014 creandorum
2449 1973 2610 2013 causa
2641 1958 2722 2013 vel
2761 1958 2962 2014 nubant
2999 1957 3244 2025 femina3,
3273 1959 3358 2014 vel
3394 1959 3658 2014 ducantur

2071 2064 2288 2116 uxores,
2313 2063 2412 2104 nec
2445 2049 2682 2104 sterilem
2709 2049 2988 2120 conjugem
3025 2051 3106 2104 fas
3137 2049 3206 2104 sit
3245 2049 3566 2120 relinquere,
3598 2059 3659 2106 ut

2070 2141 2174 2195 alia
2207 2139 2432 2196 fecunda
2467 2141 2708 2195 ducatur.
2749 2141 2900 2210 Quod
2923 2142 2966 2194 si
3006 2141 3284 2212 quisquam
3316 2141 3520 2208 fecerit,
3550 2159 3660 2200 non

2075 2230 2190 2300 lege
2213 2229 2371 2300 hujus
2397 2231 2597 2296 saeculi,
2627 2231 2716 2285 uhi
2751 2232 3143 2286 interveniente
3168 2233 3391 2302 repudio
3418 2235 3534 2288 sine
3557 2235 3661 2290 cri-

2073 2321 2564 2376 minc'conceditur
2605 2336 2725 2376 cum
2769 2321 2887 2376 aliis
2926 2323 3028 2376 alia
3069 2325 3323 2392 copulare
3351 2325 3656 2391 connubia;

2073 2411 2216 2482 quod
2244 2412 2404 2466 etiam
2434 2423 2674 2468 sanctum
2704 2399 2918 2484 Bloysen
2951 2413 3226 2480 Dominus,
3262 2425 3480 2487 propter
3503 2418 3655 2473 duri.

2077 2504 2204 2558 tiam
2227 2505 2406 2560 cordis
2425 2505 2657 2572 illorum,
2684 2504 2936 2560 lsraelitis
2963 2507 3270 2577 permisisse
3289 2517 3544 2563 testatur:
3564 2508 3660 2566 sed

2077 2592 2193 2664 lege
2239 2594 2507 2664 Evangelii
2543 2609 2669 2648 rens
2709 2603 2790 2650 est
2822 2594 3106 2661 adulterii;
3150 2596 3287 2652 sicut
3313 2597 3470 2653 etiam
3502 2599 3593 2655 illa
3614 2600 3662 2655 si

2076 2684 2229 2738 alteri
2271 2686 2510 2754 nupserit
2550 2684 2777 2754 (Matth.
2803 2701 2913 2751 xix,
2943 2688 2995 2752 Β,
3027 2686 3120 2758 9).
3151 2687 3328 2758 USque
3349 2691 3516 2746 adco‘
3546 2707 3658 2750 ma-

2079 2785 2206 2830 nent
2247 2775 2384 2830 inter
2415 2779 2652 2830 viventes
2691 2777 2855 2831 semel
2903 2778 3027 2831 inita
3062 2778 3182 2849 jura
3227 2781 3565 2850 nuptiarum,
3606 2790 3662 2838 ut

2079 2864 2256 2936 potius
2281 2865 2388 2920 sint
2417 2865 2556 2919 inter
2575 2881 2633 2920 se
2663 2867 2918 2938 conjuges
2939 2869 3026 2936 qui
3053 2869 3121 2924 ab
3148 2871 3409 2925 alterutro
3430 2879 3661 2943 separati

2080 2960 2226 3018 sunt,
2263 2969 2420 3025 quam
2464 2971 2584 3009 cum
2629 2956 2712 3010 his
2747 2957 2940 3026 quibus
2975 2958 3094 3013 aliis
3135 2959 3492 3021 adlucseruut.
3529 2962 3662 3018 Cum

2079 3043 2200 3099 aliis
2227 3046 2421 3114 quippe
2449 3044 2674 3100 adulteri
2707 3061 2810 3100 non
2841 3058 3022 3102 essent
3042 3091 3057 3115 ,
3096 3050 3196 3105 nisi
3239 3050 3305 3105 ad
3344 3053 3660 3108 alterutrum

2079 3135 2337 3206 eonjuges
2362 3147 2756 3205 permanerent.
2788 3138 3024 3210 Denique
3044 3151 3252 3197 mortuo
3276 3145 3390 3198 viro
3412 3160 3532 3200 eum
3559 3161 3665 3217 quo

2082 3242 2267 3282 verum
2296 3227 2619 3282 conuubiutn
2647 3227 2764 3297 fuit,
2793 3229 2910 3284 ﬁeri
2932 3245 3116 3286 verum
3135 3235 3458 3290 connuhiuni
3490 3245 3672 3306 potest

2083 3333 2206 3377 cum
2227 3335 2334 3390 quo
2365 3319 2510 3388 prius
2534 3319 2854 3376 adulterium
2884 3320 3000 3376 fuit.
3029 3321 3104 3378 Ita
3131 3338 3308 3380 manet
3334 3327 3470 3382 inter
3486 3329 3669 3384 viven-

2087 3420 2166 3466 tes
2192 3410 2443 3482 quiddam
2466 3411 2745 3483 conjugale
2763 3415 2808 3481 ',
2831 3415 2972 3484 quod
2999 3431 3096 3472 nec
3116 3421 3401 3488 separatio,
3422 3436 3520 3476 nec
3543 3437 3668 3480 cum
3741 3407 3752 3415 ’

2083 3502 2256 3558 altero
2273 3501 2539 3572 copulatio
2561 3505 2727 3574 pos.it
2742 3507 2970 3562 auferre.
2999 3508 3177 3566 Manet
3198 3523 3374 3566 autem
3389 3513 3454 3568 ad
3475 3529 3668 3570 noxam

2084 3591 2344 3660 criminis,
2375 3608 2483 3647 non
2524 3594 2591 3648 ad
2641 3595 2908 3651 vinculum
2950 3598 3204 3658 hederis:
3236 3604 3373 3658 sicut
3411 3614 3672 3674 apostata:

2083 3683 2262 3742 anima
2278 3681 2300 3714 ³
2325 3683 2472 3739 velut
2490 3682 2558 3738 de
2585 3684 2832 3756 conjugio
2853 3687 3049 3744 Christi
3074 3691 3350 3761 recedens,
3377 3693 3536 3748 etiam
3567 3697 3672 3752 title

2084 3771 2292 3842 perdita
2319 3770 2726 3830 Saeramentum
2758 3777 2880 3832 ﬁdei
2908 3793 3013 3834 non
3033 3781 3250 3850 amittit,
3279 3785 3420 3854 quod
3448 3785 3668 3842 lavacro

2085 3865 2504 3935 regenerationis
2527 3869 2752 3939 accepit.
2778 3868 3115 3929 Redderetur
3137 3875 3278 3930 enim
3297 3879 3480 3946 procul
3507 3879 3672 3934 dubio

2085 3955 2402 4025 redeunti,si
2417 3959 2684 4015 amisisset
2693 3961 3182 4022 absceueasﬂabet
3195 3977 3369 4022 autem
3383 3968 3484 4025 hoc
3494 3973 3583 4041 qui
3596 3987 3674 4026 re-

2089 4050 2310 4104 cesserit
2321 4048 2387 4104 ad
2404 4051 2676 4107 cumulum
2696 4055 2964 4124 supplicii,
2979 4073 3084 4112 non
3097 4057 3164 4112 ad
3179 4061 3426 4116 meritum
3445 4065 3670 4130 pricmii.

2157 4138 2385 4200 CAPUT
2423 4139 2516 4196 Xl.
2534 4171 2607 4183 —
2636 4143 2722 4198 Η.
2756 4144 2995 4202 Hutuuut
3023 4149 3344 4205 continemur
3365 4163 3674 4209 commean-

2077 4229 2284 4301 jugium
2318 4248 2418 4286 non
2451 4232 2664 4309 dirimit.
2698 4233 2884 4291 Verum
2901 4239 3193 4310 coniugium
3221 4242 3354 4297 inter
3376 4241 3599 4298 Mariam
3627 4257 3675 4300 et

2087 4319 2300 4391 Joseph.
2325 4319 2518 4395 Joseph
2552 4326 2803 4394 quomodo
2831 4338 2974 4399 pater
3007 4329 3212 4387 Christi.
3247 4331 3318 4388 In
3357 4337 3677 4391 matrimonio

2089 4411 2272 4468 Harii:
2314 4423 2362 4468 et
2398 4413 2594 4488 Ioseph
2631 4419 2802 4474 omnia
2839 4424 2982 4493 fuere
3013 4425 3240 4498 conjugii
3276 4426 3426 4481 bona.
3470 4427 3676 4496 Quibus

2087 4519 2218 4560 vero
2249 4505 2506 4576 placuerit
2539 4525 2604 4564 ex
2640 4525 2926 4582 consensu,
2953 4513 3022 4570 ab
3046 4529 3144 4572 usu
3170 4519 3400 4574 carnalis
3417 4524 3674 4593 concupi-

2089 4597 2306 4652 scentia:
2340 4599 2392 4653 in
2426 4609 2740 4672 perpetuum
2771 4605 3068 4676 continere,
3107 4608 3248 4666 absit
3280 4619 3341 4666 ut
3378 4611 3518 4668 inter
3555 4614 3675 4671 illos

2093 4690 2361 4748 vinculum
2386 4692 2664 4765 conjugale
2688 4705 3008 4769 rumpatur:
3037 4701 3151 4756 ima
3170 4700 3376 4759 ﬁrmius
3401 4707 3532 4772 crit,
3565 4722 3678 4780 quo

2090 4781 2260 4852 magis
2292 4798 2354 4840 ea
2396 4794 2549 4855 pacta
2590 4801 2772 4843 secum
2828 4789 3076 4860 inierint,
3118 4808 3239 4864 quae
3282 4795 3500 4853 charius
3537 4813 3676 4856 con-

2089 4874 2408 4945 cordiusque
2447 4877 2707 4934 servanda
2755 4889 2900 4948 sunt,
2943 4898 3046 4938 non
3091 4885 3402 4957 voluptariis
3449 4890 3678 4948 nexibus

2089 4979 2414 5037 corporum,
2477 4968 2573 5025 sed
2636 4971 2950 5029 voluntariis
3007 4973 3287 5035 amictibus
3349 4980 3668 5038 animorum.

2089 5053 2270 5126 Neque
2327 5058 2470 5114 enim
2535 5058 2795 5116 fallaciter
2845 5063 2912 5118 ab
2967 5066 3159 5137 angelo
3217 5067 3418 5126 dictum
3467 5081 3552 5127 est
3606 5073 3675 5130 ad
3747 5134 3756 5144 ,

2088 5145 2306 5218 Ioseph,
2343 5147 2472 5205 Noli
2514 5152 2688 5208 timere
2717 5155 2944 5226 accipere
2985 5156 3206 5214 Mariam
3246 5163 3513 5235 coniugem
3539 5174 3681 5222 luant

2092 5239 2301 5313 (Matth.
2343 5261 2382 5310 ι,
2415 5244 2532 5318 ΞΟ).
2569 5245 2778 5317 Conjux
2801 5260 3019 5306 vocatur
3041 5266 3107 5308 ex
3132 5254 3298 5323 prima
3320 5255 3422 5312 fide
3439 5257 3676 5330 despon-

2091 5333 2333 5401 sationis,
2375 5350 2535 5405 quam
2577 5339 2862 5395 concubitu
2901 5357 3000 5396 nec
3039 5356 3382 5414 cognoverat,
3419 5363 3520 5404 nec
3557 5347 3678 5407 fue-

2091 5432 2174 5478 rat
2217 5426 2528 5496 coguiturus
2559 5445 2571 5483 :
2605 5443 2704 5484 nec
2750 5431 3008 5500 perierat,
3050 5449 3151 5490 nec
3196 5437 3422 5494 mendax
3459 5454 3674 5496 manse-

2155 5557 2173 5630 ξ
2437 5566 2488 5630 e_t
2505 5558 2691 5630 aliquot
2711 5571 2836 5624 uss,
2858 5571 2905 5616 et
2926 5579 3074 5630 usque
3091 5567 3231 5623 adeo.

2081 5617 2278 5744 “suae
2309 5624 2418 5668 Itss.
2455 5621 2569 5672 eum
2591 5617 2744 5674 'rero:
2773 5617 2844 5676 lto
2871 5617 3028 5680 ntattét
3307 5630 3543 5687 ιύιιιςιιιιιιι
3574 5648 3690 5686 cott—

2157 5737 2178 5768 ³
2202 5737 2366 5790 [iures
2380 5749 2519 5806 ηυδε,
2544 5753 2756 5800 evastata
2775 5748 2952 5801 anima.
