4034 6182
315 308 400 365 ιιι
1693 301 1887 358 LIBER

1993 301 2202 362 UMUS.

309 431 390 476 rat
411 419 652 490 conjugis
679 415 982 488 appellatio,
1005 415 1096 469 ubi
1117 430 1214 470 nec
1237 413 1425 480 fuerat,
1454 429 1550 470 nec
1580 413 1748 468 futura
1780 425 1894 470 erat

307 511 483 565 carnis
527 508 632 563 ulla
665 506 995 564 commixtio.
1027 505 1152 560 Erat
1179 507 1374 576 quippe
1405 505 1492 560 illa
1517 504 1663 576 virgo
1692 503 1811 558 ideo
1839 516 1893 559 et

305 603 547 657 sanctius
584 611 642 656 et
683 599 976 656 mirabilius
1000 597 1234 668 jucunda
1274 613 1370 652 suo
1411 598 1547 666 viro,
1578 598 1699 668 quia
1731 597 1892 651 etiam

305 691 532 747 fecunda
563 690 681 746 sine
700 690 833 754 viro,
858 689 1009 759 prole
1038 688 1238 758 dispar,
1265 688 1368 742 lide
1397 702 1634 758 compar.
1667 687 1894 758 Propter

303 785 448 854 quod
485 783 642 839 tidcle
681 782 986 853 conjugium
1031 791 1276 852 parentes
1301 779 1496 836 Christi
1529 779 1704 834 vocari
1734 781 1894 836 ambo

305 885 642 934 meruerunt,
671 881 724 928 et
748 887 853 928 n0n
875 872 1045 926 solum
1069 872 1155 926 illa
1183 881 1372 934 mater,
1404 887 1588 926 verum
1615 871 1778 927 etiam
1805 871 1893 928 ille

303 977 460 1036 pater
482 965 619 1036 ejus,
641 965 778 1020 sicut
804 963 998 1034 conjux
1021 964 1206 1018 matris
1225 963 1362 1032 ejus,
1380 971 1665 1030 utrumque
1687 971 1890 1029 mente,

303 1071 410 1110 non
439 1070 622 1111 carne.
646 1055 772 1111 Sive
799 1063 974 1108 tamen
998 1054 1088 1108 ille
1113 1063 1266 1124 pater
1285 1053 1400 1108 sola
1433 1063 1632 1120 mente,
1663 1057 1778 1108 sive
1804 1054 1890 1108 illa

301 1153 478 1200 mater
527 1154 581 1199 et
625 1159 807 1210 carne,
859 1153 1104 1213 parentes
1155 1153 1335 1198 tamen
1381 1142 1540 1198 ambo
1581 1143 1892 1198 lnnnilitatis

298 1236 444 1304 ejus,
471 1251 580 1291 non
619 1235 993 1300 sublimitatis;
1041 1233 1386 1304 infirmitatis,
1429 1251 1536 1290 non
1579 1235 1888 1290 divinitatis.

297 1325 486 1398 Neque
529 1327 672 1380 enim
713 1326 968 1380 mentitur
1006 1324 1374 1396 Evangelium,
1419 1326 1505 1380 ubi
1555 1325 1745 1396 legitur
1779 1344 1792 1380 :
1825 1325 1892 1378 Et

298 1431 444 1476 erant
463 1429 612 1489 pater
627 1420 734 1488 eius
754 1428 800 1473 et
825 1428 982 1474 mater
1007 1419 1245 1474 mirantes
1263 1434 1414 1489 super
1433 1419 1512 1472 his
1526 1434 1638 1488 qua:
1652 1417 1890 1473 diceban-

299 1520 382 1564 tur
420 1511 485 1564 de
521 1509 632 1564 illo.
679 1509 746 1566 Et
783 1497 890 1565 alii)
929 1509 1048 1564 loco
1081 1507 1190 1564 :Et
1223 1510 1362 1562 ibant
1391 1518 1619 1580 parentes
1656 1509 1766 1580 ejus
1802 1525 1891 1578 per

298 1618 474 1656 attines
506 1617 668 1656 annos
705 1603 758 1655 in
789 1599 1094 1656 Jerusalem.
1129 1599 1260 1655 ltem
1285 1601 1440 1672 paulo
1465 1611 1584 1670 post
1619 1619 1632 1656 :
1665 1599 1730 1654 Et
1759 1600 1890 1656 dixit

299 1701 462 1745 mater
495 1693 610 1762 ejus
633 1692 701 1746 ad
723 1691 870 1746 illum
897 1707 916 1745 :
937 1691 1074 1757 Fili,
1105 1693 1228 1764 quid
1255 1693 1418 1764 fecisti
1443 1693 1583 1746 nobis
1613 1693 1721 1748 sic?
1759 1691 1890 1748 Ecce

299 1795 444 1856 pater
485 1796 604 1840 tuus
644 1794 688 1840 et
733 1803 824 1856 ego
867 1785 1090 1840 dolentes
1133 1785 1476 1853 quaerebamus
1505 1795 1572 1840 te.
1617 1787 1686 1842 At
1715 1787 1806 1842 ille
1829 1794 1889 1842 ut

297 1875 610 1930 Ostenderet
635 1873 830 1930 habere
869 1889 928 1930 se
963 1885 1156 1945 praeter
1199 1876 1321 1932 illos
1362 1885 1588 1946 patrem,
1637 1878 1726 1948 qui
1761 1893 1884 1933 eum

297 1968 480 2038 genuit
525 1975 722 2037 praeter
759 1977 1004 2034 matrem,
1037 1967 1314 2038 respondit
1347 1969 1464 2024 eis:
1498 1969 1634 2036 Quid
1653 1979 1726 2024 cst
1749 1970 1885 2040 quod

298 2075 376 2114 me
399 2057 740 2132 qumebatis?
782 2056 835 2110 Ν
839 2057 1094 2112 escieltatis
1117 2059 1236 2128 quia
1259 2059 1314 2114 in
1343 2059 1421 2114 his
1447 2075 1560 2130 qua:
1587 2059 1758 2116 Patris
1789 2061 1888 2116 mei

299 2159 430 2213 sunt,
463 2157 662 2220 oportet
699 2165 777 2203 nte
803 2149 946 2203 esse?
985 2147 1054 2203 Et
1092 2164 1326 2214 rursum,
1359 2165 1426 2205 ne
1465 2149 1566 2206 ltoc
1603 2150 1746 2206 dicto
1787 2166 1884 2220 pa-

301 2249 476 2296 rentes
521 2239 644 2294 illos
684 2253 908 2310 negasse
953 2249 1246 2310 putaretur,
1292 2239 1628 2312 Evangelista
1671 2250 1884 2296 Secutus

300 2334 580 2404 adjunxit:
613 2335 680 2389 Et
720 2335 816 2404 ipsi
845 2352 946 2390 non
971 2336 1322 2390 intellexerunt
1351 2334 1550 2390 verbum
1582 2335 1714 2400 quod
1740 2339 1879 2390 locu-

299 2437 376 2479 ttts
391 2434 468 2480 est
495 2426 562 2479 ad
592 2425 728 2480 illos.
760 2425 828 2480 Et
847 2425 1100 2481 descendit
1123 2443 1236 2480 cum
1257 2426 1348 2490 eis,
1371 2435 1420 2480 et
1446 2425 1576 2480 venit
1599 2423 1654 2480 Ν
1656 2426 1880 2491 azareth,

301 2525 344 2571 et
366 2526 474 2571 erat
503 2517 734 2572 subditus
761 2518 860 2572 illis
890 2517 1052 2592 (Luc.
1081 2533 1138 2582 It,
1161 2517 1252 2586 55,
1279 2519 1372 2586 41,
1401 2517 1566 2574 48-51
1595 2517 1634 2588 ).
1679 2519 1884 2585 Quibus

299 2605 563 2668 subditus,
591 2606 692 2660 nisi
727 2607 1069 2676 parentibus?
1097 2607 1226 2675 Quis
1255 2615 1432 2662 autem
1463 2607 1707 2662 subditus
1729 2648 1744 2674 ,
1779 2609 1880 2664 nisi

300 2693 456 2752 .lcsus
479 2696 743 2763 Christus,
773 2698 862 2768 qui
893 2713 1013 2754 cum
1045 2698 1096 2754 in
1127 2697 1296 2752 forma
1329 2697 1424 2753 Dei
1463 2707 1626 2762 esset,
1657 2714 1762 2753 non
1791 2714 1880 2752 ra-

303 2785 478 2853 pinam
505 2787 792 2842 arbitratus
821 2796 904 2840 est
926 2801 1046 2842 esse
1074 2787 1293 2858 aequalis
1319 2788 1460 2842 Deo?
1489 2785 1597 2841 Cur
1622 2801 1750 2858 ergo
1779 2787 1882 2842 illis

301 2876 564 2942 subditus,
592 2877 680 2947 qui
712 2877 866 2948 longe
891 2877 1024 2932 inira
1047 2877 1276 2932 formam
1307 2877 1402 2934 Dei
1429 2887 1601 2945 erant,
1631 2879 1733 2932 nisi
1758 2879 1878 2946 quia

301 2969 646 3040 semetipsum
677 2969 967 3026 exinanivit
995 2970 1218 3025 formam
1241 2971 1382 3026 servi
1411 2970 1680 3040 accipiens
1714 2969 1882 3044 (Phi-

298 3064 388 3134 lip.
422 3079 478 3128 n,
507 3063 563 3131 6,
595 3061 685 3134 7),
719 3063 870 3136 cujus
905 3063 1089 3120 formae
1124 3073 1371 3135 parentes
1403 3063 1594 3120 erant?
1627 3063 1732 3120 Sed
1761 3080 1878 3118 cunt

301 3155 388 3209 illo
415 3171 520 3210 non
547 3157 848 3212 sentinante
869 3155 957 3212 illa
986 3157 1298 3227 peperisset,
1327 3157 1570 3228 proiecto
1587 3173 1688 3213 nec
1715 3157 1882 3226 ipsius

303 3243 486 3300 formas
511 3245 649 3300 servi
677 3255 924 3316 parentes
946 3247 1102 3304 ambo
1121 3255 1322 3312 essent,
1341 3247 1442 3302 nisi
1473 3247 1612 3303 inter
1634 3262 1693 3304 se
1721 3249 1882 3304 etiam

301 3337 414 3391 sine
443 3339 624 3392 carnis
641 3338 1018 3394 commixtione
1037 3340 1288 3410 conjuges
1315 3348 1514 3394 essent.
1541 3339 1690 3395 Unde
1718 3351 1772 3396 et
1791 3355 1882 3396 se-

303 3429 406 3481 ries
432 3429 996 3499 generationum,cum
1035 3439 1288 3501 parentes
1321 3432 1514 3488 Christi
1550 3435 1884 3490 connexione

301 3521 652 3576 successionis
673 3533 1176 3584 commemorantur.
1199 3539 1366 3594 usque
1393 3523 1458 3580 ad
1483 3525 1680 3596 Joscph
1707 3528 1882 3596 potius

301 3613 434 3666 sicut
473 3611 667 3666 factum
711 3621 812 3680 est,
843 3613 1012 3669 fuerat
1035 3615 1366 3684 perducenda
1395 3615 1606 3689 (Matth.
1645 3633 1686 3684 ι,
1716 3618 1806 3684 16,
1835 3629 1880 3671 et

306 3699 426 3755 Luc.
457 3718 534 3764 in,
567 3701 672 3774 25)
699 3719 714 3768 ;
759 3719 826 3758 ne
853 3705 904 3758 in
931 3705 1021 3760 illo
1049 3705 1330 3775 conjugio,
1359 3707 1494 3762 virili
1525 3709 1672 3762 sexui
1701 3709 1882 3778 utique

305 3792 490 3860 potiori
515 3793 664 3849 ﬁeret
688 3795 897 3864 injuria,
919 3811 1039 3850 cum
1061 3797 1272 3851 veritati
1296 3797 1425 3851 nihil
1455 3799 1652 3868 periret
1670 3798 1790 3869 quia
1815 3815 1882 3854 ex

302 3883 500 3938 semine
529 3885 708 3950 David,
728 3901 790 3941 ex
813 3902 918 3955 quo
939 3896 1190 3942 venturus
1208 3888 1490 3957 praedictus
1509 3898 1592 3946 est
1617 3889 1880 3959 Christus,

303 3983 352 4027 et
377 3973 574 4044 Joseph
603 3987 716 4031 erat
741 3985 794 4031 et
812 3977 993 4032 Maria.

346 4067 458 4132 Ίᾶ.
503 4065 672 4122 Omne
711 4067 888 4136 itaque
930 4069 1230 4140 nuptiarunt
1273 4069 1464 4126 bonum
1497 4072 1770 4142 impletum
1801 4082 1883 4128 est

303 4155 350 4211 in
379 4156 482 4211 illis
510 4157 816 4226 parentibus
835 4159 1052 4228 Christi,
1079 4161 1274 4230 proles.
1297 4162 1444 4227 fides,
1470 4175 1880 4219 sacramentum.

303 4247 508 4303 Prolem
539 4250 906 4320 cognoscimus
937 4251 1110 4322 ipsum
1143 4253 1420 4308 Dominum
1450 4254 1630 4308 .lesum
1656 4272 1670 4310 :
1695 4255 1880 4322 tidem,

301 4341 416 4410 quia
463 4341 668 4396 nullum
705 4342 1020 4400 adulterium
1055 4347 1644 4416 :sacratnentum,quia
1679 4347 1882 4404 nullum
1933 4401 1950 4418 ,

299 4433 602 4488 divortium.

369 4526 595 4582 CAPUT
625 4525 996 4584 illi—Omnis
1019 4545 1132 4598 qua:
1149 4529 1212 4584 de
1226 4530 1486 4584 concubitu
1509 4531 1750 4596 nascitur,
1763 4547 1882 4586 caro

303 4620 494 4684 peccati
521 4631 610 4674 est.
655 4619 811 4676 Solus
853 4619 925 4675 ibi
970 4621 1220 4690 nuptialis
1261 4623 1572 4678 concubitus
1619 4638 1723 4678 non
1766 4623 1880 4688 fuit,

303 4710 420 4778 quia
454 4711 506 4764 in
535 4726 697 4766 carne
728 4711 928 4781 peccati
959 4711 1070 4766 fieri
1099 4727 1202 4766 non
1225 4722 1434 4782 poterat
1453 4713 1568 4768 sine
1595 4714 1678 4768 illa
1707 4715 1884 4770 carnis

303 4799 546 4867 pudenda
593 4801 1061 4869 concupiscentia,
1106 4816 1224 4870 qute
1278 4803 1466 4857 accidit
1519 4818 1582 4858 ex
1631 4813 1878 4874 peccato,

301 4891 412 4944 sine
459 4905 562 4961 qua
603 4891 810 4960 concipi
841 4889 1024 4954 voluit,
1061 4893 1148 4960 qui
1191 4891 1394 4948 futurus
1440 4905 1555 4949 erat
1601 4897 1716 4950 sine
1763 4912 1886 4966 pec-

301 4991 438 5046 cato,
471 4997 576 5034 non
608 4981 658 5034 in
697 4998 858 5036 carne
893 4983 1116 5052 peccati,
1149 4983 1240 5038 sed
1289 4973 1336 5036 in
1386 4986 1730 5042 similitudine
1767 5003 1885 5042 car-

303 5072 386 5124 nis
423 5071 626 5141 peccati
662 5071 854 5142 (Rom.
891 5089 1001 5137 vtn,
1035 5073 1070 5129 5
1094 5073 1112 5144 )
1139 5091 1152 5127 :
1181 5083 1241 5128 ttt
1279 5075 1402 5130 hinc
1448 5078 1608 5132 etiam
1646 5077 1882 5144 doceret,

300 5175 512 5214 omnem
539 5177 656 5230 qua:
683 5160 748 5216 de
777 5162 1060 5218 concubitu
1089 5164 1342 5228 nascitur,
1371 5181 1584 5222 carnem
1618 5181 1737 5221 esse
1764 5183 1888 5236 pec~

301 5255 423 5319 cati;
453 5255 881 5325 quandoquidem
919 5258 1030 5312 sola
1058 5273 1176 5328 qua:
1203 5273 1308 5312 non
1336 5259 1459 5315 inde
1489 5269 1606 5316 nata
1635 5271 1746 5328 est,
1779 5279 1886 5318 non
1927 5299 1936 5306 ο

303 5345 399 5400 fuit
437 5361 566 5402 raro
603 5349 828 5417 peccati.
857 5348 1112 5418 Quamvis
1141 5351 1430 5422 conjugalis
1455 5355 1768 5410 concubitus
1795 5356 1886 5426 qui

303 5435 362 5490 ﬁt.
385 5437 678 5494 intentione
703 5441 1011 5510 generandi,
1038 5457 1142 5498 non
1175 5443 1242 5497 sit
1267 5442 1382 5516 ipse
1413 5454 1686 5516 peccatum
1720 5464 1734 5502 :
1763 5448 1886 5518 quia

305 5529 436 5584 bona
461 5531 702 5586 voluntas
727 5533 911 5600 auiuti,
939 5547 1248 5605 sequentem
1277 5537 1441 5605 ducit,
1469 5553 1572 5594 non
1605 5539 1884 5596 ducentem

300 5622 544 5690 sequitur
585 5623 826 5692 corporis
866 5625 1218 5696 voluptatem;
1263 5643 1362 5684 nec
1411 5629 1698 5684 humanum
1739 5631 1882 5686 arlti-

306 5710 460 5766 ttiutu
486 5711 710 5770 trahitur
731 5713 1042 5788 subjttgante
1059 5729 1298 5788 peccato,
1321 5734 1444 5775 cum
1463 5719 1604 5790 justo
1633 5722 1884 5794 redigitur

3489 328 3594 388 ω

2005 414 2058 508 in
2089 431 2240 470 usum
2281 419 2566 490 generandi
2609 422 2757 494 plaga
2801 428 3024 496 peccati.
3063 431 3233 502 Hujus
3263 435 3430 508 plaga:
3465 443 3591 508 φη..

2000 503 2121 558 dam
2173 507 2404 574 pruritus
2458 509 2506 564 in
2557 511 2934 572 adulteriorum
2982 529 3036 576 et
3083 503 3496 582 fortticatioitutn
3534 543 3592 584 et

1999 596 2356 662 quorumlibet
2396 609 2698 670 stuprorum
2741 615 2899 676 atque
2942 609 3393 671 innnunditiarutn
3436 621 3589 675 lardi-

2001 684 2196 740 tatibus
2237 699 2454 758 regnat;
2505 693 2555 746 in
2597 699 2980 754 connultiorum
3013 719 3136 757 vero
3173 709 3582 766 necessitudini-

1999 773 2099 830 bus
2121 778 2136 808 ¹
2167 781 2348 834 servit.
2399 781 2474 836 llti
2510 782 2578 838 de
2607 785 2824 840 tlontino
2847 791 2934 844 tali
2961 795 3230 860 turpitudo
3261 798 3542 856 damnatur
3567 843 3582 864 .

1999 864 2086 921 hic
2108 867 2172 921 de
2196 871 2510 942 pedisscquo
2539 877 2625 928 tali
2657 876 2904 932 honestas
2927 885 3336 941 verecuttdatur.
3363 889 3476 944 Non
3500 904 3584 948 est

1999 955 2158 1026 igitur
2194 957 2308 1014 htec
2353 961 2517 1016 libido
2557 968 2856 1036 nuptiarum
2885 971 3103 1040 honuni,
3139 977 3230 1030 sed
3264 979 3585 1038 ohsrumitas
3663 963 3672 971 .

1999 1051 2355 1116 peccantium,
2390 1057 2680 1112 necessitas
2709 1063 3094 1130 generantium,
3127 1065 3458 1126 lasciviarum
3489 1090 3582 1126 ar~

1999 1137 2116 1205 dor,
2153 1141 2453 1212 nuptiarum
2487 1148 2672 1216 pudor.
2723 1151 2828 1204 Cur
2871 1167 2998 1222 ergo
3037 1173 3138 1210 non
3185 1161 3432 1230 conjuges
3469 1181 3582 1218 nta-

1997 1239 2178 1298 neant,
2231 1234 2320 1302 qui
2374 1249 2438 1290 ex
2491 1251 2752 1294 consensu
2806 1246 3160 1302 concumbere
3209 1249 3481 1318 desinunt;
3537 1257 3582 1312 si

1997 1331 2306 1376 ntanscrunt
2327 1324 2580 1396 conjuges
2605 1327 2800 1400 Joseplt
2823 1342 2876 1386 et
2900 1332 3083 1402 Mat-ia,
3107 1339 3196 1408 qtti
3223 1343 3580 1400 concumbere

1996 1424 2095 1464 nec
2118 1416 2429 1480 C(Ppcrttnt?

2062 1501 2289 1598 CAAllUAT
2329 1505 2538 1562 Xlll.—-
2559 1511 2643 1566 14.
2683 1513 2810 1570 Ante
2835 1515 3090 1575 Christum
3116 1531 3309 1595 tempus
3335 1529 3576 1598 nubendi,

1993 1602 2103 1660 post
2128 1592 2377 1650 Christum
2407 1602 2692 1657 continendi
2718 1617 2910 1676 tempus
2935 1621 3025 1666 est.
3062 1615 3184 1672 llatc
3207 1592 3346 1672 enim
3381 1592 3579 1690 propu;

1991 1685 2134 1755 gatio
2161 1687 2408 1754 ﬁliorum,
2439 1709 2558 1763 qttze
2588 1696 2638 1750 in
2670 1701 2866 1754 sanctis
2897 1705 3136 1770 patribus
3167 1685 3392 1780 propter
3409 1685 3573 1782 gene-

1991 1777 2214 1830 randum
2244 1789 2298 1834 et
2336 1787 2760 1842 conservandum
2795 1794 3042 1860 pupulum
3081 1797 3202 1860 Dei,
3239 1777 3288 1854 in
3317 1777 3576 1874 quiipro-

1992 1867 2223 1936 pltetiam
2268 1871 2460 1930 Christi
2507 1881 2808 1948 prmcedere
2856 1888 3124 1954 Oportuit,
3183 1867 3572 1952 ofﬁciosissima

1989 1958 2118 2026 fuit,
2151 1977 2288 2018 nunc
2311 1964 2420 2034 jant
2457 1983 2561 2022 non
2591 1969 2759 2026 'ltabct
2798 1974 2940 2028 illam
2987 1981 3380 2036 necessitatem.
3423 1984 3574 2042 Patet

1990 2051 2187 2122 quippe
2207 2052 2315 2122 jatn
2343 2070 2405 2110 ex
2443 2059 2687 2114 omnibus
2715 2065 2960 2130 gentibus
2981 2067 3328 2136 spiritualiter
3346 2074 3567 2143 gignen-

1989 2139 2176 2194 dorum
2199 2185 2213 2208 ,
2245 2143 2611 2218 undecumque
2655 2154 2938 2209 carnaliter
2985 2159 3089 2210 nati
3137 2139 3367 2228 fuerint,
3400 2139 3576 2234 'Cllpiil

1989 2229 2237 2286 ﬁliorum.
2269 2235 2334 2288 Et
2358 2237 2496 2306 quod
2527 2241 2782 2310 scriptum
2811 2253 2922 2310 est,
2954 2245 3174 2320 Tempus
3200 2229 3574 2322 amplectendi,

1987 2333 2032 2375 et
2046 2334 2240 2416 tempus
2258 2328 2545 2383 continendi
2564 2331 2626 2386 ab
2645 2337 2880 2404 amplexu
2904 2338 3097 2408 (Eccle.
3120 2359 3196 2410 tn,
3212 2345 3266 2414 5)
3285 2363 3300 2408 ;
3334 2364 3426 2416 per
3445 2351 3576 2408 illud

1986 2421 2143 2483 atque
2157 2415 2256 2470 hoc
2274 2421 2513 2488 tempus’
2535 2429 2839 2492 agnoscitur
2853 2428 3210 2489 distributum.
3236 2415 3364 2492 Illud
3382 2441 3576 2512 quippe

1987 2505 2085 2560 fuit
2105 2509 2479 2578 amplectendi,
2511 2513 2612 2570 hoc
2647 2526 2822 2572 autent
2868 2523 3172 2580 continendi
3202 2529 3270 2584 ab
3299 2505 3572 2602 ample-xit.

2061 2597 2146 2652 15.
2187 2598 2368 2670 itaque
2396 2613 2450 2656 et
2479 2605 2764 2672 Apostolus
2789 2625 2908 2664 cum
2941 2613 3065 2668 hinc
3093 2597 3418 2690 loqueretur,
3449 2625 3523 2678 ait
3553 2643 3578 2682 ε.

1985 2687 2102 2742 Hoc
2131 2701 2296 2744 auten:
2338 2693 2449 2747 dico
2469 2737 2484 2761 ,
2512 2697 2693 2766 fratres
2717 2715 2736 2754 :
2776 2711 2970 2774 tempus
3007 2687 3258 2766 brettevest
3279 2729 3301 2777 ;
3327 2717 3576 2788 reliquum

1985 2790 2057 2833 est
2080 2791 2126 2834 et
2147 2791 2202 2835 ut
2221 2785 2306 2850 qui
2327 2785 2512 2838 habent
2533 2804 2714 2844 uxores
2736 2801 2974 2864 tanquam
2993 2814 3091 2852 non
3113 2799 3345 2858 habentes
3368 2785 3465 2860 sint
3485 2824 3502 2871 ,'
3523 2817 3576 2864 et

1983 2873 2066 2942 qui
2085 2875 2227 2944 flent,
2256 2884 2494 2945 tanquatn
2521 2895 2619 2932 non
2643 2882 2858 2950 flentes;
2883 2895 2928 2937 ct
2948 2889 3034 2958 qui
3053 2891 3274 2959 gaudent
3294 2934 3307 2956 ,
3333 2904 3580 2965 tanquam

1985 2981 2084 3018 non
2105 2966 2376 3034 gaudentes
2396 2983 2416 3032 ;
2437 2980 2482 3024 et
2498 2971 2583 3039 qui
2603 2984 2788 3036 emunt,
2809 2985 3046 3046 tanquam
3071 2997 3169 3034 non
3191 2985 3495 3052 possidentes
3513 2989 3532 3019 ³
3551 3004 3580 3056 ,'

1985 3063 2030 3108 et
2050 3055 2134 3122 qui
2154 3065 2363 3110 utuntur
2380 3059 2474 3112 hoc
2489 3067 2695 3126 mundo,
2717 3074 2954 3134 tanquam
2977 3085 3074 3124 non
3099 3082 3333 3128 utuntur:
3355 3055 3578 3146 pra’terit

1985 3160 2117 3200 enim
2135 3147 2301 3216 figura
2324 3149 2414 3222 Ituj
2419 3167 2476 3205 us
2497 3153 2690 3206 mundi.
2723 3153 2844 3209 Volo
2862 3171 2946 3212 vos
2965 3160 3071 3213 sine
3089 3163 3426 3221 sollicitudine
3445 3185 3570 3226 esse.

1986 3232 2110 3288 Haec
2130 3238 2326 3302 omnia,
2347 3247 2404 3293 ut
2422 3243 2736 3310 exponendo
2756 3246 2954 3318 aliquid
2977 3249 3098 3305 hinc
3117 3252 3350 3312 breviter
3373 3257 3582 3326 dicam,

1985 3325 2061 3378 sic
2086 3327 2332 3382 existimo
2361 3331 2720 3402 intelligentia.
2753 3333 2898 3404 Hoc,
2933 3337 3134 3410 inquit,
3167 3343 3278 3398 dico
3297 3387 3312 3411 ,
3341 3347 3524 3414 fratres

1987 3424 2179 3484 tempus
2207 3416 2350 3470 breve
2375 3429 2488 3473 est:
2517 3437 2618 3476 non
2642 3423 2815 3478 adhuc
2838 3428 3062 3495 populus
3087 3431 3174 3485 Dei
3198 3438 3582 3506 propagaudus-

1986 3515 2068 3559 est
2093 3511 2432 3576 generatione
2455 3513 2757 3578 carnaliter,
2785 3518 2878 3570 sed
2901 3518 3008 3587 jam
3039 3528 3442 3592 regetteratione
3463 3533 3574 3599 spi-

1987 3595 2245 3650 ritualitcr
2281 3599 2627 3670 colligendus.
2670 3602 2937 3684 licliquum
2979 3619 3049 3664 est
3090 3627 3251 3682 ergo,
3295 3626 3351 3670 ut
3393 3629 3441 3672 et
3484 3595 3578 3688 qui

1987 3685 2168 3741 [tabent
2195 3705 2375 3744 uxores
2395 3733 2409 3757 ,
2443 3709 2546 3745 non
2577 3695 2773 3748 carnali
2803 3701 3248 3767 COHCIIPiSCCﬂliJB
3281 3685 3576 3779 subjugeno

1987 3787 2104 3848 tur;
2137 3791 2180 3834 et
2206 3784 2290 3851 qui
2313 3785 2438 3853 flent
2472 3786 2678 3840 tristitia
2710 3791 2983 3856 pra-sentis
3013 3793 3158 3858 tituli,
3189 3798 3450 3865 gaudeant
3475 3816 3516 3870 si
3537 3818 3576 3856 θ

1987 3871 2146 3926 futuri
2181 3873 2302 3928 boni
2325 3891 2336 3938 ;
2369 3885 2414 3929 et
2441 3877 2526 3946 qui
2551 3880 2770 3948 gaudent
2805 3893 3018 3950 propter
3045 3888 3334 3954 temporale
3357 3891 3577 3962 aliquod

1986 3965 2346 4030 Commodum,
2375 3967 2590 4021 timeant
2611 3979 2868 4024 :rtcrnutn
2887 3972 3176 4042 judicium;
3205 3988 3250 4030 et
3273 3982 3358 4048 qui
3377 3993 3574 4050 eumut,

1987 4055 2064 4108 sic
2091 4055 2334 4110 habendo
2360 4059 2664 4126 possideant
2684 4101 2697 4124 _.
2738 4072 2792 4114 ut
2818 4064 3047 4118 amando
3073 4081 3177 4120 non
3219 4065 3492 4138 hatrcant;
3523 4083 3573 4125 et

1985 4145 2072 4215 qui
2097 4155 2308 4200 utuntur
2332 4147 2426 4201 hoc
2453 4150 2659 4216 mundo,
2691 4153 2916 4206 transire
2949 4169 3006 4207 se
3033 4157 3284 4226 cogitent,
3317 4176 3418 4214 non
3451 4179 3571 4216 nta-

1986 4251 2135 4290 ncre.
2185 4235 2418 4292 Prteterit
2467 4239 2600 4292 enim
2639 4239 2805 4310 figura
2849 4241 3000 4313 hujus
3037 4247 3234 4301 mundi.
3295 4247 3414 4304 Volo
3461 4269 3576 4322 vos,

1988 4327 2188 4398 inquit,
2219 4329 2327 4382 sine
2368 4330 2700 4386 sollicitudine
2729 4349 2874 4387 esse:
2913 4334 3014 4390 ltoc
3051 4346 3130 4392 est
3150 4381 3164 4405 ,
3206 4341 3328 4398 volo
3358 4359 3576 4400 sursum

1986 4434 2078 4474 cor
2110 4420 2160 4472 itt
2193 4419 2276 4474 his
2300 4437 2418 4492 quze
2448 4437 2551 4475 non
2583 4433 2902 4492 przetereunt
2922 4467 2936 4489 ,
2967 4443 3064 4483 vos
3105 4429 3321 4488 habere.
3371 4435 3578 4494 Deinde

1987 4509 2252 4580 subjuugit
2279 4519 2333 4565 et
2361 4511 2522 4566 dicit:
2556 4513 2654 4581 Qui
2686 4515 2793 4568 sine
2817 4532 2972 4571 uxore
3001 4528 3072 4572 est
3091 4561 3105 4588 ,
3147 4523 3329 4593 cogitat
3373 4543 3433 4580 ea
3459 4545 3581 4600 qnar

1987 4613 2103 4656 sunt
2135 4603 2364 4670 Domini,
2394 4607 2640 4676 quomodo
2664 4608 2856 4678 placeat
2884 4607 3101 4664 Domino
3123 4627 3142 4666 :
3165 4615 3252 4684 qui
3273 4627 3438 4670 autent
3465 4636 3580 4674 meo

1942 4727 1952 4735 -
1989 4695 2222 4748 trimonio
2238 4696 2450 4764 junctus
2475 4707 2546 4752 est
2566 4739 2580 4763 ,
2609 4700 2792 4770 cogitat
2818 4718 2931 4768 quae
2957 4714 3072 4757 sunt
3099 4709 3296 4775 mundi,
3319 4713 3578 4778 quomodo

1989 4788 2186 4858 placeat
2227 4791 2372 4842 uxori
2400 4789 2440 4864 (l
2470 4791 2585 4846 Cor.
2631 4809 2698 4848 vn
2720 4834 2734 4858 ,
2764 4795 2832 4848 29
2863 4797 2976 4867 55).
3027 4801 3201 4870 Atque
3229 4802 3296 4856 ita
3339 4807 3576 4873 quodam

1990 4879 2150 4934 modo
2178 4881 2392 4950 expauit
2417 4881 2558 4952 quod
2588 4901 2742 4953 supra
2773 4886 3006 4951 dixerat,
3039 4889 3138 4955 Qui
3161 4891 3340 4946 habent
3367 4911 3578 4964 uxores,

1990 4981 2227 5045 tanquam
2248 4991 2346 5027 non
2367 4975 2600 5029 habentes
2619 4977 2734 5030 sint.
2759 4977 2856 5046 Qui
2880 4981 3020 5033 enim
3043 4981 3118 5034 sic
3141 4983 3334 5038 habent
3355 5003 3575 5056 uxores,

1991 5075 2048 5118 ut
2063 5065 2296 5134 cogitent
2311 5081 2372 5120 ea
2393 5081 2510 5136 qua:
2527 5075 2650 5121 sunt
2677 5068 2902 5132 Domini,
2918 5072 3184 5140 quomodo
3205 5077 3448 5143 placeant
3473 5081 3575 5133 Do-

1990 5155 2164 5220 mino,
2181 5169 2276 5210 nec
2291 5156 2341 5207 itt
2366 5155 2446 5210 his
2462 5173 2578 5226 quae
2595 5167 2718 5212 sunt
2737 5159 2940 5226 mundi,
2961 5163 3190 5230 cogitent
3213 5169 3422 5234 placere
3439 5187 3570 5225 uxo-

1991 5246 2155 5312 ribus,
2181 5257 2426 5317 tanquam
2456 5265 2558 5302 tton
2589 5249 2844 5306 habentes
2866 5261 3007 5306 sunt.
3033 5253 3180 5322 Quod
3211 5257 3418 5316 facilius
3441 5261 3500 5317 ﬁt
3527 5263 3568 5330 ",

2055 5421 2072 5454 ¹
2111 5420 2298 5483 Aliquot
2314 5427 2444 5478 Mss,
2466 5421 2837 5476 necessitatibus.

2055 5485 2078 5558 ξ
2108 5483 2602 5558 ριμωαιξιρχειίᾳιηίε
2623 5491 2750 5544 MSL,
2779 5499 2866 5549 per
2889 5493 3142 5558 utrumque
3161 5487 3250 5544 hac
3273 5496 3476 5558 ιεπιρω,

2057 5545 2078 5607 _'
2109 5553 2288 5594 omnes
2312 5552 2436 5602 Mss...
2463 5551 2688 5607 tanquam
2712 5545 2804 5596 non
2827 5557 3050 5600 ementes.

2055 5605 2078 5637 δ
2109 5605 2654 5680 ῥιηηειιειςξιῂεθξὲλξξις,
2691 5610 2898 5680 quodeo
2943 5611 3168 5680 felicitate
3197 5611 3268 5680 fit.
3304 5622 3404 5680 nuo
3451 5625 3579 5678 uss“

1994 5667 2120 5778 quot:
2139 5681 2196 5793 qn
2214 5667 2442 5781 chifgttte
2461 5665 2531 5731 fit.
2554 5665 2682 5720 Unus
2704 5665 2734 5720 e
2758 5665 2987 5722 Vaticanis
3013 5683 3114 5724 uss.
3135 5687 3164 5724 a
3180 5665 3395 5726 secunda
3416 5665 3580 5742 uitia;

1996 5744 2098 5792 quo.
2167 5745 2236 5780 ,πί-ι
2259 5743 2286 5780 c
2329 5745 2339 5758 ·
2367 5767 2377 5778 .

1996 5743 2120 5792 (μω
2145 5743 2286 5792 {ante
2309 5743 2377 5781 tu.
