4034 6182
408 361 512 422 ns

411 475 619 546 quando
656 483 710 532 et
739 489 930 529 uxores
960 470 1091 526 tales
1119 478 1240 524 sunt
1260 511 1274 532 ,
1304 478 1360 523 ut
1401 467 1478 523 eis
1518 464 1690 520 mariti
1719 481 1824 519 non
1863 462 1984 519 ideo

409 567 668 636 piat-eaut,
725 565 846 635 quia
888 562 1100 624 divites,
1141 563 1263 630 quia
1306 557 1582 621 sublimes,
1623 556 1746 625 quia
1793 569 1990 626 genere

408 657 610 711 nobiles
629 697 645 721 ,
677 655 798 726 quia
828 667 989 708 carne
1017 650 1272 705 amabiles
1297 667 1311 703 :
1341 647 1432 703 sed
1463 648 1585 717 quia
1614 646 1834 714 ﬁdeles,
1865 642 1988 716 quia

407 748 662 817 religiosi,
695 745 816 816 quia
845 745 1017 815 pudici
1039 788 1052 806 ,
1081 743 1202 813 quia
1237 742 1331 796 viri
1359 741 1480 795 boni
1506 749 1648 794 sunt.

475 837 699 893 CAPUT
738 837 1042 892 ιον-ιιι.
1071 835 1462 905 Ιιοιειηρρναιιιὶα
1483 830 1710 902 quantum
1735 830 1787 883 in
1811 830 1992 901 conju-

403 931 546 1004 gilms
575 929 854 984 toleranda.
889 927 1023 984 Usus
1051 925 1355 980 matrimonii
1380 925 1440 978 ob
1464 921 1624 978 solant
1651 918 1871 977 libidinis
1897 939 1987 976 ro-

403 1022 641 1094 luptateut
684 1039 784 1074 non
827 1031 959 1074 cant
985 1020 1150 1088 culpa,
1187 1015 1277 1071 sed
1306 1026 1510 1082 propter
1552 1015 1756 1082 nuptias
1785 1007 1984 1066 veniali.

411 1115 602 1169 Verum
627 1117 678 1168 in
701 1111 1019 1183 conjugatis,
1050 1123 1104 1164 ut
1135 1111 1246 1164 ha-c
1271 1109 1496 1176 optanda
1524 1120 1680 1175 atque
1703 1105 1983 1165 laudanda.

403 1207 480 1259 sic
503 1207 604 1258 alia
645 1204 912 1259 toleranda
944 1214 1100 1265 sunt,
1141 1217 1207 1254 ne
1242 1201 1295 1253 in
1330 1197 1644 1252 datunahilia
1678 1198 1870 1266 ﬂagitia
1891 1233 1907 1259 ,
1936 1197 1986 1250 id

402 1307 518 1359 εει,
549 1297 600 1349 in
632 1295 1002 1348 fornicationes
1028 1292 1109 1346 vel
1138 1290 1393 1381 ladulteria
1433 1297 1729 1342 corruatur.
1765 1283 1988 1354 Propter

404 1387 544 1454 quod
586 1386 853 1440 vntandum
886 1384 1079 1437 malum
1108 1377 1308 1447 ,Ietiam
1341 1380 1420 1446 illi
1461 1379 1771 1433 Concubitus
1799 1377 1986 1448 conju-

401 1491 548 1550 gum.
581 1478 666 1546 qui
695 1493 797 1530 non
830 1476 962 1528 tiunt
987 1489 1142 1529 eausa
1171 1471 1477 1542 generandi,
1506 1471 1598 1523 sed
1625 1469 1830 1523 victrici
1857 1483 1986 1523 coo-

401 1571 742 1640 cupiscentia:
769 1559 1025 1631 ser'viunt,
1051 1567 1101 1620 in
1127 1565 1320 1636 quibus
1339 1562 1592 1631 jubentur
1613 1576 1718 1615 non
1741 1558 1986 1616 fraudare

403 1661 664 1724 invicem,
697 1676 762 1716 ne
804 1667 969 1714 tentet
1001 1674 1094 1712 eos
1125 1665 1336 1711 satanas
1378 1666 1591 1724 propter
1621 1661 1984 1722 intemperan-

404 1753 530 1808 tiam
555 1767 738 1817 suam;
770 1767 874 1804 non
899 1750 1110 1820 quidem
1151 1747 1442 1802 secundum
1483 1747 1759 1814 imperium
1803 1743 1987 1814 parci-

404 1842 639 1910 piantur,
679 1850 852 1894 tamen
896 1839 1184 1894 secundum
1226 1839 1431 1891 veniam
1474 1836 1854 1890 conceduntur.
1897 1833 1985 1890 Sic

403 1932 542 1986 enim
575 1933 826 2002 scriptum
849 1941 968 1986 est:
1003 1929 1164 1984 Uxori
1185 1931 1258 1981 vir
1285 1929 1501 1982 debitum
1526 1926 1722 1986 reddat.
1754 1919 1984 1980 similiter

391 2033 564 2076 autem
595 2033 642 2077 et
673 2039 800 2076 uxor
830 2022 952 2076 viro.
990 2019 1172 2074 Mulier
1196 2019 1274 2073 sui
1307 2019 1532 2088 corporis
1562 2028 1851 2088 patestatent
1882 2034 1983 2071 non

401 2114 545 2169 liabet
568 2156 584 2180 ,
615 2115 702 2168 sed
729 2117 802 2168 vir
823 2130 844 2168 :
882 2115 1113 2168 similiter
1140 2122 1304 2164 autem
1335 2123 1382 2164 et
1418 2106 1492 2163 vir
1516 2111 1594 2163 sui
1631 2113 1856 2178 corporis
1886 2125 1980 2180 po-

401 2217 620 2260 testatem
648 2225 746 2260 non
769 2207 934 2269 habet,
957 2206 1045 2260 sed
1072 2205 1270 2258 mulier.
1299 2202 1470 2258 Nolite
1493 2203 1698 2256 inuicem
1720 2203 1978 2272 fraudare,

400 2299 499 2352 nisi
522 2316 584 2352 ex.
609 2315 852 2353 consensu
882 2299 950 2351 ad
975 2309 1170 2368 tempus
1190 2339 1204 2361 ,
1236 2305 1288 2348 ut
1315 2295 1496 2349 vacetis
1523 2294 1776 2358 orationi;
1802 2303 1848 2346 ct
1883 2294 1978 2346 ite-

401 2403 512 2443 rum
555 2391 622 2462 ad
647 2389 868 2458 idipsum
898 2399 1090 2442 estote:
1131 2404 1192 2440 ne
1234 2396 1382 2440 tentet
1420 2401 1506 2438 vos
1543 2394 1743 2438 satanas
1779 2394 1983 2452 prapter

399 2479 835 2548 intemperantiam
862 2487 1087 2532 instram.
1123 2474 1235 2529 Hoc
1261 2487 1427 2528 autent
1453 2473 1565 2528 dico
1589 2473 1862 2546 secundum
1895 2489 1977 2526 ve-

398 2570 556 2636 niam,
582 2587 679 2624 non
700 2569 967 2624 secundum
986 2569 1247 2638 imperium
1266 2568 1308 2635 (l
1323 2563 1440 2622 Cor.
1460 2582 1554 2628 vn,
1575 2566 1710 2636 5-6).
1737 2565 1834 2621 Ubi
1851 2582 1981 2635 ergo

399 2661 548 2714 venia
573 2659 744 2714 danda
765 2666 866 2723 est;
888 2659 1082 2728 aliquid
1105 2674 1222 2713 esse
1242 2657 1411 2727 adpo:
1433 2658 1572 2711 nulla
1599 2657 1799 2711 ratione
1824 2673 1980 2726 nega-

398 2751 560 2808 bitur.
601 2754 728 2807 Cum
760 2754 916 2817 igitur
943 2752 1220 2819 eulpabilis
1249 2768 1354 2806 nun
1384 2751 1451 2805 sit
1478 2751 1764 2822 generandi
1807 2751 1979 2806 inten~

399 2843 540 2897 tione
567 2844 898 2909 CttnCttlllltIS,
921 2844 1008 2913 qui
1039 2843 1250 2912 proprie
1277 2841 1475 2914 nuptiis
1501 2842 1838 2911 imputandus
1865 2853 1975 2909 est;

396 2935 518 3004 quid
551 2936 836 2988 Secundum
870 2937 1074 2990 veniant
1101 2935 1343 2990 eoncedit
1370 2936 1651 3002 Apostolus
1673 2974 1689 2998 ,
1721 2933 1818 2986 nisi
1839 2933 1977 3003 quod

395 3025 675 3094 conjuges,
707 3023 830 3077 (luat
859 3039 918 3079 se
948 3012 1060 3078 non
1082 3027 1377 3090 continent,
1411 3025 1646 3078 debitum
1692 3025 1760 3078 ab
1809 3026 1980 3078 alter-

399 3125 518 3169 utro
567 3117 740 3168 carnis
787 3126 1118 3183 exposcunt,
1160 3133 1262 3170 non
1317 3117 1587 3171 voluntate
1635 3118 1976 3187 propaginis,

396 3205 490 3260 sed
539 3205 769 3259 libidinis
816 3205 1122 3264 Voluptate?
1172 3209 1300 3272 Qua:
1353 3217 1526 3261 tamen
1585 3209 1826 3275 voluptas
1870 3223 1978 3262 non

397 3307 613 3368 propter
651 3297 855 3364 nuptias
881 3296 1023 3350 cadit
1053 3298 1104 3350 in
1131 3299 1367 3366 culpam,
1407 3297 1499 3351 sed
1527 3309 1743 3367 propter
1770 3300 1979 3367 nuptias

395 3390 588 3456 accipit
623 3387 850 3442 veniam.
883 3389 1141 3456 Quocirca
1179 3391 1337 3442 ctiatn
1369 3389 1494 3443 hinc
1533 3401 1658 3443 sunt
1692 3390 1980 3445 laudabiles

395 3489 630 3547 nuptiae,
687 3479 806 3548 quia
857 3487 910 3532 et
961 3478 1086 3532 illud
1138 3478 1276 3548 quod
1331 3495 1434 3532 non
1492 3479 1718 3548 pertinet
1762 3479 1829 3534 ad
1882 3496 1975 3546 se,

396 3567 594 3632 ignosci
629 3567 825 3620 faciunt
863 3581 1080 3636 propter
1117 3583 1194 3621 se.
1237 3568 1418 3640 Neque
1474 3571 1613 3624 enim
1663 3571 1822 3625 etiam
1878 3571 1980 3627 iste

393 3656 702 3709 Ctt:;CttltitttS
721 3670 826 3724 quo
849 3657 1078 3710 servitur
1097 3659 1576 3727 concupiscentiae,
1599 3659 1676 3714 sic
1695 3661 1896 3730 agitur,
1924 3671 1980 3716 ut

396 3746 717 3816 impediatur
742 3745 918 3812 fetus,
955 3763 1110 3816 quem
1143 3751 1406 3818 postulant
1440 3751 1653 3818 nuptiae.

465 3854 689 3910 CAPUT
729 3853 842 3909 XV.
865 3884 936 3894 —
956 3856 1042 3909 l7.
1082 3857 1148 3910 In
1176 3873 1266 3910 usu
1287 3857 1514 3928 coniugis
1533 3859 1654 3929 quid
1675 3860 1783 3913 sine
1801 3859 1974 3929 culpa,

393 3946 514 4015 quid
539 3963 652 4000 rum
682 3947 863 3999 veniali
896 3947 1047 4014 culpa
1066 3987 1080 4008 ,
1120 3947 1242 4016 quid
1263 3962 1377 4000 cum
1396 3949 1637 4022 duortali.
1666 3950 1769 4005 Sed
1801 3961 1976 4006 tamen

391 4037 536 4092 aliud
567 4047 674 4100 est,
719 4052 822 4091 non
851 4037 1202 4092 eonemubere
1243 4037 1346 4092 nisi
1383 4040 1495 4092 sola
1525 4040 1793 4096 voluntate
1817 4057 1977 4114 gene-

396 4129 570 4194 randi,
594 4129 732 4199 quod
761 4145 866 4183 non
895 4129 1050 4184 habet
1069 4130 1276 4200 culpam
1301 4147 1317 4195 ;
1343 4130 1506 4198 aliud,
1531 4134 1705 4188 carnis
1725 4149 1978 4190 concum-

395 4221 570 4276 bendo
597 4231 850 4291 appetere
893 4222 1239 4291 Voluptatem,
1283 4222 1378 4276 sed
1423 4240 1525 4277 non
1558 4234 1751 4294 praeter
1787 4226 1976 4298 conju-

391 4326 545 4380 gem,
578 4312 718 4381 qttod
773 4312 1031 4367 venialem
1080 4312 1239 4367 habet
1285 4313 1515 4382 culpant.
1561 4315 1693 4380 Quia
1731 4317 1832 4371 etsi
1870 4333 1976 4374 non

392 4417 550 4456 eausa
602 4403 948 4474 propagandi-
989 4404 1150 4472 prolis
1193 4406 1598 4474 Concumbitur,
1647 4423 1754 4463 non
1801 4420 1976 4466 tamen

396 4495 553 4561 hujus
593 4493 820 4546 libidinis
867 4508 1026 4547 causa
1073 4496 1432 4564 prepagationi
1465 4497 1628 4566 prolis
1666 4499 1972 4568 obsistitur,

392 4585 505 4638 sive
531 4596 653 4638 voto
680 4585 838 4648 malo,
862 4583 974 4638 sive
999 4598 1161 4651 opere
1192 4583 1351 4638 malo.
1383 4585 1514 4640 Nam
1541 4587 1629 4655 qui
1659 4588 1756 4644 hoc
1779 4589 1977 4648 faciunt

389 4678 634 4745 qumuvis
659 4683 911 4730 vocentur
937 4673 1224 4744 conjuges,
1253 4690 1357 4729 non
1389 4684 1530 4744 sunt,
1560 4692 1658 4732 nec
1688 4679 1846 4735 ullam
1875 4699 1975 4738 nu-

391 4769 616 4838 ptiarum
667 4768 891 4822 retinent
943 4768 1256 4832 veritatem,
1305 4767 1399 4822 sed
1449 4769 1726 4826 honestum
1779 4787 1975 4831 nomen

389 4861 627 4918 velanda:
669 4859 978 4931 turpitudini
1025 4859 1320 4915 obtendunt
1362 4861 1402 4915 ί.
1460 4860 1759 4936 Produntur
1794 4879 1972 4924 autem

387 4955 602 5025 quamlo
627 4969 694 5010 eo
727 4969 892 5023 usque
931 4951 1371 5022 progrediuntur,
1403 4963 1462 5010 ut
1489 4968 1758 5028 exponant
1795 4961 1932 5016 tiltos
1953 5002 1969 5028 ,

386 5045 476 5114 qui
507 5053 796 5100 nascuntur
821 5044 999 5099 invitis
1026 5044 1067 5097 '.
1094 5043 1335 5099 Oderunt
1358 5045 1501 5100 enim
1534 5048 1736 5104 nutrire
1764 5051 1849 5106 vel
1877 5051 1973 5106 ba-

388 5135 548 5204 bere,
594 5151 725 5208 quos
759 5136 976 5208 gignere
1017 5137 1345 5192 metuebant.
1389 5137 1569 5209 itaque
1596 5155 1716 5196 cum
1755 5142 1806 5198 in
1845 5160 1975 5201 suos

387 5228 570 5293 sevit,
599 5243 732 5298 quos
767 5228 953 5282 nolens
993 5228 1172 5299 genuit
1202 5229 1481 5284 tenebrosa
1509 5230 1754 5302 iniquitas
1777 5275 1794 5300 ,
1829 5234 1974 5291 clara

385 5319 662 5388 iniquitate
709 5321 762 5376 in
811 5322 980 5376 lucem
1031 5321 1308 5391 promitur,
1355 5330 1410 5378 et
1453 5325 1658 5378 occulta
1703 5327 1976 5395 turpitudo

389 5410 667 5468 manifesta
689 5412 1002 5467 crudelitate
1021 5414 1374 5470 convincitur.
1399 5415 1694 5485 Aliquando
1719 5432 1785 5472 eo
1805 5433 1975 5488 usque

389 5505 631 5575 pervenit
651 5505 764 5560 lucc
785 5505 1062 5560 libidinosa
1088 5505 1396 5575 crudelitas,
1426 5509 1508 5564 vel
1534 5509 1697 5566 libido
1719 5508 1970 5578 crudelis,

447 5657 465 5690 ⁸
486 5653 728 5726 ‘Plerlque
765 5660 872 5704 uss.
918 5667 1028 5705 cum
1071 5664 1206 5718 Am.,
1263 5657 1483 5712 celanda
1531 5660 1848 5726 turpitudinis
1891 5665 1972 5718 σο.

385 5718 601 5769 tendunt.

449 5780 472 5812 ³
507 5785 626 5826 tres
643 5786 673 5826 ο
699 5774 934 5824 Vaticanis
957 5780 1086 5832 Mss.
1110 5773 1159 5826 in
1183 5776 1316 5831 siris.

1199 354 1286 412 ne
1324 353 1590 411 NUP‘l’llS
1631 353 1712 408 er
1751 313 2352 420 coacurtscenrts,
2394 353 2450 408 s.
2492 309 2858 410 auousrtzu

3578 354 3683 418 ιὶι

2098 474 2155 518 ut
2191 464 2348 518 etiam
2385 463 2678 525 sterilitatis
2707 481 2909 522 venena
2950 477 3236 540 procuret;
3268 476 3322 524 et
3357 469 3403 526 si
3431 469 3560 526 nihil
3591 486 3685 528 va-

2095 555 2253 612 luerit
2281 557 2334 622 ¹,
2377 569 2666 626 conceptos
2711 561 2844 612 fetus
2869 560 3048 630 aliquo
3094 561 3252 617 modo
3291 562 3426 618 intra
3473 565 3680 624 viscera

2093 648 2387 716 exstinguat
2417 663 2481 703 ac
2508 649 2722 715 tundat,
2751 651 2978 704 volendo
3003 665 3150 704 suam
3183 654 3389 722 prolem
3419 657 3563 724 prius
3594 655 3684 712 in-

2094 737 2254 791 terire
2277 754 2434 807 quam
2457 740 2668 802 vivere;
2693 749 2780 794 aut
2807 741 2850 794 si
2876 742 2926 794 in
2957 751 3105 795 utero
3127 743 3232 812 jam
3257 745 3486 808 vivebat,
3509 739 3681 802 occidi

2091 832 2374 896 antequam
2402 829 2566 882 nasci.
2601 829 2824 883 Prorsus
2851 829 2894 883 si
2917 831 3074 884 ambo
3100 833 3231 888 tales
3255 846 3400 895 sunt,
3423 837 3682 906 conjuch

2092 931 2200 970 non
2244 927 2405 974 sunt:
2451 928 2504 972 et
2532 919 2576 973 si
2617 920 2684 972 ab
2713 918 2864 973 initio
2893 923 3024 975 Ia'es
3056 922 3286 986 ruerunt,
3321 941 3425 980 non
3453 925 3552 982 sibi
3587 943 3681 995 per

2091 1009 2412 1063 connubium
2437 1049 2452 1072 ,
2481 1009 2572 1063 Sed
2607 1025 2699 1080 per
2727 1021 2970 1080 stuprum
3004 1014 3176 1081 [mlius
3206 1027 3594 1070 com'euer-mt.
3624 1017 3682 1070 Si

2091 1107 2268 1152 autem
2301 1116 2406 1152 non
2429 1100 2587 1152 ambo
2617 1109 2740 1154 sunt
2771 1101 2925 1165 tales,
2951 1103 3120 1156 audeo
3147 1103 3346 1166 dicere,
3371 1117 3454 1157 aut
3488 1084 3588 1158 illa,
3603 1117 3684 1162 est

2094 1188 2489 1258 quodamumdo
2518 1193 2763 1245 meretrix
2797 1192 2992 1258 nutriti,
3020 1196 3108 1247 aut
3136 1196 3220 1248 ille
3247 1190 3454 1250 adulter
3477 1202 3680 1254 uxoris.

2166 1279 2390 1334 CAPUT
2430 1281 2570 1334 XVI.
2611 1281 2792 1336 +18.
2844 1280 3126 1351 lnﬁrmitas
3173 1285 3584 1354 incontinentiw,
3619 1305 3684 1341 ne

2089 1369 2236 1421 cadat
2274 1370 2325 1422 in
2349 1371 2549 1424 ruinam
2577 1373 2918 1442 ﬂagitiorum,
2948 1374 3230 1443 excipiatur
3275 1377 3531 1430 honestate
3582 1395 3682 1430 nu-

2088 1456 2326 1528 ptiarum.
2353 1459 2485 1528 Quia
2515 1462 2672 1530 igitur
2701 1463 2898 1531 nupti:e
2931 1463 3063 1516 tales
3105 1480 3226 1518 esse
3279 1482 3382 1520 non
3434 1483 3466 1535 p
3503 1482 3530 1520 s
3562 1478 3691 1534 unt,

2095 1549 2278 1618 quales
2306 1551 2597 1620 primormn
2620 1551 2916 1618 hominum,
2945 1555 2989 1607 si
3018 1568 3290 1624 peceatum
3321 1575 3423 1609 non
3455 1573 3672 1626 pra-cess

2087 1642 2275 1704 sisset,
2316 1657 2438 1697 esse
2483 1653 2800 1712 potuerunt;
2848 1646 2956 1700 sint
2993 1648 3124 1702 tales
3159 1649 3342 1718 quales
3373 1664 3679 1706 smetorum

2087 1742 2294 1800 patrum
2315 1733 2544 1800 fuerunt,
2565 1746 2617 1788 ut
2638 1737 2878 1804 pudenda
2895 1740 3069 1793 carnis
3088 1742 3536 1809 cuncupiscentia,
3556 1757 3678 1812 quze

2086 1821 2138 1874 iu
2170 1824 2412 1890 paradiso
2442 1836 2690 1880 necante
2717 1838 2986 1896 peCcutttm
3015 1829 3142 1896 fuit,
3185 1846 3284 1886 nec
3325 1839 3437 1901 post
3488 1850 3680 1903 poma-

2088 1921 2199 1965 tum
2241 1927 2361 1967 esse
2395 1916 2652 1982 permissa
2679 1925 2796 1980 est;
2825 1916 2948 1988 quia
2995 1935 3215 1975 necesse
3251 1931 3332 1976 est
3373 1923 3422 1976 in
3451 1939 3682 1994 corpore

2084 2005 2274 2057 mortis
2307 2005 2462 2074 hujus
2493 2014 2548 2058 ut
2575 2017 2639 2060 Stl
2659 2046 2675 2074 ,
2709 2023 2813 2062 non
2841 2010 2890 2062 ei
2917 2013 3202 2074 Serviatur,
3231 2013 3324 2066 sed
3356 2014 3466 2083 ipsa
3500 2017 3679 2084 potius

2085 2097 2292 2148 nonnisi
2323 2097 2388 2150 ad
2421 2099 2811 2166 prop:'igandam
2845 2104 3044 2171 prolem
3073 2106 3276 2159 servire
3305 2117 3544 2175 ρος-διιεῖ.
3571 2111 3678 2164 Aut

2083 2188 2202 2255 quia
2233 2187 2334 2242 hoc
2361 2200 2567 2258 tempus‘
2587 2232 2604 2258 ,
2636 2193 2775 2262 quod
2805 2194 2910 2262 jattt
2942 2210 3061 2249 esse
3087 2195 3317 2251 disimUs
3355 2202 3675 2257 continendi

2083 2278 2150 2333 ab
2191 2279 2472 2348 amplexu,
2517 2295 2621 2336 non
2663 2283 2822 2339 habet
2859 2285 3014 2355 hujus
3055 2281 3216 2342 ol‘lieii
3259 2293 3672 2360 necessitatem,

2082 2368 2360 2438 adiacente
2387 2372 2621 2442 undique
2673 2373 2723 2428 in
2755 2377 3000 2430 omnibus
3026 2381 3272 2446 gentibus
3316 2391 3457 2434 tanta
3487 2380 3681 2438 futtili-

2085 2469 2192 2514 tate
2230 2462 2611 2530 gignendorum
2657 2466 3003 2534 Spiritualiter
3031 2470 3296 2535 liliorum;
3327 2470 3455 2528 illud
3497 2477 3678 2543 [mlius

2083 2551 2392 2606 excellentis
2419 2554 2758 2610 Cttlttilletllite
2788 2558 2982 2612 bonum
3006 2601 3018 2624 ,
3049 2562 3140 2630 qui
3161 2571 3318 2631 potest
3343 2580 3541 2632 capere,
3583 2582 3678 2620 ca-

2084 2639 2206 2707 piat.
2255 2641 2354 2708 Qui
2403 2659 2528 2697 vero
2554 2644 2604 2699 id
2649 2659 2844 2714 capere
2893 2664 2998 2703 non
3028 2657 3228 2718 potest,
3267 2651 3384 2706 etsi
3422 2657 3676 2722 acceperit

2082 2747 2288 2786 urerent
2307 2773 2324 2798 ,
2356 2751 2454 2788 non
2479 2746 2651 2806 peccat
2674 2751 2694 2791 :
2724 2746 2778 2791 et
2808 2737 3001 2793 leutina
3027 2743 3072 2794 si
3098 2752 3152 2794 se
3178 2756 3279 2794 non
3304 2744 3542 2809 continet,
3573 2763 3676 2798 nu-

2083 2822 2186 2874 bat.
2229 2822 2431 2877 Bonum
2473 2835 2546 2878 est
2593 2841 2732 2880 ennn
2774 2826 2967 2882 homini
3010 2832 3264 2884 mulierem
3305 2850 3404 2886 non
3448 2845 3674 2906 tangere.

2083 2911 2278 2968 Verum
2311 2919 2430 2986 quia
2457 2935 2555 2970 non
2586 2935 2754 2974 omnes
2778 2922 2983 2992 capiunt
3011 2922 3208 2976 verbum
3235 2925 3348 2992 hoc,
3377 2927 3467 2980 sed
3490 2929 3678 2998 quibus

2083 3003 2254 3057 datum
2299 3016 2368 3060 est
2419 3006 2644 3078 (Matth.
2678 3025 2767 3064 κη(
2793 3053 2808 3076 ,
2847 3011 2938 3075 li,
2976 3013 3030 3067 ll
3060 3015 3116 3084 );
3166 3026 3328 3070 restat
3370 3027 3429 3072 ut
3473 3031 3679 3090 promer

2081 3096 2437 3163 fornicationes
2469 3099 2492 3130 ‘
2539 3102 2881 3169 unusquisque
2927 3120 3073 3156 suam
3116 3121 3324 3160 uxorem
3371 3109 3584 3172 habent,
3623 3115 3678 3164 et

2081 3203 2392 3258 antiqua-que
2415 3190 2758 3278 uirnnt’suam
2785 3193 2964 3248 habeat
2998 3195 3037 3267 (Ι
3063 3196 3179 3250 Cor.
3211 3206 3281 3252 vit
3303 3240 3318 3262 ,
3345 3201 3416 3255 9.8
3436 3241 3449 3262 ,
3480 3203 3499 3256 Ι
3527 3241 3543 3264 ,
3569 3203 3626 3273 2)
3655 3223 3671 3257 :

2080 3289 2144 3328 ac
2182 3276 2259 3330 sic
2300 3276 3045 3352 inﬁrmitasincontinen:i;e,
3077 3299 3144 3341 ne
3178 3290 3327 3342 cadat
3364 3289 3415 3344 in
3461 3295 3674 3349 ruinam

2083 3365 2434 3436 ﬂagitiorum,
2477 3373 2774 3440 excipiatur
2816 3374 3091 3433 honestate
3138 3382 3462 3449 nuptiarum.
3513 3383 3675 3454 Quod

2081 3458 2224 3513 enim
2262 3459 2336 3514 ait
2372 3463 2656 3531 Apostolus
2695 3465 2763 3520 de
2801 3466 3032 3533 l'etninis,
3091 3467 3216 3524 γοιυ
3254 3473 3408 3542 igitur
3439 3475 3678 3546 juniores

2081 3549 2306 3616 nubere;
2337 3550 2435 3604 hoc
2459 3563 2512 3608 et
2541 3552 2609 3609 de
2647 3556 2882 3610 maribus
2911 3557 3012 3613 diei
3044 3569 3246 3628 potest,
3281 3561 3410 3617 Volo
3433 3567 3678 3632 juniores

2016 3651 2019 3654 ‘
2083 3655 2278 3694 uxores
2320 3641 2563 3698 dueere:
2614 3653 2670 3699 ιιι
2705 3646 2770 3701 ad
2811 3656 3092 3719 utrumque
3133 3667 3320 3708 sexum
3373 3657 3673 3725 pertineat,

2081 3731 2216 3800 ﬁlios
2245 3749 2510 3802 procreare
2531 3777 2545 3799 ,
2583 3747 2758 3806 patres
2789 3751 2841 3793 et
2868 3745 3276 3804 tnatresfamilias
3304 3763 3409 3801 esse
3429 3790 3446 3814 ,
3474 3743 3674 3805 nulloin

2081 3823 2392 3877 occasionem
2434 3826 2556 3880 dare
2598 3827 2883 3884 adversario
2936 3833 3190 3888 maledicti
3233 3838 3396 3906 gratia
3445 3838 3487 3914 (Ι
3529 3838 3669 3894 Tim.

2083 3928 2153 3979 v,
2185 3914 2294 3985 ll).
2605 3969 2610 3975 ,

2133 4005 2360 4062 CAPUT
2383 4006 2708 4067 XVll.—l9.
2733 4011 3003 4085 antt‘alia
3020 4017 3168 4072 bona.
3194 4017 3248 4074 lu
3271 4021 3467 4090 nuptiis
3491 4031 3672 4081 tamen

2080 4094 2218 4151 bona
2244 4101 2491 4166 nuptialia
2518 4103 2821 4173 diligantur,
2849 4108 3046 4177 proles.
3075 4109 3226 4175 tides,
3251 4125 3666 4171 sacramentum.

2079 4187 2184 4242 Sed
2215 4189 2410 4258 proles,
2444 4207 2546 4245 non
2581 4203 2636 4246 ιιι
2663 4207 2911 4250 nascatur
2943 4208 3142 4253 lantttnt
3164 4241 3178 4261 ,
3209 4216 3391 4256 verum
3421 4203 3579 4258 etiam
3613 4214 3671 4260 ttt

2080 4291 2429 4334 renascatur:
2477 4285 2716 4339 nascitur
2743 4301 2970 4358 namque
3009 4290 3073 4343 ad
3105 4305 3314 4360 panum
3335 4335 3350 4358 ,
3385 4295 3482 4347 nisi
3515 4311 3668 4350 reua-

2067 4380 2260 4424 scatur
2304 4371 2371 4426 ad
2411 4373 2592 4426 vitam.
2644 4373 2802 4432 Fides
2828 4388 3024 4444 autem,
3071 4396 3176 4435 non
3221 4385 3430 4451 qualem
3473 4385 3672 4443 habent

2081 4461 2216 4517 inter
2235 4478 2296 4519 se
2321 4465 2478 4519 etiam
2497 4467 2738 4523 inlideles
2753 4470 2987 4525 zelantes
3003 4487 3238 4529 carnem.
3259 4476 3388 4544 Quis
3407 4479 3547 4532 enim
3567 4481 3667 4542 vir,

2078 4555 2364 4624 quamlibet
2405 4557 2630 4626 itnpius,
2667 4561 2774 4614 vult
2802 4561 3094 4618 adulteram
3138 4583 3360 4620 uxorem
3383 4569 3406 4622 ?
3430 4581 3518 4624 aut
3549 4587 3670 4640 qua:

2079 4647 2286 4714 tnulier,
2317 4650 2604 4711 quamlibet
2633 4651 2791 4721 impia
2813 4693 2828 4716 .
2857 4655 2968 4708 vult
2990 4657 3288 4712 adu'terum
3317 4660 3530 4714 virum?
3557 4662 3670 4716 llue

2080 4737 2132 4791 in
2151 4739 2414 4793 connubio
2429 4741 2622 4795 bonum
2640 4743 2878 4799 naturale
2893 4755 2975 4799 est
2990 4747 3224 4816 quidem,
3240 4751 3453 4806 carnale
3467 4757 3664 4808 t:unen.

2080 4829 2185 4886 Sed
2215 4833 2508 4887 membrum
2536 4833 2734 4890 Christi
2774 4837 3014 4908 eoujugis
3045 4837 3066 4870 ³
3109 4840 3425 4896 adulterium
3456 4844 3668 4915 conjugi

2026 4981 2055 5009 ‘
2079 4923 2236 4979 debet
2258 4925 2466 4990 timere,
2486 4942 2590 4980 non
2618 4927 2750 4994 sibi;
2775 4941 2828 4984 et
2853 4945 2880 4982 a
2897 4929 3112 4985 Christo
3137 4946 3355 5001 sperare
3382 4935 3499 4989 lidei
3529 4952 3668 5004 ιιι-δ·-

2080 5018 2266 5084 mium,
2312 5034 2470 5090 quam
2519 5021 2738 5078 exhibet
2783 5023 3012 5093 conjugi.
3058 5021 3459 5081 Sacrameutum
3505 5043 3666 5094 vero,

2079 5110 2220 5182 quod
2247 5125 2347 5167 nec
2387 5112 2616 5181 separati
2647 5125 2748 5168 nee
2783 5111 3066 5170 adullerati
3095 5115 3382 5183 amittunt,
3413 5118 3669 5188 conjuge:

2079 5203 2414 5258 concorditer
2453 5214 2705 5277 casteque
2747 5206 3047 5262 custodiant
3090 5205 3133 5262 ⁸.
3178 5208 3360 5266 Solum
3405 5219 3490 5266 est.
3525 5210 3666 5267 enim

2144 5357 2164 5391 ι
2198 5353 2389 5420 Aliquot
2426 5363 2558 5418 Mss,
2602 5355 2839 5411 valuerint
2866 5370 2886 5410 :
2924 5372 3024 5412 non
3058 5356 3223 5424 male,
3266 5360 3537 5414 reret-endo
3577 5364 3668 5426 ad,

2336 5517 2350 5542 ,
2397 5477 2778 5544 fornicationem.
2820 5489 2875 5534 At
2917 5488 3025 5534 Mss.
3043 5516 3060 5544 ,
3101 5481 3483 5551 fornicationes;
3529 5487 3669 5552 just:

2146 5555 2329 5671 ﬁnitis
2351 5615 2380 5651 e
2403 5603 2638 5654 Vaticanis
2651 5605 2899 5671 Iussqscrl
2913 5616 3044 5671 utens
3067 5605 3142 5671 ctu
3155 5605 3320 5671 iniqui
3341 5607 3572 5671 conjugis.

2145 5665 2166 5734 ξ
2200 5671 2328 5720 Lov.,
2353 5675 2438 5734 nec
2458 5666 2694 5734 separari,
2727 5679 2814 5717 nec
2835 5667 3392 5734 (aluiterttri__a.'tmittuut
3413 5665 3637 5734 confugis
3651 5703 3668 5728 ,

2081 5723 2166 5787 qui
2188 5723 2488 5792 coruos-diter
2509 5723 2731 5792 casteque
2750 5728 3038 5792 custodiunt.
3061 5731 3190 5786 Editi,
3222 5731 3322 5792 alii,
3349 5740 3450 5782 Ant.
3479 5723 3529 5782 et
3555 5723 3665 5791 ir;

2082 5800 2173 5838 nec
2192 5786 2402 5848 sep-irai
2436 5798 2525 5837 nec
2557 5786 2820 5840 attulerat}
2843 5790 3063 5842 {uiduam
3097 5786 3344 5856 coniuges,
3367 5793 3451 5855 qui
3473 5786 3664 5844 ωηακξ
