4034 6182
448 232 547 285 4'17

442 357 567 398 sum
595 344 929 410 tenebrarum,
953 354 1000 396 et
1029 339 1280 396 transtulit
1305 340 1356 395 in
1384 355 1591 411 regnum
1613 333 1736 393 Filii
1763 331 2022 394 Citm‘ilaiil

443 451 549 488 sua:
599 432 819 505 (Colon.
863 434 915 499 l,
954 432 1062 502 13).
1106 432 1188 486 Ah
1227 431 1325 484 hac
1362 430 1520 500 igitur
1566 435 1828 500 potestate
1869 436 2022 483 tene-

445 527 688 590 bratum,
727 538 946 594 quarum
981 531 1061 576 est
1087 521 1330 576 diabolus
1365 519 1638 590 princeps,
1685 518 1737 572 id
1762 525 1845 573 est
1870 532 1898 571 a
1927 531 2024 588 po-

446 624 635 670 testate
668 613 861 668 diaboli
890 621 944 667 ct
967 613 1275 681 angelorum
1307 611 1454 680 ejus,
1483 610 1722 682 quisquis
1757 609 1870 664 erui
1900 623 2021 664 cum

445 706 774 774 liaptizantur
820 705 1090 772 negaverit
1143 703 1418 772 parvulos,
1477 701 1710 772 ipsorum
1770 700 2024 756 Ecclesia:

439 797 900 848 S.n:r;nnentornm
931 793 1150 847 veritate
1172 792 1523 855 convincitur,
1545 807 1665 862 qua:
1689 791 1831 846 nulla
1853 792 2024 846 haere-

441 893 539 939 lica
583 886 788 939 novitas
833 883 883 940 in
928 884 1163 938 Ecclesia
1206 883 1403 937 Christi
1441 882 1652 937 auferre
1693 883 1774 938 vel
1817 892 2024 937 mutare

439 977 799 1044 portuittitur,
847 985 1063 1043 regente
1107 984 1267 1043 atque
1306 972 1594 1042 adjuvaute
1635 972 1806 1040 capite
1853 981 2021 1026 totum

437 1083 627 1134 corpus
653 1081 828 1130 suum,
857 1067 1074 1134 pusillos
1099 1080 1218 1119 cum
1243 1065 1464 1135 magnis.
1493 1063 1548 1118 In
1575 1065 1798 1119 veritate
1824 1063 2020 1134 itaque,

439 1175 542 1212 non
593 1159 643 1210 iu
692 1156 949 1220 falsitate,
995 1165 1228 1225 [Olenius
1278 1155 1540 1211 diabolica
1591 1155 1924 1210 exorcizatnr
1969 1155 2022 1208 in

439 1251 670 1320 parvulis
701 1266 715 1302 :
748 1249 902 1318 eique
943 1247 1278 1310 renuntiant,
1322 1247 1443 1318 quia
1489 1263 1584 1316 per
1621 1261 1716 1301 sua
1753 1261 1858 1300 non
1897 1260 2022 1316 pns-

439 1355 593 1407 sunt,
626 1357 721 1412 per
751 1341 909 1396 corda
941 1350 991 1394 et
1030 1355 1121 1394 ora
1161 1339 1508 1409 gestantium;
1539 1347 1596 1392 ut
1623 1337 1758 1393 eruti
1800 1353 1831 1393 a
1870 1347 2022 1407 pote-

439 1443 576 1486 statc
608 1431 942 1487 tenebrarum
964 1433 1012 1484 in
1036 1445 1249 1500 regnum
1277 1429 1356 1484 sui
1388 1427 1591 1484 Domini
1618 1427 2021 1482 transferantur.

441 1523 574 1588 Quid
622 1539 747 1590 ergo
783 1521 831 1574 in
871 1521 947 1574 eis
987 1532 1098 1583 est,
1134 1535 1227 1587 per
1256 1517 1395 1588 quod
1428 1517 1479 1571 in
1525 1527 1783 1587 potestate
1826 1515 2021 1574 diaboli

441 1622 752 1676 runcantur,
799 1608 970 1663 donec
1017 1617 1271 1663 eruantur
1315 1607 1440 1660 inde
1490 1621 1586 1675 per
1630 1615 2018 1660 sacramentum

441 1701 777 1770 υλνιίδιιιηιξδ
810 1697 1039 1754 Christi?
1076 1697 1210 1766 Quid
1254 1706 1367 1761 est,
1409 1698 1510 1751 nisi
1551 1697 1861 1768 peceatum?
1905 1695 2022 1750 Non

437 1795 578 1850 (-ttittt
617 1791 758 1845 aliud
791 1791 990 1844 invenit
1029 1789 1304 1854 diaholus,
1347 1789 1488 1843 unde
1514 1797 1692 1859 posset
1739 1787 2020 1841 humanam

439 1899 538 1936 suo
577 1881 680 1951 jnri
727 1881 1028 1948 mancipare
1087 1891 1360 1943 naturam,
1409 1893 1565 1948 quam
1613 1877 1807 1931 bonam
1857 1877 2024 1930 bonus

439 1983 624 2026 auctor
663 1971 910 2026 instituit.
955 1969 1163 2024 Nullum
1205 1981 1378 2021 autem
1412 1977 1684 2037 peccatum
1726 1966 1924 2037 parvuli
1972 1968 2022 2020 in

440 2079 535 2119 sua
571 2065 674 2118 vita
705 2067 975 2134 proprium
1003 2061 1405 2115 commiserunt.
1446 2059 1701 2114 lietnanet
1736 2059 1893 2128 igitur
1921 2058 2027 2112 ori-

439 2155 620 2225 ginale
673 2165 978 2226 peccatum,
1039 2168 1132 2220 per
1177 2151 1319 2222 quod
1367 2153 1466 2206 sub
1516 2149 1708 2204 diaboli
1767 2159 2027 2220 potestate

441 2247 634 2318 captivi
659 2255 802 2310 sunt,
830 2245 930 2300 nisi
953 2243 1074 2298 inde
1094 2243 1304 2296 lavacro
1325 2241 1744 2312 regenerationis
1764 2250 1816 2294 et
1831 2236 2026 2294 Christi

441 2338 700 2409 sanguine
730 2338 1076 2399 redimantur,
1105 2343 1158 2390 ct
1189 2343 1459 2388 transeant
1491 2333 1542 2385 in
1571 2347 1788 2400 regnum
1821 2334 2032 2384 redem-

443 2431 612 2500 ptoris
641 2429 744 2493 sui,
775 2427 1022 2482 frustrata
1052 2431 1312 2494 potestate
1337 2415 1676 2492 captivatoris
1701 2421 1804 2486 sui,
1834 2429 1887 2474 et
1907 2420 2028 2472 (lata

447 2531 707 2593 potestate
727 2535 829 2591 qua
857 2517 979 2572 ﬁant
1004 2531 1068 2572 cx
1088 2514 1209 2570 {iliis
1241 2513 1396 2584 hujus
1421 2513 1599 2568 saeculi
1623 2511 1713 2566 lilii
1738 2510 1827 2565 Dei
1852 2507 2027 2583 (Jaan.

445 2628 472 2666 σι
496 2653 511 2678 ,
548 2611 658 2684 12).

516 2699 742 2758 CAI‘UT
763 2695 902 2754 XXI.
921 2727 996 2738 —
1011 2695 1102 2750 25.
1122 2694 1202 2751 Ea:
1221 2693 1364 2750 bonis
1383 2693 1605 2766 conjugii
1623 2708 1722 2748 non
1743 2708 1848 2746 esse
1867 2701 2031 2746 ortum

447 2805 724 2870 peccattmt.
754 2791 1004 2849 Connubii
1030 2797 1397 2845 sacramentum
1425 2789 1477 2842 in
1503 2785 1702 2842 Christo
1728 2797 1772 2840 et
1799 2783 2032 2839 Ecclesia

447 2907 723 2963 maguum,
777 2887 832 2942 in
883 2885 988 2940 uiro
1027 2894 1073 2938 ct
1115 2899 1272 2938 uxore
1313 2881 1598 2936 minimum.
1645 2877 1761 2936 Jam
1805 2893 1946 2933 nunc
1984 2876 2030 2932 si

449 2980 678 3052 quodam
704 2975 863 3032 modo
889 2975 1276 3044 interrogemus
1304 2971 1442 3027 bona
1463 2969 1552 3024 illa
1575 2967 1826 3039 nuptialia
1846 3007 1860 3032 ,
1893 2967 2034 3022 unde

447 3071 517 3125 ab
555 3070 634 3125 eis
673 3067 904 3138 potuerit
931 3074 1205 3134 peccatum
1235 3061 1289 3116 in
1317 3059 1563 3131 parvulos
1589 3057 1900 3130 propagari;
1942 3071 2031 3113 re-

449 3160 732 3232 spondebit
767 3156 920 3212 nobis
955 3153 1192 3225 operatio
1223 3151 1570 3222 propaganda:
1600 3149 1764 3222 prolis
1795 3167 1810 3205 :
1843 3149 1954 3220 Ego
1978 3148 2032 3204 in

449 3249 698 3322 paradiso
727 3245 896 3317 magis
925 3245 1054 3300 felix
1080 3258 1277 3308 essent,
1315 3243 1362 3297 si
1395 3251 1668 3312 peccatum
1706 3255 1810 3296 non
1846 3238 2036 3295 fuisset

451 3341 764 3397 admissum.
783 3335 864 3392 Ad
885 3350 971 3391 me
991 3348 1220 3404 namque
1246 3335 1472 3402 pertinet
1493 3331 1578 3386 illa
1599 3329 1898 3386 benedictio
1917 3329 2032 3395 Dei,

452 3433 686 3496 Crescite,
714 3441 760 3486 et
787 3425 1200 3499 multiplicamini
1231 3423 1380 3496 (Gen.
1411 3440 1462 3489 ι,
1495 3422 1613 3496 28).
1645 3422 1726 3479 Ad
1755 3422 1858 3478 hoc
1899 3437 2035 3506 opus

453 3525 652 3580 bonum
681 3519 878 3576 diversi
923 3531 1081 3575 sexus
1111 3515 1317 3572 diversa
1353 3513 1592 3570 membra
1629 3523 1756 3569 sunt
1791 3513 2033 3582 condita,

453 3631 571 3688 quae
615 3613 829 3685 quidem
867 3617 992 3665 ante
1027 3615 1300 3680 peccatum
1325 3605 1435 3678 jam
1461 3612 1643 3672 erant,
1673 3603 1766 3662 sed
1789 3603 2035 3676 pudenda

451 3688 558 3761 non
599 3710 770 3760 erant.
809 3698 1174 3770 Respondebit
1199 3695 1461 3769 pudicitia:
1488 3694 1726 3752 lidcs:Si
1759 3705 2033 3768 peccatum

451 3812 556 3852 non
595 3793 813 3858 fuisset,
859 3791 982 3862 quid
1014 3803 1100 3844 me
1139 3789 1190 3843 in
1228 3786 1472 3858 paradiso
1511 3786 1750 3842 securius
1779 3801 1898 3842 esse
1937 3800 2035 3858 po-

449 3888 662 3949 tuisset,
687 3883 775 3939 ubi
803 3895 904 3938 nec
925 3879 1224 3935 stimularet
1246 3892 1385 3944 mea,
1409 3891 1507 3931 nec
1525 3875 1744 3931 alterius
1764 3889 1849 3930 me
1874 3874 2036 3932 libido

451 3985 705 4034 tentaret.
739 3969 1106 4043 Respondebit
1133 3969 1295 4025 etiam
1320 3967 1572 4023 connubii
1598 3965 2034 4022 Sacramcntum:

450 4071 531 4124 De
559 4083 642 4123 me
676 4073 802 4121 ante
841 4069 1118 4134 peccatum
1147 4058 1346 4115 dictum
1373 4067 1455 4113 est
1480 4057 1542 4112 in
1563 4057 1828 4126 paradiso,
1861 4054 2038 4111 Relin-

451 4171 566 4227 quet
596 4163 745 4212 homo
779 4163 972 4226 patrem
1009 4161 1057 4206 et
1085 4160 1296 4204 matrem
1315 4189 1330 4215 ,
1365 4157 1412 4202 et
1433 4145 1705 4202 adhwrcbit
1727 4147 1873 4200 uxori
1896 4160 2034 4210 sua,

453 4259 500 4304 et
530 4258 671 4302 erunt
698 4246 798 4298 duo
823 4243 876 4297 in
900 4256 1053 4296 carne
1075 4255 1180 4294 uua
1220 4235 1332 4309 (Id.
1359 4253 1428 4305 tt,
1471 4235 1588 4306 24).
1621 4235 1770 4304 Quod
1799 4250 2038 4306 maguum

456 4341 844 4396 Sucrantenlum
869 4334 1001 4390 dicit
1023 4331 1310 4402 Apostolus
1343 4330 1396 4384 in
1433 4325 1632 4384 Christo
1657 4339 1702 4382 et
1731 4330 1782 4381 in
1810 4325 2038 4381 Ecclesia

457 4425 672 4500 (Ephes.
694 4441 748 4491 v,
773 4425 884 4494 52).
908 4421 1058 4490 Quod
1081 4435 1206 4492 ergo
1226 4428 1308 4474 est
1331 4419 1382 4472 in
1403 4417 1613 4473 Christo
1641 4425 1695 4470 et
1720 4417 1773 4470 in
1798 4414 2035 4474 Ecclesia

456 4531 740 4590 maguum,
781 4513 884 4568 hoc
912 4513 964 4567 iu
1002 4511 1224 4580 singulis
1247 4508 1544 4580 quibusque
1565 4508 1695 4562 viris
1718 4516 1878 4576 atque
1903 4520 2036 4560 uxe~

454 4614 602 4666 ribus
631 4606 932 4669 minimum,
962 4601 1057 4657 sed
1089 4609 1268 4655 tamen
1294 4597 1686 4667 coniunctionis
1710 4595 2038 4666 inseparabi-

455 4704 548 4760 lis’
582 4700 1008 4757 Sacrameutum.
1035 4691 1171 4761 Quid
1215 4692 1402 4766 horum
1439 4697 1521 4743 est
1549 4689 1601 4742 in
1647 4689 1870 4757 nuptiis,
1901 4687 2040 4742 unde

457 4792 660 4865 peccati
691 4787 956 4844 vinculum
985 4785 1233 4840 transiret
1259 4783 1311 4834 in
1345 4776 1846 4848 posterosiNempe
1874 4779 1999 4832 nihil
2023 4793 2035 4831 :

452 4897 509 4939 et
536 4893 684 4939 certe
718 4879 802 4934 his
840 4876 1008 4932 tribus
1039 4873 1192 4928 bonis
1219 4869 1448 4941 perfecte
1484 4883 1542 4923 se
1585 4867 1806 4924 haberet
1835 4867 2041 4922 bonitas

459 4978 792 5046 nuptiarum,
819 4970 1013 5042 quibus
1047 4966 1200 5022 bonis
1237 4964 1395 5018 etiam
1438 4980 1574 5016 num:
1611 4963 1760 5015 bona:
1792 4972 1909 5015 sont
1941 4977 2039 5014 utt-

459 5068 602 5138 plitn.
723 5117 730 5120 _

527 5151 756 5212 CAPUT
785 5146 1152 5208 XXlIn—ﬂ.
1196 5143 1376 5200 Libido
1414 5153 1460 5197 et
1503 5143 1666 5214 pudor
1705 5158 1768 5196 ea:
1814 5153 2037 5212 peccato.

459 5247 565 5302 Lex
622 5245 830 5318 peccati.
891 5241 1218 5314 Invidentia
1271 5238 1582 5310 eguit-orum.
1640 5235 1808 5289 Porro
1863 5243 2040 5290 autem

459 5338 504 5391 si
543 5337 898 5405 interrogetur
933 5335 1020 5391 illa
1057 5331 1232 5387 carnis
1275 5325 1704 5396 concupiscentia
1737 5365 1754 5389 ,
1799 5339 1900 5395 qua
1944 5341 2040 5394 pu-

457 5427 632 5483 denda
679 5424 816 5480 facta
858 5432 1003 5489 sum,
1051 5435 1172 5493 ςιιω
1206 5419 1358 5489 prius
1389 5417 1632 5487 pudenda
1663 5431 1768 5470 non
1802 5414 2040 5480 fuerant;

459 5533 637 5575 nonne
674 5513 1008 5585 respondebit
1070 5528 1134 5570 se
1156 5511 1210 5564 in
1231 5510 1486 5566 membris
1516 5507 1746 5564 hominis
1775 5517 1891 5579 post
1919 5523 2042 5578 pce-

523 5657 542 5689 ι
580 5648 644 5698 Er
680 5657 733 5701 et
753 5661 842 5702 se:
865 5653 998 5708 uss,
1049 5641 1354 5708 e‘rparabite.

1259 224 1347 280 ns
1384 222 1648 280 auarus
1687 215 1774 274 ετ
1813 183 2416 288 CONCUPISCENTIA,
2457 219 2515 276 s.
2558 215 2931 278 aucusrmt

3615 219 3729 276 ιςε

2133 323 2308 392 catum
2339 350 2458 391 esse
2485 334 2744 405 ccepisse't
2797 335 2864 390 Et
2925 335 3043 392 ideo
3091 335 3258 408 legem
3300 341 3500 410 peccati
3538 346 3727 399 verbis

2130 425 2436 498 apostolicis
2479 435 2834 495 nuncupatam
2883 425 3062 496 (Rom.
3119 441 3214 492 vn,
3261 427 3378 504 25),
3428 431 3572 502 quod
3609 431 3726 488 ho-

2131 521 2330 573 minem
2371 519 2470 574 sibi
2499 519 2768 575 subditum
2810 519 3028 588 fecerit,
3072 524 3194 592 quia
3223 523 3334 579 Deo
3389 538 3488 581 suo
3533 527 3726 583 subdi-

2132 617 2216 666 tus
2250 623 2372 666 esse
2401 609 2603 664 noluit:
2627 624 2794 680 seque
2814 624 2934 666 esse
2962 611 3030 666 de
3059 626 3158 682 qua
3185 621 3239 668 et
3268 614 3423 682 primi
3447 616 3726 688 coniugati

2131 707 2256 755 tunc
2274 699 2623 766 erubuerunt,
2651 699 2864 771 quando
2893 701 3138 772 pudenda
3171 711 3418 762 texerunt
3447 705 3604 790 (ςεη.
3635 725 3720 772 ιιι,

2129 793 2207 863 7),
2231 798 2287 846 et
2320 805 2460 846 nunc
2482 805 2674 846 omnes
2710 792 3067 860 erubescunt,
3106 795 3317 864 quando
3352 795 3420 850 ad
3457 812 3723 852 concum-

2127 880 2358 937 beudum
2380 891 2583 936 secreta
2602 883 2944 950 conquirunt,
2972 898 3146 954 neque
3165 884 3324 956 hujus
3341 887 3522 956 operis
3550 897 3723 944 testes

2128 973 2326 1029 audent
2357 973 2554 1028 habere
2588 975 2668 1030 vel
2711 974 2882 1040 filios,
2918 991 3053 1045 quos
3096 977 3219 1033 inde
3257 989 3580 1049 genuerunt.
3619 981 3724 1036 Cui

2129 1064 2462 1119 verecundiae
2489 1063 2716 1119 naturali
2744 1064 3063 1138 Cynicorum
3091 1083 3244 1124 error
3273 1069 3759 1141 philosophorum:

2129 1153 2360 1208 mirabili
2415 1152 2741 1222 impmlentia
2789 1155 3078 1211 reluctatus
3131 1159 3724 1230 est:quandoquidem

2129 1241 2252 1308 hoc,
2283 1243 2532 1314 quoniam
2570 1243 2770 1298 licitum
2799 1253 2944 1301 esset
2972 1229 3399 1318 honestumque,
3429 1229 3550 1304 cum
3579 1266 3724 1306 con-

2122 1333 2251 1404 juge
2277 1335 2448 1404 palam
2483 1332 2785 1390 facicndmn
2825 1351 2946 1392 esse
2987 1337 3298 1393 censebant.
3337 1337 3490 1394 Unde
3515 1339 3725 1395 merito

2130 1425 2464 1480 imnnmditia
2514 1425 2671 1496 hujus
2709 1427 3050 1496 impudentiae
3087 1429 3334 1484 caninum
3377 1447 3575 1488 nomen
3617 1447 3722 1487 ae-

2129 1515 2268 1586 cepit
2291 1532 2306 1569 :
2326 1531 2389 1570 ex
2423 1517 2522 1569 hoc
2543 1516 2736 1586 quippe
2762 1517 2946 1588 Cynici
2976 1518 3259 1590 nuucupati
3280 1529 3423 1574 sunt.
3528 1507 3538 1511 ”

2199 1604 2426 1662 CAPUT
2466 1605 2654 1662 XXIII.
2677 1635 2747 1646 —
2767 1606 2857 1662 25.
2889 1606 3304 1678 Concupiscentia
3331 1609 3384 1664 in
3411 1611 3723 1683 regeneratis

2129 1697 2239 1753 sine
2269 1713 2516 1753 consensu
2559 1714 2660 1753 non
2705 1710 2777 1753 est
2816 1709 3100 1769 peccatum.
3143 1699 3414 1756 Peccatum
3441 1719 3541 1774 quo
3563 1721 3722 1759 sensu

2129 1791 2532 1862 concupiscentia
2571 1801 2790 1844 uocetur.
2835 1791 3090 1862 Quidquid
3126 1809 3216 1863 per
3251 1796 3716 1866 concupiscentiam

2131 1881 2374 1945 nascitur,
2403 1897 2504 1934 non
2530 1881 2777 1935 immerito
2805 1881 3066 1952 subjugari
3087 1882 3289 1936 diabolo
3313 1894 3518 1953 propter
3539 1899 3722 1954 pecca-

2130 1980 2258 2025 tum.
2295 1971 2540 2026 Diabolus
2567 1971 2768 2042 graeius
2805 1988 2954 2040 quam
2985 1971 3210 2026 homines
3239 1973 3547 2043 puniendus.
3589 1973 3722 2030 ιιεω

2131 2062 2349 2116 omnino
2376 2061 2842 2129 concupiscentia,
2886 2061 2999 2114 lucc
3027 2061 3112 2116 lex
3143 2063 3341 2131 peccati
3381 2063 3626 2120 habitans
3663 2067 3718 2122 in

2134 2153 2406 2218 meinbris,
2437 2153 2522 2206 cui
2550 2152 2633 2207 lex
2656 2152 2874 2222 justitia:
2903 2160 3046 2206 vetat
3073 2153 3311 2216 obedire,
3337 2153 3550 2212 dicente
3578 2157 3723 2224 Apo-

2135 2245 2302 2310 stolo,
2331 2243 2453 2298 Non
2482 2260 2598 2316 ergo
2627 2229 2794 2316 regn’et
2825 2254 3079 2312 peccatum
3104 2245 3158 2298 in
3189 2254 3348 2300 vestro
3374 2246 3576 2300 mortali
3603 2262 3725 2301 cor-

2133 2353 2255 2406 pore
2278 2336 2344 2387 ad
2369 2334 2700 2389 obediendmn
2725 2334 2987 2388 desideriis
3015 2335 3141 2405 ejus,
3162 2351 3320 2407 neque
3345 2335 3675 2392 exhibueritis
3701 2337 3721 2370 ⁸

2132 2423 2354 2478 membra
2382 2435 2544 2478 vestra
2580 2440 2725 2478 arma
2767 2423 3043 2492 iniquitatis
3067 2435 3271 2494 peccato
3310 2423 3488 2497 (Rom.
3518 2442 3594 2492 VI,
3628 2426 3720 2490 l2.

2141 2515 2396 2588 ἥλικες,
2436 2516 2648 2586 inquam
2671 2555 2688 2584 ,
2727 2515 3192 2585 concepiscentia,
3227 2533 3346 2586 qua:
3372 2518 3487 2573 solo
3523 2517 3719 2574 Sacra-

2135 2614 2314 2662 mento
2341 2605 2760 2676 regenerationis
2787 2606 3030 2675 expiatur
3048 2646 3064 2672 ,
3107 2605 3342 2676 profecto
3369 2607 3570 2676 peccati
3599 2608 3720 2664 vin-

2135 2696 2311 2752 culum
2342 2696 2745 2768 regeneratione
2771 2693 2963 2766 trajicit
2986 2694 3038 2750 in
3073 2703 3336 2765 posteros,
3367 2696 3467 2750 nisi
3487 2695 3598 2752 'ab
3626 2697 3722 2752 illo

2135 2795 2191 2843 et
2229 2786 2329 2857 ipsi
2373 2787 2779 2857 regeneratione
2823 2785 3122 2840 solvantur.
3167 2776 3301 2841 Nam
3345 2785 3460 2856 ipsa
3499 2785 3721 2856 quidem

2135 2877 2560 2950 concupiscentia
2585 2877 2694 2949 jam
2720 2893 2826 2932 non
2850 2887 2932 2933 est
2959 2885 3233 2948 peccatum
3267 2879 3319 2932 in
3355 2881 3732 2950 regeneratis;

2137 2973 2354 3046 quando
2382 2971 2456 3028 illi
2493 2973 2562 3028 ad
2593 2971 2772 3027 illicita
2797 2985 2960 3042 opera
2989 2986 3095 3027 non
3137 2973 3504 3040 consentitur,
3554 2983 3724 3041 atque

2139 3075 2197 3122 ut
2226 3081 2286 3124 ea
2315 3061 2678 3136 perpetrent',
2711 3077 2742 3116 a
2768 3063 2946 3134 regina
2975 3070 3156 3118 mente
3181 3063 3418 3118 membra
3449 3078 3554 3116 non
3579 3062 3724 3117 dan-

2137 3164 2262 3210 tur:
2286 3163 2340 3209 ut
2373 3154 2416 3209 si
2447 3168 2553 3208 non
2582 3151 2641 3206 lit
2667 3150 2809 3220 quod
2833 3151 3090 3222 scriptum
3119 3161 3222 3214 est,
3254 3150 3376 3205 Non
3394 3151 3718 3222 σοικαρὶιά

2138 3243 2336 3317 (Exod.
2368 3258 2466 3308 xx,
2497 3238 2616 3317 l7),
2648 3241 2741 3296 fiat
2765 3243 2953 3298 saltem
2996 3241 3136 3311 quod
3180 3241 3305 3296 alibi
3343 3243 3552 3313 legitur,
3597 3240 3726 3297 Post

2137 3334 2570 3407 concupiscentias
2602 3343 2717 3388 tuas
2760 3349 2863 3388 non
2897 3349 2979 3387 eas
3024 3331 3214 3403 (Eccli.
3253 3348 3410 3400 xvut,
3453 3334 3568 3400 50).
3612 3331 3724 3389 Sed

2137 3427 2260 3500 quia
2278 3427 2301 3459 ⁸
2322 3425 2484 3482 modo
2503 3425 2732 3497 quodam
2750 3425 2998 3496 loquendi
3024 3437 3294 3496 peccatum
3318 3437 3553 3490 vocatur,
3575 3429 3724 3496 quod

2138 3529 2191 3577 et
2226 3528 2445 3591 peccato
2483 3517 2619 3574 facta
2656 3526 2758 3586 est,
2793 3527 2848 3575 et
2885 3529 3180 3589 peccatum,
3225 3519 3270 3574 si
3309 3519 3528 3586 vicerit,
3559 3518 3724 3584 facit;

2137 3613 2356 3670 reatus'
2393 3612 2510 3684 ejus
2533 3612 2676 3667 valet
2714 3611 2765 3666 in
2795 3621 3048 3680 generato
3069 3627 3084 3664 :
3103 3625 3260 3680 quem
3289 3618 3492 3684 reatum
3521 3611 3724 3666 Clu-isti

2137 3703 2307 3774 gratia
2336 3718 2434 3773 per
2467 3700 2836 3758 remissionem
2882 3701 3122 3756 omnium
3168 3710 3508 3770 peccatorum
3551 3699 3602 3753 in
3635 3715 3727 3754 re-

2139 3803 2422 3866 generato,
2453 3793 2498 3846 si
2525 3793 2592 3847 ad
2630 3791 2768 3846 mala
2803 3805 2965 3861 opera
2996 3791 3044 3846 ei
3075 3789 3304 3860 quodam
3337 3789 3495 3844 minio
3515 3779 3725 3859 jnbcnti

2141 3897 2246 3938 non
2291 3881 2539 3947 obediat,
2587 3879 2761 3936 valere
2807 3894 2915 3935 non
2957 3879 3103 3934 sinit.
3145 3879 3234 3934 Sic
3275 3889 3452 3933 autem
3505 3889 3728 3932 vocatur

2142 3981 2413 4044 peceatum
2433 4014 2450 4040 ,
2477 3971 2600 4042 quia
2639 3979 2859 4040 peccato
2895 3968 3032 4026 facta
3062 3977 3145 4022 est
3164 4007 3178 4032 .
3209 3983 3329 4022 cum
3351 3967 3462 4036 jam
3493 3969 3542 4021 in
3571 3983 3728 4037 rege-

2140 4065 2340 4122 neratis
2368 4079 2473 4118 non
2517 4063 2589 4118 sit
2628 4062 2741 4131 ipsa
2781 4071 3057 4132 peccatum
3082 4077 3096 4114 :
3119 4059 3260 4114 sicut
3297 4067 3516 4128 vocatur
3544 4059 3724 4128 lingua

2141 4156 2358 4220 locutio,
2375 4169 2532 4224 quam
2557 4153 2678 4208 facit
2697 4153 2871 4222 lingua
2890 4167 2904 4215 ;
2926 4159 2980 4207 ct
2996 4165 3183 4204 manus
3201 4157 3418 4204 vocatur
3437 4147 3721 4217 scriptura,

2140 4263 2298 4318 quam
2330 4245 2457 4302 facit
2502 4259 2714 4298 manus.
2758 4241 2994 4312 Itemque
3031 4241 3108 4296 sic
3155 4248 3372 4294 vocatur
3411 4245 3726 4308 peccatum,

2143 4339 2265 4409 quia
2297 4348 2603 4408 peccatum,
2650 4334 2697 4388 si
2728 4333 2910 4396 vincit,
2951 4333 3104 4386 facit:
3127 4330 3268 4386 sicut
3297 4339 3518 4386 vocatur
3555 4327 3725 4400 frigus

2141 4431 2373 4503 pigrum,
2392 4443 2497 4482 non
2517 4425 2658 4496 quod
2682 4441 2712 4480 a
2739 4425 2899 4494 pigris
2927 4423 3036 4488 liat,
3065 4423 3158 4478 sed
3180 4421 3320 4493 quod
3345 4423 3522 4492 pigros
3541 4421 3725 4477 faciat.

2211 4520 2304 4576 26.
2333 4520 2444 4575 [Ioc
2465 4517 2642 4590 generi
2672 4518 2902 4571 humano
2931 4515 3184 4569 iullictum
3207 4513 3399 4568 vulnus
3425 4529 3456 4568 a
3484 4512 3728 4590 diabolo,

2143 4611 2400 4684 quidquid
2439 4625 2534 4680 per
2573 4608 2700 4664 illud
2744 4607 3010 4672 nascitur,
3039 4605 3181 4676 cogit
3218 4619 3337 4660 esse
3365 4605 3463 4658 sub
3490 4603 3723 4668 diabolo,

2147 4710 2394 4771 tanquam
2423 4697 2492 4754 de
2521 4713 2618 4753 suo
2656 4697 2844 4750 frutice
2876 4695 3099 4772 fructum
3133 4694 3254 4763 jure
3295 4693 3544 4762 decerpat
3573 4709 3590 4747 :
3619 4707 3729 4748 non

2145 4791 2287 4864 quod
2319 4791 2386 4848 ab
2414 4789 2506 4846 illo
2537 4790 2605 4844 sit
2633 4798 2815 4847 natura
2847 4787 3076 4862 humana
3095 4827 3110 4849 ,
3137 4800 3258 4856 qua:
3284 4801 3389 4840 non
3418 4793 3502 4839 est
3529 4782 3630 4838 nisi
3659 4798 3725 4838 ex

2211 4905 2229 4937 ³
2263 4904 2338 4954 Sic
2357 4909 2466 4953 uss.
2482 4902 2599 4952 rem
2625 4911 2760 4960 vero,
2783 4896 3068 4950 exhibeam.

2209 4969 2230 4997 '
2265 4964 2393 5022 Apud
2417 4970 2548 5022 t.ov.,
2569 4967 2614 5012 et
2636 4959 2753 5011 nisi.
2986 4961 2997 4968 '

2212 4979 2230 4997 ι
2265 4979 2293 5014 Α
2317 4979 2393 5013 ιιια
2417 4979 2548 5022 wv.,
2569 4979 2614 5012 et
2636 4979 2746 5011 um.

2212 5027 2235 5093 ξ
2265 4979 2452 5093 Aliquot
2472 5030 2600 5080 Mss...
2625 5025 2878 5093 perpetrat.
2970 5078 2982 5091 ο

2211 5089 2233 5120 ⁸
2256 5076 2574 5136 “Narnienses
2585 5076 2886 5144 rejceeruut,
2899 5078 3012 5142 quia
3037 5093 3054 5131 .'
3069 5081 3258 5144 tametsi
3277 5085 3383 5144 erat
3397 5076 3522 5142 aliud
3533 5085 3632 5144 om.
3649 5081 3725 5125 Er.

2151 5157 2386 5198 etotnnes
2398 5147 2592 5197 wlices
2615 5139 2975 5204 ttitiittscriptOs.
3003 5149 3140 5192 Forte
3168 5139 3452 5204 legendum,
3484 5139 3568 5188 sed
3599 5150 3643 5195 σο
3664 5149 3724 5186 te.

2212 5213 2233 5243 ⁸
2269 5209 2587 5272 ueniguianns
2607 5213 2708 5272 ius,
2745 5215 2910 5253 rerum
2927 5212 3120 5272 femus.
3143 5208 3234 5250 Sed
3251 5235 3283 5272 ,_
3301 5213 3496 5272 certon,
3517 5210 3546 5248 s
3565 5208 3730 5272 lapte-

2149 5273 2281 5320 riore
2317 5257 2458 5318 manu
2489 5257 2800 5316 substituimu
2826 5273 2902 5313 est
2927 5261 3032 5324 loco
3057 5263 3182 5313 alios
3209 5257 3725 5324 cdjnsdamﬂoéluli.

2151 5339 2267 5380 sunt
2310 5329 2416 5380 libri
2461 5331 2543 5392 qui
2596 5329 2806 5382 habent,
2853 5323 3140 5392 [u'it_reum
3167 5335 3195 5392 ,ξ
3223 5320 3723 5392 τέιιιιιε-ςῂιδ--εειιιυιε

2152 5402 2231 5442 etc
2255 5407 2269 5451 ;
2295 5393 2453 5440 minus
2475 5381 2620 5451 liene.
2647 5413 2704 5423 -
2728 5381 2914 5451 Morel,
2941 5393 2951 5431 I
2973 5383 3085 5451 lein.
3113 5386 3218 5451 crit.
3240 5397 3376 5451 pgg._
3393 5381 3632 5451 5%),_350,
3661 5381 3730 5451 sic

2153 5441 2275 5518 lcgii
2319 5452 2449 5503 hunc
2504 5450 2662 5500 locum
2707 5463 2720 5498 :
2761 5449 2852 5518 sed
2893 5441 3022 5518 iquia
3078 5447 3217 5518 mod?
3241 5441 3460 5518 "quodam
3499 5441 3729 5518 loquendi

2153 5506 2398 5578 inierant):
2431 5519 2662 5578 rotetur,
2687 5506 2814 5573 quod
2855 5515 2901 5558 ct
2922 5506 3139 5578 peccato
3175 5507 3304 5578 facta
3344 5511 3512 5578 caput.
3536 5515 3727 5578 (mica-

2152 5564 2290 5630 ium.
2323 5576 2364 5624 si
2395 5573 2584 5628 riserit.
2627 5564 2739 5634 the}!
2783 5564 2976 5631 tenari;
3010 5564 3305 5631 rectus'rjus
3334 5566 3452 5618 valet
3495 5564 3564 5616 in
3587 5575 3729 5628 gens-

2157 5645 2276 5686 rufo.
2341 5644 2395 5686 δι.

2157 5645 2276 5688 rato.
2341 5645 2395 5686 δι.
