4034 6182
1041 240 1153 263 ’.Νι
1176 245 1189 251 ,
1242 239 1273 248 ..

297 331 397 388 ηε

299 451 440 513 Deo,
467 446 565 505 sed
604 445 787 506 vitium
831 443 975 519 quod
1012 459 1120 501 non
1163 451 1247 501 est
1291 457 1359 500 ex
1394 442 1522 499 Deo.
1576 441 1690 497 Non
1735 440 1876 497 cnim

292 549 511 611 propter
537 554 596 595 se
625 539 825 610 ipsam,
854 553 976 609 qua:
1015 536 1294 594 laudabilis
1320 543 1436 603 est,
1467 536 1588 607 quia
1620 549 1753 605 opus
1782 533 1877 589 Dei

288 626 423 695 est;
448 630 543 685 sed
577 640 790 700 prepter
832 629 1136 686 damnabile
1163 629 1383 696 vitiant,
1409 642 1516 700 quo
1547 625 1727 682 vitiata
1769 634 1872 693 est,

289 734 478 780 natura
520 724 750 781 humana
776 725 1080 782 damnatur.
1120 725 1186 782 Et
1215 734 1434 797 propter
1470 724 1612 797 quod
1649 725 1874 780 damna-

289 824 398 881 tur,
433 827 651 886 propter
690 816 794 872 hoc
835 826 891 872 et
931 816 1220 872 damnabili
1261 816 1474 871 diabolo
1513 816 1826 887 subjugatur
1858 834 1873 870 :

286 908 410 975 quia
440 916 497 963 et
536 908 649 974 ipse
676 905 918 964 diabolus
945 909 1166 978 spiritus
1207 908 1513 964 immundus
1537 917 1652 973 est,
1684 916 1738 963 et
1768 909 1873 962 uti-

284 1014 393 1065 que
422 997 622 1054 bonum
662 997 802 1067 quod
840 1000 1059 1069 Spiritus
1082 1039 1098 1065 ,
1123 998 1323 1054 malum
1347 998 1493 1070 quod
1526 999 1831 1054 immundus
1855 1014 1874 1066 ;

284 1090 539 1159 quoniam
580 1088 797 1162 Spiritus
834 1099 919 1146 est
958 1102 1181 1158 natura,
1226 1089 1530 1145 immundus
1573 1099 1656 1144 est
1696 1089 1822 1144 vitio
1855 1105 1871 1143 :

282 1198 513 1249 quorum
555 1182 779 1238 duorum
823 1182 951 1238 illud
979 1197 1010 1237 a
1040 1183 1150 1240 Deo
1174 1190 1290 1249 est,
1322 1182 1424 1238 hoc
1462 1182 1532 1238 ab
1573 1182 1708 1252 ipso.
1755 1181 1872 1236 Non

283 1274 463 1342 itaque
509 1283 656 1329 tenet
702 1274 965 1341 homines,
1014 1274 1127 1329 sive
1173 1273 1414 1343 majoris,
1458 1274 1572 1327 sive
1616 1272 1873 1328 infantilis

280 1366 476 1427 artatis.
508 1374 726 1435 propter
751 1365 892 1434 quod
919 1365 1164 1421 homines
1187 1372 1332 1429 sunt,
1362 1363 1458 1420 sed
1485 1375 1701 1434 propter
1729 1363 1871 1435 quod

281 1454 543 1508 immundi
587 1463 730 1509 sunt.
780 1454 879 1521 Qui
923 1470 1052 1526 ergo
1080 1456 1303 1509 miratur
1336 1456 1461 1525 quia
1502 1462 1743 1510 creatura
1775 1454 1870 1509 Dei

279 1544 529 1597 subditur
567 1543 815 1608 diabolo,
846 1559 955 1599 non
983 1543 1206 1599 miretur
1233 1560 1248 1599 :
1280 1543 1526 1599 subditur
1552 1545 1693 1599 enim
1721 1559 1872 1599 crca—
1904 1558 1909 1563 '

282 1643 400 1685 tura
452 1632 546 1686 Dei
591 1642 850 1688 creaturae
899 1634 1013 1698 Dei,
1062 1635 1237 1689 minor
1278 1633 1489 1704 majori,
1538 1634 1660 1705 quia
1709 1634 1870 1691 homo

279 1725 509 1795 angelo;
560 1740 658 1782 nec
708 1737 885 1782 tamen
932 1734 1148 1796 propter
1191 1735 1459 1792 naturam,
1508 1727 1604 1782 sed
1652 1736 1870 1797 propter

278 1821 491 1882 vitium,
536 1821 658 1891 quia
706 1820 1011 1876 inunundus
1054 1821 1350 1876 immundo.
1402 1819 1500 1876 llic
1540 1832 1623 1876 est
1666 1819 1867 1876 fructus

281 1912 399 1977 ejus
435 1927 504 1967 ex
547 1913 760 1983 antiqua
791 1912 1139 1968 itnmunditize
1180 1912 1381 1983 stirpe,
1410 1928 1571 1983 quam
1610 1912 1868 1982 plantavit

280 2003 332 2057 in
383 2002 624 2072 homine,
653 2003 884 2073 majores
921 2003 1137 2075 quidem
1180 2017 1366 2073 prensa
1411 2002 1601 2059 ultimo
1640 2004 1862 2073 judicio,

276 2107 479 2165 quanto
517 2106 602 2152 est
644 2097 997 2164 immundior,
1031 2099 1145 2170 ipse
1170 2112 1469 2171 passurus:
1499 2106 1863 2152 verumtamen

275 2198 328 2242 et
366 2190 564 2258 quibus
601 2189 654 2244 in
692 2191 780 2245 illa
821 2191 1166 2249 damnatione
1206 2191 1534 2248 tolerabilius
1573 2191 1707 2256 erit,
1739 2190 1862 2244 Ituic

274 2286 401 2333 sunt
436 2279 635 2334 subditi
664 2280 811 2335 velut
853 2282 1075 2351 principi
1103 2285 1415 2353 auctorique
1457 2281 1696 2352 peccati;
1735 2280 1860 2351 quia

275 2369 420 2424 nulla
448 2370 551 2423 erit
577 2370 934 2427 damnationis
960 2388 1155 2441 causa,
1182 2372 1284 2430 nisi
1315 2380 1611 2443 peccatum.

343 2457 574 2516 CAPUT
614 2459 805 2528 XXIV.
823 2491 896 2503 —
914 2462 1006 2519 27.
1031 2464 1134 2519 Per
1154 2464 1412 2519 libidinem
1436 2463 1721 2518 traducitur
1747 2479 1863 2535 pec—

274 2561 442 2607 catus
477 2553 745 2624 originale.
787 2553 1004 2610 Peccato
1038 2557 1255 2612 oenialia
1288 2558 1345 2613 in
1364 2558 1686 2630 conjugibus.
1726 2557 1861 2614 Con-

273 2644 580 2714 cupiseentia
605 2646 805 2713 carnis,
835 2648 1027 2719 peccati
1069 2647 1182 2718 ﬁlia
1214 2657 1264 2704 et
1299 2659 1480 2705 mater.
1523 2649 1860 2720 QuaprOpter

275 2744 428 2788 natos
465 2751 572 2790 non
609 2751 677 2791 ex
714 2736 856 2792 bono
897 2753 1005 2809 quo
1032 2739 1189 2796 bona:
1226 2748 1353 2796 sunt
1388 2741 1605 2810 nuptiae,
1650 2742 1747 2795 sed
1789 2753 1860 2795 ex

274 2825 415 2879 malo
439 2827 920 2898 concupiscentiae,
949 2844 1058 2900 quo
1092 2829 1231 2886 bene
1255 2831 1468 2902 quidem
1496 2840 1717 2885 utuntur
1754 2844 1858 2885 uua

273 2919 420 2988 ptiar,
454 2918 524 2975 de
551 2934 659 2990 quo
684 2930 862 2977 tamen
895 2923 1218 2979 erubescunt
1245 2934 1299 2979 et
1328 2923 1557 2994 nuptiae,
1589 2938 1712 2979 reos
1735 2922 1856 2977 dia-

272 3007 426 3063 bolus
466 3011 720 3080 parvulos
746 3019 912 3070 tenet.
955 3013 1090 3083 Quia
1133 3029 1255 3071 cum
1298 3014 1406 3069 sint
1450 3014 1580 3084 ipsa:
1622 3013 1856 3068 honora-

271 3100 404 3158 biles
431 3103 485 3159 in
528 3103 774 3160 omnibus
811 3104 878 3159 ad
906 3120 1000 3160 eas
1024 3106 1238 3176 proprie
1262 3104 1650 3176 pertinentibus
1676 3104 1853 3172 bonis,

271 3193 479 3247 etiamsi
507 3192 721 3249 thorum
748 3194 981 3250 habeant
1008 3195 1401 3251 immaculatum
1422 3193 1607 3266 (Hebr.
1634 3211 1748 3262 sm,
1767 3193 1851 3265 4),

273 3298 383 3337 non
410 3284 588 3338 soltun
614 3299 647 3339 a
686 3283 1129 3343 fomieationibus
1155 3296 1212 3344 et
1239 3288 1546 3354 adulteriis,
1574 3304 1696 3360 quae
1728 3297 1859 3345 sunt

271 3370 465 3443 Iagitia
504 3373 864 3443 damnabilis,
892 3392 1077 3433 verum
1113 3379 1274 3435 etiam
1314 3378 1385 3434 ab
1414 3378 1521 3435 illis
1543 3378 1852 3443 excessibus

271 3466 655 3522 enneambendi
677 3509 694 3535 ,
720 3470 812 3540 qui
850 3484 958 3526 non
1003 3470 1137 3525 [lunt
1177 3486 1337 3527 causa
1379 3472 1549 3543 prolis
1581 3472 1853 3528 voluntate

269 3555 611 3625 dominante,
651 3559 746 3614 sed
787 3574 947 3615 causa
985 3561 1274 3632 voluptatis
1314 3563 1564 3619 vincente
1606 3563 1847 3629 libidine,

269 3661 385 3715 quas
412 3656 541 3702 sunt
567 3648 620 3702 in
644 3648 962 3719 conjugibus
988 3662 1203 3722 peccata
1227 3653 1454 3708 venialia
1484 3669 1498 3707 :
1525 3662 1701 3711 tamen
1726 3668 1849 3708 cum

270 3746 548 3790 venturum
578 3737 737 3794 fuerit
763 3739 830 3794 ad
862 3755 997 3809 opus
1047 3742 1356 3811 generandi,
1391 3743 1507 3812 ipse
1549 3742 1635 3798 ille
1674 3742 1852 3798 licitas

269 3821 633 3897 honestosque
657 3830 994 3897 concubitus,
1027 3846 1131 3886 non
1159 3840 1338 3902 potest
1362 3847 1483 3888 esse
1510 3833 1629 3888 sine
1655 3833 1849 3889 ardore

268 3912 521 3979 libidinis.
554 3925 610 3972 ut
632 3920 814 3990 peragi
855 3923 1023 3990 possit
1045 3922 1185 3993 quod
1216 3926 1440 3980 rationis
1462 3934 1566 3992 est,
1597 3942 1700 3980 non
1730 3925 1849 3981 libi-

267 4004 423 4061 diuis.
463 4008 564 4073 Qui
592 4016 738 4065 certe
764 4009 946 4077 ardor,
975 4013 1090 4068 sive
1117 4025 1390 4086 sequatur,
1422 4017 1534 4071 sive
1562 4018 1850 4086 praeveniat

265 4099 621 4167 voluntatem,
651 4116 757 4157 non
786 4112 960 4161 tamen
989 4100 1248 4178 nisi'ipse
1285 4109 1515 4179 quodam
1555 4111 1708 4179 quasi
1750 4124 1848 4164 suo

267 4189 492 4268 imperio
531 4203 712 4249 movet
738 4197 994 4262 membra,
1026 4214 1146 4268 qua:
1185 4202 1386 4256 moveri
1431 4194 1704 4258 voluntate
1739 4218 1845 4257 non

265 4291 489 4350 possunt
515 4300 532 4338 :
557 4293 718 4355 atque
754 4286 824 4340 ita
862 4301 923 4342 se
964 4288 1163 4345 indicat
1200 4305 1305 4345 non
1335 4293 1649 4361 imperantis
1673 4294 1846 4347 lamu-

266 4371 408 4440 lum,
458 4374 556 4429 sed
610 4375 965 4433 inobedieutis
1015 4382 1331 4452 supplicium
1380 4384 1694 4451 voluntatis,
1746 4400 1847 4442 nec

265 4459 432 4519 libero
475 4464 717 4534 arbitrio,
756 4467 853 4524 sed
892 4470 1206 4528 illecebroso
1235 4474 1410 4545 aliquo
1447 4475 1664 4530 stimulo
1697 4491 1848 4532 com-

264 4555 605 4624 movendum,
631 4568 687 4615 et
712 4558 835 4616 ideo
860 4562 1184 4631 pudendum.
1218 4565 1294 4620 Es
1324 4566 1425 4623 bac
1447 4569 1625 4625 carnis
1649 4584 1846 4625 concu-

224 4641 542 4725 jpiseeotia,
564 4662 684 4719 quae
708 4650 835 4706 licet
856 4652 911 4708 in
938 4657 1268 4725 regeneratis
1289 4656 1400 4729 jam
1428 4674 1533 4715 nou
1560 4660 1845 4731 deputetur

263 4734 316 4794 in
357 4750 674 4809 peceatum,
714 4748 892 4800 tamen
954 4756 1159 4805 natura
1214 4764 1319 4806 nun
1379 4751 1572 4809 accidit
1616 4755 1722 4811 nisi
1770 4755 1843 4812 de

263 4836 482 4894 peccato
521 4844 537 4882 :
582 4844 649 4888 es
700 4832 847 4899 liae,‘
878 4835 1120 4907 inquam,
1165 4842 1592 4915 concupiscentia
1639 4848 1838 4915 carnis,

262 4923 511 5010 tanquam
540 4920 661 4979 ‘fllia
696 4928 903 4997 peccati
922 4970 940 4997 ,
968 4934 1024 4986 ἐι
1050 4933 1264 5003 quando
1305 4931 1378 4990 illi
1404 4937 1472 4993 ad
1508 4940 1677 5010 turpia
1706 4955 1839 4995 con-

259 5009 519 5078 εωιιιυτ,
551 5014 712 5069 etiam
753 5027 1089 5087 peccatorum
1126 5034 1300 5080 matre
1342 5009 1650 5097 multorum,
1695 5047 1840 5099 quas-

256 5113 483 5171 minque
506 5106 742 5161 nascitur
759 5110 958 5178 proles,
980 5114 1222 5184 originali
1243 5127 1325 5171 est
1343 5119 1570 5190 obligata
1596 5131 1832 5190 peccato,

259 5190 355 5245 nisi
380 5192 440 5245 in
468 5192 562 5248 illo
586 5209 925 5267 renascatur,
955 5218 1113 5274 quem
1139 5206 1256 5261 sine
1283 5188 1381 5263 ista
1409 5188 1835 5280 concupiscentia

265 5278 416 5352 Virgo
444 5286 692 5356 concepit
721 5308 735 5344 :
769 5303 1050 5361 propterea
1082 5297 1295 5366 quando
1320 5302 1463 5357 nasci
1490 5278 1652 5358 est-in
1677 5320 1837 5362 carne

256 5372 528 5443 dignatus.
561 5368 677 5435 sine
706 5392 926 5451 peccato
952 5387 1098 5443 solus
1124 5400 1207 5446 est
1235 5403 1409 5449 natus.

320 5465 552 5525 CAPUT
588 5470 754 5529 XXV.
783 5501 855 5515 -—
878 5474 971 5533 28.
1013 5476 1427 5553 Concupiscentia
1463 5497 1686 5543 remanet
1725 5499 1839 5558 post

257 5553 577 5627 Baptismum
607 5565 738 5619 velut
780 5565 995 5638 languor
1026 5580 1138 5640 post
1162 5584 1396 5628 sanatum
1423 5578 1669 5631 morbum.
1697 5553 1837 5635 Con-

257 5652 560 5719 cupiscentia
600 5656 652 5710 in
689 5659 1061 5728 proﬁcientibus
1090 5666 1365 5736 minuitur,
1396 5668 1450 5722 in
1477 5669 1835 5728 incontinenti-

253 5741 343 5798 bus
370 5756 601 5816 augetur.
639 5748 692 5805 Si
738 5760 914 5808 autem
943 5758 1229 5827 qua‘ritur,
1258 5761 1526 5831 quomodo
1567 5763 1664 5820 ista
1705 5781 1831 5823 con-

1682 325 1883 383 LIBER
1924 322 2190 382 PRIMUS.

2557 235 2577 244 ’“
2602 244 2609 253 ⁴
2686 248 2804 274 ἰ”εγι-

3459 327 3563 384 430

1986 437 2308 508 cupisccntia
2360 439 2534 495 carnis
2591 453 2801 500 maneat
2852 445 2903 500 in
2952 451 3284 518 regenerato,
3356 448 3409 508 in
3462 467 3570 527 quo

1987 532 2354 588 universorum
2393 532 2526 589 facta
2566 545 2649 591 est
2683 537 2926 594 remissio
2981 551 3355 610 peccatorum;
3393 560 3564 615 quan-

1983 622 2266 693 doquidem
2300 641 2396 696 per
2421 627 2587 697 ipsam
2616 628 2931 700 seminatur,
2961 643 3013 687 et
3039 648 3160 691 cum
3191 634 3302 705 ipsa
3334 637 3570 692 carnalis

1980 714 2217 784 gignitur
2258 719 2439 788 proles
2486 722 2718 790 parentis
2758 723 2919 778 etiam
2967 725 3252 794 baptizati;
3299 739 3389 782 aut
3418 744 3564 784 certe

1981 805 2025 858 si
2056 804 2107 859 in
2150 817 2372 877 parente
2413 809 2676 878 baptizata
2707 822 2881 882 potest
2918 831 3037 871 esse
3065 828 3116 871 et
3148 830 3421 887 peccatum
3455 838 3558 874 non

1981 909 2130 961 esse,
2161 913 2258 952 cur
2285 900 2469 954 eadem
2501 903 2611 972 ipsa
2641 904 2691 958 in
2725 904 2871 973 prole
2904 920 3172 975 peceatum
3203 913 3270 966 sit
3301 931 3312 965 :
3342 914 3408 966 ad
3452 912 3566 967 h-re

1981 988 2357 1055 respondetur,
2388 990 2581 1053 tlimitti
2628 998 3109 1065 concupiscentiam
3150 1004 3325 1056 carnis
3365 1005 3415 1057 in
3464 1004 3565 1060 lla-

1982 1077 2200 1146 ptismo,
2249 1096 2356 1135 non
2408 1092 2464 1136 ut
2509 1100 2612 1139 non
2657 1086 2747 1151 sit,
2797 1087 2890 1143 sed
2936 1098 2993 1143 ut
3039 1091 3089 1145 in
3136 1105 3409 1163 peccatum
3457 1113 3562 1150 non

1979 1167 2287 1239 imputetur.
2340 1174 2597 1242 Quamvis
2642 1188 2820 1234 autem
2872 1193 3021 1236 reatu
3067 1197 3164 1237 suo
3205 1185 3315 1255 jam
3363 1189 3558 1251 Soluto,

1977 1270 2158 1314 manet
2189 1271 2396 1332 tamen,
2428 1264 2600 1322 donec
2628 1283 2846 1326 sanetur
2872 1274 3044 1345 omnis
3080 1276 3356 1331 inlirnutas
3384 1292 3565 1336 nostra

1978 1351 2293 1417 proliciente
2334 1357 2678 1413 renovatione
2721 1360 2984 1418 interioris
3016 1365 3244 1420 hominis
3285 1367 3352 1422 de
3384 1370 3469 1426 die
3511 1373 3561 1425 in

1978 1438 2142 1507 diem,
2193 1458 2313 1497 cum
2364 1448 2600 1503 exterior
2649 1449 2878 1507 induerit
2925 1455 3395 1526 incorruptionem.
3449 1462 3563 1517 Non

1975 1531 2117 1584 enim
2143 1533 2564 1591 sultstantialitcr
2589 1550 2786 1605 manet,
2819 1544 2956 1599 sicut
2986 1547 3197 1616 aliquod
3227 1563 3440 1619 Corpus,
3473 1565 3565 1617 aut

1973 1621 2191 1690 Spiritus
2228 1640 2242 1677 :
2287 1626 2379 1681 sed
2425 1630 2637 1685 aliectio
2664 1641 2748 1686 est
2779 1637 3020 1702 quaedam
3066 1640 3218 1693 ninia:
3267 1644 3561 1712 qualitatis,

1971 1710 2110 1766 sicut
2139 1714 2379 1783 languor.
2424 1717 2536 1772 Non
2579 1734 2707 1792 ergo
2734 1724 2928 1795 aliquid
2972 1739 3243 1796 remanet,
3277 1710 3416 1803 quod
3446 1733 3555 1791 non

1972 1807 2314 1873 remittatur;
2363 1824 2482 1864 cum
2533 1810 2610 1877 iit,
2660 1815 2797 1869 sicut
2842 1817 3095 1887 scriptum
3143 1832 3259 1885 est,
3310 1830 3559 1894 propitius

1969 1893 2221 1952 Dominus
2246 1902 2479 1955 omnibus
2515 1904 2862 1974 iniquitatibus
2899 1914 3081 1966 nostris
3106 1929 3128 1968 .'
3153 1914 3245 1969 sed
3272 1916 3440 1972 donec
3470 1922 3561 1977 liat

1967 1997 2022 2042 et
2063 1988 2204 2058 quod
2248 1994 2508 2062 seqtiitur,
2560 1994 2659 2062 Qui
2702 2008 2850 2052 sanat
2891 2017 3063 2056 onmes
3113 2003 3380 2076 languor-cs
3422 2022 3555 2077 tum,

1966 2079 2054 2148 qui
2079 2081 2276 2135 redimit
2300 2084 2363 2138 de
2383 2089 2707 2155 corruptione
2734 2091 2884 2144 vitam
2910 2103 3049 2147 tuam
3075 2095 3245 2163 (Paul.
3271 2115 3362 2165 cn,
3387 2103 3441 2163 3,
3460 2102 3553 2173 4);

1970 2181 2151 2226 manet
2203 2173 2255 2227 in
2299 2190 2527 2242 corpore
2574 2181 2764 2234 mortis
2813 2182 2966 2251 hujus
3015 2189 3244 2245 carnalis
3298 2198 3555 2263 etmcupi~

1966 2263 2190 2317 scentis.
2237 2262 2403 2333 Cujus
2445 2268 2649 2324 vitiosis
2690 2270 2972 2330 desideriis
3012 2278 3079 2333 ad
3127 2280 3309 2337 illicita
3358 2262 3554 2355 perpe-

1967 2355 2152 2409 tranda
2182 2371 2289 2412 non
2317 2360 2537 2418 ubi-dire
2570 2365 2941 2435 praecipimur,
2969 2384 3043 2425 ne
3064 2384 3248 2442 regnet
3277 2390 3554 2444 peceatum

1965 2444 2019 2499 in
2045 2457 2232 2502 nostro
2260 2448 2468 2505 mortali
2497 2466 2744 2521 corpore.
2772 2456 2900 2524 Quae
2924 2468 3098 2517 tamen
3122 2468 3554 2535 concupiscentia

1965 2537 2204 2608 quotidie
2239 2541 2494 2597 minuitur
2532 2544 2585 2598 in
2616 2547 3017 2617 proficientibus
3056 2564 3109 2610 et
3134 2559 3550 2626 continentibus,

1964 2627 2256 2684 accedente
2296 2630 2454 2686 etiam
2489 2646 2762 2692 senectute
2799 2640 2967 2696 multo
3002 2645 3253 2703 maxime.
3293 2650 3392 2717 Qui
3424 2668 3551 2707 vero

1962 2715 2013 2770 ei
2049 2719 2295 2788 nequiter
2333 2722 2607 2789 serviunt,
2638 2734 2812 2783 tantas
2850 2729 2901 2783 in
2944 2730 3021 2786 cis
3062 2735 3200 2791 vires
3237 2715 3463 2809 accipit,
3493 2756 3547 2798 nt

1961 2806 2274 2880 plerumque
2315 2810 2427 2881 jam
2474 2823 2631 2870 actate
2676 2816 3048 2879 deficientibus
3093 2806 3382 2895 membris,
3437 2834 3543 2887 eis-
3627 2818 3631 2822 ἢ

1960 2898 2189 2992 denique
2233 2904 2480 2992 partibus
2532 2910 2776 2979 corporis
2831 2911 2898 2969 ad
2956 2916 3090 2973 illud
3149 2936 3285 2992 opus
3342 2928 3547 2984 moveri

1961 2988 2139 3046 minus
2160 2991 2481 3063 valentibus,
2526 3000 2733 3069 turpius
2765 3010 2822 3058 et
2854 3006 3134 3072 procacius
3168 2988 3402 3071 insanire
3437 3034 3544 3073 non

1960 3077 2189 3136 desinat.

2031 3169 2258 3265 CAPUT
2295 3173 2484 3233 XXVI.
2515 3208 2587 3222 —
2610 3181 2701 3239 29.
2744 3182 3012 3253 Quomodo
3045 3194 3456 3265 concupiscentia
3491 3201 3545 3256 in

1961 3256 2230 3333 baptisatis
2270 3277 2472 3323 maneat
2514 3278 2651 3336 actu,
2693 3285 2955 3343 praeerant
2991 3293 3154 3337 reatu.
3202 3256 3260 3339 In
3299 3288 3380 3343 eis
3415 3304 3546 3362 ergo

1960 3352 2049 3423 qui
2079 3369 2463 3426 regenerantur
2501 3360 2555 3416 in
2582 3362 2794 3421 Christo
2834 3382 2957 3425 cum
2999 3374 3369 3434 remissionem
3399 3352 3542 3439 acci—

1956 3444 2110 3514 piunt
2150 3462 2372 3517 prorsus
2413 3452 2649 3507 omnium
2694 3467 3064 3527 peccatorum,
3098 3465 3279 3536 utique
3323 3485 3544 3531 necesse

1956 3542 2041 3589 est
2068 3544 2129 3591 ut
2154 3547 2336 3593 reatus
2362 3540 2525 3596 etiam
2566 3540 2724 3613 hujus
2761 3545 2883 3603 licet
2920 3550 3095 3607 adhuc
3122 3561 3384 3614 manentis
3412 3577 3546 3618 con-

1954 3624 2299 3694 cupiscentia:
2324 3630 2658 3698 remittatur,
2690 3643 2747 3688 ut
2794 3636 2847 3690 in
2894 3651 3203 3709 peccatum,
3230 3648 3368 3704 sicut
3408 3653 3539 3719 disi,

1954 3730 2061 3769 non
2093 3715 2401 3801 imputetur.
2449 3720 2583 3777 Nam
2624 3724 2764 3780 sicut
2803 3742 2991 3785 eorum
3038 3745 3376 3803 peccatorum
3421 3715 3542 3811 qua;-

1953 3821 2171 3863 manere
2197 3824 2302 3864 non
2328 3821 2571 3883 possunt,
2600 3817 2852 3888 quoniam
2878 3835 2998 3876 cum
3028 3823 3160 3879 fiunt
3192 3840 3537 3899 prtetcreunt,

1953 3909 2136 3955 reatus
2164 3910 2339 3958 tamen
2370 3914 2580 3972 inanet,
2618 3920 2673 3964 et
2700 3908 2802 3964 nisi
2834 3914 3163 3978 remittatur.
3196 3918 3249 3973 in
3277 3932 3539 3979 aeternum

1951 3993 2191 4047 manebit
2237 4010 2251 4047 :
2304 3995 2385 4050 sic
2439 3996 2579 4053 illius
2617 3999 2674 4063 ⁸,
2713 4002 2928 4072 quando
2982 4007 3305 4076 remittitur,
3358 4024 3539 4069 reatus

1951 4083 2208 4138 aufertur.
2240 4085 2351 4141 lloc
2372 4095 2459 4141 est
2487 4089 2660 4155 enim,
2693 4106 2801 4146 non
2834 4092 3028 4149 habere
3056 4108 3348 4166 peccaturo.
3385 4119 3534 4161 retun

1953 4188 2059 4229 non
2100 4189 2222 4231 esse
2264 4179 2487 4246 peccati.
2537 4179 2669 4234 Nam
2710 4185 2757 4236 si
2803 4184 3103 4256 quisquam,
3153 4192 3296 4246 verbi
3343 4194 3532 4263 gratia.

1949 4265 2139 4322 fecerit
2160 4268 2504 4335 adulterium,
2528 4273 2738 4330 etiamsi
2775 4292 3043 4348 nunquam
3077 4281 3327 4355 deinceps
3353 4289 3531 4357 lactat,

1948 4372 2075 4413 reus
2116 4367 2200 4414 est
2241 4360 2519 4427 adulterii,
2556 4364 2730 4422 donec
2775 4378 2954 4424 reatus
2996 4371 3162 4441 ipsius
3209 4374 3531 4449 imlulgeutia

1948 4448 2270 4505 remittatur.
2296 4449 2469 4508 liabet
2491 4467 2620 4525 ergo
2642 4468 2943 4527 peccatum,
2968 4469 3210 4532 quamvis
3233 4448 3532 4539 ἱηιιιιᾷμιυα

1946 4537 2163 4599 admisit
2193 4538 2306 4610 jam
2339 4556 2448 4597 non
2475 4543 2585 4627 sit;
2615 4549 2739 4616 quia
2778 4562 2900 4604 cum
2934 4557 3175 4624 tempore
3201 4572 3307 4627 quo
3333 4537 3532 4617 factum

1947 4638 2031 4684 est
2059 4632 2331 4700 pra-teriit.
2357 4632 2491 4690 Nam
2515 4621 2619 4719 sia
2649 4640 2921 4708 peccando
2947 4621 3231 4715 desistere,
3262 4649 3361 4707 hoc
3387 4666 3531 4711 esset

1946 4736 2054 4779 non
2096 4722 2296 4782 habere
2338 4716 2575 4797 peccata,
2615 4729 2888 4789 sufﬁceret
2923 4743 2983 4790 ut
3019 4735 3121 4793 hoc
3154 4754 3250 4794 nos
3286 4757 3355 4797 nn
3380 4755 3532 4802 not-ct

1940 4811 2215 4884 Scriptura
2239 4855 2256 4878 ,
2286 4814 2425 4882 Fili,
2462 4821 2727 4887 peccasti!
2763 4838 2865 4878 non
2909 4826 3124 4896 adficias
3163 4830 3343 4886 iterant
3411 4834 3526 4889 Non

1944 4914 2121 4962 autem
2158 4907 2376 4977 sufﬁcit,
2416 4910 2510 4966 sed
2534 4912 2757 4981 addidit,
2783 4914 2850 4969 Et
2877 4916 2941 4972 de
2969 4918 3195 4989 pristinis
3232 4923 3522 4993 deprecare,

1943 5008 1998 5052 ut
2026 4999 2116 5054 tibi
2151 5002 2469 5056 renouentur
2497 5002 2686 5074 (Ecclt.
2717 5022 2840 5075 xxi,
2871 5008 2946 5080 1ο).
2990 5011 3203 5069 Manent
3239 5029 3390 5089 ergo,
3422 5021 3527 5078 nisi

1943 5090 2303 5147 remittantur.
2362 5093 2467 5149 Sed
2524 5097 2793 5165 quomodo
2858 5112 3103 5169 manent,
3153 5105 3198 5160 si
3260 5113 3524 5176 praeterita

1942 5190 2105 5246 sunt;
2153 5183 2254 5238 nisi
2301 5186 2421 5249 quia
2471 5188 2840 5255 prmterierunt
2882 5200 3025 5262 actu,
3074 5207 3292 5253 manent
3334 5208 3529 5259 reatu?

1942 5270 2032 5326 Sic
2072 5272 2248 5342 itaque
2293 5274 2406 5330 fieri
2445 5289 2477 5331 e
2518 5278 2787 5334 contrario
2831 5290 3041 5355 potest,
3091 5296 3147 5343 ut
3185 5289 3345 5347 etiam
3393 5294 3522 5353 illud

1944 5372 2157 5419 maneat
2194 5375 2338 5433 actu,
2380 5377 2662 5437 prtctereat
2698 5378 2871 5427 reatu.

2012 5455 2237 5514 CAPUT
2293 5457 2501 5513 XXVII.
2540 5491 2617 5504 --
2667 5460 2757 5518 50.
2797 5460 3225 5538 Concupiscentiw
3272 5474 3528 5535 desideria

1937 5547 2099 5618 βιαία.
2136 5545 2203 5603 Ut
2232 5565 2332 5602 non
2367 5550 2470 5604 sint
2511 5551 2642 5607 velle
2679 5554 2934 5610 debemus.
2980 5560 3102 5631 Agit
3139 5563 3281 5620 enim
3321 5568 3523 5638 aliquid

1942 5640 2365 5709 concupiscentia
2413 5643 2626 5712 carnis,
2659 5654 2711 5701 ct
2754 5648 2965 5719 quando
3008 5652 3055 5709 ei
3100 5669 3203 5711 non
3236 5658 3523 5716 exhibetur

2010 5784 2023 5809 ι
2061 5776 2282 5840 Ξιιῗιῑιυίῖι,
2308 5762 2716 5846 (οιιειᾲξειέηἰὶω.
