4034 6182
451 259 546 314 431

452 377 535 428 vel
579 372 756 428 cordis
795 385 1047 428 assensus
1095 369 1181 424 ubi
1230 378 1446 438 regnet,
1473 367 1559 423 vel
1601 366 1836 422 membra
1879 366 2024 420 velut

451 481 595 520 arma
624 464 814 535 quibus
839 463 1118 532 impleatur
1141 459 1282 530 quod
1307 459 1476 528 jubet.
1503 457 1621 529 Agit
1646 465 1843 520 autem,
1870 456 2020 526 quid,

451 554 551 608 nisi
580 555 692 624 ipsa
715 552 976 607 desideria
1005 551 1141 606 mala
1167 559 1221 604 et
1246 549 1463 620 turpia?
1505 549 1618 604 Non
1645 549 1785 603 enim
1815 547 1859 601 si
1885 547 2022 600 bona

450 658 506 702 nt
556 647 695 703 licita
747 655 946 708 essent,
995 646 1073 698 eis
1120 642 1361 697 obedire
1389 641 1692 711 prohiberet
1736 639 2022 707 Apostolus

449 741 632 793 dicens
659 754 674 792 τ
698 734 818 791 Non
843 747 1010 808 regnet
1041 745 1297 806 peccatum
1325 734 1377 788 in
1403 743 1562 787 vestro
1588 732 1788 785 mortali
1815 746 2026 798 corpore

449 830 524 883 ad
546 827 872 884 obedientium
899 827 1158 881 desideriis
1184 827 1311 896 ejus.
1361 824 1474 878 Non
1503 824 1643 878 enim
1670 823 1773 888 ait,
1803 821 1881 876 Ad
1925 820 2023 875 ha-

454 921 620 974 benda
651 919 910 974 desideria
946 918 1098 987 ejus;
1143 916 1235 970 sed
1256 958 1272 981 ,
1301 915 1369 969 ad
1407 913 1734 968 obediendum
1763 910 2025 964 desideriis

450 1012 556 1075 eius
574 1029 593 1064 δ
617 1018 675 1063 ut
700 1009 948 1078 quoniam
973 1018 1096 1060 sunt
1122 1008 1173 1060 in
1201 1007 1318 1060 aliis
1340 1005 1558 1072 majora,
1584 1005 1634 1056 in
1659 1003 1776 1057 aliis
1795 1002 2021 1067 minora,

449 1105 602 1168 prout
638 1101 857 1168 quisque
898 1098 950 1152 in
991 1097 1219 1151 hominis
1259 1095 1526 1150 interioris
1567 1094 1801 1147 novitate
1841 1091 2021 1162 prole-

449 1192 602 1252 ccrit,
634 1190 687 1243 in
719 1189 821 1242 hoc
846 1203 1066 1256 agonem
1093 1186 1310 1254 iustitiae
1336 1183 1707 1254 pudicitizeque
1729 1193 2022 1246 servemus,

452 1295 519 1332 ne
545 1279 649 1332 illis
673 1277 1002 1332 obediamus.
1046 1275 1113 1330 Ut
1140 1283 1314 1329 tamen
1345 1289 1444 1326 nec
1467 1272 1579 1340 ipsa
1605 1270 1713 1325 sint
1741 1270 2020 1332 desideria,

452 1370 586 1424 velle
624 1367 901 1431 debemus,
932 1367 1091 1422 etiam
1130 1366 1174 1419 si
1215 1365 1267 1419 in
1299 1379 1524 1433 corpore
1567 1363 1751 1416 mortis
1791 1360 1944 1428 hujus
1973 1359 2025 1414 id

450 1460 691 1514 obtinere
720 1473 822 1511 non
853 1471 1152 1527 possumus.
1183 1455 1315 1510 llinc
1345 1453 1484 1507 enim
1520 1461 1574 1506 et
1609 1451 1714 1505 alio
1738 1451 1854 1504 loco
1883 1449 2023 1504 idem

451 1549 723 1615 apostolus
764 1550 988 1617 loquens
1034 1547 1178 1601 velut
1225 1561 1290 1599 ex
1335 1560 1446 1598 sua:
1495 1557 1736 1613 personae
1782 1540 2025 1596 introdu-

449 1641 626 1696 ctione
657 1653 753 1692 nos
789 1638 1033 1704 instruit,
1061 1637 1263 1700 dicens,
1304 1632 1422 1688 Non
1448 1633 1578 1687 enim
1603 1630 1736 1700 quod
1761 1631 1870 1684 uolo
1888 1671 1904 1697 ,
1932 1629 2028 1684 hoc

451 1745 581 1800 ago;
628 1728 716 1782 scd
741 1727 875 1797 quod
903 1726 1018 1792 odi,
1051 1725 1181 1779 illud
1219 1724 1391 1793 facio;
1437 1721 1488 1776 id
1522 1729 1636 1787 est,
1667 1719 2023 1789 concupisco:

450 1819 574 1888 quia
613 1827 668 1873 et
710 1819 810 1871 hoc
855 1817 1018 1871 nollet
1066 1818 1258 1877 facere,
1305 1821 1362 1866 ut
1401 1819 1542 1867 esset
1578 1810 1723 1865 omni
1770 1825 1835 1863 ex
1880 1820 2028 1878 parte

456 1908 613 1976 peri”
635 1919 734 1960 tus.
768 1907 827 1959 Si
856 1916 1017 1960 autent
1045 1904 1179 1977 quod
1208 1904 1343 1965 noto,
1376 1903 1564 1971 inquit,
1597 1900 1690 1953 hoc
1718 1899 1869 1969 facio,
1901 1915 2026 1952 con-

453 2003 608 2054 tenti-.-
639 2000 734 2069 legi
773 2002 1008 2068 quoniam
1039 1999 1165 2051 bona
1190 2011 1210 2050 .°
1238 1994 1360 2064 quia
1403 1993 1505 2047 hoc
1538 1997 1600 2046 'et
1641 1991 1728 2045 illa
1765 2007 1868 2045 non
1895 1989 2024 2056 vult,

453 2091 591 2159 ψυιεὶ
631 2100 685 2144 et
722 2105 820 2158 ego
859 2088 1000 2142 uolo.
1047 2087 1160 2142 Non
1188 2086 1300 2140 vult
1346 2085 1487 2138 enim
1531 2090 1588 2136 ut
1631 2082 2025 2150 concupiscam,

453 2196 567 2246 qtbtl
594 2179 715 2236 dicit
729 2221 741 2241 ,
764 2175 881 2232 Non
902 2176 1223 2246 concupisces
1245 2189 1264 2228 :
1283 2182 1338 2227 et
1359 2188 1459 2242 ego
1481 2172 1606 2226 nolo
1627 2171 2024 2240 concupiscere.

457 2273 513 2324 ln
558 2270 658 2325 tunc
703 2271 878 2339 itaque
915 2267 1276 2327 consentiunt,
1309 2265 1555 2318 \‘ultmlas
1595 2262 1746 2332 legis,
1790 2269 1845 2315 et
1887 2276 2024 2315 mea.

461 2361 652 2416 Verum
682 2361 804 2430 quia
833 2358 1208 2428 concupiscere
1240 2356 1470 2420 nolebat,
1515 2361 1572 2409 et
1613 2363 1785 2407 tamen
1829 2367 2027 2408 concu-

457 2453 713 2530 piscebat,
745 2451 839 2506 sed
864 2451 1035 2507 eidem
1062 2447 1506 2519 concupiscentiae
1535 2460 1869 2516 nequaquam
1898 2459 2029 2499 con-

453 2543 734 2599 seruiendo
761 2541 1058 2608 sewiebat,
1084 2539 1320 2609 adjunxit
1345 2547 1506 2608 atque
1533 2537 1610 2591 ait
1635 2553 1652 2592 :
1681 2535 1835 2591 Nune
1862 2544 2030 2588 autem

456 2651 559 2698 1am
600 2651 702 2690 non
729 2649 820 2706 ego
862 2649 1043 2706 operor
1083 2631 1243 2697 illud,
1269 2631 1358 2684 sed
1383 2630 1438 2684 id
1463 2628 1599 2702 quod
1639 2630 1694 2683 in
1731 2643 1810 2682 me
1839 2625 2031 2680 habitat

456 2739 732 2798 peccatum.

525 2817 753 2877 CAPUT
791 2814 1028 2874 XXVI“.
1066 2844 1140 2859 --
1174 2814 1264 2869 51.
1306 2811 1436 2880 Quis
1485 2812 1648 2866 dicere
1696 2809 1886 2880 possit,
1915 2808 2030 2881 jam

457 2925 555 2964 non
594 2924 676 2981 ego
703 2923 884 2978 operor
909 2906 1059 2962 illud.
1079 2935 1152 2948 -
1172 2903 1390 2960 Multum
1416 2908 1595 2956 autem
1620 2899 1823 2955 fallitur
1846 2897 2027 2962 homo,

457 2997 548 3069 qul
579 3000 920 3054 consentiens
955 2993 1400 3064 concupiscentia:
1437 2991 1612 3046 carnis
1648 3003 1788 3053 suat,
1812 2986 2029 3059 etquod

458 3089 544 3142 illa
571 3087 834 3142 desiderat
857 3086 1150 3142 decernens
1174 3081 1349 3138 facere
1387 3089 1441 3135 et
1467 3087 1727 3143 statuens,
1755 3085 1903 3146 putat
1928 3075 2030 3130 sibi

456 3177 630 3233 adlato
651 3191 771 3231 esse
801 3174 1114 3240 dicendum,
1141 3170 1263 3226 Non
1290 3186 1380 3242 ego
1407 3185 1585 3241 operor
1619 3167 1749 3223 illud
1772 3183 1793 3222 :
1819 3166 2030 3222 etiamsi

453 3267 577 3325 ode:
592 3268 631 3323 it
671 3267 792 3337 quia
818 3265 1101 3322 consentit.
1143 3262 1311 3318 Simul
1343 3263 1486 3318 enim
1517 3267 1599 3316 est
1637 3268 1936 3328 utrumque,
1975 3267 2032 3315 et

458 3360 574 3428 ipse
601 3357 732 3423 odit,
765 3356 888 3426 quia
922 3356 1120 3411 malum
1143 3367 1264 3409 esse
1287 3352 1471 3417 novit;
1510 3361 1564 3406 et
1598 3351 1710 3419 ipse
1736 3350 1876 3416 iacit,
1905 3351 2028 3419 quia

460 3448 635 3502 facere
663 3445 866 3500 statuit.
904 3444 1020 3499 iam
1050 3457 1177 3498 vero
1205 3442 1250 3497 si
1275 3451 1330 3497 et
1357 3440 1485 3495 illud
1511 3439 1693 3506 addat,
1716 3439 1858 3509 quod
1883 3438 2029 3493 Scri-

462 3549 614 3606 ptt'ua
651 3536 932 3608 prohibet,
977 3535 1193 3601 dicens,
1233 3531 1413 3603 Neque
1452 3529 1772 3585 exhibueritis
1811 3530 2032 3583 membra

459 3639 620 3682 t'rstea
649 3643 792 3680 arma
833 3625 1109 3696 iniquitatis
1137 3633 1338 3695 peccato
1363 3621 1536 3694 (Rom.
1562 3636 1648 3687 Vt,
1676 3621 1774 3687 12,
1802 3621 1935 3689 15),
1972 3627 2032 3674 ut

457 3717 598 3787 quod
624 3716 800 3772 facere
826 3717 1008 3770 statuit
1030 3716 1079 3768 in
1103 3714 1288 3776 corde,
1313 3713 1472 3767 etiam
1493 3726 1716 3780 corpore
1734 3711 2026 3780 compleat;

457 3819 510 3864 et
553 3809 672 3864 i-leo
711 3808 870 3868 dicat.
899 3805 1018 3860 Non
1055 3821 1146 3877 ego
1172 3819 1352 3874 operor
1391 3801 1538 3867 illud,
1567 3801 1657 3856 sed
1681 3801 1814 3872 quod
1842 3801 2032 3854 habitat

456 3901 515 3954 in
544 3916 622 3953 me
653 3908 929 3968 peceatum,
956 3897 1078 3966 quia
1104 3911 1222 3950 cum
1251 3895 1302 3950 id
1332 3894 1571 3949 decernit
1597 3903 1650 3948 et
1674 3892 1818 3960 facit,
1849 3893 2032 3962 displi-

461 4000 541 4045 cet
588 3991 725 4054 sibi;
759 3997 961 4042 tantum
1009 3996 1172 4051 errat,
1217 3994 1274 4039 ut
1313 3999 1413 4040 nec
1437 3999 1496 4040 se
1529 3984 1699 4053 ipsum
1737 3994 2026 4052 agnoscat;

455 4080 674 4148 quando
715 4095 835 4132 eum
881 4093 944 4133 ex
974 4086 1084 4132 toto
1127 4077 1240 4146 ipse
1282 4076 1378 4137 sit,
1406 4085 1460 4128 et
1491 4069 1652 4129 corde
1675 4083 1940 4130 statuente
1975 4082 2031 4130 et

460 4186 684 4246 corpore
710 4171 983 4239 implente,
1009 4168 1186 4222 adhuc
1222 4181 1280 4221 se
1309 4167 1477 4235 ipsum
1505 4178 1630 4220 esse
1657 4180 1761 4219 non
1788 4173 1957 4234 putat.

527 4257 754 4314 “APUT
793 4256 984 4312 XXIX.
1009 4255 1300 4310 —Bonum
1335 4253 1536 4325 quando
1578 4253 1886 4325 perﬁciatur.
1928 4254 2028 4320 Qui

457 4361 588 4416 ergo
619 4347 764 4412 dicit,
790 4345 910 4398 Jam
946 4361 1045 4398 non
1070 4360 1159 4414 ego
1193 4360 1372 4413 operor
1399 4342 1548 4406 illud,
1574 4343 1662 4397 sed
1684 4342 1818 4412 quod
1841 4342 2031 4397 habitat

468 4435 518 4486 in
543 4452 620 4488 me
644 4444 899 4504 peccatum
925 4449 944 4488 :
972 4434 1017 4487 si
1055 4433 1417 4486 tantummodo
1451 4433 1807 4502 concupiscit.
1843 4447 2028 4489 verum

458 4526 628 4596 dicit;
669 4538 773 4577 non
801 4523 844 4576 si
874 4523 1049 4577 cordis
1079 4521 1430 4577 consensione
1455 4521 1711 4589 decernit,
1755 4530 1846 4577 aut
1869 4524 2025 4578 etiam

454 4602 701 4681 rumoris
742 4611 1040 4666 ministerio
1081 4610 1304 4680 perlicit.

525 4703 616 4758 δε.
659 4703 859 4759 Deinde
905 4701 1141 4771 adjungit
1183 4701 1468 4769 Apostolus
1508 4717 1521 4752 ε
1567 4700 1689 4754 Scio
1735 4703 1866 4756 enim
1911 4705 2028 4772 alsia

463 4815 565 4853 non
591 4796 779 4848 habitat
804 4796 856 4848 in
883 4809 980 4858 me,
1014 4793 1107 4847 hoc
1130 4801 1208 4846 est
1233 4793 1283 4846 in
1310 4805 1462 4845 carne
1486 4806 1623 4856 mea,
1650 4793 1830 4847 bonum
1857 4810 1877 4847 :
1904 4793 2030 4858 velte

455 4888 589 4940 enim
615 4887 810 4955 adjacet
838 4885 980 4945 mihi,
1002 4882 1250 4953 per/icere
1270 4890 1434 4935 autem
1461 4881 1645 4936 bonum
1681 4898 1781 4937 non
1808 4884 2024 4939 inuenio.

458 4975 570 5028 lloe
615 4975 734 5032 ideo
777 4972 974 5028 dictum
1019 4979 1133 5037 εει,
1175 4972 1297 5041 quia
1338 4982 1460 5026 tunc
1505 4971 1770 5041 perficitur
1807 4973 2025 5040 bonum,

455 5066 664 5131 quando
711 5063 971 5120 desideria
1014 5063 1148 5116 mala
1179 5061 1320 5116 nulla
1360 5071 1483 5114 sunt
1520 5078 1534 5114 :
1565 5061 1701 5116 sient
1745 5071 1869 5116 tunc
1909 5078 2026 5131 per-

381 5217 394 5232 ‘
457 5152 630 5207 fu-i-tur
685 5155 911 5216 malum,
963 5151 1175 5222 quando
1224 5149 1376 5206 malis
1431 5148 1706 5204 desideriis
1759 5150 2023 5206 obeditur.

457 5243 682 5308 Quando
709 5256 885 5299 autem
931 5253 1054 5299 sunt
1096 5243 1306 5314 quidem
1329 5283 1343 5306 ,
1375 5241 1468 5296 sed
1499 5255 1600 5294 non
1631 5242 1708 5296 eis
1737 5243 1982 5298 obcditur
2008 5261 2022 5309 ;

457 5351 555 5388 nec
594 5338 788 5390 malum
838 5335 1140 5405 perficitur,
1173 5336 1295 5404 quia
1338 5350 1442 5388 non
1489 5334 1567 5387 eis
1607 5333 2028 5400 obediturpnec

463 5423 694 5491 bonum,
721 5428 854 5496 quia.
870 5435 994 5482 sunt
1022 5443 1036 5480 :
1068 5425 1160 5479 sed
1208 5425 1262 5479 lit
1299 5441 1366 5480 ex
1406 5426 1577 5495 aliqua
1619 5433 1770 5495 parte
1807 5426 2022 5490 bonum,

453 5515 574 5586 quia
624 5516 1064 5585 concupiscentiae
1114 5518 1264 5574 mala:
1315 5535 1417 5572 non
1458 5519 1823 5580 consentitur;
1865 5527 1919 5571 et
1959 5535 2026 5573 ex

455 5608 627 5673 aliqua
658 5614 805 5673 parte
832 5615 1070 5660 remanet
1099 5609 1312 5671 malum,
1347 5609 1466 5678 'quia
1497 5609 1576 5663 vel
1606 5608 2016 5678 concupiscitur.

1263 255 1350 311 ne
1382 252 1649 312 auarus
1689 252 1774 307 er
1811 251 2408 323 CONClYPlSCEN’I’lA,
2449 255 2505 309 s.
2545 238 2942 313 auousmu'

3599 258 3700 314 b3!

2139 365 2260 419 ldeo
2295 383 2422 438 ergo
2453 367 2732 436 Apostolus
2774 383 2879 423 non
2910 367 2988 422 alt
3025 366 3198 425 facere
3232 368 3427 426 bonum
3456 369 3556 425 slbl
3592 387 3694 429 non

2132 457 2392 525 adjacere,
2443 457 2534 512 sed
2581 459 2850 529 perﬁcere.
2905 459 3121 514 Multum
3164 461 3306 516 enim
3335 459 3460 516 boni
3504 463 3693 531 lacit',

2130 548 2219 614 qui
2247 545 2374 601 facit
2401 548 2539 617 quod
2573 549 2823 617 scriptum
2853 557 2954 615 est,
2981 549 3104 604 Post
3133 553 3558 623 concupiscentia:
3585 565 3697 610 tuas

2131 655 2230 692 non
2261 655 2344 693 eas
2370 637 2554 708 (Ereti.
2584 655 2737 705 χνιιι,
2762 642 2850 714 50)
2883 657 2898 694 :
2928 642 3020 696 sed
3049 657 3152 698 non
3183 643 3419 712 perficit,
3445 647 3566 716 quia
3593 665 3696 702 nun

2133 729 2320 798 implet
2363 731 2501 798 quod
2548 732 2802 800 scriptum
2845 740 2954 797 est,
2987 731 3108 786 Non
3148 735 3465 804 concupisces
3493 742 3509 805 (
3533 735 3694 792 Exod.

2133 833 2220 882 sx,
2254 817 2362 886 17).
2394 818 2471 871 Ad
2513 818 2612 873 hoc
2647 835 2775 889 ergo
2801 819 2932 875 dixit
2976 822 3090 888 lex,
3125 820 3244 876 Non
3274 825 3612 894 concupisces,
3644 837 3698 882 ut

2130 924 2228 961 nos
2272 909 2323 962 in
2373 908 2473 963 boc
2521 911 2706 964 morbo
2757 911 3088 965 invenientes
3133 913 3334 982 jacere,
3383 915 3698 971 medicinam

2129 999 2311 1067 gratim
2339 1015 2733 1066 qurereremus;
2781 1009 2833 1055 et
2864 1002 2915 1056 in
2955 1016 3020 1056 co
3059 1015 3321 1071 prmcepto
3349 1005 3610 1059 sciremus
3649 1003 3702 1059 et

2127 1102 2234 1156 quo
2263 1088 2552 1143 debeamus
2581 1091 2630 1144 in
2663 1092 2762 1144 bac
2799 1091 3119 1146 mortalitate
3148 1094 3474 1161 proticiendo
3497 1097 3700 1161 conari,

2128 1185 2182 1230 et
2210 1192 2314 1246 quo
2340 1179 2509 1248 possit
2536 1195 2565 1231 a
2598 1180 2752 1234 nobis
2783 1179 2834 1234 in
2865 1181 2950 1234 illa
2983 1183 3374 1238 immortalitate
3399 1184 3703 1240 beatissima

2130 1268 2389 1335 perveniri
2422 1285 2434 1320 :
2469 1268 2569 1322 nisi
2609 1269 2748 1322 enim
2779 1270 3096 1341 quandoque
3124 1272 3505 1342 perliciendum
3533 1286 3700 1342 esset,

2129 1373 2398 1427 nunquam
2423 1358 2711 1427 jnbendum
2743 1371 2905 1415 esset.

2198 1447 2422 1503 CAPUT
2450 1448 2614 1502 XXX.
2635 1479 2709 1490 —
2725 1450 2813 1505 '53.
2836 1448 3246 1520 Concupiscentia
3269 1453 3518 1520 quomodo
3540 1454 3705 1523 capti-

2077 1539 2088 1550 ‘
2127 1537 2272 1590 nabat
2300 1538 2610 1607 Aposlotum.
2660 1538 2766 1592 Lex
2806 1541 2995 1609 peccati
3021 1540 3262 1610 Apostolo
3309 1542 3448 1612 quid.
3496 1543 3703 1598 Deinde

2125 1637 2376 1696 repetens
2400 1628 2721 1697 Apostolus,
2751 1639 2807 1683 ut
2841 1630 3070 1698 amplius
3110 1633 3447 1686 commendet
3481 1644 3702 1688 senten-

2129 1718 2253 1772 tiam
2282 1719 2610 1787 superiorem
2649 1736 2663 1772 :
2703 1719 2824 1773 Non
2853 1722 2982 1775 enim
3011 1723 3146 1791 quod
3175 1725 3305 1788 uolo,
3336 1724 3537 1792 inquit,
3567 1727 3704 1796 facio

2130 1808 2349 1872 bonum;
2375 1811 2464 1864 sed
2487 1811 2622 1878 quod
2647 1812 2764 1864 nolo
2793 1813 3000 1877 malum,
3031 1813 3126 1864 hoc
3147 1830 3262 1883 ago.
3294 1814 3356 1868 Si
3379 1825 3545 1868 autent
3568 1818 3705 1884 quod

2129 1898 2246 1951 nolo
2275 1915 2364 1969 ego
2395 1900 2488 1953 hoc
2513 1899 2667 1968 facio,
2689 1901 2802 1968 jam
2827 1917 2927 1954 non
2956 1918 3044 1970 ego
3070 1918 3251 1970 operor
3277 1903 3425 1968 illud,
3451 1906 3539 1958 sed
3565 1907 3704 1973 quod

2130 1987 2320 2041 habitat
2349 1990 2400 2042 in
2427 2004 2505 2042 me
2529 1998 2807 2058 peccatum.
2842 1989 2908 2044 Et
2944 1990 3222 2060 sequitur:
3250 1990 3462 2046 Invenio
3486 2009 3604 2065 ergo
3631 1995 3708 2048 le-

2129 2095 2240 2149 gem
2270 2079 2412 2145 mihi,
2437 2079 2623 2134 uolenti
2652 2079 2835 2153 facere,
2860 2079 3079 2145 bonum;
3105 2081 3340 2150 quoniam
3367 2084 3554 2136 malum
3578 2085 3707 2141 mihi

2129 2171 2329 2242 adjacet
2355 2188 2375 2226 :
2399 2172 2500 2227 hoc
2524 2181 2626 2237 est,
2656 2173 2869 2228 invenio
2895 2174 3062 2242 legem
3086 2174 3216 2226 mihi
3240 2189 3360 2229 esse
3388 2175 3582 2230 bonum
3611 2194 3708 2232 ro-

2131 2264 2257 2319 leuti
2299 2263 2478 2320 facere
2516 2265 2658 2334 quod
2702 2264 2786 2320 les
2831 2265 2973 2332 vult;
3013 2265 3263 2336 quoniam
3307 2281 3411 2322 non
3455 2268 3552 2337 ipsi
3598 2270 3706 2341 legi

2130 2375 2248 2430 qua:
2275 2361 2433 2426 dicit,
2468 2361 2590 2416 Non
2613 2363 2962 2434 concupisces,
2993 2363 3086 2418 sed
3114 2363 3243 2418 mihi
3273 2362 3478 2433 adiacet
3506 2363 3708 2418 malum

2129 2451 2270 2520 quod
2301 2451 2426 2506 nolo
2447 2494 2462 2516 ,
2491 2453 2612 2522 quia
2651 2461 2708 2507 et
2745 2453 2932 2508 nolens
2970 2454 3290 2522 concupisco
3309 2455 3350 2506 ².
3377 2451 3710 2508 Condetector

2130 2540 2263 2595 enim
2282 2582 2297 2608 ,
2327 2542 2524 2614 inquit,
2557 2542 2656 2613 legi
2678 2541 2774 2596 Dei
2801 2543 3076 2597 “euadunt
3104 2543 3390 2597 interiorem
3418 2543 3672 2596 hominem
3691 2557 3713 2594 :

2129 2631 2274 2691 video
2298 2643 2466 2685 autent
2493 2632 2648 2686 aliain
2674 2632 2830 2702 legem
2850 2633 2906 2685 in
2929 2631 3161 2694 membris
3185 2632 3310 2688 necis
3344 2641 3710 2702 repugnantem

2132 2720 2230 2790 legi
2261 2729 2437 2775 mentis
2469 2735 2618 2786 mea,
2645 2729 2695 2776 et
2731 2721 3067 2789 captivantem
3093 2737 3171 2776 me
3201 2720 3292 2776 sub
3332 2721 3441 2790 tege
3478 2721 3708 2788 peccati,

2130 2825 2243 2883 qua
2264 2813 2416 2866 estin
2440 2811 2671 2866 membris
2695 2813 2838 2866 meis.
2885 2812 2988 2869 ista
3027 2812 3415 2872 condelectatio
3454 2811 3554 2882 legi
3603 2811 3707 2866 Del

2130 2902 2422 2958 secundum
2445 2903 2754 2959 interiorem
2778 2903 3066 2969 hominem,
3092 2903 3160 2958 de
3179 2917 3366 2973 magna
3388 2903 3541 2958 nobis
3560 2903 3709 2960 venlt

2131 2992 2297 3062 gratia
2461 2989 2518 3048 In
2545 3007 2606 3048 ea
2629 2993 2827 3063 quippe
2853 2993 3073 3048 interior
3092 2992 3253 3048 homo
3272 3002 3457 3047 noster
3481 3007 3708 3047 renova-

2133 3094 2222 3140 tur
2245 3085 2315 3140 de
2337 3085 2426 3140 die
2448 3080 2501 3139 in
2526 3084 2700 3152 diem,
2725 3100 2847 3140 cum
2873 3085 2925 3140 in
2951 3100 3012 3141 ea
3041 3083 3245 3154 prolicit
3276 3093 3706 3154 perseveranter.

2129 3173 2248 3231 Non
2273 3175 2416 3230 enim
2446 3175 2608 3230 timor
2630 3183 2715 3230 est
2742 3184 2998 3244 torquens
3018 3174 3065 3241 ³,
3093 3174 3189 3228 sed
3217 3189 3372 3228 amor
3397 3173 3586 3228 libens.
3629 3173 3708 3229 lbi

2131 3279 2314 3321 sumus
2337 3265 2602 3320 veraciter
2625 3265 2800 3330 liberi,
2829 3264 2919 3320 ubi
2948 3279 3054 3320 non
3079 3263 3410 3320 delectamur
3436 3263 3609 3318 inriti.

2201 3355 2291 3410 54.
2322 3353 2518 3411 Verum
2544 3354 2673 3411 illud
2702 3355 2844 3425 quod
2867 3355 2966 3421 ait,
3001 3353 3152 3410 Video
3177 3364 3341 3408 autem
3363 3354 3518 3407 aliam
3545 3355 3710 3424 legem

2131 3445 2184 3500 in
2211 3445 2441 3500 membris
2461 3445 2581 3498 meis
2601 3455 2962 3516 repugnantem
2982 3445 3080 3514 legi
3102 3445 3278 3498 mentis
3304 3459 3459 3506 mea;
3486 3444 3598 3513 ipsa
3623 3455 3713 3500 est

2132 3538 2231 3592 ista
2259 3538 2329 3592 de
2356 3553 2458 3608 qua
2489 3538 2753 3608 loquimur
2792 3522 3219 3614 concupiscentia
3239 3578 3255 3603 ,
3288 3538 3369 3591 lex
3413 3537 3612 3606 peccati
3656 3539 3710 3593 in

2132 3643 2291 3684 carne
2327 3629 2548 3698 peccati.
2590 3627 2742 3693 Quod
2784 3637 2960 3684 autem
2995 3627 3162 3693 dixit,
3189 3636 3240 3680 et
3271 3628 3600 3696 captivantem
3630 3643 3715 3684 uss

2131 3718 2220 3772 sub
2245 3719 2351 3789 lege
2376 3718 2599 3788 peccati;
2631 3718 2731 3773 hoc
2754 3727 2856 3784 est,
2883 3719 2984 3773 sub
3008 3733 3068 3772 sc
3088 3719 3220 3787 ipsa,
3242 3733 3358 3786 qua
3375 3725 3448 3771 est
3475 3718 3531 3770 in
3553 3734 3716 3771 mens-

2132 3807 2233 3862 bris
2259 3809 2400 3862 meis.
2431 3809 2535 3863 Aut
2557 3809 2884 3879 captivantem
2907 3808 3059 3872 dixit,
3086 3809 3355 3877 captivare
3377 3819 3668 3861 conamem
3691 3847 3707 3872 ,

2133 3895 2184 3950 id
2211 3905 2325 3962 est,
2355 3895 2422 3951 ad
2463 3897 2902 3953 consentiendum
2931 3896 3363 3965 implendumque
3384 3907 3671 3966 cogentem
3690 3916 3710 3951 :

2132 3996 2224 4041 aut
2255 3987 2447 4057 potius,
2475 3987 2616 4058 quod
2639 4003 2746 4043 non
2778 3987 2938 4043 habet
2959 3988 3403 4052 controversiam,
3433 3988 3711 4056 captivan-

2134 4085 2240 4134 tem
2281 4078 2571 4134 secundum
2611 4094 2861 4145 carnem,
2891 4095 3050 4149 quam
3090 4079 3191 4134 nisi
3233 4088 3441 4136 teneret
3474 4081 3711 4136 earnalis

2132 4169 2558 4239 concupiscentia
2581 4212 2595 4235 ,
2622 4185 2784 4239 quam
2807 4171 2979 4240 legem
3009 4171 3213 4241 peccati
3237 4179 3425 4232 vocat,
3463 4187 3569 4225 non
3599 4172 3708 4224 uti-

2132 4274 2235 4329 que
2266 4260 2316 4312 in
2346 4272 2408 4313 ea
2434 4258 2600 4313 ullum
2630 4260 2868 4314 illicitum
2894 4259 3253 4324 desiderium,
3284 4261 3368 4315 cui
3394 4274 3547 4316 mens
3571 4260 3707 4316 obe-

2131 4346 2247 4401 dire
2277 4363 2381 4400 non
2413 4346 2631 4410 debeat,
2667 4357 3049 4404 commoveret.
3081 4347 3231 4414 Quod
3259 4356 3434 4406 autem
3463 4363 3568 4404 non
3595 4349 3670 4403 ait
3689 4387 3705 4411 .

2132 4434 2500 4506 Captivantem
2543 4453 2758 4494 carnem
2799 4453 3008 4504 meam;
3051 4437 3182 4505 sed,
3214 4438 3548 4510 captivantem
3587 4454 3709 4494 me:

2132 4526 2258 4583 hinc
2285 4528 2482 4583 factum
2506 4538 2589 4584 est
2613 4539 2668 4584 ut
2697 4543 2888 4585 sensus
2908 4530 2996 4588 hic
3017 4528 3155 4586 alius
3174 4536 3524 4599 quaereretur,
3543 4538 3598 4587 et
3616 4542 3692 4584 ac-

2131 4618 2432 4689 ciperemus
2455 4621 2819 4690 captivantem,
2851 4620 2994 4675 velut
3017 4618 3269 4684 dixisset,
3303 4618 3588 4688 Captiv-are
3610 4633 3707 4675 oo-

2131 4719 2364 4766 nantem.
2410 4710 2514 4766 Sed
2559 4725 2654 4764 cur
2694 4725 2798 4766 non
2841 4708 3072 4776 diceret,
3113 4709 3446 4778 captivantem
3473 4725 3588 4775 asc,
3617 4708 3713 4768 ubi

2131 4801 2292 4858 vellet
2334 4801 2552 4871 intelligi
2597 4816 2815 4858 carnem
2857 4802 3044 4858 suam?
3084 4800 3276 4858 Annon
3300 4801 3500 4858 dictum
3526 4810 3610 4858 est
3640 4800 3710 4857 de

2131 4889 2295 4957 Jesu,
2323 4906 2444 4944 cum
2486 4891 2537 4944 in
2578 4899 2924 4946 monumento
2960 4905 3070 4946 non
3109 4889 3298 4948 fuisset
3323 4903 3452 4948 caro
3475 4889 3594 4960 eius
3621 4889 3708 4949 itte.

2131 4989 2286 5035 venta
2305 5022 2320 5046 ,
2352 4979 2594 5035 Tuterunt
2620 4980 2896 5036 Dominum
2921 4996 3083 5035 nteant
3101 5021 3118 5048 ,
3142 4991 3196 5042 et
3221 4981 3390 5037 nescio
3412 4979 3496 5034 ubi
3521 4995 3707 5051 posue-

2130 5084 2251 5129 runt
2279 5091 2392 5128 cum
2423 5073 2598 5142 (Joan.
2625 5089 2726 5140 xx,
2754 5074 2858 5146 2)?
2886 5074 3019 5128 Num
3054 5073 3174 5130 ideo
3199 5089 3307 5129 non
3331 5080 3480 5140 recte
3505 5071 3706 5128 dictum

2131 5173 2213 5218 est
2233 5205 2248 5227 ,
2274 5165 2398 5234 quia
2419 5179 2527 5218 non
2553 5163 2749 5219 dictum
2777 5173 2886 5232 est,
2913 5165 3176 5232 Carnem,
3205 5164 3293 5220 vel
3311 5204 3328 5232 ,
3355 5163 3564 5232 Cal-pm
3593 5163 3704 5218 Do—

2131 5254 2259 5306 mini
2288 5254 2421 5313 mei;
2453 5254 2542 5308 scil
2560 5295 2575 5318 ,
2607 5253 2880 5316 Dominum
2905 5254 3108 5309 nteant!

2203 5341 2426 5398 CAPUT
2467 5343 2656 5398 XXXI.
2683 5374 2754 5384 -—
2784 5346 2871 5400 55.
2899 5345 3050 5406 Caro,
3081 5345 3250 5400 carnis
3273 5343 3504 5413 electus.
3530 5343 3709 5413 Quatt-

2197 5498 2212 5564 ξ
2249 5494 2412 5564 Plures
2434 5502 2538 5545 uss.
2567 5510 2579 5546 :
2609 5496 2807 5564 Multum
2827 5498 2951 5564 enim
2973 5497 3144 5549 bonum
3173 5498 3307 5564 facit.

2194 5558 2216 5626 ξ
2248 5554 2420 5626 plures
2435 5564 2561 5626 uss“
2584 5558 2698 5621 quia
2717 5567 2764 5609 et
2794 5562 2917 5614 noto.
2940 5569 2985 5612 ct
3012 5554 3313 5626 emeritis“.

2198 5619 2216 5647 ³
2251 5618 2422 5679 Belgici
2447 5618 2541 5666 tlttu
2564 5618 2684 5676 ξιςς..
2711 5628 2916 5678 torpens.
