4034 6182
281 373 385 430 438

281 500 442 559 quam
489 483 651 554 paulo
693 479 976 550 superius,
1017 488 1066 531 ct
1111 477 1224 544 ipse
1266 474 1554 546 Apostolus
1596 470 1862 544 quomodo

281 585 428 632 recte
457 573 693 646 potuerit
716 572 784 627 de
808 586 967 625 carne
993 585 1088 623 sua
1113 568 1294 624 dicere
1311 607 1327 633 ,
1373 567 1707 633 captivantem
1753 580 1831 618 me
1849 605 1865 631 ,

283 667 419 723 satis
443 665 720 721 evidenter
743 664 970 733 aperuit.
994 659 1126 716 Cum
1151 659 1292 714 enim
1316 657 1560 722 dixisset,
1589 657 1712 712 Scio
1737 656 1870 710 enim

285 759 404 829 quia
440 774 544 811 non
582 757 771 810 habitat
796 756 849 809 in
880 771 994 818 me;
1039 752 1268 823 idipsum
1294 765 1566 819 exponens
1595 747 1864 818 adjunxit,

282 858 340 903 et
369 847 478 912 ait,
513 848 606 900 hoc
629 855 701 900 est
725 847 778 898 in
803 861 955 898 carne
981 860 1122 907 mea,
1154 843 1357 895 bonum.
1389 840 1512 894 Haec
1539 853 1666 910 ergo
1698 837 1870 908 capti-

283 951 444 993 vatur
480 939 582 992 sub
624 938 742 1006 lege
783 935 1021 1006 peccati,
1063 934 1114 988 in
1139 947 1242 1002 qua
1267 947 1376 984 non
1405 930 1607 984 habitat
1632 930 1829 983 bonum
1852 969 1868 995 ,

286 1030 392 1083 hoc
423 1037 528 1091 est,
560 1043 704 1082 caro.
731 1024 957 1080 Carnem
985 1033 1163 1078 autem
1191 1036 1330 1076 nunc
1349 1021 1657 1091 appellavit,
1679 1019 1763 1074 ubi
1789 1027 1872 1074 est

285 1117 565 1172 morbidus
585 1117 798 1187 quidam
824 1116 1002 1170 carnis
1025 1113 1276 1178 allectus;
1309 1128 1414 1166 non
1441 1112 1608 1180 ipSam
1631 1109 1872 1178 corporis

283 1206 802 1270 conformationem,
822 1205 973 1274 cujus
1016 1203 1252 1260 membra
1283 1218 1387 1258 non
1418 1202 1719 1258 adhibenda
1747 1211 1872 1258 sunt

282 1306 435 1344 arma
467 1299 709 1358 peccato,
741 1290 788 1344 id
815 1298 918 1350 est,
937 1289 1111 1344 eidem
1141 1288 1240 1358 ipsi
1263 1288 1728 1357 concupiscentiae,
1751 1300 1871 1356 qum

284 1379 392 1436 hoc
417 1382 634 1436 carnale
668 1392 907 1437 nostrum
946 1381 1210 1451 captivum
1243 1389 1406 1435 tenet.
1440 1379 1576 1435 Nam
1613 1388 1870 1449 quantum

282 1473 479 1527 attinet
502 1472 568 1526 ad
595 1473 634 1540 it
657 1487 763 1526 tam
793 1476 1126 1540 corporalem
1155 1470 1506 1525 substantiam
1537 1479 1694 1538 atque
1717 1478 1874 1522 natu-

284 1576 422 1628 ram,
457 1561 510 1616 in
534 1562 661 1615 viris
684 1561 945 1624 ﬁdelibus,
975 1561 1088 1616 sive
1111 1560 1423 1630 conjugatis,
1455 1560 1568 1616 sive
1592 1559 1872 1615 continen-

286 1651 452 1717 tibus,
485 1653 592 1722 jam
624 1653 877 1722 templum
907 1651 1000 1707 Dei
1027 1661 1128 1706 est.
1159 1654 1406 1706 Attamen
1428 1650 1474 1706 si
1497 1650 1716 1706 omnino
1738 1650 1870 1704 nihil

282 1742 466 1796 carnis
503 1751 702 1798 nostrae
740 1741 1004 1813 captivum
1041 1750 1334 1808 teneretur,
1362 1757 1470 1797 non
1509 1742 1727 1813 quidem
1768 1741 1870 1798 sub

283 1830 523 1893 diabolo,
551 1832 670 1900 quia
701 1840 755 1886 et
785 1831 856 1885 ibi
881 1829 1019 1886 facta
1045 1839 1128 1886 est
1151 1831 1355 1900 peccati
1387 1831 1654 1898 remissio,
1677 1839 1735 1886 ut
1756 1845 1872 1900 pec-

284 1931 466 1976 catum
493 1937 599 1975 non
625 1922 932 1990 imputetur,
953 1920 1093 1992 quod
1119 1922 1335 1992 proprie
1367 1921 1449 1976 lex
1483 1923 1682 1991 peccati
1714 1936 1872 1976 voca-

286 2020 404 2077 tur;
441 2020 617 2067 tamen
653 2013 751 2068 Sub
791 2013 902 2084 ipsa
935 2013 1052 2084 lege
1081 2013 1302 2083 peccati,
1331 2012 1435 2068 hoc
1462 2022 1545 2069 est
1563 2056 1578 2081 ,
1607 2013 1707 2070 sub
1735 2028 1868 2069 eon-

283 2103 616 2173 cupiscentia
642 2118 756 2168 sua,
781 2104 880 2158 nisi
901 2103 1228 2175 aliquantum
1253 2113 1523 2160 teneretur
1539 2119 1665 2160 caro
1685 2115 1868 2160 nostra

282 2193 518 2262 captiva,
547 2193 813 2261 quomodo
837 2203 982 2248 esset
1008 2209 1189 2249 verum
1217 2194 1358 2264 quod
1385 2195 1459 2249 ait
1487 2195 1626 2249 idem
1657 2203 1870 2265 aposto~

285 2283 402 2348 lus,
446 2281 689 2353 Adoptios
703 2299 781 2336 em
815 2292 1156 2352 exspectantes
1177 2326 1192 2350 ,
1220 2282 1611 2355 redemptionem
1642 2285 1869 2356 corporis

286 2382 446 2425 nostri
472 2371 652 2443 (Rom.
681 2387 790 2436 vnt,
814 2370 946 2446 9.5)?
973 2373 1028 2427 lu
1059 2383 1259 2428 tantum
1290 2375 1448 2444 igitur
1473 2374 1648 2430 adhuc
1675 2391 1867 2446 exspe-

285 2471 460 2518 ctatur
487 2462 788 2533 redemptio
816 2455 1056 2535 corporis
1085 2467 1287 2531 nostri,
1320 2466 1371 2520 in
1401 2477 1658 2536 quantum
1693 2467 1870 2524 adhuc

285 2569 350 2610 ex
381 2555 558 2625 aliqua
591 2566 737 2625 parte
766 2558 1031 2626 captivum
1061 2569 1143 2612 est
1171 2558 1272 2613 sub
1302 2559 1418 2630 lege.
1459 2561 1684 2630 peccati.
1714 2559 1868 2616 Unde

287 2657 338 2703 et
368 2645 456 2701 hic
480 2648 784 2704 exclamans
810 2651 884 2704 ait
907 2666 920 2703 :
942 2647 1140 2720 Infelix
1165 2665 1256 2722 ego
1281 2650 1432 2704 homo
1452 2692 1468 2716 ,
1495 2653 1608 2723 quis
1639 2668 1718 2706 me
1739 2652 1868 2707 libe-

287 2737 416 2793 rabit
449 2738 514 2792 de
546 2756 756 2810 corpore
787 2742 964 2796 mortis
1005 2742 1195 2812 hujus?
1235 2741 1414 2798 Gratia
1441 2743 1534 2798 Dei
1574 2761 1665 2816 per
1687 2743 1867 2801 Jesum

287 2825 545 2882 Christum
575 2828 844 2882 Dominum
873 2839 1118 2885 nostrum.
1148 2830 1250 2887 Ubi
1277 2832 1402 2902 quid
1430 2833 1747 2889 intellecturi
1770 2850 1866 2890 su-

287 2935 441 2986 mus,
472 2921 572 2974 nisi
611 2921 732 2991 quia
772 2936 965 2990 corpus
1005 2923 1145 2990 quod
1191 2926 1568 2995 corrumpitur,
1618 2935 1868 2998 aggravat

286 3011 515 3064 animam
545 3009 702 3080 (Sap.
727 3013 948 3080 Ix,15)?
975 3012 1106 3068 Cum
1136 3029 1264 3084 ergo
1288 3015 1514 3084 idipsum
1540 3031 1734 3088 corpus
1754 3017 1866 3091 jam

289 3100 692 3170 incorruptibile
735 3105 1040 3173 recipietur,
1083 3106 1236 3176 plena
1277 3109 1379 3162 crit
1419 3109 1662 3165 liberatio
1687 3127 1715 3166 a
1745 3127 1867 3169 cor-

288 3210 416 3264 pore
445 3196 632 3248 mortis
658 3195 813 3265 hujus
839 3214 852 3249 :
877 3212 904 3248 a
933 3213 1165 3266 quonon
1189 3198 1503 3267 liberantur,
1532 3203 1620 3272 qui
1647 3213 1774 3260 sunt
1798 3203 1866 3260 ad

289 3300 497 3354 [tenam
521 3287 887 3341 resurrecturi.
912 3287 991 3342 Ad
1017 3303 1211 3357 corpus
1236 3306 1364 3359 ergo
1392 3293 1581 3348 mortis
1607 3293 1764 3364 hujus
1784 3296 1868 3350 in-

288 3376 542 3446 telligitur
571 3377 872 3446 pertinere,
905 3387 960 3432 ut
988 3378 1090 3432 alia
1123 3378 1204 3433 lex
1236 3379 1287 3434 in
1318 3381 1577 3437 membris
1604 3392 1867 3455 repugnet

285 3468 498 3538 quidem
538 3467 641 3538 legi
682 3469 910 3538 mentis,
947 3469 1074 3525 dum
1101 3485 1226 3528 caro
1250 3475 1578 3546 concupiscit
1611 3476 1868 3535 adversus

286 3558 562 3626 spiritum;
595 3559 692 3613 etsi
721 3570 951 3616 mentem
987 3577 1090 3616 non
1122 3562 1386 3634 subjuget,
1413 3565 1538 3635 quia
1566 3575 1622 3622 et
1646 3569 1867 3639 spiritus

286 3649 613 3718 concupiscit
636 3649 891 3706 adversus
916 3666 1130 3706 carnem
1154 3651 1348 3726 (Galat.
1370 3669 1422 3722 ν,
1456 3654 1586 3730 17)-;
1612 3668 1770 3730 atque
1794 3659 1866 3715 ita

286 3743 528 3812 quamvis
551 3742 633 3796 lex
662 3743 774 3813 ipsa
804 3747 1002 3814 peccati
1027 3747 1296 3812 captivum
1319 3758 1498 3806 teneat
1520 3751 1723 3823 aliquid
1749 3769 1870 3809 car-

287 3836 401 3896 nis,
435 3831 576 3886 unde
615 3833 825 3888 resistat
866 3833 968 3904 legi
1001 3837 1222 3902 mentis;
1254 3853 1360 3893 non
1389 3847 1567 3896 tamen
1594 3853 1780 3913 regnat
1809 3843 1861 3899 in

287 3930 473 3975 nostro
509 3920 632 3975 licet
669 3923 876 3978 mortali
904 3939 1146 3994 corpore,
1179 3927 1222 3981 si
1248 3943 1353 3983 non
1380 3929 1625 3985 obeditur
1651 3933 1866 3990 deside-

287 4010 378 4064 riis
406 4011 548 4078 ejus.
587 4010 770 4066 Solent
795 4013 936 4068 enim
967 4023 1022 4068 et
1061 4015 1241 4072 hostes
1268 4017 1522 4074 adversus
1545 4035 1680 4090 quos
1708 4022 1867 4078 dimi-

288 4111 458 4166 catur,
490 4111 546 4157 et
572 4103 852 4159 inferiores
881 4121 1001 4160 esse
1028 4106 1078 4160 in
1109 4110 1424 4174 certamine,
1447 4120 1500 4166 et
1523 4113 1644 4167 victi
1667 4113 1865 4182 aliquid

291 4201 472 4246 teni-re
513 4195 777 4261 captivum
801 4211 813 4247 τ
840 4195 980 4265 quod
1011 4197 1061 4250 in
1093 4207 1274 4252 nostra
1304 4214 1462 4254 carne
1491 4205 1734 4271 quamvis
1764 4206 1866 4260 sub

290 4283 491 4350 pereati
519 4283 630 4351 lege
652 4295 915 4348 teneatur,
942 4297 1115 4341 tamen
1146 4289 1194 4341 in
1226 4304 1320 4358 spe
1351 4290 1732 4361 redemptionis
1751 4305 1864 4362 est;

288 4373 404 4442 quia
439 4373 553 4441 ipsa
580 4373 763 4426 vitiosa
793 4376 1218 4446 concupiscentia
1264 4380 1403 4433 nulla
1437 4383 1658 4437 omnino
1688 4401 1866 4439 rema-

291 4463 454 4526 nebit,
474 4478 600 4518 (πει-ο
620 4474 796 4518 autem
828 4475 1006 4520 nostra
1029 4467 1095 4520 ab
1122 4484 1181 4521 ea
1213 4480 1357 4538 peste
1388 4474 1678 4543 morboque
1708 4491 1867 4531 sana-

292 4561 337 4606 ta
357 4594 374 4618 ,
405 4563 460 4608 et
491 4565 598 4609 tota
626 4556 1022 4613 immortalitate
1050 4561 1235 4614 vestita
1257 4601 1270 4624 ,
1303 4561 1352 4616 in
1383 4574 1584 4619 (eterna
1631 4566 1864 4624 beatitu-

286 4640 408 4696 dine
436 4645 784 4711 permanebit.

354 4753 444 4808 56.
469 4755 746 4824 Subjungit
777 4766 950 4812 autem
975 4758 1284 4827 Apostolus,
1316 4773 1367 4815 et
1391 4763 1518 4818 dicit
1543 4784 1556 4817 :
1579 4767 1748 4838 Igitur
1770 4787 1862 4840 ego

285 4842 389 4912 ipse
430 4853 594 4896 mente
629 4847 790 4898 servio
828 4847 926 4917 legi
970 4847 1064 4900 Dei
1084 4890 1098 4914 ,
1129 4866 1279 4904 carne
1303 4862 1470 4906 autem
1507 4855 1604 4927 legi
1649 4861 1859 4927 peccati.

284 4932 434 5000 Quod
460 4934 538 4988 sic
562 4935 962 5006 intelligendum
983 4949 1064 4993 est
1087 4957 1100 4992 :
1123 4952 1284 4995 meme
1302 4945 1460 4997 servio
1487 4946 1584 5015 legi
1615 4947 1724 5012 Dei,
1752 4965 1857 5005 non

281 5027 666 5080 consentiendo
706 5028 808 5098 legi
855 5031 1097 5098 peccati;
1139 5049 1288 5086 carne
1325 5046 1493 5089 autem
1534 5040 1711 5092 servio
1761 5040 1868 5112 legi

281 5118 470 5184 pacati
490 5157 506 5181 ,
534 5115 782 5171 habendo
823 5119 1084 5174 desideria
1123 5125 1359 5191 peccati,
1389 5128 1582 5195 quibus
1610 5131 1708 5184 etsi
1753 5148 1856 5186 non

279 5207 591 5272 coruscatio,
639 5207 873 5262 nondum
919 5217 1096 5266 tamen
1141 5214 1352 5282 penitus
1395 5231 1570 5273 careo.
1621 5221 1859 5293 Denique

279 5299 402 5365 quid
435 5309 556 5366 post
581 5298 692 5352 haec
720 5302 976 5366 intulerit,
1005 5306 1340 5361 attendamus
1365 5325 1378 5360 :
1413 5307 1573 5364 Nulla
1598 5328 1717 5384 ergo
1739 5358 1752 5381 ,
1779 5317 1859 5370 in-

277 5387 408 5452 quit,
437 5390 785 5442 condemnatm
805 5403 876 5444 est
904 5408 1035 5444 nunc
1063 5393 1139 5446 Ius
1159 5397 1243 5462 qui
1272 5406 1387 5450 sunt
1414 5398 1464 5452 in
1485 5398 1685 5456 Christo
1703 5401 1849 5460 Iesu.

281 5471 448 5530 Etiam
478 5493 639 5544 nunc,
671 5482 857 5548 inquit,
881 5483 1091 5551 quando
1122 5485 1204 5539 lex
1234 5487 1282 5539 in
1314 5489 1568 5544 membris
1599 5505 1858 5564 repugnat

276 5565 376 5634 legi
422 5569 650 5634 mentis,
695 5581 746 5624 et
793 5573 1055 5641 captivum
1098 5574 1296 5644 aliquid
1342 5586 1487 5634 tenet
1533 5582 1586 5634 in
1634 5597 1856 5653 corpore

279 5664 464 5712 mortis
511 5661 693 5730 lmjus,
726 5682 756 5716 ιι
783 5665 866 5718 ιΙΙί
901 5667 1275 5722 tulitrletnnatio
1301 5682 1378 5724 est
1419 5674 1480 5725 iis
1518 5677 1605 5745 qui
1641 5690 1762 5732 sunt
1797 5682 1846 5736 in

281 5750 487 5807 (Σιιγὶκιι,
518 5755 661 5814 .lcsu.
701 5759 830 5811 .\uJi
859 5776 1019 5831 quare
1048 5779 1058 5813 :
1087 5760 1191 5816 Lex
1220 5767 1582 5838 cmm'spirittts
1613 5771 1741 5840 vita,
1773 5775 1853 5828 ἰη-

1697 361 1895 416 LIBER
1935 358 2207 420 l‘Rll‘lL'S.

3455 379 3558 436 ἀει

1981 471 2116 541 quit,
2138 471 2189 525 in
2215 469 2412 526 Christo
2434 471 2562 526 Iesu.
2583 472 2805 528 liberavit
2834 493 2910 530 me
2931 495 2961 530 a
2988 478 3094 550 lege
3115 484 3308 551 peccati
3337 497 3382 540 ct
3408 505 3551 544 mor-

1979 562 2041 616 tis
2065 562 2240 633 (Rom.
2270 579 2375 632 vn,
2408 565 2628 632 l5-vut,
2652 565 2742 633 2).
2776 568 3074 639 Liberavit,
3116 575 3382 643 quomoda
3404 618 3422 644 ,
3455 580 3554 637 nisi

1980 652 2103 721 quia
2147 651 2263 722 ejus
2312 664 2516 709 reatum
2567 667 2904 725 peccatorum
2952 661 3188 715 omnium
3239 666 3556 725 remissione

1976 741 2251 811 dissolvit,
2285 755 2340 798 ut
2388 748 2629 816 quamvis
2675 749 2850 804 adhuc
2893 762 3139 819 maneat,
3173 763 3228 810 et
3271 757 3337 812 de
3375 759 3462 815 die
3502 763 3557 817 in

1975 835 2116 889 diem
2148 839 2316 908 magis
2346 840 2616 910 magisque
2646 841 2913 896 mirmatur
2933 884 2949 909 ,
2979 845 3031 898 in
3070 858 3346 915 peccatum
3379 861 3555 910 tamen

1976 938 2082 977 non
2123 925 2407 992 imputetur
2435 927 2458 980 ?

2048 1017 2271 1073 CAPUT
2310 1011 2630 1073 XXXll.-—
2671 1022 2758 1075 '57.
2793 1021 2899 1076 Lex
2940 1027 3129 1094 peccati
3163 1044 3279 1084 cum
3319 1043 3460 1088 reatu
3502 1036 3555 1090 in

1976 1108 2199 1177 parvulis
2238 1126 2337 1163 non
2387 1111 2670 1180 baptizatis.
2728 1110 2942 1166 Peccato
2969 1115 3095 1172 Adae
3135 1117 3411 1177 humanum
3461 1141 3553 1195 ge-

1976 1214 2070 1250 nus
2115 1198 2385 1253 oleastrum
2431 1204 2621 1270 factum
2664 1211 2756 1256 est.
2807 1203 2926 1258 Iltec
2956 1204 3134 1276 itaque
3160 1210 3403 1266 remissio
3440 1230 3555 1282 pec-

1975 1296 2213 1343 catorum
2239 1291 2486 1360 quamdiu
2519 1307 2622 1346 non
2654 1292 2711 1346 ﬁt
2740 1293 2790 1347 in
2821 1295 2990 1363 prole,
3024 1298 3100 1352 sic
3127 1299 3196 1352 ibi
3224 1311 3304 1355 est
3336 1303 3418 1357 lex
3448 1307 3543 1358 ista

1974 1378 2178 1448 peccati
2200 1420 2214 1443 ,
2245 1388 2302 1433 ut
2329 1381 2488 1434 etiam
2520 1382 2570 1435 in
2603 1392 2875 1450 peccatum
2907 1384 3232 1453 imputetur,
3267 1390 3317 1444 id
3355 1403 3465 1459 es,
3501 1403 3560 1449 at

1975 1466 2136 1522 etiam
2158 1477 2337 1522 reatus
2357 1469 2472 1540 ejus
2493 1485 2611 1524 cum
2637 1471 2718 1524 illa
2747 1471 2837 1537 sit,
2862 1473 2951 1542 qui
2977 1484 3158 1531 teneat
3181 1479 3198 1509 ί
3229 1481 3413 1535 aeterni
3439 1498 3557 1554 sup-

1975 1558 2120 1629 plicii
2159 1559 2475 1616 debitorem.
2519 1552 2629 1617 Hoc
2655 1563 2796 1618 enim
2828 1565 3021 1634 trajicit
3045 1583 3237 1636 parens
3263 1569 3316 1624 in
3351 1552 3552 1642 prolem

1974 1651 2242 1706 carnalem
2265 1693 2278 1717 ,
2309 1653 2452 1722 quod
2477 1664 2560 1708 est
2589 1654 2702 1724 ipse
2729 1656 3016 1711 carnaliter
3043 1668 3197 1713 natus
3217 1702 3232 1727 ,
3266 1677 3370 1716 non
3409 1666 3551 1733 quod

1978 1739 2327 1810 spiritualiter
2351 1750 2434 1796 est
2462 1753 2701 1798 renatus.
2735 1743 2865 1812 Quia
2899 1746 3127 1816 idipsum
3151 1752 3292 1820 quod
3318 1757 3551 1811 carnali-

1974 1836 2056 1883 ter
2081 1838 2235 1884 natus
2263 1840 2366 1898 eSt,
2389 1833 2630 1900 quamvis
2657 1843 2805 1887 reatu
2830 1835 3004 1889 soluto
3031 1852 3135 1892 non
3166 1840 3417 1910 impediat
3443 1844 3561 1899 ira-

1973 1928 2116 1974 ctum
2161 1920 2310 1991 ejus,
2343 1931 2517 1977 tamen
2564 1931 2810 1993 tanquam
2855 1926 2907 1980 in
2947 1929 3151 1984 semine
3190 1931 3344 1987 oliva:
3385 1933 3551 2002 latet,

1972 2010 2177 2066 etiamsi
2225 2021 2438 2082 propter
2467 2014 2838 2071 remissionem
2885 2029 3222 2087 peccatorum
3266 2023 3394 2078 nihil
3430 2029 3571 2083 oleo-

1972 2110 2130 2156 nocet
2157 2102 2200 2170 ',
2230 2102 2278 2156 ei
2307 2103 2510 2158 scilicet
2528 2105 2672 2172 vitae,
2697 2122 2799 2174 qua
2827 2110 3119 2163 secundum
3143 2111 3436 2183 Christum,
3459 2120 3550 2188 qui

1972 2197 2056 2245 est
2079 2191 2374 2260 appellatus
2403 2191 2471 2245 ab
2496 2193 2636 2260 oleo,
2667 2195 2716 2249 id
2742 2204 2846 2258 est,
2875 2212 2904 2249 a
2931 2197 3222 2255 chrismate
3242 2245 3256 2268 ,
3283 2203 3458 2273 justus
3485 2223 3554 2262 ex

1971 2277 2077 2334 ﬁde
2097 2279 2220 2334 vivit
2246 2279 2357 2352 (Id.
2385 2296 2422 2349 ι,
2451 2283 2559 2354 Π).
2587 2283 2698 2338 lloc
2717 2294 2894 2339 autem
2919 2288 3056 2356 quod
3079 2289 3130 2342 in
3160 2303 3375 2357 parente
3402 2311 3553 2366 rege-

1971 2378 2180 2437 nerato,
2204 2379 2456 2442 tanquam
2479 2373 2530 2426 in
2554 2373 2687 2429 oleze
2713 2375 2937 2441 semine,
2960 2377 3077 2432 sine
3103 2379 3212 2434 ullo
3237 2393 3404 2451 reatu,
3427 2387 3552 2455 quia

1971 2461 2253 2516 remissum
2281 2471 2384 2526 est,
2421 2464 2644 2534 tegitur;
2677 2464 2917 2534 profecto
2945 2466 2998 2521 in
3029 2469 3178 2538 prole
3203 2473 3434 2528 nondum
3463 2492 3552 2532 re-

1970 2561 2243 2623 generata,
2263 2551 2408 2607 velut
2431 2553 2484 2607 in
2509 2552 2760 2620 oleastro,
2782 2570 2902 2611 cum
2928 2566 3079 2612 reatu
3110 2558 3356 2631 habetur,
3381 2565 3551 2622 donee

1971 2643 2131 2697 etiam
2177 2641 2284 2696 illic
2327 2641 2516 2697 eadem
2561 2644 2729 2714 gratia
2773 2646 3094 2702 remittatur.
3139 2649 3218 2704 Ex
3262 2667 3368 2721 quo
3407 2657 3553 2712 enim

1968 2728 2138 2784 Adam
2159 2744 2226 2786 ex
2251 2730 2370 2785 olea
2397 2730 2511 2798 tali,
2532 2731 2584 2786 in
2611 2747 2715 2802 qua
2737 2747 2836 2788 nec
2862 2749 3046 2792 semen
3075 2748 3190 2794 erat
3219 2741 3542 2811 hujusmodi,

1971 2821 2111 2878 unde
2130 2823 2428 2878 amaritudo
2450 2834 2761 2880 nasceretur
2779 2825 3016 2894 oleastri,
3040 2829 3092 2883 in
3114 2831 3405 2889 oleastrum
3429 2852 3551 2905 pec-

1969 2914 2139 2970 cando
2159 2929 2452 2970 conversus
2467 2925 2579 2983 est;
2602 2917 2723 2986 quia
2743 2925 2849 2971 tam
2872 2933 3119 2988 magnum
3137 2933 3407 2991 peccatum
3431 2926 3549 2995 fuit,

1969 3006 2060 3064 ubi
2104 3021 2294 3078 magna
2332 3007 2484 3063 ﬂeret
2518 3008 2570 3063 in
2599 3007 2839 3064 deterius
2863 3011 3086 3066 mutatio
3116 3022 3352 3081 naturae;
3383 3027 3550 3076 totum

1967 3111 2137 3168 genus
2164 3095 2454 3152 humanum
2497 3096 2621 3152 fecit
2647 3098 2968 3154 oleastrum:
2998 3101 3068 3156 ita
3097 3113 3151 3156 ut
3177 3104 3549 3175 (quemadmo-

1970 3185 2096 3241 dum
2126 3202 2268 3243 nunc
2294 3187 2346 3242 in
2376 3187 2506 3257 ipsis
2534 3187 2779 3243 videmus
2803 3190 3108 3262 arboribus)
3129 3193 3174 3249 si
3196 3197 3318 3265 quid
3349 3199 3471 3256 inde
3496 3201 3549 3258 in

1971 3277 2141 3331 oleam
2170 3275 2339 3348 gratia
2365 3277 2546 3331 divina
2575 3279 2861 3346 convertit,
2893 3280 2964 3334 ibi
2989 3281 3173 3338 vitium
3204 3286 3387 3354 prima:
3413 3291 3552 3346 natl-

1969 3367 2166 3434 vitatis,
2199 3367 2343 3438 quod
2364 3376 2482 3425 erat
2504 3368 2766 3440 originale
2794 3381 3068 3440 peccatum
3097 3373 3163 3428 de
3187 3379 3387 3434 carnali
3422 3395 3551 3437 con-

1937 3509 1950 3518 ,
1969 3458 2291 3528 cupiscentia
2314 3457 2615 3514 traductum
2642 3467 2696 3514 et
2723 3467 3028 3527 attractum,
3053 3465 3370 3534 remittatur,
3402 3479 3549 3541 tega-

1971 3556 2086 3614 tur,
2135 3561 2242 3602 non
2301 3548 2619 3617 imputetur;
2681 3548 2808 3602 insit
2857 3559 3032 3605 tamen
3067 3594 3082 3616 ,
3133 3555 3272 3610 unde
3321 3558 3551 3617 oleaster

1970 3648 2220 3694 nascatur
2239 3635 2280 3706 ³,
2323 3637 2424 3693 nisi
2461 3646 2517 3693 et
2539 3638 2654 3709 ipse
2674 3639 2727 3694 in
2752 3638 2926 3695 oleam
2947 3642 3132 3697 eadem
3174 3648 3342 3716 gratia
3390 3666 3548 3706 rena-

1967 3738 2168 3787 scatur.

2040 3818 2266 3877 CAPUT
2302 3818 2621 3877 XXXIII.—
2642 3821 2732 3879 38.
2753 3822 3012 3895 Baptismo
3042 3828 3205 3883 opinis
3231 3843 3549 3900 peccatorum

1970 3913 2230 3979 remissio,
2277 3914 2524 3984 plenaque
2567 3915 2622 3970 in
2673 3919 3033 3974 resurrectione
3070 3923 3298 3990 sanatio,
3345 3937 3548 3997 accepta

1970 4005 2149 4073 referri
2171 4003 2330 4058 debet.
2362 4003 2670 4070 Quotidiano
2691 4007 2971 4062 mundatio.
3011 4011 3170 4066 Beata
3201 4013 3378 4084 itaque
3404 4018 3546 4086 olea,

1971 4091 2123 4160 cujus
2165 4093 2406 4148 remissa:
2444 4105 2568 4148 sunt
2613 4095 2949 4166 iniquitates,
2977 4109 3030 4153 et
3060 4102 3210 4171 cujus
3248 4113 3383 4162 tecta
3427 4121 3549 4165 sunt

1973 4189 2226 4250 peccata:
2253 4181 2440 4248 beata,
2466 4183 2550 4237 cui
2590 4199 2696 4238 non
2741 4184 3017 4254 imputavit
3062 4191 3316 4250 Dominus
3355 4213 3549 4268 pecca-

1975 4280 2082 4324 tum
2124 4269 2292 4342 (Psal.
2329 4287 2489 4341 χιιι,
2524 4275 2576 4340 l,
2606 4273 2700 4343 2).
2730 4273 2837 4332 Sed
2868 4278 2994 4333 illud
3020 4283 3161 4351 quod
3188 4287 3469 4344 remissum
3497 4302 3552 4348 ct

1972 4370 2166 4416 tectum
2196 4371 2278 4417 est
2314 4371 2368 4418 et
2408 4379 2512 4418 non
2555 4365 2866 4436 imputatur,
2899 4370 3070 4427 donec
3099 4375 3186 4428 tlat
3215 4376 3266 4430 in
3294 4389 3556 4438 :rternam.

1972 4452 2422 4510 immortalitatem
2462 4456 2618 4526 plena
2661 4461 2881 4514 mutatio
2901 4502 2916 4528 ,
2951 4462 3109 4520 habet
3138 4467 3242 4521 vim
3270 4474 3550 4540 quamdam

1971 4545 2232 4598 occultam
2259 4585 2273 4611 ,
2304 4545 2446 4603 unde
2487 4550 2782 4604 semiuetur
2824 4567 3037 4609 amarus
3077 4559 3326 4629 oleaster,
3359 4563 3460 4620 nisi
3501 4577 3558 4621 ct-

1971 4633 2078 4688 illic
2106 4635 2291 4690 eadem
2339 4636 2430 4690 Dei
2471 4638 2788 4707 agricultura
2836 4645 3154 4712 remittatur,
3187 4659 3410 4720 tegatur,
3444 4671 3550 4710 non

1971 4724 2282 4793 imputetur.
2305 4726 2419 4781 Non
2450 4730 2552 4782 erit
2575 4739 2752 4785 autem
2779 4737 2997 4788 omnino
3022 4739 3217 4808 aliquid
3249 4743 3328 4796 vel
3357 4746 3407 4798 in
3434 4762 3552 4800 rar-

1969 4815 2074 4870 nali
2111 4817 2316 4872 semine
2339 4818 2608 4886 vitiosum,
2628 4837 2748 4876 cum
2776 4825 2961 4879 cadent
2988 4833 3408 4909 regeneratione,
3431 4851 3550 4906 qm:
3579 4804 3628 4920 (ί

1969 4922 2111 4962 nunc
2139 4909 2196 4962 lit
2228 4925 2322 4978 per
2349 4924 2560 4966 sacrum
2591 4913 2881 4983 lavacrum,
2911 4935 3078 4990 usque
3103 4923 3154 4976 in
3185 4923 3338 4978 linem
3360 4939 3553 4986 cuncta

1968 4999 2106 5053 mala
2154 4999 2384 5057 hominis
2429 5015 2687 5074 purgante
2725 5016 2884 5077 atque
2923 5020 3174 5077 satiante,
3205 5015 3392 5069 eadem
3421 5034 3548 5074 caro

1969 5108 2064 5162 per
2097 5107 2256 5163 quam
2301 5093 2436 5151 facta
2479 5108 2566 5153 est
2604 5100 2778 5154 anima
2825 5105 3089 5170 carnalis,
3130 5107 3221 5162 liet
3261 5112 3548 5180 Spiritualis

1967 5183 2126 5237 etiam
2165 5185 2277 5253 ipsa
2298 5228 2312 5251 ,
2344 5187 2541 5242 nullam
2573 5190 2675 5259 legi
2707 5196 2902 5248 mentis
2927 5197 3259 5254 resistentem
3287 5209 3545 5274 concupi-

1967 5275 2220 5328 scentiam
2250 5279 2427 5330 carnis
2453 5276 2715 5345 habitura,
2743 5283 2872 5336 nihil
2894 5288 3121 5343 carnalis
3146 5295 3368 5349 seminis
3391 5301 3546 5356 emis-

1967 5375 2111 5418 sura.
2143 5363 2230 5418 Sic
2259 5367 2399 5420 enim
2427 5368 2796 5438 accipiendum
2822 5382 2906 5427 est
2933 5377 3074 5445 quod
3115 5381 3189 5435 ait
3232 5384 3372 5440 idem
3412 5400 3545 5456 apo-

1967 5455 2132 5508 stolus
2158 5473 2170 5508 :
2199 5456 2429 5514 Christus
2457 5461 2632 5516 dilexit
2657 5462 2959 5532 Ecclesium,
2985 5480 3031 5522 ct
3060 5465 3117 5525 δέ
3140 5475 3304 5542 ipsum
3335 5455 3544 5542 tradidi:

2709 5558 2858 5634 abest
2875 5598 2887 5616 ,
2913 5574 3024 5612 eum
3043 5578 3073 5614 a
3095 5574 3430 5634 tnanuscriptis
3454 5589 3465 5619 :
3493 5583 3544 5626 et

1977 5605 2956 5684 ιξξξριιιτέεμυηςμέηιιέδευιῑειιιᾱιῑ

2032 5668 2050 5732 ξ
2087 5668 2250 5732 Plures
2267 5668 2392 5730 lissi,
2416 5668 2538 5725 nihil
2553 5668 2671 5727 δίεπ’
2694 5668 2844 5732 nocet;

1969 5804 1996 5835 υ
2030 5729 2060 5799 ³.
2083 5731 2152 5778 sit:
2179 5741 2327 5843 (vlett‘ts
2350 5729 2502 5786 codex
2549 5746 2881 5803 ttcniguiuuus.
2911 5748 3023 5797 liditi
3051 5763 3180 5812 vero,
3211 5755 3532 5820 turdelarum,

2001 5805 2162 5843 missu,
2199 5808 2271 5842 ιλι
2296 5829 2308 5842 .
3273 5812 3276 5818 ’

2035 5819 2162 5848 .txu,
2179 5819 2308 5843 “mu.
