4034 6182
470 461 563 516 pro
599 462 690 512 ra,
734 455 789 500 ut
831 461 936 499 eam
983 445 1314 514 snarli/imrct
1343 486 1358 511 ,
1402 449 1653 500 mundatis
1700 461 1812 501 eam
1854 446 2056 500 lavacro

473 553 618 598 aqua
655 541 707 590 tu
741 542 913 601 verba,
947 548 1001 589 ut
1033 536 1279 591 exhiberet
1310 533 1402 589 sibi
1435 537 1543 601 ipse
1569 535 1845 608 gloriosam
1877 534 2054 590 Eccle-

473 630 632 690 sium,
660 642 758 680 non
798 626 1056 681 [turbantem
1099 627 1347 680 maculam
1388 637 1474 680 aut
1511 643 1723 698 rugam,
1749 635 1836 680 aut
1862 627 2057 696 aliquid

475 716 724 788 causrnodi
751 714 965 786 (Eplies.
999 732 1054 781 v,
1081 716 1150 770 9.5
1183 717 1296 786 27).
1339 717 1427 770 Sic
1450 757 1464 779 ,
1495 717 1708 786 inquam
1728 758 1742 782 ,
1773 717 1874 772 hoc
1913 718 2055 772 acci-

476 810 723 876 piendum
768 816 886 871 est,
933 817 989 864 ut
1033 810 1218 863 etulcm
1269 814 1478 864 lavacro
1535 811 1954 880 regenerationis
2003 818 2058 865 ct

478 897 641 951 verbo
667 898 1100 953 sanctificationis
1128 901 1303 953 omnia
1336 915 1554 968 prorsus
1596 901 1736 956 mala
1782 904 2053 956 hominum

473 999 909 1050 reqmieratorum
951 992 1277 1043 mundentnr
1313 1001 1472 1060 atque
1506 1001 1794 1054 sanentur;
1828 1007 1932 1044 non
1963 1006 2057 1044 so-

473 1079 580 1132 lum
609 1089 820 1145 peccata
839 1094 957 1148 qua:
975 1082 1151 1134 omnia
1170 1095 1310 1136 nunc
1329 1085 1673 1136 remittuntur
1688 1083 1741 1136 in
1765 1083 2052 1153 Baptismo,

473 1169 567 1224 sed
599 1171 757 1224 etiam
783 1187 902 1240 qua:
928 1171 1191 1240 posterius
1222 1172 1448 1226 humana
1479 1175 1774 1243 ignorantia
1804 1175 1885 1228 Vel
1914 1173 2059 1229 inﬁr-

476 1263 662 1316 mitate
684 1261 1069 1317 contrahuntur
1094 1281 1106 1316 :
1133 1280 1236 1317 non
1265 1272 1318 1318 ut
1348 1263 1612 1332 Baptisma
1634 1266 1844 1336 quoties
1873 1279 2060 1335 pecca-

477 1361 588 1418 tur,
615 1352 771 1406 toties
798 1361 1094 1422 repetatur;
1118 1353 1209 1407 sed
1232 1355 1352 1422 quia
1385 1356 1499 1424 ipso
1523 1353 1662 1424 quod
1685 1355 1856 1410 semel
1877 1355 2057 1422 datur,

485 1443 544 1497 tit
575 1453 630 1498 ut
673 1459 774 1494 non
799 1443 972 1498 solum
999 1453 1176 1510 antea,
1201 1459 1384 1500 verum
1410 1444 1569 1500 etiam
1601 1453 1780 1513 postea
1808 1459 2060 1514 quorum-

383 1556 394 1564 ·
479 1534 602 1590 libet
623 1543 956 1604 peccatorum
975 1535 1128 1590 venia
1148 1533 1389 1589 ﬁdelibus
1408 1536 1736 1605 impetratur.
1757 1533 1892 1602 Quid
1916 1535 2059 1589 enim

463 1623 756 1698 (prodesset
777 1625 859 1680 vel
880 1635 1006 1680 ante
1038 1625 1365 1694 Baptismum
1399 1624 1732 1695 pinuitentia,
1757 1625 1855 1679 nisi
1886 1623 2063 1694 Bapti-

479 1736 626 1778 smus
651 1731 994 1792 sequeretur;
1011 1724 1093 1778 vel
1119 1733 1322 1793 postea,
1345 1723 1446 1777 nisi
1474 1720 1838 1792 przecederet?
1869 1719 1922 1775 lu
1948 1721 2062 1791 ipsa

481 1827 694 1884 quoque
720 1813 960 1867 oratione
988 1813 1276 1877 dominica,
1301 1829 1420 1882 qua:
1441 1813 1750 1883 quotidiana
1776 1819 1858 1868 est
1881 1819 2062 1867 nostra

481 1903 776 1966 mundatio,
805 1917 912 1974 quo
930 1904 1133 1972 fructu.
1165 1919 1270 1973 quo
1299 1903 1489 1959 ell'ectu
1519 1903 1819 1970 eiceretur,
1854 1901 2066 1958 Dimitte

479 1993 624 2048 nobis
664 1993 830 2047 debita
872 2004 1044 2048 nostra
1083 1992 1316 2067 (Matth:
1338 2010 1425 2060 vr,
1459 1991 1600 2065 12),
1634 1995 1734 2051 nisi
1773 1994 1842 2049 ab
1865 1993 1944 2050 eis
1971 1993 2063 2064 qui

483 2082 727 2152 baptizati
745 2091 888 2144 sunt,
908 2082 1207 2138 diceretur?
1230 2084 1464 2155 Itemque
1481 2084 1940 2158 eleemosynarum
1960 2083 2067 2138 lar-

447 2175 618 2243 ‘gitas
645 2183 697 2230 et
725 2175 1070 2232 beneﬁcentia
1098 2177 1428 2245 quantalibet
1448 2218 1463 2240 ,
1495 2177 1581 2232 cui
1619 2177 1833 2234 tandem
1869 2177 1936 2232 ad
1977 2175 2062 2232 di-

482 2265 736 2320 mittenda
778 2281 871 2319 sua
919 2275 1133 2336 peccata
1179 2267 1492 2338 prodesset,
1526 2270 1573 2326 si
1615 2268 1915 2340 baptizatus
1957 2284 2063 2324 non

479 2355 656 2409 esset?
687 2355 960 2410 Postremo
979 2357 1124 2426 regni
1145 2358 1404 2413 caelorum
1429 2359 1543 2428 ipsa
1573 2359 1817 2424 felicitas,
1839 2359 1928 2415 ubi
1957 2375 2064 2416 non

485 2443 698 2500 habebit
721 2444 953 2500 Ecclesia
979 2446 1239 2500 maculam
1261 2456 1353 2502 aut
1377 2463 1560 2518 rugam
1585 2457 1676 2502 aut
1705 2447 1902 2518 aliquid
1923 2448 2066 2519 ejus-

485 2535 649 2597 modi,
672 2535 757 2590 ubi
779 2534 910 2590 nihil
935 2535 1387 2606 reprehensionis,
1407 2537 1536 2592 nihil
1558 2537 1920 2594 simulationis
1939 2539 2062 2606 erit,

485 2627 572 2682 ubi
619 2643 724 2682 non
767 2627 937 2683 solum
985 2637 1199 2695 reatus,
1231 2629 1326 2685 sed
1365 2643 1464 2684 nec
1499 2629 1934 2699 concupiscentia
1963 2631 2067 2687 erit

483 2717 588 2774 ulla
619 2720 838 2788 peccati,
869 2734 1092 2785 quorum
1121 2720 1242 2786 erit,
1271 2720 1370 2775 nisi
1404 2719 1838 2791 baptizatorum?

553 2809 778 2868 CAPUT
817 2807 1058 2867 XXXIV.
1079 2840 1150 2852 —
1170 2811 1263 2868 39.
1293 2809 1546 2878 Baptismi
1572 2812 1834 2866 sanctitate
1851 2829 1952 2868 non
1977 2829 2065 2868 so-

483 2903 589 2957 lum
611 2911 833 2970 peccata,
865 2905 954 2956 sed
979 2903 1114 2958 mata
1135 2919 1343 2974 prorsus
1367 2903 1536 2958 omnia
1569 2903 1812 2960 tollenda.
1839 2903 2068 2960 Ecclesia

485 3001 708 3047 nondum
727 3002 860 3048 caret
880 2995 1017 3047 omni
1040 2993 1257 3048 macula.
1279 2995 1358 3049 Ae
1382 3009 1478 3064 per
1499 2993 1604 3050 hoc
1623 3009 1729 3051 non
1757 2993 1931 3050 solum
1951 3009 2068 3051 om-

485 3083 573 3136 nia
604 3097 685 3150 pet
700 3092 838 3145 rata,
867 3081 961 3136 scd
991 3083 1166 3137 omnia
1195 3098 1414 3152 prorsus
1437 3084 1710 3142 hominum
1738 3087 1901 3156 mala,
1927 3085 2070 3142 ebri-

487 3169 646 3224 stiani
671 3169 864 3226 lavacri
893 3169 1172 3226 sanctitate
1193 3170 1472 3238 tolluntur,
1489 3187 1596 3244 quo
1616 3171 1836 3228 mundat
1861 3171 2059 3231 Eccle-

487 3260 622 3312 siam
649 3274 798 3312 suam
821 3256 1085 3325 Christus,
1107 3267 1166 3314 ut
1187 3259 1438 3317 exhibeat
1459 3276 1576 3317 eam
1597 3261 1720 3328 sibi,
1739 3277 1842 3318 non
1873 3263 1926 3318 in
1960 3264 2064 3320 isto

488 3350 706 3416 saeculo,
737 3349 833 3406 sed
865 3351 916 3404 in
942 3347 1144 3418 futuro,
1185 3366 1290 3406 non
1333 3351 1616 3408 habentem
1665 3353 1926 3409 maculam
1973 3361 2068 3410 aut

491 3457 671 3510 rugam
699 3451 790 3496 aut
815 3441 1012 3511 aliquid
1039 3441 1323 3513 ejusmodi.
1350 3441 1484 3498 Nam
1527 3442 1618 3514 qui
1647 3443 1804 3499 modo
1831 3459 1949 3500 eam
1980 3451 2067 3499 ta-

489 3533 592 3590 lem
621 3546 740 3588 esse
765 3530 968 3598 dicunt,
1007 3539 1063 3586 et
1101 3540 1277 3588 tamen
1305 3532 1358 3588 in
1388 3532 1478 3588 illa
1515 3541 1672 3600 sunt;
1717 3532 1968 3604 quoniam
2013 3540 2068 3590 et

489 3625 588 3692 ipsi
617 3623 849 3680 fatentur
874 3640 934 3680 se
962 3624 1162 3680 habere
1186 3635 1426 3695 peccata,
1447 3624 1494 3680 si
1510 3639 1694 3680 verum
1720 3625 1924 3690 dicunt,
1945 3639 2070 3696 pro-

490 3715 626 3770 f-cto
663 3715 912 3786 quoniam
955 3703 1138 3770 mundi
1168 3730 1274 3770 non
1302 3723 1426 3772 sunt
1449 3729 1482 3772 a
1511 3715 1766 3786 peccatis,
1810 3714 1972 3772 habet
2013 3715 2070 3772 in

487 3806 568 3860 eis
597 3806 833 3862 Ecclesia
865 3805 1126 3860 maculam
1160 3822 1176 3862 :
1209 3805 1253 3862 si
1277 3813 1458 3862 autem
1485 3805 1676 3862 falsum
1703 3805 1909 3874 dicunt,
1939 3805 2071 3878 quia

483 3891 649 3944 corde
675 3888 873 3955 duplici
901 3888 1209 3959 loquuntur,
1233 3889 1394 3948 habet
1417 3909 1470 3947 in
1497 3909 1577 3950 e:s
1607 3895 1837 3951 Ecclesia
1861 3912 2066 3968 rugam.

488 3977 547 4034 Si
584 3988 764 4034 autem
789 3993 850 4034 se
875 3977 1061 4034 dicunt
1104 3979 1304 4037 habere
1322 3981 1444 4048 ista,
1477 3999 1582 4038 non
1612 3983 1780 4054 ipsam
1809 4003 1824 4039 :
1852 4001 1981 4056 ergo
2009 4001 2069 4043 se

483 4059 594 4126 non
632 4084 752 4126 esse
790 4069 1030 4126 membra
1069 4072 1216 4138 eius,
1249 4087 1350 4128 nec
1378 4087 1438 4130 se
1466 4074 1532 4129 ad
1572 4090 1770 4146 corpus
1797 4075 1911 4146 ejus
1941 4091 2068 4147 pcr-

489 4161 660 4218 tinere
699 4161 962 4218 fateantur
983 4204 1000 4231 ,
1031 4164 1277 4221 utetiam
1312 4179 1406 4220 sua
1437 4163 1772 4223 confessione
1807 4166 2068 4224 damncu-

480 4261 588 4306 ων.

547 4341 774 4400 CAPUT
817 4343 1030 4401 XXXV.
1049 4375 1121 4386 -
1137 4345 1227 4404 40.
1253 4346 1433 4404 Carnis
1460 4351 1936 4422 concupiscentiam,
1966 4351 2072 4406 vcl-

512 4462 688 4471 ...ροη-

1279 325 1364 387 DE
1403 329 1667 388 MJPTIIS
1709 330 1795 388 ετ
1834 327 2434 396 (ῖΟΝΟῧΡῐΞἙΝΤΙᾹ,
2473 331 2528 386 ‘5.
2573 327 2934 388 AUGUSTI?“
3016 399 3021 403 ,

3636 331 3738 393 ιςα

2165 455 2218 498 ut
2249 445 2477 498 naturai'c
2495 446 2682 498 bonum
2716 445 2984 500 laudantes
3009 443 3296 518 Pelagians,
3325 447 3620 520 refelluntur
3647 466 3742 506 ars-

2161 535 2388 589 ctoritate
2403 532 2464 588 Β.
2483 533 2750 588 Ambrosii.
2774 534 2849 590 De
2868 534 2966 590 hac
2984 545 3160 590 autem
3183 535 3606 608 concupiscentia
3625 554 3746 597 car-

2162 627 2266 693 nis,
2293 640 2452 696 quam
2482 626 2786 681 curavimus
2816 641 2844 678 a
2873 628 3194 695 nuptialibus
3222 628 3376 684 bouis
3405 638 3510 684 tam
3543 632 3744 700 prolixa

2161 714 2518 782 disputatione
2561 715 2926 785 distinguere,
2961 728 3178 787 propter
3216 734 3386 774 novos
3431 720 3742 789 lucreticos,

2161 810 2248 875 qui
2282 821 2402 860 cum
2434 807 2550 862 Ita-c
2580 805 2986 874 reprehenditur
3013 810 3434 873 calumniantur,
3463 812 3613 881 quasi
3652 829 3749 867 nu-

2165 897 2286 964 plitl}
2312 895 2798 962 reprehendantur;
2831 907 2888 951 ut
2909 898 3112 953 scilicet
3134 916 3250 954 eam
3278 911 3526 970 tanquam
3557 903 3746 958 borium

2161 986 2404 1040 naturale
2431 985 2736 1048 laudando,
2784 1000 2940 1040 suum
2983 988 3290 1057 pestiferum
3334 991 3526 1059 dogma
3555 997 3746 1047 conhr-

2163 1085 2342 1139 ment,
2374 1091 2480 1144 quo
2520 1087 2764 1131 asserunt
2811 1079 3012 1148 prolem
3044 1095 3164 1150 qua:
3192 1095 3286 1150 per
3315 1083 3455 1136 illam
3483 1087 3713 1140 nascitur
3734 1125 3750 1152 ,

2165 1166 2365 1219 uultum
2395 1166 2608 1221 trahere
2633 1167 2892 1236 originale
2919 1179 3193 1237 peccatum
3225 1187 3240 1225 :
3273 1171 3340 1227 de
3361 1173 3459 1227 hac
3485 1189 3614 1243 ergo
3639 1189 3754 1228 ear-

2165 1253 2247 1309 nis
2273 1255 2702 1325 concupiscentia
2730 1297 2745 1321 ,
2793 1255 2982 1313 beatus
3013 1261 3327 1316 Ambrosius
3349 1262 3755 1319 Meillo’aneusis

2164 1346 2448 1416 episcopus
2473 1387 2488 1411 ,
2515 1346 2669 1416 cuius
2695 1349 3010 1403 sacerdotali
3037 1351 3333 1408 minis'erio
3358 1353 3626 1409 lavacrum
3667 1373 3752 1412 re-

2168 1437 2526 1506 generationis
2555 1439 2758 1508 accepi,
2787 1440 2865 1494 sic
2893 1439 3125 1496 breviter
3147 1451 3230 1498 est
3256 1442 3486 1511 locutus,
3513 1453 3753 1502 curn‘ex-

2166 1540 2369 1596 ponens
2400 1526 2587 1580 lsaiam
2624 1527 2962 1596 prophetam,
2993 1539 3260 1586 carnalem
3283 1530 3479 1587 Christi
3509 1539 3747 1590 nativita-

2166 1627 2272 1672 tem
2301 1619 2610 1674 insinuaret.
2658 1638 2677 1670 ι
2705 1619 2848 1688 Ideo,
2881 1639 2902 1675 ι
2939 1622 3126 1689 inquit,
3161 1641 3182 1676 ε
3211 1633 3266 1680 et
3294 1627 3442 1690 quasi
3477 1625 3639 1682 homo
3665 1643 3754 1698 per

2165 1707 2412 1762 universa
2461 1716 2694 1764 tentatus
2734 1719 2854 1776 est,
2903 1721 2959 1766 et
2997 1716 3050 1767 in
3093 1713 3440 1772 similitudine
3481 1716 3751 1773 hominum

2165 1807 2354 1852 Cuncta
2382 1797 2677 1852 sustinuit:
2717 1799 2812 1855 sed
2837 1801 2991 1870 quasi
3028 1801 3097 1858 de
3137 1801 3338 1874 Spiritu
3387 1814 3562 1870 natus,
3589 1808 3754 1862 alisti~

2167 1887 2282 1944 nuit
2306 1901 2337 1942 a
2368 1899 2588 1958 peccato
2613 1888 2798 1963 (Hebr.
2827 1907 2898 1958 tv,
2921 1892 3034 1964 l5).
3053 1892 3240 1950 Omnis
3263 1911 3404 1952 enim
3429 1899 3590 1954 homo
3610 1916 3753 1956 nien-

2165 1978 2268 2034 dax
2299 1979 2478 2052 (Psat.
2508 1995 2638 2045 cxv,
2671 1979 2748 2045 2),
2791 1991 2846 2037 et
2875 1997 3034 2038 nemo
3071 1983 3189 2040 sine
3230 1997 3446 2056 peccato
3479 1989 3578 2043 nisi
3623 1991 3757 2045 unus

2169 2068 2334 2126 Deus.
2363 2068 2640 2126 Servatum
2670 2079 2755 2127 est
2795 2073 2956 2142 igitur
2982 2081 3040 2128 ut
3077 2089 3145 2130 es
3177 2076 3292 2131 viro
3330 2087 3384 2132 et
3413 2079 3636 2134 muliere
3659 2123 3675 2141 .
3706 2083 3756 2136 id

2167 2169 2270 2228 est,
2313 2176 2411 2231 per
2436 2161 2578 2216 illam
2611 2177 2893 2233 corporum
2921 2167 3354 2223 commixtionem
3391 2183 3548 2224 nemo
3575 2173 3757 2228 videa-

2171 2259 2261 2304 tur
2283 2267 2475 2322 expers
2503 2267 2624 2309 esse
2660 2252 2858 2309 delicti.
2890 2254 2990 2322 Qui
3013 2265 3188 2311 autem
3216 2273 3408 2328 expers
3435 2271 3516 2316 est
3543 2260 3758 2332 delicti,

2169 2358 2366 2414 expers
2385 2355 2467 2400 est
2491 2346 2650 2400 etiam
2679 2345 2979 2416 huiusmodi
3004 2349 3385 2419 conccptionis.
3417 2369 3438 2404 ι
3468 2352 3761 2423 Numquid-

2175 2449 2296 2490 nam
2324 2443 2378 2490 et
2407 2446 2623 2490 sanctus
2648 2435 2963 2492 Ambrosius
3006 2440 3306 2508 Impliarum
3336 2439 3628 2497 bonitatem
3655 2485 3668 2504 .
3698 2459 3760 2500 ac

2175 2541 2280 2580 non
2307 2527 2480 2594 potius
2517 2526 2740 2582 istorum
2767 2527 3162 2598 lia'reticorum,
3201 2517 3598 2601 quanivis'tunc
3624 2551 3760 2590 non-

2168 2615 2295 2673 dum
2321 2618 2688 2688 apparentium
2712 2619 3020 2686 vanitatem,
3049 2619 3206 2691 hujus
3227 2637 3336 2676 sua:
3363 2629 3644 2680 sentcntiae
3669 2642 3759 2682 ve.

2173 2709 2329 2764 ritate
2348 2708 2660 2764 damnavit?
2681 2709 2835 2776 Quod
2859 2709 2980 2766 ideo
3005 2713 3532 2770 commemorandum
3559 2719 3759 2786 putavi,

2168 2800 2292 2870 quia
2323 2798 2566 2861 Pelagius
2586 2799 2666 2855 sic
2695 2799 2876 2856 laudat
2901 2801 3262 2869 Ambrosium,
3287 2813 3348 2860 ut
3372 2805 3552 2860 dicat:
3583 2825 3601 2860 ι
3633 2807 3760 2863 Bea-

2170 2901 2254 2947 tus
2282 2891 2596 2948 Ambrosius
2620 2893 2924 2964 episcopus,
2953 2893 3006 2949 in
3025 2893 3176 2964 cuius
3195 2896 3460 2966 praecipue
3480 2895 3634 2954 libris
3657 2898 3762 2955 Ro-

2170 2996 2327 3037 mana
2351 2982 2524 3039 elucet
2567 2982 2732 3050 fides;
2755 2983 2846 3054 qui
2887 2984 3206 3054 scriptorum
3242 2986 3382 3042 inter
3419 2986 3641 3044 latinos
3667 2988 3761 3045 llos

2168 3073 2384 3144 quidam
2413 3074 2688 3144 speciosus
2713 3074 2904 3130 enituit
2922 3115 2940 3142 ,
2975 3076 3130 3146 cujus
3155 3075 3314 3132 fidem
3337 3084 3393 3132 et
3414 3079 3760 3150 purissimum

2170 3166 2224 3221 lu
2265 3165 2556 3239 Scripturis
2583 3181 2800 3222 sensum
2841 3183 2910 3224 ne
2955 3168 3200 3224 inimicus
3227 3169 3442 3240 quidem
3477 3185 3640 3226 ausus
3683 3181 3762 3230 est

2168 3256 2564 3330 reprehendere
2596 3278 2615 3310 ι
2649 3258 2786 3333 (Lib.
2819 3261 2855 3316 3
2883 3275 2978 3331 pro
2999 3259 3176 3316 Libero
3200 3260 3466 3333 Arbitrio).
3495 3261 3764 3320 Pot-niteat

2169 3365 2299 3424 ergo
2325 3357 2472 3418 etim,
2502 3352 2646 3423 quod
2674 3354 2843 3407 sensit
2875 3355 3135 3408 adversus
3156 3353 3520 3421 Ambrosium,
3552 3371 3622 3410 ne
3653 3370 3764 3426 pte-

2169 3443 2336 3498 niteat
2362 3457 2506 3508 eum,
2553 3442 2698 3512 quod
2738 3443 2817 3498 sic
2845 3441 3080 3497 laudavit
3103 3442 3466 3498 Ambrosium.
3497 3443 3764 3500 l‘lahesli-

2169 3533 2326 3590 brum
2347 3543 2403 3589 et
2425 3533 2669 3589 molestia
2701 3533 3070 3606 longitudinis,
3095 3543 3151 3591 et
3173 3533 3480 3590 difllcultate
3507 3533 3766 3605 quaestio-

2170 3625 2276 3692 nis,
2305 3639 2465 3697 quam
2493 3623 2624 3680 mihi
2653 3623 2750 3679 fuit
2773 3623 2840 3679 ad
2869 3623 3198 3692 dictandum,
3228 3633 3334 3679 tam
3366 3624 3460 3679 tibi
3486 3625 3550 3679 ad
3579 3625 3766 3696 legen-

2168 3714 2296 3770 dum
2347 3715 2719 3786 negotiosum,
2775 3714 2969 3784 quibus
3023 3714 3296 3785 particulis
3353 3723 3656 3786 temporum
3711 3725 3766 3772 to

2170 3805 2412 3861 invenire
2439 3805 2610 3876 potuit
2635 3813 2727 3859 aut
2754 3805 2990 3884 potuerit
3015 3804 3265 3884 otiosum.
3297 3803 3465 3872 Quem
3496 3805 3761 3876 profecto,

2169 3907 2425 3968 quantum
2471 3913 2556 3953 me
2586 3897 2842 3953 Dominus
2857 3882 3123 3968 adjuvare
3165 3897 3412 3968 dignatus
3439 3908 3542 3964 est,
3571 3899 3762 3953 elabo-

2171 3995 2344 4042 ratum
2377 3987 2516 4043 inter
2541 3987 2934 4044 ecclesiasticas
2961 3999 3118 4053 curas
3146 4003 3315 4054 meas,
3351 4002 3455 4042 non
3489 3988 3582 4042 tibi
3615 3989 3766 4058 inger

2172 4091 2345 4132 rerem
2385 4077 2524 4132 inter
2555 4077 2792 4146 publicas
2833 4087 2970 4141 tuas,
2998 4077 3098 4134 nisi
3125 4077 3194 4133 ab
3222 4077 3434 4133 homine
3465 4077 3559 4133 Dei
3587 4093 3680 4148 qui
3711 4087 3765 4134 to

2171 4169 2481 4224 familiarius
2507 4168 2690 4234 novit,
2718 4167 2982 4224 audissem
3012 4168 3152 4238 quod
3179 4176 3286 4222 tam
3318 4168 3549 4224 libenter
3575 4168 3726 4238 legas
3745 4213 3760 4237 ,

2172 4258 2420 4315 utetiam
2464 4267 2753 4314 nocturnas
2791 4257 2997 4328 aliquas
3028 4259 3188 4312 horas
3227 4257 3442 4314 lectioni
3484 4258 3764 4328 vigilanter

2175 4349 2470 4421 impendas.

512 4465 3741 4516 ______________________________________---H

1226 4560 1418 4704 25a
1475 4563 2410 4742 subsequentem
2486 4561 2958 4698 librum

1232 4753 1540 4824 Augustinus
1567 4755 1618 4810 in
1639 4757 1938 4828 praefatione
1966 4754 2148 4826 Operis
2172 4755 2466 4826 Imperfecti
2490 4764 2668 4808 contra
2691 4755 2980 4810 lulianum.

551 4871 754 4944 δοιὶῃεί
794 4871 985 4927 librum
1011 4868 1078 4926 ad
1107 4870 1357 4927 comitem
1398 4869 1668 4926 Valerium
1693 4912 1710 4938 ,
1741 4872 1892 4943 cujus
1917 4871 2036 4926 libri
2065 4871 2252 4926 titulus
2277 4879 2379 4934 est,
2413 4869 2486 4926 De
2511 4868 2722 4941 Nuptiis
2749 4878 2802 4924 et
2837 4867 3276 4941 Concupiscentia
3307 4885 3322 4924 :
3349 4882 3415 4922 eo
3436 4865 3574 4938 quod
3600 4866 3667 4921 ad
3695 4867 3763 4921 il-

479 4968 590 5023 lum
622 4969 929 5038 pervenisse
955 4981 1334 5038 cognoveram,
1365 4966 1546 5022 dicere
1592 4967 1927 5036 Pelagianos,
1959 4965 2300 5020 damnatores
2331 4978 2428 5018 nos
2457 4977 2576 5018 esse
2603 4964 2924 5032 nuptiarum.
2972 4963 3208 5032 Denique
3252 4961 3304 5016 in
3333 4961 3424 5016 illo
3449 4974 3630 5029 opere,
3663 4975 3764 5013 nu-

477 5061 702 5130 ptiarum
732 5062 930 5117 bonum
963 5077 990 5115 a
1016 5061 1462 5131 concupiscentia:
1505 5058 1736 5115 carnalis
1763 5059 1924 5120 malo,
1953 5074 2059 5128 quo
2081 5056 2216 5112 bene
2242 5059 2405 5113 utitur
2433 5055 2682 5125 pudicitia
2705 5053 3019 5124 coniugalis.
3048 5053 3188 5124 quali
3219 5052 3364 5122 potui
3387 5050 3751 5118 disputatione

477 5152 727 5207 discrevi.
758 5153 876 5222 Quo
906 5153 1041 5208 libro
1065 5161 1310 5224 accepto,
1344 5160 1672 5208 memoratus
1709 5151 1791 5204 vir
1819 5151 2040 5204 illustris
2069 5149 2212 5204 misit
2239 5149 2366 5203 inihi
2395 5147 2446 5202 in
2487 5145 2727 5202 chartula
2755 5145 3038 5200 nonnullas
3061 5145 3354 5200 sententias
3383 5141 3664 5208 decerptas
3693 5154 3762 5194 ex

477 5261 642 5312 opere
667 5245 860 5301 .luliani
897 5245 1130 5303 harretici
1158 5243 1427 5316 Pelagiani
1461 5242 1546 5316 (in
1577 5258 1686 5314 quo
1711 5259 1872 5314 opere
1896 5242 2047 5298 libris
2069 5250 2296 5311 quatuor
2326 5237 2663 5308 respondisse
2703 5235 2806 5290 sibi
2833 5237 2976 5291 visus
2999 5243 3081 5290 est
3119 5233 3196 5289 illi
3223 5237 3312 5287 uni
3341 5246 3481 5296 meo,
3507 5245 3664 5300 quem
3693 5227 3766 5284 de

475 5335 684 5405 Nuptiis
729 5345 784 5392 et
825 5337 1268 5408 Concupiscentia
1314 5353 1400 5392 me
1429 5335 1710 5406 scripsisse
1755 5334 2129 5404 memoravi),
2163 5333 2353 5389 missas
2391 5331 2490 5385 sibi
2535 5345 2566 5384 a
2613 5329 2795 5384 nescio
2835 5342 2981 5398 quo,
3029 5327 3118 5398 qui
3166 5341 3298 5392 eas,
3349 5331 3406 5379 ut
3442 5323 3646 5382 voluit.
3691 5335 3763 5374 ex

475 5427 654 5496 primo
695 5425 890 5482 Iuliani
937 5428 1074 5484 libro
1101 5426 1470 5497 decerpcndas
1499 5427 1704 5481 curavit
1732 5445 1745 5480 :
1773 5425 1963 5494 quibus
1993 5435 2048 5478 ut
2093 5423 2410 5494 quantocius
2452 5419 2835 5490 responderem
2859 5459 2874 5484 ,
2909 5418 3050 5472 idem
3092 5415 3338 5472 Valerius
3382 5413 3644 5484 poposcit.
3693 5408 3766 5463 Et

474 5519 670 5574 tinctum
699 5527 783 5576 est
808 5531 863 5575 ut
890 5523 990 5578 sub
1012 5521 1202 5579 eodem
1237 5522 1390 5578 titulo
1416 5521 1576 5576 etiam
1608 5519 1899 5576 secundum
1932 5518 2128 5574 librum
2167 5515 2478 5578 scriberem,
2509 5521 2694 5568 contra
2718 5527 2876 5582 quem
2905 5510 3144 5567 Julianus
3169 5509 3304 5564 alios
3332 5517 3461 5562 octo
3489 5505 3647 5559 nimia
3672 5505 3760 5554 lo-

470 5631 503 5680 q
515 5614 742 5668 nacitate
765 5614 1103 5681 conscripsit.

1581 5681 1727 5736 Idem
1753 5682 1802 5736 in
1833 5681 2044 5751 epistola
2073 5694 2230 5736 ccvrr.
2263 5677 2331 5731 ad
2360 5671 2653 5730 Claudium.

551 5771 808 5843 Quisquis
835 5785 962 5840 ergo
991 5779 1041 5826 et
1089 5771 1233 5826 illum
1263 5772 1552 5828 secundum
1582 5773 1774 5829 librum
1805 5789 1978 5828 meum
2011 5772 2074 5828 ad
2102 5771 2351 5828 comitem
2393 5760 2687 5824 identidem
2713 5765 2977 5824 Valerium
2999 5805 3014 5835 ,
3047 5764 3183 5822 sicut
3227 5761 3488 5834 primum,
3521 5765 3762 5816 consen-
