4034 6182
315 395 415 453 m

1632 400 1832 459 LIBER
1868 404 2242 468 SECUNDUS.

3475 429 3577 484 £68

311 517 461 580 ptum
493 506 644 581 legit,
672 508 884 567 noverit
909 472 989 568 uie
1018 510 1071 568 In
1106 512 1415 583 quibusdam
1442 527 1549 568 non
1574 514 1913 584 respondisse
1938 516 2183 609 Iuliano;
2212 519 2306 576 sed
2336 520 2383 576 ei
2414 521 2608 591 potius,
2634 525 2723 595 qui
2746 527 2815 584 de
2850 529 3000 586 libris
3031 533 3147 602 ejus
3172 535 3256 590 illa
3278 537 3491 609 selegit,
3520 552 3574 595 et

309 617 423 656 non
454 601 527 657 ita
558 604 733 673 posuit
761 612 817 657 ut
843 603 1064 673 invenit,
1097 604 1188 660 sed
1212 605 1536 675 aliquantum
1566 605 1770 674 putavit
1793 620 1914 664 esse
1958 608 2230 677 mutanda,
2259 609 2483 669 fortasse
2510 621 2566 669 ut
2600 629 2666 672 eo
2700 618 2858 675 modo
2899 623 3048 693 quasi
3065 601 3167 680 Vsua
3197 601 3424 696 faceret:
3451 601 3572 702 quze

309 692 483 748 aliena
506 707 630 749 esse
650 703 943 750 constaret.

301 845 3559 886 WE.

1186 943 1657 1050 LIBER
1704 941 2339 1053 SECUND
2364 953 2532 1059 US
2569 955 2694 1065 (α).

361 1122 639 1186 Sententia
655 1121 846 1186 Juliani,
870 1135 1110 1186 exprime
1137 1122 1369 1172 librorum
1387 1130 1605 1186 quatuor,
1631 1132 1755 1186 quos
1777 1119 1860 1186 ille
1881 1127 2047 1172 contra
2077 1121 2252 1176 librum
2286 1127 2352 1179 de
2382 1137 2448 1180 Nu

296 1185 473 1235 incerti
506 1185 715 1247 auctoris
744 1196 888 1247 manu
923 1183 1213 1247 discerptas,
1244 1191 1296 1235 et
1318 1183 1429 1247 ,sib‘i
1465 1183 2085 1247 eomite’t‘aleriocurante
2118 1186 2303 1247 allatas,
2326 1183 2510 1243 refellit
2539 1202 2609 1243 Au

2521 1134 3063 1212 is_et__fenwpiseentia
3095 1148 3304 1212 priorem
3329 1151 3570 1212 ediderat.

2610 1197 3125 1273 gustiutts'ppsteriore
3145 1209 3251 1273 _hoc
3280 1197 3570 1264 ιιιὶτόῗὲἱί

296 1244 526 1327 μιοιὶοιιω
546 1244 728 1327 (Ιοεξιιειι
742 1244 806 1294 (le
827 1241 1206 1327 qriginaliinanlo
1219 1246 1423 1297 vindicat
1441 1248 1504 1296 ab
1524 1244 1786 1296 adversarii
1805 1241 2058 1295 calumniis
2080 1254 2135 1297 et
2151 1241 2369 1313 argutiis,
2391 1241 2540 1317 atque
2559 1241 2832 1320 in?
2848 1241 3361 1321 ﬁ'E‘iiihiui'é'BrKiii

296 1305 473 1356 heresi
497 1303 665 1368 procul
687 1306 865 1356 abesse
885 1303 1201 1357 demonstrat.

1602 1370 2233 1444 ωωωωε»

365 1490 591 1548 CAPUT
631 1491 912 1549 PRIMUM.
935 1522 1008 1535 -
1030 1494 1082 1551 1.
1114 1493 1255 1549 inter
1281 1495 1480 1549 militiai
1504 1505 1606 1551 tute
1635 1512 1792 1553 curas
1819 1508 1873 1556 et

291 1581 515 1639 Zilustris
547 1582 787 1653 permnze
815 1600 970 1655 quam
1016 1601 1113 1655 pro
1142 1586 1345 1640 meritis
1370 1598 1546 1657 gestas
1566 1630 1580 1652 ,
1620 1600 1876 1662 actusque

290 1674 596 1742 reipublica:
623 1676 981 1738 necessarios,
1011 1676 1081 1730 fili
1111 1677 1456 1733 dilectissime
1485 1687 1539 1734 et
1565 1678 1875 1738 honorande

290 1762 491 1829 Valeri,
525 1773 673 1819 tanto
697 1765 875 1821 studio
903 1778 954 1821 te
976 1765 1233 1821 adversus
1264 1767 1542 1823 haereticos
1581 1772 1632 1824 in
1662 1771 1872 1841 eloquia

288 1854 468 1909 divina
497 1856 721 1926 ﬂagrare
740 1899 754 1920 ,
783 1858 911 1911 satis
925 1857 1038 1913 'dici
1064 1874 1171 1913 non
1198 1869 1371 1928 petest
1394 1900 1409 1924 ,
1450 1871 1646 1931 quanta
1676 1866 1872 1919 mentis

286 1949 617 2021 iucunditate
642 1951 895 2007 delecter.
927 1950 1106 2022 Itaque
1147 1961 1489 2024 posteaquam
1531 1954 1631 2024 legi
1671 1955 1873 2011 litteras

287 2041 637 2097 Sublimitatis
665 2051 768 2096 tute
786 2084 802 2108 ,
831 2041 1026 2112 quibus
1049 2042 1117 2099 de
1145 2043 1281 2098 libro
1321 2059 1476 2113 quem
1511 2044 1578 2098 ad
1607 2054 1657 2100 te
1682 2046 1870 2115 scripsi

287 2134 484 2204 gratias
511 2133 624 2204 agis
647 2150 662 2199 ;
691 2133 783 2188 sed
809 2145 863 2189 et
888 2134 1146 2190 admones
1165 2177 1179 2200 ,
1226 2146 1281 2189 ut
1306 2150 1401 2205 per
1426 2135 1643 2191 fratrem
1668 2145 1722 2192 et
1745 2151 1872 2193 coe-

289 2222 561 2293 piscopum
592 2239 765 2278 meum
796 2224 1039 2297 Alypium
1061 2224 1434 2295 audiant,quid
1460 2227 1527 2282 de
1555 2228 1870 2298 quihusdam

289 2311 420 2367 locis
459 2312 694 2382 ejusdem
733 2312 852 2368 libri
894 2313 1129 2368 haeretici
1167 2314 1539 2384 disputationis
1563 2329 1867 2384 assumant;

291 2402 357 2457 ad
398 2402 503 2456 hoc
537 2403 874 2457 scribendum
902 2405 1163 2459 excitatus
1190 2420 1327 2460 sum.
1378 2406 1441 2461 Et
1465 2407 1584 2476 quia
1615 2422 1720 2462 non
1751 2417 1869 2462 tan-

290 2504 398 2547 tum
429 2496 598 2548 relatu
646 2496 921 2549 memorati
969 2497 1070 2550 mei
1123 2495 1300 2551 fratris
1347 2495 1399 2551 id
1442 2497 1635 2561 didici,
1685 2513 1868 2553 verum

288 2584 445 2638 etiam
478 2584 710 2652 prolatas
728 2584 796 2638 ab
821 2599 889 2639 eo
913 2585 1183 2640 chartulas
1209 2586 1331 2656 legi,
1358 2601 1489 2656 quas
1519 2597 1636 2655 post
1658 2587 1774 2655 ejus
1801 2587 1869 2643 de

289 2672 539 2730 Ravenna
564 2673 947 2746 profectionem
987 2676 1209 2731 Romam
1242 2678 1452 2733 mittere
1480 2678 1594 2747 ipse
1626 2679 1820 2733 curasti
1849 2695 1866 2733 :

288 2766 375 2821 ubi
404 2765 829 2822 adversariorum
864 2768 1008 2837 potui
1048 2769 1344 2839 vaniloquia
1390 2769 1662 2840 reperire,
1692 2768 1758 2824 ad
1804 2784 1867 2827 ea

287 2859 629 2927 respondere,
660 2859 942 2929 adjuvante
969 2859 1222 2926 Domino,
1250 2872 1445 2930 quanta
1486 2875 1699 2931 possum
1727 2861 1866 2918 veri-

287 2957 392 3002 tate
442 2957 497 3004 et
542 2948 932 3018 Scripturarum
988 2949 1287 3005 divinarum
1337 2952 1688 3020 auctoritate,
1738 2966 1865 3022 pro-

286 3039 459 3108 posui.
1455 3086 1460 3091 .

350 3127 578 3185 CAPUT
609 3129 669 3183 li.
698 3159 772 3171 —
792 3131 847 3185 2.
878 3123 1128 3186 Chartula
1152 3131 1238 3187 cui
1259 3146 1401 3188 nunc
1420 3132 1736 3203 respondeo,
1766 3133 1868 3190 hoe

286 3220 437 3275 titulo
460 3232 780 3289 praenotatur
804 3240 817 3276 :
853 3241 872 3276 ι
898 3224 1141 3292 Capitula
1167 3224 1233 3281 de
1255 3224 1388 3280 libro
1409 3225 1686 3297 Augustini
1707 3242 1864 3297 quem

285 3314 530 3383 scripsit,
561 3323 744 3369 contra
784 3330 904 3386 qure
931 3315 999 3371 de
1037 3316 1188 3371 libris
1220 3332 1383 3385 pauca
1422 3317 1686 3387 decerpsi.
1718 3336 1737 3370 ι
1769 3316 1866 3373 llic

280 3404 455 3477 video.
476 3420 596 3461 eum
623 3405 711 3475 qui
734 3413 836 3460 tute
857 3405 1186 3477 Praestantize
1211 3407 1309 3461 ista
1335 3407 1531 3475 scripta
1556 3405 1769 3470 direxit,
1796 3405 1866 3461 de

286 3494 466 3549 nescio
493 3494 683 3564 quibus
706 3509 766 3548 ea
798 3476 1179 3562 libris,'causa,
1203 3505 1456 3567 quantum
1484 3495 1749 3563 existimo,
1775 3510 1865 3551 ce.

284 3583 493 3637 lerioris
519 3585 916 3653 re5ponsionis,
961 3600 1028 3639 ne
1058 3594 1201 3639 tuam
1244 3583 1480 3640 differret
1520 3583 1859 3650 instantiam,

282 3673 515 3728 voluisse
542 3673 851 3742 decerpere.
880 3673 979 3742 Qui
1005 3682 1179 3729 autem
1211 3674 1318 3729 sint
1359 3673 1445 3728 isti
1472 3674 1594 3728 libri
1619 3688 1741 3730 eum
1766 3688 1863 3729 co-

282 3764 525 3831 gitarem,
555 3777 650 3818 eos
673 3778 792 3818 esse
815 3764 1102 3821 arbitratus
1121 3780 1261 3831 sum,
1285 3781 1511 3836 quorum
1534 3766 1860 3822 mentionem

282 3853 525 3907 Julianus
553 3853 675 3908 facit
704 3855 755 3908 in
786 3855 1006 3924 epistola
1032 3870 1186 3925 quam
1218 3854 1441 3910 Romam
1467 3857 1610 3911 misit
1635 3854 1733 3929 (ὸ),
1763 3871 1863 3911 cn-

282 3943 365 4011 jus
410 3943 712 4012 exemplum
757 3943 916 3998 simul
961 3944 1031 3999 ad
1073 3960 1158 3999 me
1200 3959 1366 4016 usque
1415 3946 1655 4016 pervenit
1697 3946 1736 3997 ⁸.
1784 3945 1862 4001 lbi

284 4034 480 4104 quippe
505 4036 616 4089 ait:
651 4053 670 4086 ι
701 4035 891 4091 Dicunt
920 4036 1080 4091 etiam
1112 4035 1260 4103 istas,
1287 4053 1404 4106 qua:
1425 4036 1583 4092 modo
1608 4046 1857 4108 aguntur,

285 4122 496 4191 nuptias
521 4139 551 4175 a
580 4123 688 4177 Deo
712 4123 978 4181 institutas
1004 4140 1111 4180 non
1139 4126 1321 4192 fuisse,
1347 4126 1488 4196 quod
1514 4127 1569 4180 in
1592 4126 1728 4181 libro
1751 4126 1863 4182 Au-

284 4214 479 4282 gustini
510 4213 725 4282 legitur,
747 4224 929 4269 contra
959 4231 1117 4284 quem
1148 4229 1247 4285 ego
1274 4216 1432 4270 modo
1456 4226 1682 4286 quatuor
1706 4217 1859 4271 libel-

286 4303 348 4357 lis
368 4303 674 4373 respondi.»
695 4304 888 4371 Credo,
910 4320 975 4360 ex
999 4305 1081 4361 his
1104 4306 1293 4361 libellis
1315 4307 1413 4360 ista
1434 4305 1679 4379 decerpta
1700 4317 1854 4364 sunt:

286 4393 425 4450 unde
454 4395 643 4450 melius
685 4395 917 4452 fortasse
946 4396 1145 4463 fuerat,
1192 4408 1248 4453 ut
1286 4399 1536 4455 universo
1572 4399 1671 4471 ipsi
1710 4401 1856 4470 operi

284 4487 429 4557 ejus,
472 4488 612 4558 quod
642 4499 868 4557 quatuor
906 4490 1262 4546 voluminibus
1302 4491 1622 4560 explicavit,
1669 4492 1856 4547 redar-

285 4577 491 4648 guendo
509 4588 565 4634 et
583 4579 874 4635 refellendo
896 4590 1070 4634 nostra
1094 4580 1357 4636 laboraret
1377 4582 1599 4637 intentio
1619 4579 1726 4653 (c);
1756 4582 1855 4637 nisi

284 4676 337 4721 et
359 4681 459 4739 ego
488 4670 891 4738 responsionem
917 4668 1132 4725 differre
1160 4670 1478 4737 noluissem;
1511 4672 1649 4726 sicut
1675 4687 1773 4727 nec
1800 4684 1854 4727 tu

288 4758 740 4813 transmissionem
790 4759 1144 4828 scriptorum,
1188 4760 1380 4831 quibus
1425 4762 1853 4831 respondendum

283 4855 385 4913 est,
410 4847 684 4903 distulisti.

352 4938 407 4992 ὅ.
434 4936 606 4993 Verba
635 4953 765 5007 ergo
790 4938 857 4993 de
882 4938 1021 4994 libro
1043 4956 1161 4995 meo
1189 4939 1332 4994 tibia
1355 4956 1439 4995 me
1465 4940 1629 4997 misso
1654 4942 1853 5012 tibique

284 5026 558 5080 notissimo
607 5026 706 5081 ista
761 5031 972 5096 posuit,
1030 5044 1147 5097 quin
1200 5031 1427 5085 refutare
1477 5040 1700 5085 conatus
1747 5040 1848 5086 est.

287 5132 307 5166 ι
334 5114 682 5170 Damnatores
712 5131 807 5170 nus
845 5132 963 5172 esse
1006 5118 1305 5187 nuptiarum
1345 5120 1628 5192 operisque
1655 5122 1849 5190 divini,

342 5246 357 5314 ξ
374 5242 767 5314 Llegantissimns
781 5247 1144 5314 eygirannensis
1157 5250 1318 5314 eodex_
1337 5256 1389 5300 et
1403 5249 1482 5300 alii
1504 5252 1698 5314 quidam
1722 5259 1846 5314 Mss,

278 5304 417 5373 cujus
437 5304 713 5368 rlremplmn
734 5309 799 5373 ad
813 5304 916 5373 Tne
948 5320 1093 5370 usque
1126 5310 1373 5373 pervenit;
1395 5304 1569 5361 omiséa
1592 5304 1849 5373 particula,

276 5364 436 5425 dumi,
481 5364 588 5428 quae
626 5380 719 5417 nec
756 5370 802 5417 in
826 5370 943 5429 ipsis
983 5364 1087 5419 erat
1118 5364 1452 5482 nianuseriptis
1494 5364 1853 5435 exemplaribus

276 5429 443 5482 oneris
464 5427 727 5482 .niperfeeti
751 5436 917 5478 contra
939 5428 1190 5482 lulianum.
1216 5431 1339 5482 libro
1385 5466 1401 5482 .
1423 5446 1530 5482 can.
1557 5435 1632 5482 17.

275 5429 443 5501 aperis
464 5427 727 5501 .tiiperfeeti
751 5427 923 5501 contra.
939 5428 1190 5501 lulianum,
1216 5431 1339 5482 libro
1358 5427 1401 5494 l,
1423 5446 1530 5497 cap.
1557 5435 1632 5484 17.

359 5490 412 5550 α)
443 5490 654 5550 scriptus
674 5501 800 5537 anno
822 5492 990 5539 Christi
1012 5490 1118 5540 4'20.

359 5490 412 5550 α)
443 5488 654 5549 bcI'iptua
674 5501 800 5537 anno
822 5492 990 5539 Christi
1012 5490 1118 5540 ΗΟ,
1176 5488 1185 5492 ’
1385 5488 1396 5494 '
1481 5488 1497 5497 -

336 5488 408 5611 ἕο)
434 5550 548 5598 vide
571 5546 747 5616 librum
784 5552 991 5614 primum
1019 5553 1188 5614 Operis
1224 5552 1492 5616 imperfecti
1511 5562 1676 5606 contra
1707 5558 1852 5610 Julia-

273 5622 416 5738 ωιέἓὶ
953 5686 1042 5725 εει
1069 5674 1202 5725 libris
1230 5683 1394 5726 contra
1426 5676 1662 5729 Julianum
1688 5680 1847 5738 editis,

274 5734 382 5783 eum
408 5736 653 5803 integrum
689 5734 817 5784 illius
837 5749 959 5803 opus
985 5738 1268 5803 accepisset,
1304 5740 1431 5803 quod
1454 5741 1652 5803 quidem
1682 5734 1847 5793 luliuttl

273 5806 396 5863 opus
423 5797 677 5863 quaésitum
696 5805 751 5863 ut
784 5797 1183 5863 refutaretur,’ad
1208 5797 1766 5863 sciui-etim"pervenisse
1803 5810 1847 5854 tu

275 5854 393 5906 libr:
430 5854 581 5920 primo
603 5859 772 5922 aperis
795 5858 1080 5921 unperfccti,
1100 5874 1202 5923 cap.
1237 5862 1304 5921 tit,
1331 5854 1549 5912 testatur.

1987 1512 2091 1566 quo
2119 1512 2182 1550 ex
2211 1498 2444 1552 maribus
2473 1508 2524 1556 et
2553 1499 2762 1558 feminis
2790 1434 3196 1568 Dcuﬁtomines
3220 1525 3393 1577 creat.
3428 1517 3565 1572 invi-

1981 1586 2280 1641 diosissime
2319 1588 2628 1646 clamitant:
2658 1596 2907 1664 quoniam
2935 1599 3196 1667 dicimus,
3242 1619 3337 1660 eos
3375 1607 3465 1675 qui
3494 1610 3565 1664 de

1984 1679 2071 1732 tali
2096 1679 2471 1735 commixtione
2498 1694 2808 1754 nascuntur,
2849 1690 3060 1745 trahere
3084 1692 3339 1762 originale
3367 1711 3564 1765 pecca-

1982 1777 2128 1830 tum;
2155 1781 2373 1838 eosque,
2403 1770 2470 1826 de
2501 1776 2809 1840 parentibus
2834 1780 3304 1854 qualibuscumque
3335 1802 3564 1841 nascan~

1982 1863 2087 1921 tur,
2122 1869 2227 1909 non
2275 1872 2527 1926 negamus
2559 1862 2732 1918 adhuc
2761 1880 2882 1921 esse
2917 1871 3017 1923 sub
3054 1871 3298 1936 diabolo,
3341 1875 3441 1930 nisi
3471 1892 3561 1933 re-

1981 1954 2265 2000 nascantur
2293 1946 2343 2000 in
2369 1946 2581 2004 Christo
2615 1970 2634 2004 ι
2666 1952 2769 2023 (De
2797 1954 3004 2027 Nuptiis
3026 1969 3074 2013 et
3097 1959 3345 2031 Concup.,
3375 1963 3464 2018 lib.
3499 1968 3554 2031 1⁹

1979 2052 2033 2089 n.
2057 2035 2134 2107 1).
2185 2035 2240 2090 Ιιι
2282 2037 2364 2091 his
2397 2040 2574 2096 verbis
2599 2043 2731 2097 meis
2767 2047 3129 2103 testimonium
3154 2051 3390 2120 Apostoli
3415 2055 3558 2124 quod

1979 2125 2270 2194 interposui
2302 2130 2659 2196 praetermisit,
2691 2132 2843 2203 cujus
2869 2150 2928 2191 se
2954 2139 3120 2205 premi
3149 2140 3167 2172 ⁸
3196 2154 3384 2212 magna
3416 2144 3560 2201 mole

1977 2216 2258 2270 sentiebat.
2292 2216 2404 2287 Ego
2441 2218 2584 2274 enim
2623 2235 2744 2276 cum
2788 2223 3072 2291 dixissem,
3113 2227 3360 2286 homines
3403 2241 3558 2288 natos

1978 2305 2189 2360 trahere
2214 2305 2472 2377 originale
2499 2319 2812 2380 peccatum;
2844 2328 2967 2370 mox
2993 2316 3208 2387 adjunxi
3239 2337 3253 2374 :
3289 2337 3310 2372 ι
3346 2320 3425 2377 De
3448 2336 3557 2393 quo

1975 2397 2264 2466 Apostolus
2287 2399 2363 2453 ait
2382 2400 2425 2466 ',
2457 2397 2563 2455 Per
2587 2397 2742 2457 tinum
2768 2404 3020 2462 hominem
3059 2421 3322 2480 peccatum
3349 2413 3556 2468 intrauit

1973 2485 2029 2541 in
2052 2488 2323 2557 mundum,
2357 2498 2405 2545 et
2429 2507 2518 2560 per
2536 2503 2792 2565 peccatum
2820 2513 2957 2553 mors
2969 2518 2987 2564 ;
3010 2510 3056 2555 et
3083 2502 3156 2556 ita
3184 2503 3239 2558 in
3262 2519 3433 2561 omnes
3458 2505 3556 2562 lto-

1975 2578 2134 2633 mitm
2156 2581 2485 2647 pertransiit,
2515 2583 2569 2638 in
2588 2600 2687 2655 quo
2710 2602 2881 2645 omnes
2905 2603 3232 2661 peccaverunt
3258 2613 3279 2647 ι
3304 2592 3480 2662 (Rom.
3497 2613 3553 2663 ν,

1980 2667 2070 2740 li)
2099 2685 2114 2723 :
2145 2684 2251 2740 quo
2299 2672 2635 2744 testimonio,
2680 2685 2737 2732 ut
2762 2678 3027 2750 diximus,
3061 2686 3420 2752 pratermisso
3441 2702 3554 2743 cai-

1974 2767 2087 2813 tera
2117 2758 2206 2815 ille
2232 2763 2547 2829 contexuit,
2591 2780 2710 2836 quas
2752 2781 2910 2838 supra
2953 2783 3366 2829 commemorata
3402 2787 3550 2833 sunt.

1971 2846 2130 2905 Novit
2147 2850 2294 2906 enim
2314 2853 2765 2922 quemadmodum
2791 2859 3000 2916 soleant
3023 2861 3136 2918 haec
3162 2864 3325 2919 verba
3338 2876 3553 2935 aposto-

1971 2939 2103 3005 lica,
2144 2956 2266 3010 quae
2289 2947 2659 3015 pratermisit,
2692 2950 2935 3020 accipere
2970 2952 3349 3012 catholicorum
3385 2959 3550 3015 corda

1970 3027 2208 3086 ﬁdelium
2232 3048 2248 3088 :
2274 3048 2398 3105 qua
2418 3034 2579 3092 verba
2608 3045 2716 3092 tam
2742 3048 2886 3095 recta
2911 3052 2964 3097 et
2991 3043 3278 3113 tantaJuce
3300 3045 3549 3117 fulgentia

1972 3121 2272 3179 tenebrosis
2308 3134 2365 3180 et
2388 3128 2643 3184 tortuosis
2666 3129 3190 3202 interpretationibus
3216 3137 3338 3192 novi
3369 3136 3547 3195 hatre-

1972 3208 2063 3265 tici
2086 3209 2373 3269 obscurare
2395 3221 2449 3269 et
2473 3214 2765 3287 depravare
2786 3219 3094 3278 moliuntur.
3538 3237 3547 3246 '

2037 3298 2094 3353 4.
2145 3299 2344 3356 Deinde
2395 3301 2499 3357 alia
2545 3320 2664 3361 mea
2711 3309 2871 3363 verba
2916 3310 3211 3380 subtexuit,
3261 3314 3350 3370 ubi
3397 3314 3507 3372 dixi
3529 3335 3544 3372 :

1976 3402 1997 3438 ι
2024 3385 2134 3442 Nec
2156 3388 2439 3445 advertunt
2459 3393 2600 3461 quod
2621 3395 2691 3449 ita
2713 3400 3013 3467 nuptiarum
3038 3401 3235 3457 bonum
3264 3405 3407 3459 malo
3431 3409 3546 3461 ori-
3614 3442 3617 3445 ι

1967 3475 2151 3546 ginali,
2179 3478 2321 3549 quod
2360 3479 2484 3537 inde
2514 3484 2758 3550 trahitur,
2786 3502 2890 3542 non
2919 3498 3091 3559 potest
3111 3494 3376 3560 accusari;
3408 3495 3548 3551 sicut.

1969 3563 2345 3622 adulteriorum
2384 3576 2439 3624 et
2464 3569 2871 3632 fornicationum
2897 3580 3092 3635 malum
3118 3582 3260 3638 bono
3286 3587 3541 3653 naturali,

1968 3652 2109 3723 quod
2139 3654 2262 3711 inde
2290 3659 2547 3726 nascitur,
2589 3676 2694 3717 non
2737 3675 2910 3739 potest
2950 3671 3212 3727 excusari.
3238 3672 3369 3727 Nam
3405 3675 3545 3730 sicut

1970 3754 2264 3811 peccatum,
2295 3748 2408 3804 sive
2437 3749 2558 3805 hinc
2583 3752 2697 3809 sive
2723 3754 2846 3810 inde
2876 3758 3135 3827 trahatur,
3166 3778 3302 3833 opus
3329 3775 3409 3819 est
3430 3765 3545 3821 dia-

1968 3836 2103 3902 boli;
2134 3837 2213 3895 sic
2243 3839 2436 3907 homo,
2481 3844 2594 3900 sive
2634 3846 2756 3903 hinc
2795 3849 2906 3906 sive
2953 3850 3076 3907 inde
3113 3865 3378 3924 nascatur,
3407 3872 3544 3925 opus

1967 3936 2054 3982 est
2087 3927 2183 3984 Dei
2212 3948 2232 3983 ι
2266 3931 2366 4004 (De
2395 3933 2602 4007 Nuptiis
2623 3948 2670 3992 et
2698 3937 2946 4012 Concup.,
2976 3942 3064 3997 tib.
3095 3945 3146 4012 1,
3174 3962 3226 4000 n.
3260 3946 3332 4017 l).
3367 3946 3541 4003 Etia‘m

1968 4017 2055 4073 hic
2078 4035 2141 4075 ea
2172 4025 2529 4094 pra-termisit,
2556 4027 2607 4082 in
2635 4029 2825 4100 quibus
2847 4048 3002 4089 aures
3025 4036 3312 4091 catholicas
3342 4037 3537 4095 timuit.

1965 4107 2099 4164 Nam
2125 4122 2181 4166 ut
2210 4113 2276 4168 ad
2303 4115 2417 4171 hare
2438 4118 2597 4173 verba
2638 4122 2939 4190 veniretur,
2962 4139 3120 4196 supra
3149 4126 3344 4181 dictum
3369 4136 3485 4184 erat
3508 4147 3538 4182 a
3630 4142 3642 4154 '

1966 4200 2158 4258 nobis:
2196 4221 2217 4256 ι
2249 4205 2358 4262 lloc
2387 4223 2512 4279 ergo
2537 4211 2659 4280 quia
2701 4211 2962 4281 dicimus,
2992 4215 3133 4285 quod
3172 4217 3539 4288 antiquissima

1964 4300 2122 4363 atque
2163 4294 2460 4353 firmissima
2501 4301 2777 4357 catholica:
2816 4303 2937 4360 fidei
2962 4307 3163 4379 regula
3204 4312 3539 4375 continetur,

1965 4380 2049 4437 is“
2082 4386 2278 4440 novelli
2306 4397 2358 4441 et
2385 4391 2616 4457 perversi
2645 4390 2910 4461 dogmatis
2936 4406 3260 4463 assertores,
3290 4400 3378 4469 qui
3406 4401 3538 4457 nihil

1965 4476 2164 4544 peccati
2192 4492 2310 4532 esse
2336 4479 2389 4561 in
2417 4481 2650 4549 parvulis
2675 4482 2876 4552 dicunt,
2907 4486 3051 4555 quod
3073 4487 3282 4545 lavacro
3315 4507 3535 4563 regene-

1963 4566 2187 4620 rationis
2227 4566 2495 4635 abluatur,
2545 4580 2793 4642 tanquam
2836 4576 3151 4634 damnemus
3195 4581 3436 4649 nuptias,
3482 4591 3540 4637 et

1965 4662 2208 4724 tanquam
2239 4671 2372 4727 opus
2411 4659 2525 4724 Dei,
2549 4660 2653 4717 hoc
2676 4672 2789 4730 est,
2818 4664 3086 4724 hominem
3111 4671 3201 4741 qui
3225 4685 3290 4726 ex
3316 4672 3417 4726 illis
3443 4690 3538 4727 na-

1962 4746 2145 4811 scitur,
2164 4762 2296 4817 opus
2312 4749 2506 4806 diaboli
2532 4766 2651 4807 esse
2672 4753 2933 4821 dicamus,
2953 4757 3239 4813 inﬁdeliter
3256 4760 3335 4814 vel
3359 4761 3531 4829 impev

1962 4834 2062 4889 rite
2098 4836 2507 4894 calumniantur.
2536 4860 2558 4895 ι
2592 4842 2686 4898 llis
2721 4859 2850 4915 ergo
2891 4849 3091 4902 nostris
3129 4848 3531 4916 prsetermissis,
3601 4902 3616 4917 ,

1960 4935 2252 4994 sequuntur
2274 4929 2361 4982 illa
2383 4941 2561 4986 nostra
2583 4949 2702 5003 qua;
2721 4936 2917 5005 posuit,
2941 4939 3078 4991 sicut
3098 4952 3258 5008 supra
3278 4940 3532 5011 scriptum

1959 5022 2060 5068 est.
2094 5016 2149 5069 ln
2177 5016 2260 5071 his
2291 5019 2468 5090 itaque
2496 5037 2615 5092 qua:
2642 5026 3011 5093 praetermisit,
3049 5027 3151 5084 hoc
3180 5030 3381 5093 timuit,
3410 5033 3533 5100 quia

1958 5114 2145 5160 cuncta
2176 5106 2433 5165 Ecclesiae
2476 5113 2750 5168 aitliolicze
2794 5125 3006 5184 pectora
3033 5119 3309 5184 convenit,
3344 5120 3530 5176 iidem-

1958 5209 2062 5264 que
2092 5196 2259 5266 ipsam
2287 5202 2581 5271 antiquitus
2605 5204 2850 5260 traditam
2873 5218 3032 5276 atque
3061 5206 3331 5267 fundatam
3349 5253 3363 5277 ,
3389 5215 3530 5270 clara

1959 5285 2182 5353 quodam
2213 5290 2371 5345 modo
2394 5306 2525 5348 voce
2551 5294 2856 5363 compellat,
2885 5306 2938 5349 et
2964 5296 3220 5355 adversus
3245 5316 3338 5356 eos
3364 5304 3530 5358 vehe-

1962 5376 2294 5431 mentissime
2321 5391 2591 5448 permovet
2619 5382 2757 5451 quod
2783 5383 3033 5451 diximus,
3068 5404 3086 5438 ι
3114 5391 3236 5458 quia
3258 5390 3388 5447 nihil
3410 5408 3532 5464 pec-

1957 5464 2059 5518 cati
2087 5480 2205 5521 esse
2235 5468 2287 5521 in
2320 5471 2550 5538 parvulis
2582 5471 2799 5541 dicunt,
2832 5475 2972 5546 quod
3001 5478 3211 5534 lavacro
3248 5498 3525 5554 regenera-

2021 5616 2036 5647 ι
2065 5622 2113 5666 tn
2137 5620 2347 5685 excusis,
2369 5620 2592 5685 ορρνέιδὶο
2670 5682 2700 5685 ,Α
2811 5683 2819 5685 .
3083 5657 3090 5664 '

2019 5685 2145 5757 ’1}?
2163 5678 2452 5757 ᾏεἪβηάυιίιξο
2474 5696 2587 5757 ψατ
2613 5682 2849 5757 ᾳάὶυηςί,
2880 5696 3061 5757 Deque
3085 5694 3327 5757 Apostolus
3346 5695 3432 5756 ait,
3452 5710 3517 5748 ex

1962 5740 2181 5819 pluribus
2200 5740 2549 5819 tiiauttseriptis,
2582 5753 2636 5819 et
2656 5740 2720 5819 ex
2750 5740 2871 5819 libro
2893 5740 3049 5819 primo
3063 5740 3524 5819 Mﬁs_tuiﬁf&-i

1958 5808 2121 5853 contra
2164 5802 2551 5870 Julianum,'cap'.
2585 5809 2653 5859 l'i'.
2682 5810 2813 5872 [nm
2842 5802 2927 5862 ho'c
2948 5810 3091 5865 intuli
3130 5802 3525 5880 peragam
