4010 6186
477 363 626 439 ιω,

478 474 636 530 tionis
659 473 917 529 abluatur.
947 489 966 522 ι
998 468 1196 524 Omnes
1221 465 1363 520 enim
1391 461 1454 516 ad
1481 458 1762 516 ecclesiam
1791 469 1895 508 non
1925 467 2050 520 pro-

478 576 596 639 pter
654 563 794 620 aliud
840 576 959 619 cum
1013 555 1246 632 parvulis
1309 561 1561 617 currunt,
1616 549 1717 604 nisi
1765 555 1824 601 ut
1874 542 1924 598 iu
1971 537 2049 598 ei's

477 629 735 729 originale
785 629 1058 724 peccatum
1126 644 1471 721 generatione
1526 640 1708 712 prima:
1761 629 2050 690 nativitatis

477 725 792 811 attractum,
845 736 1244 812 regeneratione
1311 730 1556 791 secunda:
1621 725 1907 784 nativitatis
1957 737 2052 778 cx-

481 837 673 910 pietur.

548 926 602 984 5.
655 921 858 980 Deindo
895 920 964 978 ad
1004 927 1182 976 nostra
1218 915 1490 988 superiora
1532 909 1690 967 verba
1733 903 2050 968 revertitur,

478 1035 596 1094 qua:
615 1019 796 1074 nescio
819 1030 914 1072 cur
937 1021 1180 1082 reprtat:
1212 1029 1231 1063 ι
1261 1011 1366 1065 Eos
1390 1016 1564 1062 autem
1589 1005 1674 1075 qui
1704 1002 1770 1059 de
1791 1001 1880 1056 tali
1901 1015 2051 1054 com-

479 1110 734 1168 mixtione
762 1113 1070 1169 nascuntur,
1097 1103 1323 1158 dicimus
1349 1099 1561 1155 trahere
1585 1094 1840 1166 originale
1861 1105 2050 1164 pecca-

479 1211 624 1267 tum;
651 1216 871 1272 eosque,
901 1198 968 1254 de
999 1176 1304 1267 parentibus
1330 1192 1796 1264 qualibuscumque
1827 1197 2054 1240 nascan-

482 1301 590 1359 tur,
630 1307 735 1346 non
763 1304 1016 1356 negamus
1055 1287 1228 1340 adhuc
1269 1298 1388 1340 esse
1428 1281 1528 1336 sub
1568 1277 1809 1340 diabolo,
1837 1275 1934 1329 nisi
1967 1287 2054 1327 re-

484 1389 770 1436 nascantur
812 1379 864 1433 in
903 1377 1133 1432 Christo.
1166 1392 1186 1426 ι
1223 1373 1348 1428 [huc
1383 1369 1544 1424 verba
1585 1374 1762 1421 nostra
1806 1372 1862 1420 et
1902 1361 2058 1431 paulo

483 1479 608 1529 ante
627 1471 738 1540 jam
767 1470 990 1524 dixerat.
1021 1464 1220 1521 Deinde
1263 1461 1532 1532 snbjungit
1571 1455 1711 1528 quod
1739 1453 1809 1509 de
1845 1453 2060 1508 Christo

483 1561 735 1625 diximus,
763 1577 781 1610 ι
805 1559 904 1626 Qui
925 1557 992 1612 de
1012 1555 1196 1610 eadem
1215 1565 1373 1608 sexus
1393 1551 1662 1618 utriusque
1684 1543 2060 1601 commixtione

487 1653 631 1712 nasci
677 1651 864 1707 noluit.
895 1668 914 1701 ι
943 1647 1048 1706 Sed
1089 1647 1247 1702 etiam
1289 1642 1373 1697 hic
1405 1637 1742 1711 prtctermisit
1781 1632 1922 1705 quod
1961 1647 2062 1702 ego

486 1741 638 1816 posui
655 1785 669 1802 .
702 1759 721 1794 ι
747 1739 818 1799 Ut
844 1755 940 1812 per
967 1738 1084 1808 ejus
1117 1734 1340 1806 gratiam
1366 1732 1432 1788 de
1459 1735 1724 1801 potestate
1746 1725 1884 1781 eruti
1911 1731 2060 1778 teuc-

488 1814 728 1899 brarum,
755 1833 807 1886 in
839 1845 1060 1903 regnum
1089 1827 1248 1892 illius,
1275 1825 1362 1894 qui
1389 1839 1452 1878 ex
1477 1820 1662 1878 eadem
1689 1830 1850 1874 sexus
1869 1814 2065 1869 utrius-

398 1977 409 1984 .
485 1939 594 1996 qne
615 1922 994 1979 commixtione
1019 1919 1166 1975 nasci
1197 1915 1381 1980 noluit,
1412 1910 1814 1970 transferantur.
1847 1925 1866 1959 ι
1901 1905 2061 1968 Vide,

486 2017 712 2073 obsecro
738 2024 822 2076 te.
857 2029 978 2085 qua:
1007 2012 1023 2044 ί
1051 2020 1234 2068 nostra
1255 2006 1416 2062 verba
1447 2003 1650 2068 vitavit,
1683 2008 1932 2070 tanquam
1960 1996 2065 2051 inia

491 2111 665 2166 Inicus
687 2107 906 2162 omnino
931 2103 1116 2178 gratia:
1141 2101 1256 2168 Dei,
1281 2113 1402 2170 qua:
1429 2097 1574 2152 venit
1597 2109 1691 2164 per
1711 2091 1891 2148 Jesum
1910 2087 2066 2145 Chri-

487 2209 626 2258 stum
659 2199 936 2256 Dominum
979 2204 1239 2252 nostrum.
1280 2189 1392 2248 Scit
1418 2187 1562 2246 enim
1603 2185 1670 2241 ab
1698 2184 1783 2238 illa
1822 2179 2065 2251 Apostoli

488 2301 752 2350 sententia
771 2331 788 2355 ,
833 2303 936 2360 qua
965 2287 1098 2342 dixit
1121 2284 1189 2339 de
1232 2283 1344 2338 Deo
1373 2280 1562 2338 Patre.
1605 2273 1703 2341 Qui
1732 2265 1860 2326 eruit
1884 2268 2067 2360 uosde

489 2389 732 2452 potestate
758 2359 1091 2438 tenebrarum.
1121 2383 1167 2430 et
1191 2368 1448 2428 transtulit
1477 2368 1529 2424 in
1556 2380 1764 2436 regnum
1789 2361 1914 2416 Filii
1939 2359 2066 2414 cha-

490 2451 654 2528 ἥρωες
680 2485 786 2526 sua:
813 2467 1028 2542 (Coloss.
1051 2483 1090 2530 ι,
1118 2461 1232 2535 t5),
1263 2457 1652 2538 improbissime
1675 2463 1728 2510 et
1757 2451 2067 2521 impiissime

492 2563 740 2632 parvulos
765 2559 1001 2630 separari
1026 2575 1041 2614 :
1070 2557 1189 2612 ideo
1223 2552 1404 2624 procul
1430 2549 1594 2608 dubio
1617 2546 1776 2603 verba
1804 2545 1900 2600 ista
1928 2558 2068 2615 pra:-

493 2655 788 2712 termittere
814 2665 973 2722 quam
1001 2663 1201 2720 ponere
1231 2643 1436 2700 maluit.

529 2748 620 2800 αθ.
667 2745 932 2800 Postlia-c
961 2739 1088 2796 illud
1135 2745 1374 2794 nostrum
1402 2732 1611 2802 posuit,
1664 2729 1754 2786 ubi
1797 2727 2066 2784 diximus:

499 2859 520 2892 ι
551 2839 672 2895 llmc
695 2837 838 2893 enim
873 2849 996 2905 qua:
1024 2832 1093 2888 ab
1119 2827 1512 2902 impudentibus
1536 2823 1871 2895 impudenter
1890 2820 2074 2877 laudae

494 2943 580 2987 tur
605 2929 849 3002 pudenda
879 2923 1337 2997 concupiscentia,
1381 2921 1525 2977 nulla
1554 2925 1728 2985 esset,
1767 2915 1867 2972 nisi
1910 2914 2072 2970 homo

498 3032 622 3078 ante
663 3027 971 3090 peccasset:
1011 3017 1210 3086 nuptiae
1243 3027 1372 3069 vero
1407 3017 1620 3075 essent,
1663 3008 1871 3065 etiamsi
1915 3019 2074 3063 nemo

501 3121 808 3184 peccasset;
853 3109 1004 3164 fieret
1042 3107 1240 3178 quippe
1271 3104 1388 3162 sine
1429 3103 1532 3158 isto
1571 3101 1764 3156 morbo
1795 3099 2074 3155 seminatio

451 3226 460 3236 -
500 3202 744 3258 ﬁliorum.
779 3218 798 3253 ι
835 3199 946 3253 Huc
971 3211 1139 3267 usque
1167 3197 1254 3250 ille
1287 3193 1446 3250 verba
1482 3201 1599 3247 mea
1641 3190 1834 3260 posuit.
1879 3189 2078 3245 Timuit

500 3294 644 3354 enim
667 3290 808 3362 quod
835 3288 1074 3359 adjunxi.
1111 3305 1132 3340 ι
1159 3285 1215 3341 In
1242 3299 1466 3356 corpore
1490 3283 1610 3338 vita:
1638 3281 1799 3348 illius,
1826 3281 1943 3338 sine
1970 3295 2076 3352 quo

504 3395 645 3438 nunc
676 3380 789 3436 licri
816 3393 920 3434 non
955 3385 1132 3448 potest
1167 3377 1218 3430 in
1245 3388 1469 3444 corpore
1510 3371 1700 3426 mortis
1741 3369 1912 3441 hujus.
1944 3387 1965 3422 s
2011 3371 2078 3427 Et

507 3476 592 3532 hic
619 3482 678 3530 ut
705 3486 877 3528 meam
898 3469 1213 3525 sententiam
1235 3481 1340 3522 non
1367 3465 1562 3530 finiret,
1584 3462 1678 3519 sed
1701 3477 1819 3518 eam
1847 3461 2077 3532 quodam

509 3564 670 3621 modo
697 3561 1057 3623 detruncaret,
1091 3557 1216 3612 illud
1243 3554 1482 3626 Apostoli
1506 3553 1868 3608 testimonium
1896 3549 2082 3607 formi-

507 3654 685 3716 davit,
729 3651 816 3705 ubi
844 3650 952 3705 ait:
987 3647 1145 3703 Miser
1183 3663 1274 3718 ego
1313 3646 1487 3710 homo,
1514 3645 1626 3714 quis
1664 3659 1743 3696 me
1770 3639 1994 3698 liberabit
2019 3641 2084 3696 de

507 3759 716 3815 corpore
747 3742 922 3798 mortis
947 3739 1140 3812 hujus?
1167 3736 1344 3794 Gratia
1383 3736 1476 3790 Dei
1503 3752 1596 3808 per
1618 3734 1794 3790 Iesum
1829 3731 2084 3790 Christum

513 3833 784 3890 Dominum
806 3840 1051 3887 nostrum.
1070 3828 1190 3886 Non
1209 3828 1350 3883 enim
1375 3835 1488 3881 erat
1505 3838 1699 3894 corpus
1721 3823 1908 3878 mortis
1930 3821 2086 3892 hujus

510 3925 568 3984 in
596 3923 840 3996 paradiso
880 3931 1006 3979 ante
1049 3927 1321 3992 peccatum
1343 3959 1357 3983 ,
1387 3925 1606 3990 propter
1644 3915 1785 3986 quod
1822 3915 2082 3978 diximus,

517 4017 618 4073 sin
653 4029 878 4086 corpore
912 4015 1035 4069 vitte
1063 4012 1236 4075 illius,
1267 4027 1289 4062 ι
1321 4023 1442 4078 qua:
1477 4005 1549 4062 ibi
1589 4013 1740 4072 erat,
1776 4023 1797 4058 ι
1823 4005 1939 4060 sine
1984 4005 2088 4060 isto

514 4106 702 4164 morbo
728 4104 1132 4162 seminationetn
1158 4099 1273 4156 fieri
1301 4097 1536 4169 potuisse
1559 4096 1808 4160 filiorum,
1839 4095 1956 4150 sine
1983 4109 2089 4165 quo

514 4211 658 4254 nunc
678 4195 730 4252 in
753 4209 980 4266 corpore
997 4192 1184 4252 mortis
1203 4190 1362 4262 hujus
1386 4189 1502 4246 fieri
1521 4202 1626 4244 non
1649 4193 1878 4258 potest»
1901 4184 1970 4242 Ut
1991 4199 2088 4240 au-

517 4296 627 4344 tem
663 4284 733 4342 ad
773 4287 928 4340 istam
968 4279 1526 4341 commemorationem
1570 4276 1815 4356 humana}
1861 4275 2090 4330 miseria:

517 4383 574 4432 et
607 4375 800 4432 divina:
838 4375 1024 4446 gratite
1049 4373 1254 4428 veniret
1290 4370 1605 4440 Apostolus,
1646 4381 1806 4439 supra
1842 4366 2086 4422 dixerat:

532 4464 688 4520 Video
712 4465 867 4520 aliam
894 4465 1050 4535 legem
1075 4463 1130 4516 in
1153 4459 1388 4517 membris
1413 4460 1566 4525 meis,
1593 4465 1956 4528 repugnantem
1992 4455 2092 4528 legi

522 4554 702 4610 mentis
727 4567 870 4618 metu,
895 4562 944 4608 et
971 4553 1306 4616 captivantem
1332 4565 1412 4603 me
1432 4548 1486 4602 in
1513 4547 1622 4619 lege
1645 4545 1856 4616 peccati,
1885 4560 2001 4617 qua:
2018 4554 2092 4599 est

520 4653 574 4704 iu
603 4646 836 4703 membris
859 4645 1003 4705 meis.
1048 4645 1176 4700 Post
1197 4643 1314 4697 haec
1350 4639 1526 4696 autem
1555 4639 1714 4695 verba
1737 4637 2090 4695 exclamavit:

527 4739 687 4797 Miser
703 4754 798 4809 ego
822 4737 992 4802 Itonia,
1012 4735 1124 4805 quis
1142 4750 1221 4790 me
1243 4732 1469 4788 liberabit
1493 4733 1558 4786 de
1574 4745 1782 4800 corpore
1803 4730 1976 4785 mortis
1999 4728 2096 4782 Iut-

516 4831 642 4904 jus?
665 4829 842 4887 Gratia
869 4827 967 4882 Dei
993 4843 1082 4896 per
1100 4825 1276 4880 Jesum
1297 4823 1551 4879 Christum
1577 4821 1852 4875 Dominum
1870 4827 2094 4874 nostrum

525 4925 702 4980 (Rom.
725 4936 820 4989 vtt,
849 4916 1062 4990 25-25).
1107 4915 1162 4976 lu
1208 4928 1433 4986 corpore
1477 4913 1635 4984 igitur
1678 4909 1865 4965 mortis
1905 4909 2093 4978 hujus,

525 5012 681 5083 quale
714 5013 767 5066 in
806 5009 1052 5081 paradiso
1077 5016 1203 5064 ante
1243 5013 1518 5076 peccatum
1559 4998 1961 5080 fuit,_profecto
1985 5014 2094 5054 non

527 5075 641 5160 erat
664 5101 764 5156 alia
791 5075 876 5156 lca
900 5101 952 5154 in
973 5095 1226 5153 membris
1243 5075 1439 5148 nostris
1459 5075 1760 5162 repugnans
1783 5088 1884 5156 legi
1907 5087 2098 5142 mentis

529 5205 724 5250 nostra:
751 5195 772 5226 ’
799 5209 811 5246 :
843 5192 964 5264 quia
1003 5198 1058 5247 et
1081 5186 1294 5265 quando
1333 5184 1614 5249 nolumus,
1660 5189 1714 5237 et
1745 5178 1956 5261 quando
1989 5194 2096 5234 non

594 5389 804 5421 ilnI-l
865 5384 949 5421 η,οὸ

596 5391 616 5482 ζ
1107 5450 1162 5495 et
1189 5443 1432 5510 editiones
1450 5435 1961 5510 nitentium-tundore,

533 5515 570 5562 si
581 5511 710 5560 ensis
729 5509 838 5558 anni
859 5508 997 5565 ιϐιδ.
1016 5499 1074 5558 'et
1102 5505 1406 5555 tmaniensis
1433 5503 1543 5552 anni
1570 5499 1706 5565 1647,
1729 5501 1838 5565 ante
1857 5502 2104 5565 peccatum

535 5585 626 5620 non
646 5569 765 5634 ait.
789 5561 1000 5634 ρνοῖςεεό
1018 5580 1112 5618 παι
1133 5572 1256 5634 erat,
1281 5573 1376 5634 εις·
1402 5571 1549 5634 φορ
1574 5561 1806 5634 "uicenis

537 5620 1015 5690 tarcc'utum'préfecto
1033 5639 1128 5679 non
1147 5620 1270 5690 erat,
1286 5625 1385 5676 ali:
1407 5625 1488 5674 lea:
1509 5621 1558 5690 is:
1587 5620 1812 5690 rtgmbris
1825 5620 2000 5690 nostris
2024 5631 2102 5688 re-

537 5683 720 5761 pugnat
746 5683 857 5761 legi,
885 5683 1104 5761 ὀίω-ξεί
1127 5691 1228 5752 ipsa
1247 5689 1389 5741 lectio
1407 5693 1508 5734 erat
1535 5689 1583 5732 in
1621 5683 1740 5732 tilio
1765 5685 1915 5746 primo
1938 5687 2016 5744 np:
2040 5683 2105 5728 ris

541 5750 826 5825 inparem},
853 5761 956 5808 esp.
977 5750 1057 5800 τι.

1693 5876 1756 5885 ...ν-

1287 351 1374 406 DE
1411 343 1678 404 NUPTilS
1717 341 1803 396 ET
1843 333 2438 402 CUNCUPISCENTIA,
2480 337 2536 392 5.
2579 334 2948 392 AUCUSTINI

3627 334 3730 392 ιω

2163 453 2552 517 consentimus,
2596 467 2692 507 nec
2717 451 2766 508 ei
2797 451 3028 506 membra
3057 458 3236 505 nostra
3265 457 3320 504 ut
3347 449 3559 522 impleat
3585 450 3726 520 quod

2158 542 2358 610 appetit
2383 541 2714 607 exhibemus,
2744 541 2944 597 habitat
2971 553 3142 596 tamen
3183 541 3232 596 in
3277 539 3386 604 eis,
3416 550 3470 596 et
3498 552 3728 597 mentem

2160 630 2494 686 resistentem
2517 640 3002 700 repugnantcmque
3017 629 3266 686 sollicitat
3290 649 3302 684 :
3330 640 3386 684 ut
3407 627 3520 698 ipse
3539 629 3696 684 conﬂi
3709 660 3729 672 -

2159 726 2296 786 ctus,
2317 719 2522 774 etiamsi
2541 735 2643 774 non
2661 719 2728 774 sit
2743 719 3196 790 damnabilis,quia
3211 737 3315 774 non
3331 720 3532 790 perlicit
3551 720 3737 788 iniqui-

2163 817 2319 864 tatem
2343 825 2358 874 ;
2387 810 2456 864 sit
2486 818 2662 866 tamen
2693 811 3035 876 miserabilis,
3066 813 3186 876 quia
3212 827 3318 864 non
3344 810 3497 864 habet
3519 827 3730 880 pacem.

2159 897 2302 954 Satis
2331 899 2485 970 igitur
2507 900 2875 956 admonueritn
2895 942 2910 968 ,
2941 901 3020 955 sic
3050 901 3207 956 istum
3247 901 3414 955 verba
3445 917 3558 955 mea
3590 903 3734 956 velut

2160 988 2449 1044 refellenda
2473 991 2569 1046 sibi
2597 1003 2894 1062 proponere
2923 991 3183 1056 voluisse,
3215 999 3273 1044 ut
3309 989 3501 1046 alicubi
3543 991 3734 1045 mediis

2159 1079 2443 1146 detractis,
2473 1084 2766 1138 sententias
2791 1083 3234 1150 interrumperet;
3261 1081 3448 1135 alicubi
3479 1083 3738 1136 extremis

2161 1185 2266 1228 non
2294 1171 2486 1226 additis
2509 1169 2846 1228 decurtaret:
2875 1181 2928 1228 et
2951 1187 3046 1228 cur
3067 1171 3165 1227 b’oc
3185 1169 3386 1235 fecerit,
3411 1171 3738 1226 sufﬁcienter

2161 1259 2506 1316 ostenderim.
3756 1265 3769 1304 τ

2233 1351 2458 1410 CAPUT
2497 1352 2582 1408 ill.
2611 1383 2683 1394 ——
2712 1353 2764 1407 7.
2801 1351 2952 1409 Nunc
2993 1351 3061 1407 ad
3095 1367 3158 1407 ca
3201 1367 3318 1421 qua:
3361 1353 3498 1407 sicut
3535 1351 3732 1416 voluit,

2163 1453 2342 1500 nostra
2374 1446 2668 1515 proposuit,
2695 1460 2814 1514 qua:
2847 1458 2941 1498 sua
2969 1444 3294 1513 opposuerit,
3321 1443 3610 1496 videmnus.
3638 1441 3740 1496 Se-

2163 1542 2398 1605 quuntur
2423 1535 2562 1587 enim
2586 1535 2694 1602 jam
2723 1533 2882 1588 verba
2911 1531 3058 1602 ejus;
3085 1539 3141 1588 et
3166 1532 3302 1586 sicut
3324 1531 3427 1586 iste
3453 1531 3740 1585 insinuavit

2163 1625 2255 1694 qui
2285 1625 2376 1680 tibi
2401 1624 2695 1697 chartulam
2725 1623 2900 1688 misit,
2929 1621 3074 1692 prius
3099 1620 3297 1691 aliquid
3325 1619 3394 1675 de
3427 1619 3739 1690 pnnfutione

2093 1759 2132 1783 η
2163 1715 2514 1786 conscripsit,
2541 1715 2722 1786 procul
2747 1715 2908 1770 dubio
2932 1714 3189 1770 librorum
3216 1713 3428 1767 illorum
3456 1711 3525 1766 de
3547 1712 3740 1780 quibus

2165 1821 2332 1877 pauca
2369 1806 2656 1875 decerpsit.
2699 1805 2752 1860 Id
2791 1813 2988 1859 autem.
3011 1803 3082 1858 ita
3111 1816 3230 1859 sese
3268 1802 3462 1857 habet:
3499 1821 3519 1852 α
3545 1801 3741 1856 Docto-

2167 1912 2276 1962 res,
2308 1915 2328 1950 ι
2364 1896 2560 1968 inquit,
2598 1915 2617 1950 ι
2643 1897 2805 1952 nostri
2835 1895 3118 1966 temporis,
3152 1893 3314 1950 frater
3333 1893 3654 1954 beatissime,
3683 1902 3739 1947 et

2167 1985 2382 2040 nefaria:
2409 2001 2526 2056 qua:
2555 1984 2726 2040 adhuc
2750 1983 2916 2040 fervet
2939 1983 3212 2040 seditionis
3237 1993 3480 2051 auctores
3497 2022 3513 2047 ,
3541 1981 3608 2035 ad
3638 1980 3743 2034 ho-

2168 2076 2391 2142 minum,
2417 2089 2638 2146 quorum
2660 2075 2854 2130 sanctis
2893 2073 3082 2130 studiis
3119 2081 3360 2138 uruntur,
3387 2071 3739 2127 contumelias

2167 2174 2224 2223 et
2265 2167 2484 2223 exitium
2523 2165 2872 2222 decreverunt
2916 2181 3010 2236 per
3037 2169 3242 2219 ruinam
3288 2164 3445 2218 totius
3487 2161 3745 2217 Ecclesia:

2169 2259 2480 2330 pervenire;
2511 2274 2615 2314 non
2644 2257 2998 2328 iutelligentes
3025 2264 3276 2326 quantum
3309 2253 3390 2309 his
3417 2251 3744 2310 contulerint

2171 2348 2408 2416 honoris,
2427 2365 2653 2420 quorum
2669 2349 3015 2404 ostenderunt
3040 2347 3262 2418 gloriam
3292 2346 3390 2400 nisi
3415 2361 3534 2401 cum
3561 2343 3749 2400 catho-

2171 2441 2269 2496 lica
2309 2443 2559 2512 religione
2595 2457 2700 2496 non
2727 2441 2960 2512 potuisse
2985 2439 3230 2495 convelli.
3257 2437 3389 2493 Nam
3431 2438 3476 2492 si
3503 2437 3622 2508 quis
3645 2444 3741 2492 aut

2171 2533 2394 2588 liberum
2422 2532 2474 2586 in
2503 2531 2805 2587 hominibus
2833 2529 3130 2592 arbitrium,
3155 2537 3247 2583 aut
3275 2527 3438 2582 Deum
3465 2540 3587 2582 esse
3639 2541 3742 2580 na-

2177 2625 2436 2680 scentium
2459 2623 2787 2678 conditorem
2815 2620 3027 2687 dixerit,
3045 2618 3394 2676 Ccelestianus
3423 2627 3478 2672 et
3501 2615 3748 2686 Pelagia-

2177 2729 2279 2770 nus
2302 2721 2540 2769 vocatur.
2571 2712 2646 2768 Ne
2667 2711 2824 2782 igitur
2849 2718 3102 2767 vocentur
3126 2707 3357 2763 bteretici
3377 2748 3392 2772 ,
3423 2707 3552 2760 fiunt
3577 2703 3750 2759 Mani-

2171 2805 2342 2872 chtei;
2371 2813 2428 2860 et
2453 2804 2584 2859 dum
2613 2801 2800 2858 falsam
2823 2809 3073 2856 verentur
3100 2797 3400 2858 infamiam.
3432 2807 3615 2850 verum
3641 2793 3751 2847 cri-

2175 2910 2298 2952 men
2337 2893 2653 2950 incurrunt:
2683 2891 2849 2945 instar
2883 2888 3154 2952 ferarum,
3195 2900 3314 2956 quae
3355 2881 3753 2940 circumdantur

2177 2986 2382 3058 pinnis,
2421 2994 2482 3041 ut
2509 2990 2768 3056 cogantur
2796 2983 2848 3036 in
2890 2981 3056 3046 retia;
3099 2977 3290 3048 quibus
3325 2975 3572 3046 quoniam
3599 2973 3754 3028 deest

2176 3080 2340 3144 ratio,
2385 3079 2438 3134 in
2465 3091 2652 3160 verum
2691 3073 2910 3132 exitium
2939 3086 3074 3129 vana
3111 3067 3396 3125 formidine
3421 3063 3754 3122 eontruduno

2179 3179 2316 3294 lui-8.,
2479 3243 2560 3290 est
2584 3235 2654 3290 ita
2691 3243 2750 3288 ut
2779 3230 3013 3303 loqueris
3029 3271 3046 3297 ,
3071 3228 3389 3300 quicumque
3413 3223 3511 3280 ista
3536 3221 3752 3290 dixisti;

2179 3344 2286 3386 non
2340 3335 2424 3384 est
2457 3326 2530 3381 ita
2561 3343 2576 3381 :
2603 3325 2826 3380 multum
2856 3320 3072 3384 falleris,
3099 3318 3185 3374 vel
3226 3317 3407 3372 fallere
3440 3313 3755 3370 meditaris:

2181 3433 2286 3474 non
2330 3417 2554 3472 liberum
2585 3427 2840 3484 negamus
2867 3410 3178 3474 arbitrium;
3206 3406 3304 3462 sed
3326 3447 3342 3472 ,
3375 3405 3434 3460 Si
3467 3420 3552 3459 vos
3587 3402 3759 3459 Filius

2181 3507 2479 3572 liberaverit,
2507 3503 2581 3560 ait
2609 3503 2833 3564 Veritas,
2856 3512 2973 3554 tunc
3000 3514 3108 3554 vere
3128 3497 3272 3552 liberi
3285 3495 3422 3552 eritis
3447 3493 3622 3567 (Joan.
3642 3508 3758 3561 vtu,

2183 3594 2299 3670 '56).
2332 3597 2484 3652 Hunc
2521 3610 2617 3652 vos
2647 3590 2892 3648 invidetis
2923 3591 3254 3644 liberatorem
3275 3628 3290 3652 ,
3319 3585 3508 3656 quibus
3535 3583 3762 3651 captivis

2185 3703 2374 3744 vanam
2404 3685 2633 3742 tribuitis
2677 3683 2992 3738 libertatem.
3033 3681 3077 3732 A
3115 3695 3211 3748 quo
3236 3678 3366 3730 enim
3388 3676 3498 3746 quis
3537 3675 3764 3728 deuictus

2184 3789 2280 3842 est,
2321 3779 2460 3833 sicut
2485 3776 2612 3830 dicit
2646 3771 2939 3844 Scriptura,
2976 3769 3091 3824 huic
3115 3783 3286 3822 servus
3313 3765 3544 3819 addictus
3566 3772 3640 3819 est
3667 3764 3686 3835 (
3719 3763 3763 3820 ιι

2187 3868 2331 3924 Patr.
2360 3883 2418 3933 tl,
2451 3866 2539 3936 l9)
2565 3883 2577 3918 :
2609 3879 2706 3918 nec
2725 3863 3000 3932 quisquam
3027 3858 3128 3914 nisi
3156 3872 3249 3926 per
3271 3855 3490 3928 gratiam
3513 3854 3765 3910 liberato-

2187 3960 2262 4014 ris
2292 3959 2394 4013 isto
2425 3955 2648 4010 solvitur
2685 3952 2896 4008 vinculo
2929 3948 3218 4011 servitutis,
3245 3961 3276 4002 a
3304 3961 3409 4016 quo
3435 3947 3452 3978 ι
3473 3957 3554 4000 est
3583 3943 3764 4000 homi-

2189 4065 2314 4106 num
2341 4049 2516 4104 nullus
2545 4046 2816 4101 immunis.
2844 4041 2948 4096 Per
2974 4057 3128 4095 unum
3148 4039 3342 4108 quippe
3365 4039 3617 4092 hominem
3638 4053 3765 4106 pec-

2189 4151 2356 4198 catum
2375 4139 2575 4195 intravit
2604 4139 2655 4192 in
2676 4135 2936 4196 mundum.
2961 4143 3008 4188 et
3035 4149 3122 4201 per
3146 4140 3406 4202 peccatum
3433 4143 3603 4193 mors;
3623 4137 3670 4181 et
3692 4128 3768 4183 ita

2189 4233 2244 4286 in
2263 4246 2432 4286 omnes
2460 4228 2686 4284 homines
2714 4224 3016 4294 pertransiit,
3037 4223 3087 4276 iu
3113 4237 3211 4291 quo
3237 4236 3408 4274 omnes
3437 4227 3769 4288 peccaverunt

2192 4319 2366 4395 (Rom.
2392 4334 2450 4387 γ,
2480 4318 2592 4388 {2).
2618 4318 2706 4373 Sic
2727 4323 2810 4372 est
2835 4328 2964 4386 ergo
2993 4313 3131 4368 Deus
3152 4309 3478 4366 nascentium
3499 4309 3770 4376 conditor,

2191 4418 2252 4466 ut
2275 4423 2464 4466 omnes
2508 4421 2575 4464 ex
2623 4421 2726 4461 uno
2753 4413 2876 4460 eant
2915 4403 2966 4458 in
2995 4399 3510 4461 condemnationem,
3535 4413 3767 4468 quorum

2193 4515 2297 4556 non
2325 4499 2484 4554 fuerit
2511 4496 2898 4552 renascentium
2929 4492 3197 4546 liberator.
3223 4489 3338 4560 Ipse
3371 4489 3564 4558 quippe
3591 4487 3771 4543 dictus

2195 4599 2276 4656 est
2303 4587 2510 4660 ﬁgulus.
2539 4604 2604 4642 ex
2630 4586 2816 4642 eadem
2858 4597 3029 4638 massa
3068 4581 3268 4637 faciens
3295 4579 3433 4632 aliud
3465 4594 3556 4632 vas
3584 4579 3637 4633 in
3666 4578 3770 4632 bo-

2195 4694 2378 4736 norem
2395 4676 2682 4733 secundum
2701 4673 3138 4736 misericordiam,
3161 4668 3300 4724 aliud
3320 4670 3371 4722 in
3393 4670 3770 4724 contumeliam

2197 4769 2486 4830 secundum
2507 4766 2761 4838 judicium
2789 4763 2896 4836 (Id.
2929 4779 3004 4829 Ix,
3030 4761 3120 4834 2|)
3147 4780 3161 4816 :
3187 4761 3271 4816 cui
3297 4769 3480 4816 cantat
3506 4759 3769 4824 Ecclesia,

2199 4857 2597 4916 Misericordiam
2621 4866 2668 4910 et
2681 4855 2934 4927 judicium
2959 4853 3125 4925 (Psal.
3143 4867 3197 4916 c,
3227 4853 3300 4922 1).
3324 4849 3436 4904 Νοιι
3462 4849 3641 4920 itaque
3665 4849 3774 4903 sic-

2199 4962 2259 5008 ut
2306 4960 2356 5006 te
2389 4958 2547 5018 atque
2579 4949 2712 5002 alios
2741 4947 2929 5002 fallens
2958 4945 3209 5014 loqueris,
3247 4961 3266 4994 ι
3301 4942 3354 4997 Si
3381 4943 3499 5012 quis
3527 4951 3619 4996 aut
3639 4943 3776 4996 libe-

2207 5060 2226 5094 t
2259 5055 2373 5096 rum
2393 5039 2445 5093 in
2464 5037 2766 5092 hominibus
2785 5035 3080 5100 arbitrium,
3105 5041 3195 5086 aut
3223 5033 3387 5087 Deum
3413 5045 3776 5086 esseuasreu-

2208 5153 2228 5188 ι
2268 5133 2396 5188 tium
2417 5130 2743 5185 conditorem
2764 5127 2974 5188 dixerit,
2999 5124 3352 5181 C(elestianus
3381 5131 3434 5178 et
3456 5121 3776 5190 Pelagianus

2209 5243 2228 5278 ι
2265 5233 2482 5280 vocatur
2511 5238 2524 5274 :
2565 5239 2584 5272 ι
2623 5221 2719 5274 ista
2744 5219 2938 5288 quippe
2961 5215 3218 5271 catholica
3249 5213 3380 5269 fides
3406 5211 3552 5266 dicit.
3581 5209 3688 5266 Sed
3728 5213 3776 5266 si

2204 5315 2322 5385 quis
2348 5313 2413 5368 ad
2443 5309 2722 5366 colendum
2769 5317 2913 5362 recte
2952 5307 3114 5362 Deum
3135 5345 3152 5372 ,
3179 5305 3293 5358 sine
3322 5303 3484 5370 ipsius
3511 5301 3779 5370 adiutorio

2205 5409 2332 5464 dicit
2350 5421 2470 5462 esse
2490 5405 2541 5458 in
2559 5402 2859 5458 hominibus
2878 5400 3101 5454 liberum
3122 5396 3427 5458 arbitrium;
3457 5405 3505 5447 et
3534 5393 3779 5462 quisquis

2206 5503 2276 5557 ita
2303 5499 2432 5554 dicit
2453 5498 2616 5552 Deum
2646 5495 2966 5548 nascentium
2983 5489 3332 5552 conditorem,
3355 5495 3410 5539 ut
3436 5483 3777 5555 parvulorum

2274 5675 2287 5704 ι
2327 5674 2397 5720 sic
2420 5679 2538 5728 Am,
2561 5673 2617 5732 [ι
2660 5675 2707 5715 et
2725 5675 2827 5717 vss.
2859 5673 2905 5714 tt
2929 5664 3224 5732 pgetericrtfs
3240 5659 3552 5732 editiones}
3570 5667 3680 5717 qua.

2272 5735 2341 5796 (α)
2380 5719 2488 5783 l'idc
2507 5719 2625 5782 inita
2650 5739 2772 5796 (‘pus
2795 5719 3144 5794 tumefactum,
3177 5721 3261 5776 lib.
3291 5725 3334 5781 1,
3361 5733 3470 5784 cap.
3490 5719 3536 5770 5.
