4034 6182
343 308 437 366 ιιι

340 421 498 487 neget
521 428 552 469 a
579 420 838 484 potestate
862 410 1054 468 diaboli
1074 410 1463 479 redemptorem
1483 454 1496 477 ,
1530 410 1641 482 ipse
1672 409 1910 480 Pelagia-

343 519 442 561 nus
466 512 522 559 et
545 503 898 561 Calestianus
921 509 1159 558 vocatur.
1190 501 1435 556 Liberum
1467 501 1642 571 itaque
1663 502 1714 555 in
1746 501 1916 555 homi-

343 593 499 648 nibus
521 606 643 649 esse
663 590 962 654 arbitrium,
984 599 1039 646 et
1062 590 1224 645 Deum
1247 605 1368 646 esse
1390 591 1714 645 nascentium
1741 591 1915 645 condi-

345 697 535 748 torem,
570 684 780 751 utrique
807 681 1061 747 dicimus;
1091 697 1193 736 nou
1222 682 1347 737 hinc
1375 682 1502 736 estis
1531 680 1833 739 leestiani
1863 691 1919 737 et

345 777 612 847 Pelagiani
646 792 661 828 :
690 773 916 829 liberum
946 782 1121 829 autem
1149 788 1269 829 esse
1297 789 1613 845 quemquam
1657 774 1721 828 ad
1757 788 1920 844 agen-

343 870 471 925 dum
497 870 693 922 bonum
721 867 837 921 sine
861 866 1129 935 adjutorio
1159 866 1282 929 Dei,
1310 875 1362 921 et
1392 880 1495 920 non
1526 866 1639 920 erui
1669 866 1919 934 parvulos

343 974 377 1014 ι
404 966 664 1028 potestate
690 957 1049 1022 tenebrarum,
1076 963 1131 1011 et
1171 957 1248 1010 sic
1293 958 1563 1011 transferri
1608 957 1658 1010 in
1696 971 1916 1025 regnum

348 1050 441 1105 Dei
468 1047 689 1118 (Coloss.
711 1062 749 1107 ι.
785 1045 905 1118 15),
933 1048 1032 1101 hoc
1059 1061 1151 1100 vos
1184 1046 1395 1110 dicitis;
1424 1047 1547 1100 hinc
1579 1048 1708 1102 estis
1740 1044 1919 1103 Caele-

273 1120 302 1239 "
347 1139 503 1239 stian-i
530 1146 587 1239 et
611 1137 899 1239 Pelag-iani.
935 1136 1071 1203 Quid
1100 1136 1342 1239 obtendis
1364 1137 1430 1191 ad
1460 1137 1922 1239 fallendum-com-

300 1229 305 1299 ξ
348 1230 524 1285 munis
546 1229 810 1298 dogmatis
839 1237 1071 1299 tegmen,
1090 1237 1150 1283 ut
1175 1229 1383 1298 operias
1398 1229 1668 1299 prOprium
1692 1230 1917 1295 crimen,

299 1298 307 1323 ⁸
348 1319 490 1374 unde
513 1319 665 1373 vobis
692 1298 918 1373 inditum
950 1326 1032 1373 est
1069 1332 1291 1382 nomen;
1335 1328 1493 1385 atque
1514 1326 1575 1372 ut
1603 1317 1809 1372 nefario
1832 1333 1921 1375 vo-

348 1410 539 1467 cabulo
565 1421 767 1465 terreas
802 1409 1095 1479 imperitos,
1126 1408 1257 1463 dicis
1278 1449 1292 1474 ,
1327 1427 1346 1461 ι
1374 1409 1449 1464 Ne
1474 1410 1633 1480 igitur
1667 1416 1923 1464 vocentur

351 1500 604 1563 haeretici,
634 1500 766 1554 liunt
782 1498 1096 1554 Manichzei?
1122 1517 1142 1552 ι

419 1591 474 1647 9.
514 1590 653 1644 Audi
682 1605 812 1658 ergo
837 1588 1089 1656 breviter,
1116 1589 1243 1659 quid
1278 1589 1331 1645 iu
1360 1590 1458 1644 ista
1485 1590 1776 1661 quaestione
1803 1605 1924 1646 ver-

354 1687 521 1734 setur.
550 1678 803 1734 Catholici
837 1677 1020 1732 dicunt
1053 1678 1333 1732 humanam
1355 1687 1594 1734 naturam
1625 1693 1655 1734 a
1680 1689 1923 1736 creatore

355 1768 462 1823 Deo
482 1769 624 1825 bono
648 1767 913 1822 conditam
940 1767 1155 1836 bonam,
1195 1768 1287 1823 sed
1317 1779 1534 1839 peccato
1555 1771 1785 1825 vitiatam
1807 1787 1921 1826 me-

350 1859 471 1915 dico
517 1859 732 1913 Christo
783 1858 1039 1928 indigere.
1086 1857 1361 1913 Manichaei
1410 1858 1594 1914 dicunt
1637 1858 1922 1915 humanam

353 1957 617 2013 naturam,
640 1962 744 2001 non
774 1963 805 2002 a
834 1948 943 2001 Deo
979 1947 1246 2001 conditam
1278 1947 1474 2002 bonam
1503 1958 1823 2018 peccatoque
1847 1950 1925 2003 vi-

352 2039 554 2102 tiatam,
588 2035 685 2091 sed
729 2035 798 2091 ab
844 2043 1161 2090 aeternarnm
1209 2037 1445 2109 principe
1480 2039 1813 2093 tenebrarum
1857 2039 1924 2095 de

352 2125 733 2181 commixtione
766 2125 990 2180 duarum
1033 2134 1371 2194 naturarum,
1403 2142 1521 2197 quae
1564 2140 1779 2199 semper
1807 2129 1925 2184 fue-

354 2224 496 2281 runt,
522 2230 625 2269 una
657 2215 791 2269 bona
823 2222 878 2269 et
911 2229 1012 2270 una
1046 2215 1206 2280 mala,
1230 2214 1498 2272 hominem
1537 2229 1789 2274 creatum.
1823 2219 1923 2276 Pe.

355 2306 546 2379 lagianl
571 2316 624 2361 et
641 2305 945 2362 leestiani
968 2305 1149 2362 dicunt
1175 2306 1456 2361 humanam
1478 2317 1717 2363 naturam
1734 2324 1763 2362 a
1787 2310 1926 2364 bono

358 2397 466 2451 Deo
512 2396 779 2451 conditam
829 2394 1043 2461 bonam,
1093 2396 1187 2451 sed
1239 2396 1310 2451 ita
1351 2411 1470 2453 esse
1508 2398 1568 2452 in
1589 2400 1926 2456 nascentibus

356 2486 587 2556 parvulis
606 2498 811 2550 sanam,
838 2492 896 2539 ut
934 2484 1129 2540 Christi
1161 2501 1265 2541 non
1310 2485 1539 2544 habeant
1573 2490 1926 2547 necessariam

357 2576 407 2630 iu
441 2576 527 2630 illa
569 2584 730 2631 aetate
774 2575 1111 2630 medicinam.
1144 2577 1386 2647 Agnosce
1417 2577 1577 2649 igitur
1611 2579 1663 2634 in
1709 2590 1798 2635 tuo
1831 2579 1928 2635 do-

355 2673 533 2737 gnate
550 2680 749 2721 nomen
769 2674 939 2733 tuum,
965 2675 1019 2721 et
1038 2666 1324 2724 Catltolicis
1351 2683 1380 2722 a
1407 2669 1598 2740 quibus
1613 2670 1926 2737 confutaris,

356 2756 538 2811 desine
565 2755 796 2825 objieere
823 2764 877 2810 et
904 2756 1093 2827 dogma
1113 2767 1167 2811 et
1187 2772 1377 2814 nomen
1393 2760 1639 2815 alienum.
1662 2760 1792 2816 Nam
1827 2760 1931 2816 Ve-

358 2846 485 2900 ritas
510 2854 765 2915 utrosque
794 2844 1091 2916 redarguit;
1114 2855 1170 2902 et
1187 2848 1520 2917 Maniehmos,
1543 2859 1596 2906 et
1618 2865 1732 2906 vos.
1762 2851 1932 2907 Mani-

357 2941 521 2997 cbteis
543 2941 685 2996 enim
722 2941 848 2997 dicit
873 2957 887 2995 :
918 2941 1038 2996 Non
1065 2943 1250 3015 legistis
1286 2945 1404 3015 quia
1432 2945 1520 3016 qui
1546 2947 1608 3001 ab
1633 2945 1776 3001 initio
1813 2947 1933 3017 fecit

359 3032 628 3096 hancinem,
654 3032 932 3086 masculum
953 3041 999 3085 et
1017 3035 1253 3103 feminam
1278 3035 1393 3104 fecit
1408 3052 1489 3090 eos
1506 3037 1534 3091 Ρ
1548 3044 1597 3089 et
1616 3036 1764 3101 dixit,
1801 3035 1932 3092 Pro-

362 3133 469 3194 pter
487 3123 584 3177 hoc
608 3122 849 3194 relinquet
873 3123 1021 3177 homo
1050 3134 1243 3192 putrem
1267 3134 1313 3179 et
1339 3135 1565 3191 matrem,
1584 3136 1628 3181 et
1656 3128 1932 3184 adhaerebit

361 3215 508 3268 uxori
535 3228 674 3278 tute;
706 3223 755 3268 et
778 3223 925 3268 erunt
950 3213 1050 3267 duo
1070 3214 1123 3267 in
1159 3230 1310 3269 carne
1335 3232 1437 3270 una
1460 3231 1480 3271 :
1505 3218 1672 3286 itaque
1695 3219 1811 3288 jam
1832 3235 1934 3275 non

362 3313 476 3359 sunt
518 3305 642 3367 duo,
686 3303 776 3358 sed
802 3320 904 3358 una
948 3319 1086 3357 caro.
1116 3304 1266 3371 Quod
1306 3322 1425 3377 ergo
1469 3306 1604 3362 Deus
1649 3310 1931 3380 conjunxit,

366 3394 514 3448 homo
530 3411 630 3448 non
655 3404 851 3465 separet
874 3392 1086 3467 (Metuit.
1110 3409 1226 3459 XIX,
1248 3396 1389 3466 4-6).
1405 3396 1474 3451 Ila
1488 3397 1682 3467 quippe
1701 3398 1936 3455 ostendit

364 3492 421 3539 et
450 3483 726 3539 hominum
764 3484 1114 3551 conditorem,
1158 3492 1213 3539 et
1250 3486 1531 3556 conjugum
1573 3488 1934 3557 copulatorem

365 3578 557 3640 Deum,
583 3576 838 3631 adversus
858 3575 1196 3643 Manichmos,
1223 3576 1312 3646 qui
1337 3587 1618 3646 utrumque
1645 3579 1832 3634 horum
1851 3594 1938 3637 ne-

365 3675 512 3737 gant.
544 3665 709 3720 Vobis
744 3676 924 3721 autem
966 3666 1135 3721 dicit:
1174 3665 1319 3721 Venit
1347 3666 1514 3723 Filius
1553 3670 1767 3725 hominis
1793 3688 1937 3742 quat-

366 3773 475 3813 τσο
496 3765 542 3811 et
566 3757 763 3811 salvere
786 3757 921 3824 quod
949 3757 1200 3828 perierat(
1227 3756 1350 3813 Luc.
1382 3775 1495 3824 ιιι,
1524 3761 1591 3816 10
1610 3758 1652 3833 ).
1684 3761 1790 3818 Sed
1817 3778 1934 3831 vos,

364 3847 565 3918 egregii
592 3846 884 3911 christiani,
929 3846 1247 3915 reapoudete
1285 3847 1498 3903 Christo
1523 3867 1537 3903 :
1560 3849 1615 3904 Si
1645 3851 1783 3921 quod
1806 3867 1931 3922 per-

370 3938 504 3992 ierat
537 3951 777 4006 qumrere
804 3944 859 3990 et
897 3935 1100 3990 salvare
1126 3938 1335 4004 venisti,
1353 3937 1419 3992 ad
1446 3940 1692 4006 parvulos
1713 3956 1817 3996 non
1844 3957 1936 3998 ve-

368 4028 523 4092 nisti;
549 4027 634 4082 isti
658 4041 759 4083 nec
786 4026 1082 4095 perierant,
1110 4035 1168 4083 et
1202 4029 1331 4083 salvi
1373 4030 1479 4083 nati
1509 4037 1635 4085 sunt
1664 4048 1678 4084 :
1706 4033 1839 4089 vade
1862 4034 1931 4090 ad

372 4117 629 4187 majores,
655 4115 723 4170 de
760 4117 936 4171 verbis
977 4117 1081 4171 tuis
1112 4116 1205 4171 tibi
1246 4119 1678 4187 praescribimus:
1706 4121 1828 4177 Non
1868 4134 1940 4179 est
1972 4136 1975 4139 λ

372 4223 500 4277 opus
516 4207 655 4259 sanis
669 4206 911 4275 medicus,
940 4205 1029 4261 sed
1047 4208 1179 4260 male
1191 4206 1477 4262 habentibus
1503 4208 1711 4280 (Matth.
1732 4228 1806 4279 Ix,
1827 4213 1933 4287 l2).

375 4295 447 4351 lta
473 4297 532 4349 fit
556 4303 613 4350 ut
636 4294 953 4350 Manicbmus
980 4296 1066 4366 qui
1097 4295 1293 4351 homini
1310 4299 1645 4354 commixtam
1675 4302 1800 4357 dicit
1822 4318 1943 4361 esse

375 4395 616 4440 naturam
648 4385 861 4451 malam,
891 4385 1020 4440 velit
1058 4384 1181 4440 inde
1217 4387 1402 4441 saltem
1433 4389 1623 4443 salvari
1667 4406 1698 4446 a
1730 4391 1943 4447 Christo

372 4477 604 4529 animam
633 4475 823 4529 bonam
854 4492 870 4529 :
902 4484 956 4529 tu
986 4488 1112 4530 vero
1142 4476 1193 4530 in
1224 4477 1472 4546 parvulis,
1511 4494 1630 4534 cum
1671 4481 1800 4537 salvi
1838 4483 1945 4538 sint

376 4578 601 4634 corpore
621 4566 639 4596 ¹
657 4605 673 4629 ,
705 4564 831 4618 nihil
853 4580 883 4618 a
912 4564 1127 4620 Christo
1164 4567 1472 4623 salvandum
1501 4586 1619 4626 esse
1643 4574 1940 4629 contendis.

378 4656 454 4710 Ac
484 4671 579 4724 per
600 4655 700 4709 hoc
719 4654 1035 4709 Maniclimus
1055 4656 1266 4726 quidem
1294 4667 1530 4712 naturam
1550 4659 1828 4715 humanam
1851 4663 1946 4719 de-

381 4745 695 4799 tcstabiliter
722 4745 1017 4812 vituperat;
1057 4745 1151 4800 sed
1183 4755 1235 4799 tu
1263 4747 1548 4804 crudeliter
1587 4750 1791 4806 laudas.
1818 4754 1946 4818 Qui-

380 4848 606 4906 cumque
624 4835 765 4890 enim
797 4835 887 4889 tibi
923 4835 1248 4889 crediderint
1276 4836 1552 4904 laudatori,
1577 4838 1805 4895 infantes
1821 4857 1947 4897 suos

382 4936 485 4981 neu
524 4924 778 4979 offerrent
820 4925 1103 4981 Salvatori.
1146 4924 1279 4981 Tam
1324 4928 1580 4982 scelerata
1605 4930 1626 4962 ⁸
1653 4932 1901 4986 sentienti
1925 4973 1940 4994 ,

382 5014 507 5083 quid
535 5013 629 5068 tibi
655 5014 871 5083 prodest
896 5029 1003 5069 non
1031 5023 1267 5070 metuere
1292 5015 1430 5085 quod
1457 5016 1545 5072 tibi
1574 5017 1632 5073 iit
1657 5021 1950 5076 utSalubri-

386 5114 464 5161 ter
485 5117 711 5172 metuas,
733 5114 788 5161 et
810 5114 861 5161 te
882 5105 1150 5161 hominem
1180 5106 1303 5160 facit
1341 5121 1458 5162 esse
1477 5108 1497 5139 ³
1518 5150 1532 5172 ,
1571 5125 1674 5165 non
1702 5112 1941 5181 bestiam,

442 5239 459 5270 ι
498 5236 657 5296 Abest,
684 5249 884 5299 corpore
895 5237 967 5300 ab
983 5238 1206 5300 omnibus
1228 5249 1378 5300 prope
1402 5244 1507 5287 Mss.
1531 5240 1622 5289 Sed
1656 5249 1735 5292 est
1755 5244 1805 5293 iu
1828 5244 1951 5297 libro

383 5301 525 5363 tertio
544 5296 999 5363 Operisunperfecti
1017 5304 1183 5363 contra
1203 5296 1454 5359 Jitlia'uum,
1479 5313 1584 5363 cap.
1609 5304 1713 5352 157.
1816 5354 1823 5359 ,

443 5362 469 5422 ξ
499 5358 819 5422 Beuignianus
837 5364 941 5417 its...
960 5358 1204 5422 scelerate.

450 5420 475 5489 ξ
494 5418 751 5489 Ειξειεεῑῃιρν
759 5432 898 5489 ._cur_n
907 5420 1268 5489 posterioribus
1290 5418 1598 5489 editionibus,
1615 5436 1715 5489 non
1723 5431 1947 5489 metuere.

529 5478 616 5549 tibi
633 5477 706 5549 ﬁt,
729 5485 781 5530 ut
795 5477 1273 5549 salubriteametuas,
1290 5486 1343 5549 _et
1365 5489 1411 5532 te
1432 5477 1667 5536 hominem
1686 5486 1807 5548 facis
1827 5477 1945 5538 esse.

387 5538 552 5612 genus
570 5538 938 5612 Cy'girannensis
977 5541 1130 5612 eode;
1147 5580 1162 5601 ,
1201 5538 1319 5612 facit
1353 5558 1456 5597 esse
1481 5561 1498 5597 :
1522 5558 1629 5596 cum
1662 5538 1759 5612 q'uo
1784 5551 1949 5612 caeteri

386 5598 490 5673 fere
511 5598 683 5673 omnis
1044 5598 1249 5665 habent,
1276 5618 1368 5656 non
1395 5615 1603 5673 metuere
1627 5598 1749 5673 quod
1773 5598 1947 5673 tibiifit,

388 5672 552 5723 ranas
588 5661 836 5727 videlicet,
874 5661 966 5713 seu
995 5664 1135 5733 leges
1156 5661 1317 5717 contra
1366 5661 1648 5733 Pelagianos"
1688 5661 1948 5722 hereticos

1685 297 1885 353 LIBER
1923 294 2297 354 SECUNDUS.

3487 303 3590 359 ιη

2020 425 2139 479 qua:
2183 406 2540 466 circumdatur
2578 412 2784 480 pinnis,
2814 420 2873 468 ut
2896 424 3115 484 cogatur
3146 414 3196 469 in
3241 415 3411 470 retia?
3444 416 3591 487 Opus

2021 511 2136 559 erat
2174 512 2231 558 ut
2274 506 2547 558 veritatem
2577 514 2815 568 teneres,
2847 505 3069 578 ejusque
3101 507 3278 563 studio
3304 524 3408 562 non
3438 510 3592 565 time-

2019 607 2108 648 res
2137 611 2151 647 :
2182 608 2322 648 nunc
2343 608 2468 649 vero
2493 595 2565 648 ita
2582 609 2686 650 non
2710 596 2881 661 times,
2912 607 2969 651 ut
2991 598 3033 652 si
3063 599 3302 664 timeres,
3334 602 3593 656 evaderes

2022 681 2195 750 potius
2235 681 2366 736 retia
2407 682 2622 753 maligni
2655 684 2703 749 ι,
2738 700 2896 755 quam
2944 688 3260 743 incurreres.
3295 689 3462 743 Mater
3489 688 3593 744 Ca-

2023 770 2214 826 tholica
2239 780 2288 825 te
2320 771 2439 827 ideo
2465 780 2662 837 terret,
2691 776 2811 842 quia
2840 788 2891 828 et
2920 776 3011 830 tibi
3038 786 3088 830 et
3112 777 3232 831 aliis
3254 793 3284 831 a
3312 785 3363 832 te
3392 778 3540 833 timet
3573 796 3587 832 :

2021 870 2076 917 et
2100 862 2145 916 si
2173 877 2267 930 per
2292 862 2430 916 ﬁlios
2454 878 2580 917 suos
2608 866 2661 918 in
2689 865 2861 935 aliqua
2889 875 3150 937 potestate
3180 871 3379 937 positos
3401 870 3507 939 agit
3531 877 3591 925 ut

2021 953 2231 1021 timeas,
2263 970 2368 1007 non
2393 954 2443 1008 id
2471 956 2576 1024 agit
2599 955 2932 1022 crudelitate,
2971 956 3064 1011 sed
3089 958 3365 1013 cbaritate.
3388 957 3467 1013 Tu
3491 975 3591 1013 au-

2022 1051 2126 1096 tem
2157 1042 2242 1096 vir
2266 1042 2584 1097 fortissimus
2614 1043 2801 1099 timere
2832 1046 3072 1102 homines
3091 1088 3107 1111 ,
3148 1046 3390 1116 ignavum
3416 1059 3589 1118 putas.

2022 1131 2189 1187 Deum
2216 1147 2342 1201 ergo
2374 1131 2521 1199 time,
2553 1141 2606 1188 et
2633 1133 2740 1187 noli
2783 1137 2997 1203 antiqua
3028 1134 3147 1189 iidei
3176 1136 3448 1192 catholicae
3477 1135 3590 1191 func

2020 1221 2267 1278 damenta
2295 1223 2474 1277 conari
2507 1231 2649 1278 tanta
2675 1224 3032 1280 obstinatione
3061 1227 3386 1282 subvertere.
3416 1228 3592 1297 Quan-

2022 1325 2179 1381 quam
2222 1311 2322 1366 iste
2360 1321 2479 1365 tuus
2519 1313 2727 1368 animus
2759 1314 3064 1380 animosus,
3098 1316 3295 1369 utinam
3326 1317 3511 1371 saltem
3541 1319 3592 1374 iu

2022 1399 2123 1453 hac
2148 1404 2303 1457 musa
2327 1399 2571 1471 homines
2598 1401 2849 1473 timeret:
2881 1400 3103 1466 utinam,
3138 1403 3374 1473 inquam,
3405 1404 3593 1463 saltem

2022 1497 2236 1560 paveret
2262 1489 2466 1559 ignavia
2487 1492 2543 1557 ¹¹,
2574 1506 2729 1560 quam
2759 1491 2952 1560 periret
2975 1492 3212 1547 audacia.

2092 1578 2319 1635 CAPUT
2346 1578 2433 1633 IV.
2461 1609 2534 1621 —
2562 1580 2646 1635 10.
2678 1580 2962 1634 Videamus
2999 1589 3053 1637 et
3086 1592 3279 1638 canera
3317 1598 3435 1653 quae
3461 1599 3594 1639 con-

2024 1669 2206 1725 nectit.
2235 1668 2341 1726 Sed
2372 1669 2496 1740 quid
2534 1669 2760 1726 faciam?
2800 1682 2973 1726 utrum
3013 1673 3213 1744 singula
3249 1674 3364 1744 ejus
3398 1690 3595 1747 propo-

2024 1774 2179 1825 nam,
2210 1759 2403 1830 quibus
2439 1761 2825 1830 respoudeam;
2863 1777 2929 1817 an
2955 1763 3036 1819 eis
3063 1765 3436 1836 praetermissis
3476 1782 3596 1835 qum

2024 1848 2280 1904 catholica
2312 1848 2444 1905 fides
2489 1850 2763 1917 continet,
2804 1866 2868 1907 ea
2911 1850 3026 1907 sola
3078 1861 3394 1922 pertractem
3437 1863 3596 1924 atque

2025 1938 2316 2007 confutem,
2347 1940 2399 1995 in
2423 1941 2614 2011 quibus
2638 1956 2668 1996 a
2699 1943 2909 1998 tramite
2948 1943 3189 2000 veritatis
3218 1945 3508 2012 exorbitat,
3543 1954 3598 2003 et

2028 2029 2270 2085 hmresim
2317 2030 2675 2102 Pelagianam,
2732 2041 2977 2102 tanquam
3028 2049 3292 2091 venenosa
3337 2035 3595 2106 virgulta,

2028 2118 2301 2175 fruticibus
2339 2121 2614 2176 catholicis
2647 2128 2873 2176 conatur
2918 2122 3193 2178 inserere?
3235 2122 3349 2178 Hoc
3383 2124 3599 2194 quidem

2027 2220 2174 2267 certe
2218 2211 2434 2267 brevius
2468 2221 2553 2268 est
2586 2212 2723 2277 :sed
2758 2213 3185 2282 prospiciendum
3234 2215 3484 2281 arbitror,
3520 2230 3600 2271 'ne

2028 2306 2306 2374 quisquam
2336 2303 2472 2358 libro
2501 2320 2621 2360 meo
2651 2303 2811 2372 lecto,
2837 2314 2891 2361 et
2911 2321 3014 2359 non
3046 2305 3198 2362 lectis
3216 2306 3461 2361 omnibus
3481 2320 3601 2377 qua:

2027 2394 2096 2449 ab
2120 2395 2211 2449 illo
2238 2394 2376 2449 dicta
2398 2401 2543 2461 sunt,
2561 2393 2831 2450 existimet
2848 2409 2909 2451 ea
2933 2410 3016 2449 me
3031 2410 3327 2465 proponere
3344 2396 3599 2463 noluisse,

2028 2499 2095 2541 ex
2125 2483 2318 2554 quibus
2345 2484 2444 2539 ista
2475 2483 2589 2554 ejus
2615 2483 2868 2553 pendent,
2894 2492 2948 2540 et
2969 2498 3035 2539 ex
3059 2485 3250 2555 quibus
3274 2485 3425 2556 quasi
3460 2499 3596 2540 cou-

2029 2582 2314 2644 sequenter
2333 2588 2458 2629 vera
2483 2587 2603 2629 esse
2621 2581 3001 2641 monstrantur,
3029 2588 3146 2644 qum
3166 2573 3293 2629 falsa
3319 2574 3601 2645 redarguo.

2027 2662 2142 2720 Non
2165 2665 2340 2734 itaque
2356 2664 2529 2733 pigeat
2548 2672 2772 2733 utraque
2789 2662 2912 2726 huic
2929 2664 3184 2733 opusculo
3210 2671 3393 2719 nostro
3413 2664 3599 2732 indita,

2030 2764 2084 2810 et
2108 2769 2169 2809 ea
2186 2754 2388 2811 scilicet
2414 2768 2532 2824 quae
2554 2754 2644 2808 ille
2668 2753 2822 2816 dixit,
2849 2762 2904 2807 et
2920 2767 2983 2807 ea
3004 2767 3123 2822 quae
3141 2753 3258 2824 ipse
3280 2753 3599 2824 respondeo,

2032 2825 2276 2899 universa
2302 2842 2577 2898 attendere
2601 2850 2656 2895 et
2675 2840 3015 2914 considerare
3037 2840 3307 2896 lectorem.

2103 2933 2190 2989 11.
2230 2933 2359 3000 Quae
2397 2940 2692 3001 sequuntur
2724 2943 2871 3001 ergo,
2902 2931 2974 2984 ita
3002 2930 3336 3000 pramotavit,
3369 2930 3458 3002 qui
3498 2939 3604 2989 tua

2032 3021 2309 3078 Dilectioni
2352 3019 2648 3075 chartulam
2685 3019 2830 3074 misit
2860 3033 2875 3074 :
2904 3034 2926 3071 ι
2955 3018 3157 3075 Contra
3202 3034 3318 3085 eos,
3349 3038 3368 3072 ι
3408 3021 3602 3091 inquit,

2038 3136 2060 3173 ι
2093 3116 2184 3189 qui
2210 3115 2419 3185 nuptias
2438 3113 2722 3176 damnant,
2752 3118 2808 3166 et
2834 3110 3033 3168 fruetus
3057 3126 3239 3167 earum
3267 3111 3483 3168 diabolo
3511 3126 3603 3167 as-

2034 3209 2265 3279 signant.
2295 3224 2316 3258 »
2346 3202 2653 3275 Nonigitur
2672 3210 2861 3256 contra
2891 3216 2991 3257 nos
3010 3243 3025 3265 ,
3052 3201 3141 3271 qui
3181 3217 3352 3272 neque
3387 3201 3599 3271 nuptias

2038 3298 2372 3361 damnamus,
2395 3306 2529 3365 quas
2553 3293 2712 3349 etiam
2734 3291 2787 3345 in
2806 3289 2996 3346 ordine
3024 3305 3122 3346 suo
3145 3289 3323 3346 debita
3348 3290 3603 3360 prmdica-

2037 3389 2179 3444 tione
2204 3380 2481 3440 laudamus
2509 3398 2523 3435 :
2552 3395 2651 3437 nec
2676 3394 2858 3436 earum
2886 3379 3086 3436 fruetus
3123 3379 3333 3435 diabolo
3369 3382 3607 3452 assigna-

2035 3496 2196 3539 mus:
2223 3480 2425 3533 fructus
2468 3475 2664 3546 quippe
2707 3477 3008 3544 nuptiarum
3050 3471 3292 3528 homines
3333 3480 3476 3537 sunt,
3515 3473 3607 3544 qui

2035 3571 2278 3628 ordinate
2319 3566 2440 3623 inde
2472 3572 2813 3636 generantur,
2850 3579 2955 3617 non
2996 3571 3211 3634 peccata
3259 3579 3379 3618 cum
3416 3563 3608 3634 quibus

2036 3669 2365 3717 nascuntur:
2391 3671 2490 3711 nec
2515 3654 2634 3709 ideo
2670 3661 2793 3708 sunt
2829 3651 3073 3708 homines
3101 3653 3200 3709 sub
3225 3652 3453 3717 diabolo,
3484 3653 3607 3722 quia

2040 3750 2281 3805 homines
2306 3755 2449 3812 sunt,
2479 3743 2567 3799 ubi
2594 3750 2717 3798 sunt
2759 3740 2957 3797 fructus
2996 3742 3323 3810 nuptiarum;
3364 3741 3460 3796 sed
3486 3743 3606 3811 quia

2039 3848 2346 3912 peccatores
2380 3843 2526 3901 sont,
2553 3833 2639 3888 ubi
2669 3841 2751 3888 est
2786 3845 3020 3902 propago
3045 3830 3317 3886 vitiorum.
3352 3829 3606 3885 Diabolus

2039 3931 2180 3988 enim
2204 3930 2372 4000 culpa!
2400 3936 2584 3982 auctor
2603 3936 2705 3991 est,
2734 3912 2840 3981 n'on
2868 3933 3092 3980 naturas.

2112 4021 2199 4078 12.
2228 4019 2456 4076 Attende
2495 4027 2550 4075 et
2589 4027 2801 4081 extera,
2830 4016 3021 4087 quibus
3046 4029 3106 4070 se
3130 4014 3398 4070 existimat
3421 4013 3613 4070 advero

2042 4126 2136 4167 sus
2178 4125 2276 4167 nos
2320 4108 2777 4177 huic'przemisso
2805 4105 2958 4161 titulo
2984 4119 3298 4158 consonare.
3331 4122 3350 4154 ι
3387 4104 3546 4168 Deus,
3583 4122 3604 4157 ι

2042 4200 2229 4271 inquit,
2263 4217 2284 4251 ι
2316 4197 2406 4268 qui
2431 4196 2597 4251 Adam
2624 4209 2689 4251 ex
2729 4195 2857 4249 limo
2904 4192 3073 4249 fuerat
3112 4191 3415 4257 fabricatus,
3442 4190 3609 4246 Evam

2043 4290 2337 4346 construxit
2364 4303 2397 4344 e
2419 4295 2566 4342 costa
2588 4284 2740 4357 (Gen.
2771 4301 2827 4351 ιι,
2848 4284 2963 4358 2⁸2).
2986 4291 3041 4338 et
3061 4283 3195 4337 dixit
3220 4301 3234 4337 :
3265 4280 3391 4336 Herc
3416 4280 3614 4336 vocabi-

2045 4393 2127 4438 tur
2164 4380 2297 4442 Vita,
2325 4379 2560 4451 quoniam
2595 4386 2753 4430 mater
2776 4387 2846 4430 est
2870 4376 3095 4429 omnium
3129 4375 3416 4430 viventium.
3447 4393 3466 4428 ι
3498 4373 3612 4429 Non
3694 4427 3716 4450 .

2044 4472 2257 4544 quidem
2284 4472 2353 4525 ita
2380 4470 2631 4537 scriptum
2661 4474 2744 4522 est
2765 4465 2891 4522 :seil
2917 4464 3043 4536 quid
3068 4465 3133 4519 ad
3156 4465 3290 4520 nos?
3316 4465 3454 4520 solet
3467 4465 3609 4522 enim

2046 4561 2290 4629 accidere.
2315 4571 2370 4613 ut
2397 4558 2648 4613 memoria
2679 4555 2825 4611 fallat
2851 4557 2902 4609 in
2923 4555 3123 4622 verbis,
3155 4554 3277 4609 dum
3307 4564 3480 4609 tanien
3498 4569 3617 4609 sen-

2048 4650 2212 4707 tentia
2244 4646 2539 4705 tcneatur‘.
2566 4646 2674 4702 Nec
2725 4646 2849 4701 Eva:
2894 4662 3118 4709 nomen,
3165 4654 3221 4700 ut
3264 4646 3617 4715 appellaretur

2051 4741 2186 4804 Vita,
2210 4741 2347 4794 Deus
2364 4737 2631 4808 imposuit,
2649 4736 2741 4791 sed
2764 4736 3001 4790 maritus.
3031 4736 3120 4790 Sic
3136 4736 3275 4789 cnim
3301 4735 3488 4804 legitur
3509 4730 3615 4789 :Et

2049 4832 2234 4885 vocavit
2258 4830 2420 4883 Adam
2445 4844 2621 4882 nomen
2646 4827 2816 4881 uxoris
2838 4842 2943 4880 sure
2964 4824 3100 4893 Vita,
3119 4825 3355 4895 quoniam
3370 4825 3481 4894 ipsa
3497 4839 3611 4877 ma.

2043 5005 2142 5067 jam
2185 5004 2248 5067 ab
2284 5002 2490 5053 Honorio
2531 5003 2829 5067 imperatore
2870 5000 3170 5067 constitutas,
3205 5010 3412 5067 quarunt
3428 5011 3619 5067 terrore

2052 5060 2311 5129 perculsos
2321 5070 2548 5129 Romanos
2569 5060 2773 5129 clericos
2802 5074 2895 5129 non
2930 5062 3184 5129 erubuisse
3214 5060 3618 5129 praevaricationis

2053 5121 2237 5175 crimen
2254 5123 2604 5191 admitt_ere,_ut
2638 5124 3002 5191 pronuntiarent
3030 5121 3471 5191 malam_homiumn
3507 5132 3619 5191 esse

2052 5194 2269 5235 naturam
2288 5220 2303 5244 ,
2347 5180 2721 5233 calumniabatur
2762 5181 3004 5244 Julianus,
3053 5186 3107 5232 ut
3145 5180 3416 5244 videbimus
3459 5182 3615 5244 infra“,

2054 5248 2103 5296 in
2127 5247 2247 5295 libro
2262 5239 2472 5295 secundo
2489 5251 2652 5294 wntra
2689 5244 2809 5292 duas
2839 5243 3064 5304 Epistolas
3092 5241 3450 5304 Pelagianorum
3466 5273 3483 5298 ,
3501 5255 3549 5289 ιι.
3567 5239 3616 5288 5.

2120 5310 2136 5371 ξ
2174 5316 2270 5355 sm.
2298 5311 2368 5354 Er.
2394 5314 2447 5355 et
2468 5316 2640 5371 omnes
2665 5312 2788 5371 Mss”
2813 5301 3040 5371 maligna.
3068 5369 3074 5371 _
3156 5308 3161 5313 '

2116 5370 2136 5399 ³
2161 5375 2234 5417 Er.
2260 5373 2312 5415 et
2332 5367 2627 5428 posteriores
2646 5364 2885 5428 editiones
2904 5363 3100 5423 addunt,
3123 5363 3296 5427 potius.
3318 5369 3418 5412 Eon
3438 5366 3542 5409 erat
3564 5372 3611 5413 In

2056 5434 2183 5495 uss,
2203 5440 2295 5495 nec
2310 5426 2617 5495 ineleganter
2637 5426 2888 5495 omittitur.

2123 5488 2308 5554 fuditi,
2330 5485 2776 5554 It_oc.'Plures_Mss.,
2798 5485 2932 5554 lmie.
3129 5550 3138 5554 Α
3384 5542 3395 5554 ,
3564 5542 3574 5552 ,

2122 5548 2144 5579 ι
2183 5540 2306 5597 1.ον.’
2326 5546 2531 5609 alizeque
2563 5540 2794 5609 deinceps
2823 5547 3090 5599 editiones.
3122 5550 3334 5609 teneatur
3377 5542 3426 5595 iu
3450 5540 3615 5609 fibris.

2061 5618 2211 5659 novre
2249 5603 2574 5657 inuitamento
2616 5603 2840 5657 carebant
2895 5616 3093 5657 veteres
3123 5608 3247 5657 libri.
3296 5608 3405 5657 \ille
3450 5603 3533 5653 lib.
3595 5607 3617 5654 l

2059 5682 2200 5737 Oper.
2230 5670 2435 5733 ltuperf.,
2456 5684 2559 5733 cap.
2590 5674 2628 5718 6.
