4034 6182
1725 175 1754 196 κ

409 313 516 370 “3

413 438 487 479 ter
506 435 578 478 est
599 427 822 480 omnium
838 421 1098 476 viventium
1117 417 1266 490 (Gen.
1287 435 1363 486 ttt,
1383 419 1497 490 20).
1517 418 1624 476 Sed
1652 421 1752 476 hoc
1782 419 1973 474 fortas-

410 519 486 570 sis
513 515 580 569 ita
616 513 958 576 intellexerit,
987 521 1044 564 ut
1091 512 1230 565 Deus
1269 527 1368 579 per
1403 511 1576 564 Adam
1623 525 1816 565 nomen
1847 509 1980 565 illud

413 607 535 659 i~2vae
565 605 880 674 imposuisse
903 603 1170 666 credatur,
1200 612 1446 672 tanquam
1478 616 1572 671 per
1607 601 1920 671 prophetam
1939 601 1978 655 ⁸.

407 693 538 747 Nam
571 696 621 749 in
649 695 750 749 hoc
779 692 919 763 quod
949 692 1213 762 appellata
1240 699 1322 746 est
1355 691 1467 746 Vita
1499 701 1776 761 materque
1799 692 1984 746 \iven-

407 785 560 846 tium.
593 801 838 856 magnum
860 794 941 839 est
963 783 1212 838 Ecclesia:
1240 791 1650 848 sacramentum,
1679 781 1822 838 unde
1843 797 1985 838 nunc

406 875 672 934 disserere
707 876 919 943 longum
949 883 1048 937 est,
1080 882 1134 928 et
1159 883 1406 942 suscepto
1429 873 1576 942 operi
1606 889 1713 928 non
1739 887 1985 928 necessa-

413 967 566 1020 rium.
598 965 729 1020 Nam
753 975 803 1020 et
841 965 966 1018 illud
1011 964 1148 1034 quod
1195 963 1325 1017 dicit
1351 965 1654 1032 Apostolus,
1681 963 1984 1018 Sacramen-

409 1070 516 1112 tum
544 1059 638 1113 hoc
663 1075 900 1129 magnum
925 1067 1018 1122 est,
1047 1073 1139 1125 ego
1164 1067 1332 1111 autem
1362 1057 1473 1110 dico
1515 1057 1569 1110 in
1613 1057 1810 1111 Christo
1847 1067 1892 1110 et
1927 1057 1983 1111 in

415 1148 677 1212 Ecclesia;
707 1151 820 1218 ipse
847 1149 1012 1202 Adam
1041 1140 1194 1210 dixit,
1217 1146 1434 1217 Propter
1453 1147 1549 1200 hoc
1567 1147 1809 1217 relinquet
1832 1148 1982 1200 homo

408 1249 617 1294 matrem
660 1249 704 1294 et
747 1249 969 1307 patrem,
997 1248 1045 1292 et
1088 1237 1360 1292 adluerebit
1400 1237 1545 1291 uxori
1588 1252 1730 1303 sum;
1763 1246 1810 1290 et
1834 1245 1982 1292 erant

407 1330 512 1384 duo
534 1330 586 1383 in
605 1346 758 1383 carne
779 1347 899 1382 una.
922 1328 1072 1398 Quod
1093 1337 1265 1382 tamen
1291 1329 1544 1382 Dominus
1558 1327 1712 1383 Jesus
1736 1328 1788 1382 in
1812 1328 1983 1383 Evan-

405 1419 550 1489 gelio
579 1419 740 1473 Deum
777 1418 977 1474 dixisse
1022 1427 1406 1472 commemorat
1436 1416 1649 1488 (Eplm.
1681 1433 1734 1482 ν,
1761 1419 1850 1483 3i,
1877 1417 1978 1484 52;

412 1506 538 1562 Gen.
573 1523 630 1574 tt,
660 1508 747 1572 24,
781 1519 830 1562 et
875 1505 1060 1560 Matth.
1103 1521 1221 1572 xxx,
1265 1507 1320 1572 4,
1359 1508 1413 1575 5)
1442 1507 1603 1576 :quia
1630 1507 1774 1562 Deus
1800 1509 1981 1577 utique

408 1611 506 1666 per
529 1595 799 1651 hominem
827 1595 980 1663 dixit,
1007 1597 1146 1666 quod
1191 1596 1351 1650 homo
1395 1597 1762 1667 prophetando
1791 1598 1981 1668 praedi-

410 1687 504 1740 xit.
531 1688 668 1754 Ergo
695 1703 813 1757 quae
857 1697 1151 1756 sequuntur
1193 1688 1432 1743 intuere:
1457 1707 1478 1742 ‹
1512 1689 1712 1752 Prima,
1742 1709 1761 1743 ι
1789 1690 1976 1759 inquit,

413 1796 432 1831 ι
461 1779 833 1847 appellatione,
875 1779 960 1834 cui
999 1779 1145 1848 Operi
1187 1789 1365 1848 parata
1410 1789 1576 1847 esset,
1617 1781 1871 1847 ostendit,
1925 1791 1980 1838 et

405 1867 541 1923 dixit
581 1887 594 1920 :
634 1867 848 1922 Crescite
885 1879 931 1922 et
974 1869 1408 1939 multiplicamini,
1438 1879 1482 1923 et
1512 1869 1698 1938 replete
1735 1879 1919 1924 terram
1951 1890 1973 1924 ι

405 1955 562 2026 (Ben.
596 1974 631 2022 ι,
675 1958 788 2028 28).
819 1958 948 2026 Quis
993 1959 1133 2013 enim
1183 1967 1420 2012 nostrum
1455 1970 1610 2032 negat
1633 1959 1707 2019 ad
1740 1976 1875 2031 opus
1895 1976 1982 2032 pa-

407 2045 576 2103 riendi
603 2062 633 2100 a
660 2048 886 2102 Domino
910 2048 1022 2102 Deo
1041 2056 1283 2102 creatore
1302 2049 1537 2103 omnium
1559 2049 1819 2106 bonorum
1837 2050 1978 2107 bono

408 2147 753 2204 praeparatam
783 2136 944 2191 fuisse
971 2137 1290 2192 mulierem?
1321 2137 1508 2194 Adhuc
1544 2139 1666 2195 vide
1707 2141 1832 2210 quid
1885 2141 1980 2196 ad-

401 2227 586 2296 iuugat
606 2222 664 2280 ζ’(
697 2227 832 2282 Deus
860 2227 1040 2297 igitur,
1067 2247 1087 2280 ι
1109 2229 1324 2299 inquit,t
1346 2231 1508 2285 maris
1527 2241 1734 2287 creator
1758 2241 1812 2287 et
1828 2233 1980 2288 femi-

407 2331 490 2368 nae
517 2316 884 2371 convenientia
911 2319 1344 2386 generatiOnibus
1365 2320 1600 2374 membra
1624 2319 1890 2384 formavit,
1923 2330 1978 2378 et

404 2405 544 2475 gigni
592 2421 816 2474 corpora
859 2406 928 2460 de
975 2407 1286 2476 corporibus
1323 2409 1617 2477 ordinavit;
1647 2426 1872 2481 quorum
1907 2421 1980 2466 ω.

405 2510 530 2549 meo
589 2493 888 2551 efﬁcientia:
945 2496 1180 2567 potentia
1248 2500 1570 2568 operationis
1633 2500 1914 2558 intervenit
1928 2503 1972 2569 ',

405 2599 564 2640 omne
591 2584 732 2654 quod
761 2600 842 2640 est
861 2601 923 2640 ea
945 2587 1326 2644 administrans
1341 2589 1534 2645 virtute
1557 2605 1662 2660 qua
1681 2591 1972 2648 condidit.»

409 2673 579 2730 Etiam
632 2665 739 2732 ὴοὲ
790 2691 910 2732 esse
957 2676 1275 2733 catholicum
1325 2679 1662 2736 conﬁtemur.
1719 2681 1788 2737 Et
1833 2681 1977 2754 quod

413 2767 606 2822 deinde
651 2767 971 2840 subiungit:
1005 2787 1027 2822 ι
1073 2769 1129 2825 Si
1176 2770 1356 2843 igitur.
1403 2790 1424 2826 ι
1483 2774 1672 2844 inquit,
1706 2792 1727 2827 ι
1763 2775 1976 2832 nonnisi

415 2873 510 2928 per
533 2873 718 2914 sexum
751 2860 910 2928 fetus,
942 2863 1152 2918 nonnisi
1195 2879 1290 2933 per
1323 2879 1518 2936 corpus
1552 2881 1734 2937 sexus,
1762 2870 1978 2928 nonnisi

405 2961 502 3014 per
529 2947 694 3002 Deum
732 2963 960 3037 corpus,
997 2951 1119 3022 quis
1169 2951 1406 3024 ambigat
1446 2954 1826 3037 fecunditatem
1866 2959 1976 3018 Deo

400 3034 524 3104 iure
546 3035 821 3106 reputari?
857 3055 878 3090 ι

479 3123 564 3179 l3.
598 3123 726 3179 Post
754 3125 868 3181 lucc
891 3143 1011 3198 quae
1030 3130 1288 3186 veraciter
1309 3141 1362 3187 et
1385 3133 1640 3192 catholico
1667 3137 1806 3194 dicta
1831 3150 1974 3210 sunt,

405 3215 516 3268 imo
541 3213 592 3269 in
620 3213 812 3272 divinis
838 3217 984 3272 libris
1010 3221 1269 3276 veraciter
1302 3221 1494 3294 scripta
1515 3265 1530 3292 ,
1561 3240 1664 3281 non
1691 3237 1868 3285 autem
1909 3232 1976 3289 ab

406 3310 510 3360 Isto
531 3305 786 3362 catholice
809 3308 947 3364 dicta
975 3319 1131 3378 sunt,
1157 3311 1280 3381 quia
1319 3305 1424 3368 non
1467 3315 1761 3376 intentione
1788 3323 1976 3378 Catho-

406 3395 491 3450 liei
523 3398 746 3465 pectoris
787 3397 926 3453 dicta
968 3409 1124 3467 sunt;
1163 3401 1274 3471 iam
1303 3413 1517 3474 propter
1541 3408 1679 3476 quod
1708 3424 1770 3466 ea
1797 3411 1974 3479 dixit,

407 3483 685 3556 Pelagiana
729 3497 780 3541 ct
809 3487 1126 3545 (Scelestiana
1169 3491 1384 3549 hasresis
1425 3495 1606 3566 incipit
1651 3499 1910 3558 introduci
1931 3503 1974 3559 ³.

407 3573 642 3644 Namque
666 3577 880 3632 attende
903 3579 1042 3648 quod
1064 3581 1302 3651 sequitur
1331 3598 1345 3636 :
1384 3602 1403 3636 ι
1441 3585 1519 3640 Tu
1547 3603 1692 3656 vero,
1731 3610 1750 3644 ι
1786 3593 1974 3663 inquit,

412 3681 434 3716 ε
467 3664 555 3734 qui
599 3665 768 3729 dicis,
800 3667 1011 3739 Easque
1053 3669 1120 3726 de
1165 3675 1470 3740 parentibus
1509 3679 1978 3753 qualibuscumque

407 3767 710 3824 nascantur,
743 3774 846 3812 non
877 3775 1130 3830 negamus
1154 3763 1328 3819 adhuc
1355 3781 1472 3822 esse
1499 3769 1599 3823 sub
1623 3770 1849 3837 diabolo,
1877 3775 1978 3830 nisi

405 3861 750 3903 renascantur
771 3851 820 3903 in
845 3850 1090 3906 Christo:
1111 3856 1329 3912 ostemde
1355 3872 1480 3928 ergo
1500 3874 1658 3925 nunc,
1677 3863 1799 3931 quid
1821 3880 1974 3920 suum

405 3937 647 3993 diabolus
669 3951 950 4009 cognoscat
975 3943 1024 3995 in
1069 3944 1280 3999 sexibus
1298 3987 1312 4010 ,
1345 3963 1440 4016 per
1465 3949 1605 4020 quod
1631 3951 1854 4008 [ιίιιςιιιιῐι
1879 3970 1976 4010 eo-

405 4040 547 4092 rum,
580 4035 638 4082 ut
663 4029 812 4093 dicis,
835 4029 955 4099 jure
997 4033 1282 4100 possideat.
1313 4035 1681 4096 Diversitalem
1711 4047 1977 4102 sexuum?

405 4114 508 4171 Sed
533 4116 645 4170 hare
675 4118 722 4172 in
751 4122 1060 4192 corporibus
1083 4134 1164 4178 est
1183 4167 1197 4190 ,
1222 4141 1339 4196 qum
1367 4129 1502 4184 Deus
1533 4129 1672 4186 fecit.
1703 4133 1976 4192 Commix-

405 4207 642 4262 tionem?
670 4210 772 4264 Sed
804 4227 906 4266 non
952 4215 1127 4270 minus
1170 4217 1551 4278 benedictionis
1577 4241 1732 4292 quam
1763 4225 1976 4283 institu-

407 4295 566 4351 tionis
610 4300 878 4371 privilegio
914 4303 1223 4360 vindicatur.
1256 4307 1368 4364 Vox
1409 4313 1550 4366 enim
1588 4315 1681 4369 Dei
1712 4325 1792 4370 est
1824 4335 1839 4372 :
1871 4319 1975 4373 Re-

406 4389 595 4460 linqnet
635 4394 782 4444 homo
826 4403 1016 4462 patrem
1057 4407 1104 4450 et
1151 4396 1392 4466 matrem,
1440 4415 1490 4456 et
1523 4406 1792 4462 adltwrcbtt
1831 4412 1978 4466 uxori

404 4494 549 4544 sua;
575 4489 622 4532 et
647 4489 789 4534 erum
829 4483 930 4535 duo
955 4485 1008 4539 in
1042 4501 1192 4540 carne
1231 4505 1349 4542 una.
1393 4472 1509 4546 véx
1540 4493 1628 4548 Dei
1667 4507 1748 4552 est
1781 4515 1794 4550 :
1826 4499 1976 4554 Cres-

404 4569 531 4636 cite,
575 4579 622 4623 et
664 4571 1100 4640 multiplicamini,
1150 4586 1194 4630 et
1235 4579 1420 4649 replete
1465 4591 1664 4638 terram.
1714 4590 1794 4642 An
1841 4589 1976 4646 forte

403 4658 571 4726 ipsam
603 4659 1016 4718 fecunditatem?
1041 4665 1146 4722 Sed
1174 4667 1284 4737 ipsa
1311 4678 1393 4724 est
1417 4670 1637 4728 instituti
1666 4691 1822 4731 causa
1849 4694 1977 4735 con-

397 4751 548 4822 iugii.
590 4771 610 4806 ι

342 4855 358 4878 ε
471 4840 698 4900 CAPUT
729 4841 792 4898 V.
821 4875 892 4885 —
920 4845 1007 4901 14.
1041 4846 1202 4904 Vides
1231 4848 1386 4920 igitur
1409 4855 1850 4923 quemadmodum
1877 4875 1974 4916 nos

400 4931 710 5004 interroget,
739 4935 865 5006 quid
895 4952 1046 4991 suum
1075 4939 1318 4995 diabolus
1343 4954 1628 5013 cognoscat
1657 4949 1707 5002 in
1737 4951 1970 5018 sexibus,

403 5037 497 5089 per
519 5025 658 5094 quod
687 5026 786 5080 suh
815 5027 906 5082 illo
941 5030 1082 5094 sint,
1125 5030 1216 5100 qtti
1259 5031 1326 5088 de
1371 5038 1674 5103 parentibus
1700 5043 1971 5110 qualibus-

399 5123 626 5182 ctunqttc
645 5129 952 5185 nascuntur,
972 5121 1070 5176 nisi
1090 5135 1431 5180 renascantur
1457 5127 1506 5182 in
1533 5128 1744 5184 Christo
1763 5150 1776 5186 :
1797 5144 1971 5190 utrunt

400 5199 758 5262 diversitatem
783 5224 1004 5266 sexuum
1027 5215 1264 5271 dicamus
1290 5217 1354 5271 ad
1375 5218 1639 5274 diabolmn
1665 5225 1928 5292 pertinere
1951 5268 1967 5294 ,

461 5377 482 5460 1
515 5381 1028 5460 233:.51-3irlsﬁae
1050 5391 1155 5460 ωδε·
1172 5387 1525 5460 ’,τθνοριιςιὶαηι-

459 5437 893 5518 :poten'tia
1041 5437 1327 5518 operationis
1352 5437 1621 5503 intervenit.
1661 5457 1829 5516 Abest,
1871 5458 1971 5518 Dei,

397 5501 812 5586 imagescr‘iptis,
835 5516 1023 5586 necqu
1050 5501 1082 5586 ξ
1101 5506 1224 5586 libro
1263 5521 1436 5586 quarto
1463 5501 1644 5586 .Qperis
1662 5501 1970 5586 inpavidi}

397 5525 426 5547 I
461 5525 812 5606 ιιωιιιιδανιῗιιδ,
835 5525 1023 5576 "culturi
1050 5525 1077 5554 Ξ
1101 5525 1224 5558 Iuno
1263 5525 1436 5618 illiill'w
1477 5525 1644 5574 aperis
1685 5525 1908 5586 lmpet'fec

396 5571 504 5638 cat.)-
516 5560 1163 5638 §_-‘_lfgqtnetsentienttatota
1179 5571 1241 5619 ab
1262 5572 1278 5638 i
1303 5573 1358 5620 lis
1375 5576 1536 5638 verbis
1553 5609 1567 5633 ,
1602 5586 1720 5638 nens
1743 5579 1908 5638 igitur.

464 5621 482 5650 ³
502 5619 728 5694 nonnulli
742 5629 869 5694 uss,
899 5622 1202 5687 Pelagianam
1224 5619 1273 5680 et
1291 5619 1874 5694 (eumsi-in"ia-£3565
1893 5619 1972 5692 in-

399 5678 511 5735 cipit
535 5680 616 5729 int;
630 5680 852 5732 oduccre.

1210 309 1299 366 DE
1337 307 1602 366 NUPTllS
1642 309 1728 365 ΕΤ
1768 309 2368 378 ευχευριεεεκτιλ,
2408 314 2464 369 S.
2509 310 2871 371 AUGUSTINI

3554 321 3652 378 ιιι

2088 434 2156 475 an
2183 421 2645 487 continuationem,
2686 439 2755 478 an
2782 427 2949 492 ipsam
2977 421 3370 482 fecunditatem.
3414 427 3656 500 Respon-

2086 507 2274 565 dcnms
2299 512 2493 580 itaque,
2512 511 2642 567 nihil
2671 512 2856 566 horum
2875 530 2888 566 :
2909 512 3030 584 quia
3058 523 3114 570 et
3132 513 3410 574 diversitas
3437 535 3657 578 maritim

2089 601 2314 668 pertinet
2341 602 2406 655 ad
2434 617 2557 658 vasa
2581 603 2904 674 gignentium
2924 644 2941 670 ,
2969 613 3028 660 et
3052 605 3324 677 utriusque
3353 611 3660 669 commixtio

2086 689 2151 744 ad
2173 690 2575 747 seminatinnem
2597 693 2823 762 pertinet
2853 694 3081 748 liliorum
3103 736 3120 761 ,
3148 705 3202 750 et
3227 697 3340 766 ipsa
3366 697 3662 758 fecunditas

2086 781 2152 835 ad
2177 781 2592 839 benedictionem
2616 785 2842 854 pertinet
2861 777 3180 854 nuptiarum.
3206 786 3330 842 litec
3348 799 3525 846 autem
3543 806 3662 846 om-

2087 873 2170 926 nia
2197 888 2262 928 cx
2291 874 2397 928 Deo
2428 890 2442 927 :
2473 874 2566 930 sed
2595 875 2695 930 iste
2733 876 2784 930 in
2814 875 2896 930 his
2918 877 3163 933 omnibus
3189 879 3355 934 noluit
3385 883 3659 938 nominare

2085 963 2562 1032 concupiscentiam
2589 963 2784 1030 carnis,
2812 981 2931 1034 qure
2960 981 3067 1020 non
3091 976 3174 1020 est
3201 981 3230 1020 a
3261 967 3436 1033 Patre,
3470 970 3564 1025 sed
3593 986 3656 1026 ex

2085 1051 2284 1106 mundo
2312 1063 2390 1106 est
2415 1052 2457 1123 (Ι
2480 1051 2637 1108 Ιοαη.
2665 1069 2703 1110 ιι
2723 1094 2738 1118 ,
2772 1053 2898 1125 16);
2929 1054 3080 1124 cujus
3107 1040 3286 1110 mundi
3311 1058 3554 1128 princeps
3575 1060 3658 1114 di-

2084 1151 2201 1196 ctus
2235 1147 2318 1195 est
2355 1140 2598 1196 diabolus
2627 1159 2642 1196 :
2675 1142 2764 1211 qui
2792 1156 2912 1198 eam
2940 1143 2992 1198 in
3022 1143 3246 1198 Domino
3285 1159 3388 1199 non
3417 1146 3620 1202 invenit
3642 1190 3658 1213 ,

2083 1229 2204 1298 quia
2231 1230 2482 1286 Dominus
2505 1231 2520 1262 ³
2551 1229 2713 1285 homo
2741 1247 2846 1286 non
2888 1246 2984 1302 per
3008 1232 3174 1302 ipsam
3200 1234 3266 1288 ad
3295 1234 3536 1292 homines
3565 1253 3660 1292 ve-

2085 1318 2162 1372 nit
2191 1333 2205 1368 :
2237 1317 2376 1372 unde
2403 1317 2531 1373 dicit
2553 1324 2714 1374 etiam
2756 1319 2902 1388 ipse,
2934 1319 3064 1376 Ecce
3091 1322 3218 1376 venit
3246 1325 3479 1396 princeps
3503 1325 3662 1396 hujus

2084 1406 2291 1472 mundi,
2321 1416 2371 1462 et
2397 1408 2450 1462 in
2475 1425 2554 1462 me
2581 1409 2708 1462 nihil
2733 1409 2957 1466 invenit’
2988 1411 3166 1482 (Joan.
3198 1429 3283 1468 xtv
3302 1455 3318 1479 ,
3348 1415 3442 1486 50)
3475 1433 3491 1470 :
3526 1418 3658 1473 nihil

2084 1496 2262 1565 utique
2287 1497 2504 1566 peccati,
2529 1511 2625 1552 nec
2651 1498 2792 1568 quod
2812 1513 2840 1551 a
2863 1510 3109 1555 nascente
3134 1501 3378 1568 trahitur,
3397 1519 3494 1559 nee
3513 1507 3656 1576 quod

2081 1599 2113 1640 a
2151 1587 2362 1642 vivente
2399 1586 2628 1641 additttr.
2663 1588 2807 1644 Hanc
2835 1589 2934 1643 iste
2973 1591 3142 1664 noluit
3185 1596 3459 1651 neminare
3488 1595 3542 1651 in
3572 1596 3656 1654 bis

2081 1678 2326 1732 omnibus
2343 1718 2360 1746 ,
2385 1693 2502 1748 qua:
2526 1681 2998 1747 commemoravit,
3031 1685 3358 1741 naturalibus
3381 1687 3568 1753 bouis,
3587 1690 3658 1746 de

2081 1780 2181 1835 qua
2201 1767 2360 1822 etiam
2387 1768 2582 1838 nuptiae
2601 1767 3014 1832 confunduntur,
3031 1787 3149 1841 qua:
3173 1771 3242 1828 de
3263 1774 3345 1828 his
3369 1775 3520 1831 bonis
3537 1792 3658 1832 om-

2082 1855 2234 1912 nibus
2256 1857 2564 1927 gloriantur.
2598 1859 2726 1915 Nam
2748 1875 2912 1931 quare
2941 1861 3068 1916 illud
3097 1879 3230 1934 opus
3252 1868 3652 1938 coniugatorum

2080 1945 2408 2002 subtrahitur
2429 1957 2484 2004 et
2504 1949 2847 2006 absconditur
2869 1952 3028 2006 etiam
3055 1953 3226 2009 oculis
3255 1955 3484 2013 filiorum
3502 1999 3520 2026 ,
3550 1961 3654 2016 nisi

2079 2036 2200 2106 quia
2224 2052 2328 2092 non
2351 2049 2571 2108 possunt
2597 2055 2717 2096 esse
2740 2041 2793 2096 in
2814 2041 3074 2098 laudanda
3099 2048 3476 2106 commixtione
3492 2091 3510 2116 ,
3538 2053 3656 2109 sine

2081 2126 2324 2197 pudenda
2351 2128 2605 2185 libidine?
2630 2130 2706 2186 De
2729 2129 2829 2186 hac
2851 2132 3176 2190 erubuerunt
3199 2137 3358 2192 etiam
3381 2139 3472 2210 qui
3499 2143 3653 2210 primi

2079 2215 2326 2287 pudenda
2359 2225 2606 2274 texerunt
2649 2219 2800 2293 (Gen.
2831 2237 2922 2288 ut,
2949 2223 3040 2292 7),
3079 2240 3198 2295 qua:
3223 2232 3370 2298 prius
3407 2230 3652 2300 pudenda

2078 2323 2186 2363 non
2217 2307 2461 2376 fuerunt,
2488 2310 2582 2366 sed
2623 2321 2868 2382 tanquam
2901 2314 2992 2370 Dei
3018 2330 3178 2385 Opera
3210 2319 3538 2387 praedicanda
3567 2334 3653 2378 at-

2078 2411 2182 2468 que
2204 2398 2475 2467 glorianda
2495 2399 2536 2452 ⁸.
2565 2399 2712 2456 Tunc
2737 2417 2864 2472 ergo
2891 2411 3168 2472 texerunt,
3191 2409 3402 2478 quando
3425 2412 3654 2469 erubue~

2077 2495 2248 2542 runt:
2281 2495 2407 2545 tunc
2440 2499 2618 2546 autem
2656 2491 3011 2558 erubuerunt,
3049 2497 3264 2566 quando
3303 2508 3422 2567 post
3460 2501 3650 2560 inobs-

2078 2576 2330 2633 dientiam
2367 2593 2518 2636 suam
2553 2581 2910 2640 inobedientia
2951 2587 3189 2642 membra
3228 2600 3526 2649 senserunt.
3573 2591 3654 2650 De

2079 2667 2180 2726 hac
2226 2670 2438 2727 erubuit
2491 2671 2650 2729 etiam
2705 2673 2804 2730 iste
2857 2673 3098 2732 laudator
3145 2695 3164 2736 :
3215 2688 3654 2743 commemoravit

2077 2758 2220 2816 enim
2271 2775 2500 2818 sexuum
2553 2763 2918 2821 diversitatem
2942 2805 2960 2833 ,
3013 2773 3448 2828 commemoravit
3497 2788 3650 2830 conr-

2079 2847 2418 2919 mixtionem,
2450 2854 2885 2910 commemoravit
2909 2854 3317 2926 fecunditatem;
3348 2861 3494 2919 illam
3522 2878 3652 2942 vero

2077 2954 2496 2999 commemorare
2523 2943 2907 3001 verecundatus
2945 2956 3048 3004 esu
3091 2946 3204 3005 Nec
3227 2951 3420 3007 mirum
3459 2953 3506 3010 si
3546 2969 3654 3027 pu-

2076 3030 2167 3088 det
2214 3032 2486 3090 laudantes
2507 3075 2524 3103 ,
2577 3035 2718 3107 quod
2765 3036 3006 3094 videmus
3052 3041 3197 3111 ipsos
3243 3041 3442 3112 pudere
3484 3062 3654 3118 gene-

2077 3132 2276 3179 rantes.

2151 3217 2237 3272 £5.
2268 3215 2376 3272 Sed
2405 3217 2675 3289 adiungit,
2717 3227 2772 3275 et
2798 3219 2928 3276 dicit
2957 3239 2974 3276 :
3009 3241 3030 3276 ι
3066 3222 3170 3280 Per
3194 3226 3320 3296 quid
3356 3227 3515 3299 igitur
3550 3231 3652 3288 sub

2078 3303 2288 3362 diabolo
2311 3316 2458 3372 sunt,
2477 3323 2610 3379 quos
2635 3309 2774 3366 Deus
2800 3310 2955 3368 fecit?
2982 3331 3004 3366 ι
3027 3311 3244 3385 Sibique
3268 3315 3429 3372 veluti
3456 3334 3524 3374 ex
3554 3335 3653 3374 no-

2078 3402 2188 3450 stra
2218 3411 2346 3453 voce
2374 3398 2694 3468 respondet:
2723 3417 2743 3453 t
2772 3400 2874 3456 Per
2901 3414 3197 3472 peceatum,
3227 3426 3246 3460 ι
3273 3407 3460 3478 inquit.
3493 3429 3513 3462 ι
3543 3426 3651 3466 non

2079 3499 2175 3554 per
2201 3497 2461 3541 naturam.
2499 3507 2520 3541 ι
2555 3489 2752 3545 Deinde
2789 3501 2984 3546 nostra:
3011 3497 3340 3564 responsioni
3366 3514 3517 3553 suam
3561 3515 3648 3556 re-

2080 3571 2260 3630 ferens
2290 3594 2304 3630 :
2341 3593 2361 3628 (
2397 3575 2501 3632 Sed
2529 3587 2708 3634 utnon
2729 3590 2922 3650 potest,
2961 3600 2983 3636 ι
3017 3584 3204 3654 inquit,
3241 3606 3261 3640 ι
3297 3588 3412 3643 sine
3437 3590 3655 3646 sexibus

2079 3677 2199 3719 esse
2227 3665 2379 3733 fetus,
2403 3667 2469 3720 ita
2497 3682 2596 3722 nec
2619 3669 2735 3724 sine
2763 3671 3032 3728 voluntate
3054 3673 3326 3731 delictum.
3355 3697 3376 3732 ι
3405 3678 3476 3733 lta
3502 3696 3650 3746 vero,

2079 3751 2149 3806 ita
2171 3763 2269 3808 est.
2299 3753 2388 3810 Sic
2413 3757 2554 3811 enim
2581 3775 2670 3828 per
2707 3775 2861 3813 unum
2887 3761 3136 3817 hominem
3169 3779 3428 3835 peccatum
3450 3771 3651 3827 intravit
3703 3831 3716 3844 ,

2077 3842 2132 3894 in
2161 3845 2424 3911 mundum,
2451 3855 2498 3899 et
2526 3864 2614 3915 per
2633 3859 2890 3917 peccatum
2919 3868 3090 3918 more;
3115 3868 3167 3908 et
3189 3857 3260 3909 ita
3284 3859 3338 3911 in
3367 3876 3536 3916 omnes
3559 3862 3654 3915 lto-

2081 3930 2238 3986 mines
2263 3935 2584 4003 pertransiit,
2615 3936 2668 3990 in
2703 3954 2803 4007 quo
2829 3955 2998 3994 omnes
3019 3955 3348 4012 peccaverant
3373 3949 3546 4018 (llam.
3579 3966 3609 4004 ν
3631 3991 3650 4016 ,

2081 4020 2192 4092 12).
2221 4021 2324 4078 Per
2351 4025 2506 4079 unius
2539 4026 2680 4081 illius
2703 4029 3028 4086 voluntatem
3061 4033 3250 4088 malam
3279 4049 3466 4092 omnes
3493 4037 3546 4093 in
3584 4055 3651 4096 eo

2081 4122 2450 4180 peccaverunt,
2477 4114 2686 4184 quando
2714 4132 2898 4173 oumes
2921 4119 3012 4176 ille
3040 4137 3176 4177 unus
3200 4123 3433 4200 fuerunt,
3459 4127 3526 4184 de
3546 4144 3652 4198 quo

2082 4213 2355 4274 propterea
2383 4205 2572 4276 singuli
2603 4217 2877 4276 peccatum
2907 4212 3160 4280 originale
3183 4220 3480 4272 traxerunt.
3515 4237 3535 4270 ι
3566 4220 3654 4274 Di-

2078 4293 2156 4346 cis
2184 4293 2344 4358 enim,
2387 4313 2405 4346 ι
2441 4294 2624 4366 inquit,
2664 4313 2684 4350 ι
2721 4297 2840 4353 ideo
2863 4298 2980 4354 illos
3007 4316 3126 4356 esse
3153 4303 3254 4358 sub
3276 4304 3508 4374 diabolo,
3529 4311 3650 4378 quia
3699 4337 3703 4340 ·

2078 4382 2146 4438 de
2188 4379 2346 4438 sexu‘s
2393 4387 2662 4456 utriusque
2700 4389 3078 4445 commixtione
3122 4404 3430 4450 nascuntur.
3469 4414 3490 4448 ο
3527 4399 3651 4454 Dico

2082 4473 2233 4542 plane
2251 4514 2267 4540 ,
2296 4484 2506 4544 propter
2533 4474 2782 4531 delictum
2809 4492 2902 4532 eos
2943 4493 3064 4534 esse
3107 4481 3209 4535 sub
3237 4482 3454 4540 diabolo
3483 4503 3498 4540 :
3529 4486 3653 4542 ideo

2079 4573 2254 4616 autem
2282 4573 2526 4634 expertes
2555 4581 2658 4620 non
2685 4581 2806 4624 esse
2828 4568 3026 4635 delicti,
3044 4571 3164 4640 quia
3191 4573 3260 4628 de
3283 4575 3370 4629 illa
3395 4577 3654 4634 commix-

2081 4653 2222 4706 tione
2247 4665 2372 4708 sunt
2399 4656 2530 4720 nati,
2549 4673 2667 4725 quae
2692 4658 2808 4712 sine
2829 4657 3070 4727 pudenda
3101 4661 3320 4719 libidine
3346 4680 3450 4719 non
3478 4676 3654 4736 potest

2078 4742 2236 4794 etiam
2254 4742 2392 4811 quod
2413 4743 2692 4798 honestum
2714 4755 2795 4800 est
2815 4749 3044 4818 operari.
3064 4749 3206 4805 Dixit
3227 4752 3327 4806 hoc
3345 4755 3503 4809 etiam
3526 4757 3651 4812 bea-

2081 4829 2295 4884 tissima:
2323 4834 2595 4888 memoria:
2631 4835 2946 4891 Ambrosius
2974 4838 3222 4894 Ecclesia:
3245 4841 3653 4901 Mediolanensis

2077 4923 2390 4992 cpiscopus,
2418 4939 2536 4979 cum
2563 4925 2758 4980 Christi
2785 4929 3050 4984 carnalem
3079 4932 3402 4989 nativitatem
3432 4937 3551 4992 ideo
3571 4939 3646 4992 di-

2077 5021 2223 5065 ceret
2247 5023 2516 5081 expcrtem
2543 5029 2662 5070 esse
2689 5015 2890 5082 delicti,
2908 5019 3030 5088 quia
3059 5032 3347 5092 conceptus
3373 5026 3490 5096 eius
3517 5029 3651 5083 utri-

2078 5116 2246 5171 usque
2273 5116 2430 5156 sexus
2459 5105 2850 5162 commixtionis
2877 5117 2958 5162 est
2983 5124 3206 5178 expers;
3239 5114 3441 5170 nullmn
3473 5129 3650 5174 autem

2079 5189 2350 5246 hominum
2377 5208 2496 5247 esse
2536 5195 2870 5251 sinc‘delicto
2889 5238 2905 5263 ,
2931 5199 3021 5270 qui
3048 5200 3115 5256 de
3141 5201 3228 5257 illa
3273 5207 3653 5266 conmiixtione‘

2077 5292 2365 5352 (:(tttCt'llluS
2386 5285 2472 5338 sit.
2499 5283 2628 5340 Nam
2654 5286 2768 5356 eius
2797 5289 2958 5344 verba
2990 5291 3088 5346 ista
3113 5303 3274 5350 sunt:
3301 5313 3320 5346 ι
3349 5294 3493 5362 ldeo,
3525 5316 3544 5350 ι
3571 5301 3652 5356 in-

2077 5373 2222 5440 quit,
2259 5389 2280 5424 c
2315 5382 2368 5427 et
2391 5375 2542 5444 quasi
2589 5375 2748 5430 homo
2776 5393 2872 5447 per
2900 5381 3145 5438 universa
3175 5392 3408 5442 tentatus
3451 5399 3536 5446 est
3557 5432 3570 5455 ,
3599 5401 3652 5448 et

2144 5524 2162 5594 ξ
2192 5527 2546 5594 antiquissumis
2567 5530 2764 5594 Benign.
2787 5536 2892 5594 us,
2928 5540 3071 5586 Deus.

2143 5588 2162 5618 ³
2196 5586 2283 5635 Sull
2307 5586 2568 5647 i'et'c'editi,
2587 5586 2804 5642 inminet.

2127 5647 2164 5727 :’
2180 5647 2367 5727 Jt‘lures.
2389 5649 2832 5727 sedlreeeutiqres.
2859 5660 2982 5716 Mss,
3006 5655 3251 5710 laudantia
3289 5666 3430 5726 atque
3470 5661 3650 5727 ρτωόὲο

2015 5750 2033 5757 -
2075 5708 2254 5775 ¹ιαίεάιι,
2279 5722 2436 5772 mtsw,
2454 5717 2588 5774 atque
2611 5712 2880 5775 glorianda.

3694 1603 3706 1671 i
