4034 6182
305 322 407 382 443

303 439 357 495 lu
400 431 750 491 similitudine
773 430 1047 486 hominum
1077 432 1264 481 cuncta
1293 416 1540 476 sustinuit
1569 431 1584 469 :
1617 412 1710 468 sed
1736 407 1886 480 quasi

302 530 370 587 de
394 527 586 598 spiritu
630 533 785 579 natus
804 562 819 587 ,
850 519 1104 575 abstinuit
1132 532 1161 570 a
1193 519 1411 584 peccato
1439 505 1623 583 (Hebr.
1652 518 1705 558 tv
1724 543 1738 567 ,
1770 497 1884 569 15).

301 597 487 678 Omnis
513 616 654 672 enim
685 614 848 669 homo
892 609 1115 665 mendax
1147 604 1320 676 (Paul.
1348 616 1449 656 ειν
1468 640 1486 666 ,
1509 597 1568 666 2)
1588 636 1605 661 ,
1635 604 1688 647 ct
1729 604 1888 644 nemo

300 714 418 768 sine
445 715 698 778 peccato,
729 705 825 757 nisi
856 716 994 757 unus
1022 700 1180 753 Dens.
1210 694 1490 749 Servatum
1521 695 1603 741 est
1630 685 1822 750 igitur,
1864 698 1882 730 ι

304 801 506 870 lnquit,
547 817 566 850 ι
596 808 650 850 ιιι
677 811 740 849 ex
771 793 884 846 viro
914 801 964 845 et
992 789 1213 844 muliere
1233 827 1248 849 ,
1280 784 1329 837 id
1352 790 1435 837 est
1454 822 1466 840 ,
1493 794 1585 846 per
1611 775 1751 829 illam
1773 786 1891 823 coro

305 907 495 965 parum
530 884 966 943 commixtionem
995 893 1152 934 nemo
1178 875 1420 934 videatur
1445 879 1637 935 expers
1657 877 1776 917 esse
1796 861 1891 913 de-

306 953 436 1037 lit-ti.
467 980 567 1045 Qui
597 985 775 1030 autem
804 985 1004 1041 expers
1032 976 1116 1022 est
1143 963 1356 1026 delicti,
1387 972 1579 1027 expers
1607 961 1690 1009 est
1729 953 1889 1006 etiam

307 1069 611 1141 hnjusmodi
638 1063 1003 1133 conceptionis
1029 1059 1128 1129 (a).
1157 1076 1177 1110 ι
1212 1051 1475 1122 Numquid
1504 1046 1662 1101 etiam
1690 1044 1848 1095 istum
1873 1077 1888 1100 ,

307 1183 340 1219 ι)
355 1161 565 1232 Pelagia
575 1159 625 1213 ni
642 1170 691 1211 et
708 1151 1037 1217 lecstiani,
1052 1127 1311 1203 audebitis
1329 1144 1509 1197 dicere
1522 1127 1893 1191 Maniehu‘um?

307 1253 449 1326 quod
476 1228 600 1305 enm
643 1247 850 1303 dicebat
876 1259 996 1299 esse
1021 1237 1331 1296 Jovinianus
1358 1230 1639 1287 hu‘rcticus
1659 1265 1673 1287 ,
1705 1228 1891 1276 contra

260 1394 266 1400 .
310 1345 462 1415 cujus
486 1341 815 1410 impietatem
842 1336 923 1389 vir
965 1334 1054 1389 ille
1095 1339 1312 1386 sanctus
1337 1323 1495 1379 etiam
1542 1324 1658 1388 post
1683 1319 1891 1381 partum

313 1400 717 1506 permanentem
744 1426 1098 1494 virginitatem
1128 1425 1326 1474 sancta:
1357 1411 1534 1468 Maria:
1558 1400 1893 1460 defendebat.

311 1524 367 1582 Si
389 1538 515 1593 ergo
537 1521 686 1575 illum
708 1515 1054 1574 Manichaeum
1073 1510 1250 1566 dicere
1274 1521 1377 1559 non
1400 1498 1638 1557 audetis;
1658 1507 1754 1548 nos
1774 1504 1895 1544 cum

285 1601 289 1605 ’
316 1615 366 1672 in
389 1613 579 1671 eadem
601 1625 781 1674 causa,
800 1606 985 1662 eadem
1008 1600 1270 1658 sententia
1294 1595 1449 1650 (idem
1472 1587 1784 1645 catholicam
1804 1582 1898 1636 dc-

319 1704 597 1761 l'endamns
616 1745 632 1769 ,
670 1717 764 1756 cur
790 1698 963 1754 dicitis
989 1689 1345 1750 Manichacus?
1375 1690 1479 1740 Ant
1506 1683 1549 1738 si
1574 1689 1629 1736 et
1657 1681 1800 1732 illum
1832 1674 1896 1728 ιι.

317 1794 648 1851 delissimnm
676 1795 843 1845 virum
873 1790 973 1841 hoc
1001 1782 1290 1840 secundum
1317 1775 1635 1833 Manichazos
1659 1767 1899 1836 sapuisse

316 1883 548 1957 iactatis,
578 1882 791 1951 iactate,
817 1881 1030 1947 jactute,
1063 1882 1120 1929 ut
1147 1883 1446 1927 mensuram
1484 1859 1745 1919 Joviniani
1774 1870 1898 1926 per.

320 1952 505 2035 lectius
527 1978 543 2009 ί
575 1972 837 2043 impleatis
860 1989 875 2025 :
899 1984 995 2023 nos
1014 1984 1134 2023 cum
1163 1966 1255 2020 illo
1281 1961 1495 2017 homine
1521 1955 1613 2011 Dei
1641 1952 1902 2023 patienter

320 2075 495 2123 vestra
516 2064 792 2119 maledicta
813 2069 866 2115 et
884 2057 1119 2114 convicia
1141 2053 1483 2109 sustinemus.
1507 2046 1574 2100 Et
1594 2053 1769 2096 tamen
1791 2037 1902 2090 hrc-

322 2155 619 2214 resiarches
634 2161 809 2207 vester
826 2147 1066 2218 Pelagius
1084 2144 1243 2198 [idem
1261 2148 1312 2195 et
1330 2136 1667 2209 purissimum
1691 2129 1743 2184 in
1759 2124 1903 2181 Scri-

324 2248 493 2320 pluris
517 2259 729 2301 sensum
757 2242 833 2296 sic
858 2215 1038 2294 laudat
1065 2231 1363 2295 Ambrosii,
1395 2236 1455 2282 ut
1482 2225 1653 2287 dicat,
1686 2234 1753 2274 ne
1796 2215 1900 2271 ini-

256 2342 519 2405 s-micum
563 2336 773 2408 quidem
804 2346 989 2387 ausum
1013 2342 1134 2384 esse
1177 2318 1584 2393 reprehendere.
1612 2314 1728 2381 Quo
1771 2321 1901 2377 ergo

326 2398 595 2504 progressi
635 2424 841 2481 fueritis
882 2418 1171 2482 attendite,
1202 2424 1254 2470 et
1282 2429 1377 2465 vos
1418 2409 1484 2463 ab
1511 2404 1727 2460 ausibus
1753 2398 1903 2454 Jovi-

327 2489 467 2578 niani
496 2516 710 2574 tandem
748 2510 1030 2583 aliquando
1058 2507 1322 2565 cohibete.
1350 2498 1602 2568 Quamvis
1630 2494 1716 2549 ille
1746 2489 1905 2544 nimis

330 2611 593 2670 laudando
621 2607 828 2678 nuptias
847 2647 863 2671 ,
890 2613 1085 2659 sanctae
1111 2600 1229 2654 illas
1255 2592 1538 2665 virginitati
1569 2583 1902 2655 adaequavit;

329 2719 381 2765 et
405 2717 580 2763 tamen
605 2702 903 2774 nuptiarum
933 2680 1188 2751 fructibus
1216 2690 1284 2743 ab
1306 2698 1457 2741 utero
1483 2683 1640 2736 etiam
1672 2672 1905 2733 recenti-

332 2802 429 2856 bus
453 2768 724 2856 Christum
753 2792 1069 2847 salvatorem
1099 2794 1155 2842 et
1195 2782 1261 2837 de
1291 2784 1551 2851 potestate
1578 2768 1772 2826 diaboli
1815 2781 1905 2820 re-

332 2892 660 2960 demptorem
690 2880 1045 2939 necessarium
1089 2875 1205 2930 non'
1224 2868 1437 2941 negavit
1468 2884 1481 2920 :
1514 2861 1655 2935 quod
1682 2871 1780 2913 vos
1809 2870 1907 2909 ne-

333 2949 496 3052 gatis;
514 2988 568 3034 et
592 2976 712 3047 quia
736 2971 885 3027 vobis
907 2982 1002 3039 pro
1021 2979 1204 3022 eorum
1229 2960 1418 3022 salute,
1437 2954 1526 3025 qui
1553 2949 1787 3006 nondum
1805 2956 1909 3014 pro

335 3035 559 3141 zeloqni
590 3035 841 3140 possunt,
885 3035 937 3118 et
966 3074 1061 3131 pro
1088 3055 1208 3112 fidei
1238 3049 1513 3108 catholicae
1552 3035 1910 3141 i‘undamentis

336 3128 634 3221 resistimus
653 3200 669 3224 ,
694 3128 1013 3212 Manichacus
1037 3162 1134 3203 nos
1158 3157 1278 3201 esse
1301 3136 1527 3211 jactatis.
1560 3128 1667 3187 Sed
1692 3131 1801 3197 jam
1827 3138 1913 3177 se»

338 3253 548 3327 quentia
576 3248 872 3303 videamus.

407 3303 634 3400 Edi’UT
663 3337 753 3392 Vl.
782 3364 853 3377 --
883 3331 967 3387 iii.
1002 3328 1206 3383 Rursus
1238 3322 1433 3393 quippe
1470 3316 1802 3380 interrogans
1829 3303 1911 3400 di:

342 3440 410 3495 rit
441 3455 455 3490 τ
492 3455 511 3486 ι
549 3433 717 3502 Quem
744 3428 903 3498 igitur
946 3419 1283 3494 parvulorum
1311 3406 1582 3467 conﬁteris
1601 3393 1916 3455 auctorem?

348 3530 510 3582 Deum
538 3536 717 3578 verum
734 3506 800 3573 ἳί
822 3509 1139 3580 Respondeo
1156 3508 1201 3572 ³,
1223 3524 1243 3554 ι
1265 3504 1428 3557 Deum
1444 3508 1647 3551 verum.
1673 3509 1693 3540 ι
1715 3487 1918 3578 Deinde

345 3613 612 3685 sulijnngit
643 3629 655 3665 :
695 3628 713 3662 ι
750 3605 853 3662 Sed
891 3564 1085 3657 malum
1115 3564 1201 3649 ille
1242 3606 1348 3647 non
1392 3587 1537 3642 fecit.
1576 3602 1595 3635 ι
1630 3582 1707 3636 Ac
1732 3564 1931 3632 rursus’

348 3667 670 3774 interrogat,
709 3718 728 3752 ι
767 3711 940 3753 utrum
970 3688 1236 3746 diabolum
1282 3679 1631 3759 parvulorum.
1662 3667 1921 3726 confitea-

350 3815 468 3855 mnr
496 3804 787 3850 auctorem.
824 3806 843 3840 ι
879 3771 1529 3849 Rnrsusqne'respondet,
1567 3784 1585 3818 ι
1619 3761 1724 3819 Sed
1767 3767 1922 3813 natu-

352 3908 463 3947 ram
493 3885 723 3944 hominis
748 3883 859 3951 ipse
900 3891 1004 3931 non
1032 3868 1288 3928 condidit.
1328 3884 1347 3917 ι
1385 3859 1582 3916 Deinde
1613 3854 1762 3926 quasi
1790 3864 1924 3906 con-

354 3981 517 4038 cludit
554 3988 711 4046 atque
736 3939 935 4026 infert:
975 3983 995 4018 ι
1031 3963 1086 4019 Si
1133 3959 1268 4014 mala
1296 3951 1640 4011 commixtio,
1671 3939 1927 3999 deformis

356 4085 409 4131 et
432 4031 665 4129 conditio
692 4074 973 4131 corporum
995 4099 1009 4122 ,
1047 4065 1101 4110 et
1143 4051 1263 4107 ideo
1288 4059 1508 4114 corpora
1536 4052 1746 4110 quoque
1787 4031 1929 4086 malo

358 4181 387 4218 a
417 4175 467 4217 te
490 4126 809 4227 deputantur
847 4147 1068 4203 auctori.
1108 4163 1126 4196 ι
1162 4141 1255 4198 Cui
1295 4133 1593 4205 respondeo
1626 4147 1640 4183 :
1672 4126 1807 4182 Malo
1832 4138 1930 4176 au-

361 4253 492 4308 ctori
522 4226 627 4303 non
656 4245 851 4311 deputo
875 4252 1121 4306 corpora,
1152 4230 1244 4287 sed
1275 4226 1488 4283 delicta,
1520 4232 1744 4290 quorum
1772 4226 1931 4268 causa

364 4344 555 4398 factum
584 4347 666 4392 est
690 4344 747 4388 ut
772 4346 890 4385 eum
915 4329 968 4383 in
992 4322 1323 4393 corporibus,
1352 4316 1453 4370 hoc
1478 4322 1578 4372 est,
1608 4311 1659 4361 in
1692 4306 1779 4359 Dei
1807 4316 1935 4371 ope-

328 4408 340 4477 Ῠ
364 4434 529 4489 ribus,
560 4433 726 4481 totum
752 4421 1006 4492 placeret,
1035 4411 1297 4467 accideret
1325 4414 1499 4459 tamen
1527 4396 1760 4452 masculo
1787 4400 1838 4445 et
1861 4389 1938 4443 fe-

314 4516 319 4522 ’
368 4522 521 4576 minae
549 4513 687 4587 quod
720 4508 972 4579 puderet;
1006 4511 1063 4556 nt
1098 4516 1202 4554 non
1252 4502 1397 4549 esset
1437 4484 1743 4545 commixtio
1770 4479 1940 4550 qualis

1507 4576 1521 4587 _
1658 4574 1672 4587 _
1863 4567 1906 4587 ,-

368 4626 485 4667 esse
524 4567 694 4677 potuit
720 4603 771 4653 in
815 4608 1040 4663 corpore
1079 4590 1198 4642 vit:e
1226 4584 1366 4638 illius
1386 4624 1398 4640 .
1430 4576 1523 4632 sed
1553 4574 1762 4645 qualem
1791 4567 1939 4622 vide-

370 4715 488 4758 tuus
526 4660 904 4752 erulnascentes
945 4685 997 4737 in
1041 4691 1264 4747 corpore
1301 4669 1490 4725 mortis
1534 4665 1708 4733 hujus.
1746 4678 1767 4712 ι
1806 4660 1942 4712 Dens

372 4806 520 4854 vero,
558 4806 578 4839 ›
613 4781 800 4849 inquit,
838 4795 857 4828 ι
894 4772 1074 4830 divisit
1101 4770 1152 4822 in
1183 4780 1337 4830 sexu,
1367 4758 1507 4830 quod
1552 4756 1604 4810 in
1635 4749 1945 4822 operatione

372 4849 734 4949 coniungeret.
767 4869 845 4924 Ab
873 4867 989 4934 ipso
1032 4861 1190 4930 igitur
1234 4849 1539 4910 commixtio
1566 4855 1847 4912 corporum
1868 4879 1883 4903 ,
1916 4852 1945 4890 a

375 4930 490 5044 quod
504 4978 585 5024 est
610 4965 758 5032 origo
797 4968 1099 5026 corporum.
1135 4966 1151 5000 ι
1189 4946 1304 5000 Jam
1346 4954 1502 5008 supra
1533 4930 1907 5002 respondimus
1930 4967 1945 4989 ,

983 5042 994 5044 ’
1184 5035 1196 5044 ⁵
1233 5035 1264 5044 “’
1307 5042 1314 5044 Α
1501 5041 1553 5044 -κ-
1590 5020 1945 5044 --Α-..1..........υ.

378 5020 489 5117 lizec
511 5074 573 5112 ex
604 5020 713 5108 lict;
736 5063 884 5109 esse;
906 5042 999 5097 sed
1030 5055 1134 5095 non
1166 5035 1433 5089 delictum.
1457 5041 1560 5080 non
1590 5020 1947 5077 membrorum

380 5144 788 5207 inohedienliam
820 5152 915 5207 per
953 5130 1130 5187 carnis
1157 5117 1635 5189 concupiscentiam
1659 5155 1673 5178 ,
1700 5124 1817 5181 quae
1848 5122 1951 5161 non

380 5254 459 5300 est
480 5258 506 5292 a
529 5238 708 5293 Patre.
733 5204 930 5284 Deinde
959 5224 1085 5277 dicit
1109 5237 1122 5271 :
1153 5237 1169 5269 ι
1198 5216 1300 5271 Tot
1326 5227 1450 5281 ergo
1472 5221 1648 5262 rerum
1673 5204 1951 5260 bonarum,

381 5333 432 5388 id
460 5339 563 5393 est,
585 5335 891 5392 corporum,
923 5325 1163 5371 sexuum,
1197 5301 1621 5372 conjunctionum
1654 5292 1823 5346 malos
1845 5289 1956 5342 fru-

385 5436 498 5478 ctus
523 5431 644 5472 esse
674 5380 777 5467 non
810 5421 982 5478 posse,
1002 5416 1100 5455 nec
1126 5397 1368 5451 homines
1393 5392 1462 5445 ob
1490 5389 1591 5442 hoc
1620 5400 1651 5440 a
1683 5385 1792 5439 Deo
1822 5380 1955 5444 fieri,

453 5554 470 5585 ι
509 5548 697 5608 Aliquot
715 5553 819 5593 uss.
838 5540 1082 5608 omittunt,
1094 5527 1364 5608 perfectius.
1385 5525 1563 5608 :Acujus
1583 5521 1690 5573 loco
1713 5517 1963 5583 Beuignia-

390 5627 481 5666 nus
507 5591 739 5672 ili-iitum
756 5591 1009 5672 erogitare
1032 5591 1196 5654 habet,
1214 5591 1437 5650 delectus.

457 5661 475 5706 ἶ
510 5661 635 5732 7ptui
661 5678 700 5716 ιλ
722 5682 766 5714 v.
799 5661 1069 5732 rependet.

455 5738 523 5808 (ιι)
548 5730 651 5781 km:
678 5732 831 5778 maius
857 5730 899 5774 LI
927 5732 1100 5771 lanam.

1665 295 1866 355 LlBl-ZR
1903 289 2275 349 SECUNDUS.

3470 283 3576 341 ιιο

1994 411 2050 455 ιιι
2075 416 2105 455 a
2134 400 2364 465 diabolo,
2393 398 2529 454 sicut
2555 395 2709 465 dicis,
2748 414 2768 450 ι
2802 395 2989 468 inquit,
3027 413 3047 448 ι
3083 392 3323 464 legitimo
3344 376 3463 463 jure
3490 402 3573 448 te.

1993 501 2239 548 urantur.
2280 511 2299 543 ι
2332 489 2447 545 .lam
2495 489 2690 543 dictum
2738 497 2859 554 est,
2898 500 3006 540 non
3055 501 3149 541 eos
3196 484 3316 538 ideo
3364 478 3573 544 teucri,

1993 585 2117 652 quia
2161 580 2405 636 homines
2444 587 2603 641 sunt,
2647 576 2788 648 quod
2829 585 3047 631 naturar
3069 589 3262 630 nomen
3307 580 3430 637 est,
3476 587 3577 628 Cll--

1990 672 2077 742 jus
2123 679 2308 725 auctor
2352 668 2593 723 diabolus
2634 682 2743 722 non
2789 675 2908 730 est;
2957 665 3051 720 sed
3099 665 3221 735 quia
3248 671 3578 733 peccatores

1995 771 2156 828 sunt,
2201 760 2341 831 quod
2384 760 2553 829 culpae
2597 773 2793 813 nomen
2837 764 2956 826 est,
2999 756 3153 827 cujus
3194 753 3437 809 diabolus
3478 769 3578 808 att-

1995 863 2111 910 οισι·
2138 862 2217 906 ΡΜ
2228 892 2237 903 .

2066 941 2289 998 CAPUT
2322 940 2431 996 VII.
2462 969 2535 981 —
2564 940 2649 996 l7.
2679 938 2783 994 Sed
2812 937 2950 992 inter
2971 944 3053 992 tot
3076 934 3291 991 nomina
3318 935 3575 988 bonarum

1998 1047 2174 1085 rerum
2196 1073 2209 1095 ,
2242 1030 2295 1084 id
2323 1040 2438 1094 est,
2468 1044 2750 1098 corporum
2770 1069 2783 1089 ,
2813 1041 3032 1081 sexuum
3055 1067 3070 1089 ,
3100 1025 3538 1092 conjunctionum
3556 1062 3572 1087 .

1998 1120 2270 1174 libidinem
2308 1119 2393 1172 vel
2423 1117 2901 1185 concupiscentiam
2929 1115 3105 1168 carnis
3130 1114 3230 1167 iste
3270 1126 3372 1167 non
3401 1111 3579 1166 nomi-

1997 1217 2108 1263 nat.
2137 1208 2320 1276 Tacet,
2347 1202 2469 1277 quia
2494 1206 2656 1277 pudet
2684 1218 2699 1259 ε
2729 1214 2782 1260 et
2806 1204 2938 1259 mira
2970 1201 3035 1274 (si
3064 1201 3167 1256 diei
3196 1199 3386 1272 potest)
3415 1201 3579 1270 pudo-

2000 1300 2074 1355 ris
2117 1298 2479 1368 imprudentia,
2505 1297 2645 1367 quod
2678 1296 2955 1350 nominare
2992 1292 3189 1364 pudet,
3233 1290 3447 1346 laudare
3472 1305 3580 1345 non

2002 1389 2181 1459 pudet.
2207 1390 2445 1457 Denique
2474 1387 2595 1441 vide
2615 1428 2628 1449 ,
2656 1383 3100 1456 quemadmodum
3135 1382 3303 1451 magis
3324 1394 3442 1436 eam
3470 1381 3581 1435 cir-

2002 1477 2390 1547 cumloquendo
2407 1477 2653 1531 maluerit
2667 1473 2982 1545 signiﬁcare,
3002 1487 3158 1541 quam
3175 1471 3374 1525 dicere.
3396 1485 3417 1519 ι
3436 1468 3582 1523 Post-

2001 1584 2160 1639 quam
2188 1578 2361 1621 autem
2389 1566 2490 1627 vir.
2533 1586 2552 1618 ι
2587 1566 2774 1633 inquit,
2811 1583 2831 1615 ι
2868 1562 3091 1617 naturali
3121 1562 3356 1631 appetitu
3381 1571 3583 1628 cogno-

2007 1662 2077 1714 vit
2102 1674 2339 1713 uxorem.
2381 1678 2398 1708 ι
2436 1657 2574 1712 Ecce
2601 1658 2790 1709 iterum
2821 1654 3001 1710 dicere
3027 1651 3215 1717 noluit,
3241 1649 3428 1704 Carnis
3452 1663 3583 1703 con-

2003 1752 2325 1821 cupiscentia
2356 1749 2606 1819 cognovit
2632 1760 2886 1809 uxorem;
2917 1743 3010 1800 sed
3032 1784 3046 1805 ,
3081 1759 3100 1793 ι
3141 1740 3400 1801 naturali,
3440 1757 3457 1790 ι
3495 1738 3583 1791 io-

2004 1842 2150 1911 quit,
2186 1858 2206 1888 c
2245 1840 2476 1908 appetitu
2511 1856 2524 1891 :
2564 1856 2583 1890 ι
2617 1836 2707 1890 ubi
2751 1835 2924 1889 adhuc
2970 1846 3249 1903 possumus
3293 1830 3584 1898 intelligere

2006 1933 2174 2003 ipsam
2199 1930 2525 1996 voluntatem
2564 1929 2758 1997 justam
2785 1937 2838 1981 et
2865 1926 3142 1981 honestam
3162 1964 3177 1989 ,
3203 1937 3305 1993 qua
3330 1922 3492 1975 voluit
3518 1923 3583 1975 li-

2007 2023 2106 2077 lios
2145 2036 2461 2090 procreare;
2492 2034 2597 2072 non
2639 2019 2780 2073 illam
2808 2017 3116 2079 libidinem,
3158 2013 3224 2068 de
3247 2028 3347 2082 qua
3378 2011 3478 2066 iste
3503 2011 3584 2067 sic

2005 2111 2293 2173 erubescit,
2324 2120 2375 2164 ut
2404 2109 2650 2179 ambigue
2672 2109 2688 2140 ⁸
2720 2108 2874 2162 nobis
2900 2105 3041 2173 loqui
3073 2103 3242 2166 malit,
3272 2115 3428 2170 quam
3455 2114 3584 2170 per-

2006 2203 2187 2271 spicue
2210 2201 2350 2272 quod
2377 2202 2538 2255 sentit
2556 2199 2874 2268 exprimere.
2907 2196 3044 2262 Quid
3070 2204 3154 2250 est
3185 2212 3205 2245 ι
3243 2192 3464 2247 naturali
3491 2206 3587 2260 ap-

2008 2295 2209 2364 petitu?
2247 2313 2267 2347 ι
2302 2295 2493 2348 Annon
2519 2301 2573 2348 et
2598 2292 2731 2347 velle
2753 2305 2875 2347 esse
2916 2290 3120 2344 salvum
3141 2328 3156 2351 ,
3184 2295 3240 2342 et
3263 2280 3399 2340 velle
3431 2283 3587 2355 ipsos

2007 2389 2311 2455 suscipere,
2340 2386 2543 2440 nutrire
2562 2426 2576 2447 ,
2605 2383 2819 2438 erudire
2832 2381 2975 2436 .illios
2993 2421 3008 2445 ,
3034 2378 3287 2434 naturalis
3319 2385 3398 2429 est
3421 2390 3586 2443 appe-

2009 2479 2168 2544 titus,
2201 2478 2446 2546 idemque
2471 2476 2692 2531 rationis
2715 2483 2832 2537 est,
2875 2488 2981 2527 non
3027 2467 3296 2525 libidinis?
3333 2466 3438 2521 Sed
3462 2458 3588 2536 quia

2010 2567 2168 2638 hujus
2207 2570 2451 2624 novimus
2477 2566 2823 2621 intentionem
2845 2605 2860 2630 ,
2901 2561 3022 2616 ideo
3049 2574 3155 2614 non
3179 2572 3301 2614 eum
3341 2564 3591 2625 putamus

2010 2658 2092 2714 his
2117 2659 2293 2714 verbis
2310 2700 2324 2721 ,
2357 2658 2454 2711 nisi
2483 2656 2757 2712 libidinem
2786 2652 3146 2707 membrorum
3175 2646 3483 2717 genitalium
3509 2644 3590 2698 si-

2009 2751 2258 2822 gniﬁcare
2277 2748 2531 2802 voluisse.
2554 2746 2739 2802 Nonne
2762 2744 2851 2798 tibi
2882 2742 3125 2797 videntur
3146 2739 3262 2793 h:ec
3282 2737 3440 2791 verba
3465 2735 3588 2790 folia

2009 2857 2130 2899 esse
2156 2842 2377 2896 ﬁculnea
2398 2842 2454 2897 '.
2484 2838 2583 2892 sub
2607 2837 2795 2906 quibus
2816 2835 2971 2895 latet,
2999 2830 3123 2901 quid
3145 2828 3285 2884 aliud
3305 2869 3321 2892 ,
3350 2841 3507 2895 quam
3535 2824 3591 2880 id

2011 2933 2152 3004 quod
2181 2932 2377 3001 pudet?
2408 2932 2480 2986 ita
2503 2930 2698 2998 quippe
2724 2928 2824 2981 iste
2852 2924 2953 2980 sibi
2979 2918 3466 2977 circumlocutionis
3492 2915 3593 2971 hu-

2008 3025 2095 3094 jus
2119 3022 2389 3079 obstacula
2408 3061 2425 3087 ,
2453 3021 2590 3075 sicut
2613 3018 2689 3073 illi
2712 3013 3061 3071 succinctoria
3081 3017 3421 3067 consuerunt.
3447 3005 3597 3063 Con-

2015 3123 2159 3191 texat
2181 3122 2233 3169 et
2259 3113 2399 3167 dicat
2417 3110 2439 3144 ⁸
2462 3129 2476 3165 :
2506 3128 2526 3163 ι
2555 3110 2840 3177 Postquam
2865 3114 3041 3160 autem
3067 3105 3150 3156 vir
3178 3098 3403 3155 naturali
3425 3111 3594 3165 appo-

2016 3186 2119 3258 titn
2139 3202 2388 3274 cognovit
2417 3213 2635 3255 uxorem
2658 3239 2673 3262 ,
2704 3196 2834 3251 dicit
2855 3195 3124 3263 Scriptura
3148 3190 3323 3246 divina
3355 3204 3371 3241 :
3402 3186 3593 3241 Conce-

2017 3296 2089 3365 pit
2122 3272 2226 3348 Evn
2245 3335 2261 3358 ,
2288 3303 2336 3346 et
2362 3291 2550 3362 peperit
2574 3288 2737 3358 ﬁlium
2757 3326 2772 3348 ,
2802 3294 2850 3340 et
2884 3284 3076 3338 vocavit
3100 3295 3279 3335 nomen
3312 3278 3421 3347 eius
3443 3272 3594 3331 Cain.

2018 3364 2122 3438 Sed
2160 3383 2305 3451 quid,
2346 3400 2365 3433 ι
2400 3379 2590 3448 inquit,
2628 3396 2648 3430 ι
2682 3375 2812 3431 dicit
2836 3374 3026 3437 Adam,
3054 3369 3330 3425 audiamus
3361 3383 3375 3420 :
3407 3364 3596 3434 Aequi-

2019 3474 2110 3529 sivi
2134 3473 2382 3527 hominem
2404 3486 2492 3540 per
2505 3469 2669 3523 Deum
2686 3465 2839 3535 (Gen.
2866 3481 2937 3527 tv,
2962 3464 3034 3536 l).
3058 3461 3208 3519 Unde
3231 3466 3441 3515 constat
3460 3469 3599 3526 opus

2023 3565 2113 3620 Dei
2139 3577 2447 3632 essc,qnem
2473 3575 2571 3631 per
2596 3560 2761 3613 Deum
2790 3556 3102 3624 acquisitum
3126 3552 3397 3621 Scriptura
3410 3548 3598 3601 divina

2024 3663 2265 3709 testatur.
2298 3673 2317 3706 ι
2341 3653 2471 3718 Quis
2494 3651 2617 3705 hinc
2644 3648 2882 3703 dubitet?
2897 3646 3015 3716 quis
3045 3646 3147 3698 hoc
3171 3651 3350 3712 neget,
3368 3639 3600 3694 maxime

2022 3745 2318 3802 catholicus
2342 3740 2702 3797 christianos?
2728 3740 2875 3809 Opus
2900 3736 2990 3791 Dei
3018 3743 3101 3790 est
3127 3734 3287 3787 homo
3316 3747 3331 3784 :
3364 3729 3457 3786 sed
3481 3743 3603 3784 car-

2027 3840 2109 3893 nis
2148 3834 2575 3905 concupiscentia
2594 3873 2609 3894 ,
2636 3831 2752 3886 sine
2774 3843 2877 3899 qua
2898 3867 2912 3889 ,
2942 3826 2986 3880 si
3015 3831 3286 3894 peccatum
3331 3835 3435 3873 non
3465 3833 3603 3886 prte-

2027 3930 2276 3984 eessisset
2301 3964 2315 3992 ,
2370 3923 2666 3992 tranquillae
2715 3918 2973 3975 voluntati
3027 3910 3397 3992 ohedientibns
3445 3906 3603 3962 sicuti

2029 4027 2219 4074 czrtera
2277 4013 2512 4070 membra
2569 4010 2885 4082 genitalibus
2909 4048 2925 4071 ,
2986 3985 3337 4059 seniinaretur
3391 3996 3551 4053 homo
3576 4033 3596 4060 ,

2032 4124 2138 4163 non
2184 4115 2266 4162 est
2309 4118 2339 4159 a
2385 4104 2580 4168 Patre,
2625 4100 2719 4155 sed
2755 4114 2826 4155 ex
2865 4096 3062 4152 mundo
3102 4101 3185 4149 est
3229 4090 3291 4163 (l
3327 4087 3483 4144 Joan.
3529 4102 3605 4154 ιι,

2034 4195 2163 4263 16).

2108 4286 2194 4340 18.
2226 4282 2417 4336 Verum
2457 4292 2632 4342 nunc,
2674 4277 2895 4332 obsecro
2931 4280 3021 4340 te,
3058 4269 3217 4341 paulo
3239 4266 3493 4322 attentius
3527 4264 3612 4319 in-

2039 4385 2186 4431 tuere
2209 4416 2224 4436 ,
2263 4371 2403 4442 quod
2443 4383 2636 4424 nomen
2663 4366 2686 4400 ⁸
2712 4365 3011 4427 invenerit,
3037 4376 3144 4433 quo
3167 4373 3353 4415 rursus
3380 4357 3617 4427 operiret

2042 4458 2181 4529 quod
2211 4438 2476 4512 erubescit
2514 4451 2742 4519 aperire.
2774 4467 2794 4502 ι
2825 4446 3094 4503 Gennerat
3117 4444 3257 4499 enim
3283 4457 3437 4506 eum,
3476 4457 3496 4491 ι
3528 4438 3616 4491 ln-

2043 4528 2154 4618 qnit
2179 4586 2194 4609 ,
2242 4563 2261 4596 (
2300 4544 2468 4598 Adam
2501 4540 2732 4610 potentia
2758 4536 3118 4592 membrorum
3138 4573 3152 4596 ,
3180 4545 3284 4586 non
3311 4528 3617 4585 diversitate

2046 4639 2378 4697 meritorum.
2403 4654 2422 4687 ι
2454 4631 2592 4700 Quid
2616 4629 2829 4692 dixerit,
2862 4644 2882 4678 ι
2905 4624 3210 4680 diversitate
3236 4621 3563 4681 meritorum,
3590 4634 3613 4669 ο

2048 4729 2218 4785 fateor
2242 4740 2347 4780 non
2376 4723 2614 4789 intelligo
2646 4738 2660 4774 ι
2687 4718 2782 4775 sed
2807 4759 2823 4785 ,
2863 4734 2884 4767 ι
2917 4715 3149 4785 potentia
3174 4711 3565 4771 membrorum,
3592 4725 3615 4759 ι

2049 4818 2244 4881 credo,
2276 4814 2405 4869 illud
2433 4813 2596 4867 Voluit
2624 4811 2807 4865 dicere
2827 4848 2843 4871 ,
2890 4804 3030 4875 quod
3059 4802 3219 4872 pudet
3243 4799 3517 4855 evidenter
3542 4795 3620 4850 di-

2051 4926 2193 4968 cere.
2227 4906 2409 4962 Maluit
2432 4904 2573 4958 enim
2603 4900 2783 4955 dicere
2803 4939 2821 4962 ,
2855 4915 2875 4950 t
2913 4895 3269 4950 membrorum
3301 4888 3528 4957 potentia
3550 4926 3565 4948 ,
3600 4903 3620 4936 ο

2053 5016 2209 5072 quam
2231 5041 2245 5065 ,
2273 4997 2448 5051 carnis
2470 4990 2919 5061 concupiscentia.
2960 4986 3143 5047 Plane,
3176 4980 3383 5037 etiamsi
3406 4994 3509 5033 non
3536 4991 3627 5032 co-

2054 5068 2233 5163 gitavit
2263 5130 2276 5150 ,
2323 5082 2637 5153 signiﬁcavit
2681 5077 2878 5148 aliquid
2905 5118 2921 5140 ,
2965 5073 3105 5146 quod
3134 5072 3198 5127 ad
3229 5086 3339 5125 rem
3369 5068 3631 5137 pertinere

2058 5157 2316 5235 videatur.
2370 5173 2505 5242 Quid
2551 5171 2690 5227 enim
2752 5166 3019 5237 potentius
3069 5161 3320 5217 membris
3372 5157 3631 5219 hominis,

2060 5269 2404 5343 quando_non
2432 5263 2671 5318 serviunt
2694 5249 2951 5313 voluntati
2983 5252 3253 5323 hominis?
3296 5252 3423 5318 Qua:
3451 5258 3627 5302 tamen

2061 5338 2161 5417 etsi
2200 5338 2471 5413 frenentur
2517 5348 2860 5420 temperantia
2886 5345 2969 5401 vel
2994 5341 3316 5399 continentia
3344 5381 3359 5407 ,
3388 5352 3516 5396 usus
3539 5350 3636 5394 eo-

2148 5512 2165 5544 ²
2183 5517 2230 5558 tn
2249 5514 2378 5563 Mss,
2402 5516 2515 5566 pro,
2529 5498 2768 5560 ambizme,
2787 5498 2986 5566 legitur,
3010 5494 3243 5561 mnbt'gm

2146 5573 2162 5634 ἴ
2182 5579 2281 5618 Am.
2307 5559 2378 5616 l-Lr.
2401 5559 2453 5613 et
2475 5559 2785 5634 j?lttres_}ts.s.,
2806 5559 3038 5625 ﬁcubtcw.

2143 5632 2161 5665 ³
2186 5638 2308 5687 I.ov.,
2334 5622 2538 5677 cmtteiit
2552 5631 2597 5674 et
2621 5622 2750 5676 dim.

2145 5692 2166 5725 ⁸
2182 5700 2308 5755 ων,
2334 5699 2496 5739 nomen
2522 5698 2704 5736 nat-nm.
