4034 6182
381 309 487 367 ιη

382 438 501 479 rum
531 421 878 492 aliquantum,
911 429 1086 474 motus
1113 427 1288 474 tamen
1315 432 1499 473 eorum
1539 423 1752 470 nonest
1779 415 1830 468 iu
1863 412 1964 466 lto-

381 511 542 568 tninis
573 521 852 584 potestate.
898 509 1093 567 Gcnuit
1116 523 1245 578 ergo
1271 506 1440 561 Adam
1465 500 1603 561 lilins
1630 505 1749 571 hac,
1783 513 1839 558 ut
1866 504 1967 558 iste

381 602 544 665 dicit,
593 619 618 654 ι
648 601 1008 656 membrorum
1042 619 1061 652 ι
1095 613 1316 654 suorum
1350 616 1370 648 ι
1407 595 1673 666 potentia,
1712 613 1733 646 ι
1773 593 1840 648 de
1865 609 1966 662 qua

385 693 694 761 priusquam
723 689 846 744 illos
871 689 1140 760 gigneret,
1184 688 1395 743 erubuit
1424 695 1542 756 post
1567 693 1862 754 peccatum.
1909 683 1967 739 Si

385 789 562 833 autent
592 793 700 834 non
729 787 1032 848 peccasset,
1060 793 1169 832 non
1195 791 1288 832 eos
1312 775 1582 847 genuisset
1606 773 1966 828 membrorum

391 870 659 940 potentia,
709 870 804 926 sed
848 870 1209 926 membrorum
1251 868 1572 924 obedientia.
1620 866 1740 936 ipse
1775 865 1970 935 quippe

388 971 532 1016 esset
572 971 796 1031 potens,
842 971 900 1016 ut
925 962 1005 1016 eis
1041 961 1292 1030 subjectis
1333 960 1605 1014 voluntate
1647 959 1966 1026 imperaret,

391 1054 438 1108 si
477 1053 762 1124 potentiori
791 1063 844 1108 et
882 1053 998 1122 ipse
1033 1052 1304 1124 subjectus
1327 1051 1516 1106 eadem
1555 1049 1823 1104 voluntate
1849 1063 1968 1102 ser-

387 1147 544 1202 viret.

455 1235 684 1293 CAPUT
732 1235 864 1292 Vlli.
891 1265 964 1279 —-
1003 1234 1092 1291 i9.
1129 1253 1149 1288 ι
1175 1235 1304 1290 Post
1325 1233 1592 1304 aliquanta
1623 1232 1813 1286 iterum
1843 1230 1972 1286 dicit

385 1323 664 1395 Scriptum
707 1325 884 1382 divina
909 1366 926 1392 ,
961 1343 980 1379 ι
1027 1325 1195 1395 inquit
1224 1339 1237 1376 :
1276 1341 1297 1376 ι
1323 1321 1566 1394 Cognovit
1601 1320 1766 1374 Adam
1809 1319 1970 1374 Eram

391 1427 602 1470 viserent
637 1431 814 1482 suain,
854 1424 902 1469 et
918 1415 1176 1484 concepit,
1216 1423 1268 1469 et
1289 1411 1478 1482 peperit
1506 1411 1701 1481 ﬁlium,
1741 1419 1787 1464 et
1815 1427 1968 1464 uoca-

388 1504 459 1558 uit
481 1521 662 1560 nomen
699 1506 810 1576 ejus
835 1504 992 1569 Setlt,
1030 1504 1200 1560 dicens
1227 1519 1247 1558 :
1276 1501 1548 1559 Suscitauit
1574 1501 1695 1556 mihi
1719 1500 1966 1557 Dominus

387 1612 559 1652 semen
599 1597 742 1651 aliud
789 1613 882 1667 pro
916 1596 1071 1664 Abel,
1115 1611 1264 1668 quem
1282 1595 1459 1649 occidit
1483 1592 1608 1649 Cain
1642 1611 1664 1646 τ
1691 1591 1843 1667 (Gen.
1885 1609 1960 1660 tv,

391 1685 507 1758 25).
559 1687 760 1744 Deinde
812 1687 992 1755 addit,
1036 1697 1090 1743 et
1131 1687 1300 1742 dicit:
1334 1704 1354 1738 ι
1379 1685 1460 1741 Ad
1481 1684 1857 1740 documentum
1888 1684 1973 1738 itt-

395 1781 564 1835 stituti
580 1780 770 1843 coitus,
795 1780 965 1848 ipsum
987 1794 1170 1834 semen
1191 1777 1436 1833 divinitas
1447 1775 1640 1831 dicitur
1655 1776 1930 1830 excitasse.
1945 1793 1966 1828 s

389 1869 508 1928 Non
547 1871 810 1927 intellexit
841 1870 1004 1926 homo
1033 1869 1134 1926 iste
1170 1868 1312 1940 quod
1336 1867 1592 1936 scriptum
1618 1877 1700 1920 est
1729 1885 1744 1921 :
1771 1865 1977 1937 putavit

389 1961 536 2019 enim
575 1961 641 2016 ad
686 1961 792 2018 hoc
827 1975 948 2017 esse
985 1959 1220 2025 dictum,
1271 1958 1543 2014 Suscitavit
1579 1957 1702 2012 mihi
1727 1954 1976 2010 Dominus

391 2070 560 2112 semen
583 2052 729 2108 aliud
748 2069 840 2124 pro
861 2051 1006 2120 Abel,
1037 2058 1096 2106 ut
1114 2049 1424 2106 crederetur
1449 2048 1588 2103 Deus
1617 2047 1692 2103 illi
1713 2045 1977 2102 excitasse

395 2142 669 2200 libidinem
705 2143 974 2211 coeundi,
1020 2139 1173 2212 cujus
1219 2151 1367 2196 motu
1405 2140 1728 2195 excitaretur
1766 2152 1972 2202 semen,

399 2246 456 2289 ut
477 2234 681 2305 gremio
731 2232 940 2288 feminae
983 2242 1164 2302 posset
1211 2228 1438 2286 infundi.
1483 2228 1667 2284 Nescit
1706 2243 1811 2282 non
1853 2241 1977 2284 esse

397 2323 598 2381 dictum
618 2325 658 2388 ⁸,
682 2323 933 2380 Excitavit
956 2323 1080 2376 mihi
1098 2335 1302 2384 semen;
1323 2320 1444 2385 nisi,
1464 2317 1618 2373 Dedit
1638 2316 1766 2371 mihi
1787 2316 1975 2373 lilium.

399 2412 640 2482 Denique
665 2413 768 2468 hoc
787 2412 956 2468 Adam
982 2426 1086 2466 non
1114 2410 1250 2466 dixit
1287 2417 1409 2480 post
1431 2407 1630 2463 coitum
1655 2422 1808 2462 suum
1829 2446 1847 2472 ,
1873 2421 1979 2478 quo

399 2516 586 2560 semen
610 2502 820 2565 emisit,
865 2500 958 2556 sed
995 2507 1113 2570 post
1134 2497 1376 2568 conjugis
1405 2506 1612 2568 partum
1632 2535 1650 2563 ,
1680 2510 1785 2566 quo
1811 2495 1979 2552 tilium

398 2593 512 2650 Deo
534 2593 766 2648 donante
799 2591 1052 2664 suscepit.
1099 2580 1236 2653 Nam
1263 2603 1382 2661 qum
1405 2587 1686 2660 gratulatio
1711 2595 1796 2644 est
1815 2627 1832 2654 ,
1878 2586 1980 2644 nisi

397 2681 537 2740 forte
579 2683 982 2739 libidinosorum
1023 2689 1080 2736 et
1114 2695 1268 2735 suum
1297 2694 1390 2734 vas
1419 2679 1474 2734 in
1511 2677 1704 2734 morbo
1729 2677 1983 2748 concupi-

398 2773 640 2840 scentiae,
659 2771 802 2844 quod
831 2779 974 2828 vetat
992 2770 1300 2842 Apostolus,
1328 2767 1708 2840 possidentium
1735 2767 1780 2839 (Ι
1797 2766 1976 2824 Thess.

400 2877 478 2932 ιιι,
502 2864 581 2935 5),
609 2865 655 2920 si
678 2879 862 2921 semen
889 2871 1127 2919 extrema
1141 2851 1364 2918 coeundi
1381 2861 1650 2931 voluptate
1671 2858 1916 2916 fundatur
1930 2861 1977 2930 ',

399 2963 502 3010 nec
539 2965 793 3024 sequntur
831 2964 1123 3024 conceptus
1149 2960 1242 3008 aut
1280 2959 1502 3023 partus,
1548 2950 1638 3008 ubi
1677 2954 1980 3022 nuptiarum

400 3053 559 3098 verus
585 3051 666 3100 est
693 3041 928 3098 fructus?
1179 3041 1184 3046 '

469 3129 561 3186 20.
589 3130 770 3200 Neque
795 3129 898 3186 hoc
923 3129 1042 3186 ideo
1069 3129 1294 3185 dixerim
1317 3169 1334 3191 ,
1381 3129 1526 3200 quod
1553 3130 1692 3186 alius
1717 3129 1982 3202 putandus

401 3220 474 3278 sit
501 3230 694 3290 praeter
719 3236 987 3276 summum
1011 3231 1065 3275 et
1088 3235 1272 3276 verum
1301 3219 1500 3286 Deum,
1537 3219 1622 3275 vel
1651 3221 1866 3276 humani
1893 3235 1984 3278 se-

401 3309 600 3375 minis,
645 3309 728 3366 vel
755 3311 920 3379 ipsius
943 3309 1172 3364 hominis
1211 3319 1422 3365 creator
1454 3324 1522 3365 ex
1565 3310 1814 3366 semine'
1841 3328 1856 3365 :
1887 3310 1982 3367 sed

401 3397 510 3456 hoc
551 3400 832 3469 tranquilla
858 3399 928 3457 de
955 3399 1172 3455 homine
1197 3399 1497 3455 ohedicmia
1532 3401 1887 3456 membrorum
1913 3401 1981 3456 ad

402 3499 590 3546 nutum
629 3488 916 3544 voluntatis
958 3491 1191 3554 exisset,
1233 3489 1278 3544 si
1309 3497 1580 3560 peccatum
1617 3505 1721 3544 non
1757 3505 1984 3560 pratces-

401 3583 584 3636 slssct.
619 3577 803 3649 Neque
830 3595 972 3636 nunc
1009 3581 1181 3652 agitur
1207 3579 1276 3636 de
1312 3591 1499 3636 natura
1539 3582 1762 3638 seminis
1784 3581 1840 3652 ⁸,
1883 3583 1980 3641 sed

401 3665 474 3726 de
501 3669 648 3725 vitio.
698 3669 790 3725 illa
817 3671 1011 3741 quippe
1037 3669 1197 3726 habet
1220 3679 1492 3727 auctorem
1532 3673 1734 3739 Deum;
1773 3687 1841 3730 ex
1881 3673 1984 3731 isto

401 3767 579 3819 autem
620 3759 848 3816 trahitur
892 3760 1150 3832 originale
1193 3772 1489 3832 peccatum.
1534 3762 1665 3818 Nam
1705 3764 1751 3820 si
1798 3779 1984 3822 semen

403 3848 578 3920 Ipsum
607 3850 810 3905 nullum
843 3849 1003 3906 habet
1031 3850 1247 3918 vitium,
1293 3851 1420 3922 quid
1449 3861 1533 3908 est
1559 3852 1698 3923 quod
1727 3855 1982 3926 scriptum

399 3947 490 3996 est
525 3939 578 3994 in
621 3937 758 3994 libre
801 3938 1086 4009 Sapientia:
1119 3957 1134 3995 :
1167 3938 1289 3995 Non
1331 3940 1572 4014 ignorans
1615 3943 1854 4013 quoniam
1891 3961 1983 4000 ne-

399 4045 554 4099 quam
587 4039 659 4084 est
691 4031 832 4086 natio
865 4030 1072 4086 illorum
1091 4071 1108 4098 ,
1150 4038 1200 4086 et
1234 4031 1482 4086 naturalis
1507 4031 1702 4087 malitia
1733 4033 1981 4104 ipsorum,

400 4130 452 4177 et
471 4122 707 4192 quoniam
733 4139 832 4178 non
857 4131 1052 4193 poterat
1081 4122 1266 4176 ntutari
1287 4122 1524 4194 cogitatio
1549 4123 1756 4178 illorum
1780 4124 1833 4178 in
1867 4141 1985 4196 per-

403 4221 648 4283 petuum;
686 4229 852 4268 semen
876 4212 1010 4270 enim
1035 4213 1056 4246 '
1081 4223 1188 4268 erat
1213 4213 1535 4268 maledictum
1559 4212 1622 4268 ab
1657 4214 1802 4269 initio
1823 4214 1980 4288 (Sap.

402 4317 500 4370 ιιι,
533 4304 620 4367 l0.
653 4304 782 4375 il)?
821 4303 1022 4374 Nempe
1045 4304 1114 4360 de
1139 4305 1560 4376 quibuscumque
1589 4305 1734 4362 dicat
1757 4307 1886 4374 ista,
1913 4307 1984 4365 de

401 4387 710 4442 hominibus
733 4387 882 4442 dicit.
919 4389 1200 4458 Quomodo
1225 4399 1308 4444 est
1334 4406 1462 4460 ergo
1495 4391 1782 4461 cujuslibet
1810 4393 1984 4448 homi-

398 4477 490 4534 nis
515 4477 712 4533 malitia
749 4479 1004 4532 naturalis
1029 4488 1084 4534 et
1109 4495 1294 4536 semen
1331 4482 1668 4537 maledictum
1702 4483 1771 4538 ab
1809 4484 1980 4555 initio,

401 4569 506 4630 nisi
531 4568 598 4624 ad
625 4569 752 4627 illud
777 4570 1109 4639 respiciatur,
1133 4573 1276 4644 quod
1298 4589 1387 4644 per
1405 4590 1561 4628 unum
1585 4576 1838 4642 hominem
1861 4593 1978 4648 pec-

403 4669 574 4718 catum
600 4661 802 4716 intravit
825 4662 878 4716 in
915 4662 1159 4718 mundum
1178 4703 1196 4730 ,
1236 4673 1284 4719 et
1313 4681 1402 4730 per
1433 4674 1692 4736 peccatum
1727 4684 1900 4734 mors;
1934 4677 1984 4726 et

401 4753 475 4812 ita
500 4753 556 4810 in
588 4769 760 4808 omnes
787 4752 1014 4808 [tantines
1049 4753 1364 4824 pertransiit,
1398 4753 1452 4808 in
1474 4771 1575 4824 quo
1611 4771 1782 4813 omnes
1809 4774 1986 4828 pecca-

403 4851 578 4900 verunt
616 4843 792 4914 (Rom.
827 4859 859 4898 ν
882 4885 897 4909 ,
937 4843 1074 4913 12)?
1115 4841 1280 4912 Cujus
1303 4844 1529 4900 “autem
1571 4843 1803 4902 hominis
1845 4848 1984 4904 mala

405 4933 656 5005 cogitatio
683 4949 791 4989 non
818 4941 992 5004 potest
1026 4934 1078 4989 in
1123 4942 1432 5004 perpetuum
1459 4934 1649 4990 mutari
1670 4976 1686 4999 ,
1735 4937 1834 4992 nisi
1860 4937 1982 5006 quia

406 5035 503 5092 per
545 5037 604 5079 se
633 5023 800 5094 ipsam
843 5039 948 5078 non
995 5031 1206 5092 potest,
1251 5023 1345 5078 sed
1376 5023 1420 5078 si
1457 5025 1626 5094 gratia
1653 5024 1834 5079 divina
1857 5026 1984 5080 sub-

467 5217 485 5250 ¹
521 5219 602 5266 ttic
623 5219 672 5267 ln
694 5219 838 5268 editis
853 5218 1042 5269 additur
1059 5253 1074 5278 ,
1103 5217 1164 5269 ob
1185 5215 1340 5269 aliud.

465 5279 487 5309 ³
521 5287 639 5340 sm.,
664 5278 707 5330 si
726 5293 888 5330 semen
907 5285 1050 5345 extra
1065 5277 1274 5345 coeundi
1293 5277 1578 5345 voluptatem
1616 5277 1864 5345 furtdatur.
1884 5285 1980 5342 En,

403 5338 449 5390 si
461 5351 618 5414 aeruca
627 5338 788 5414 ἐίίςιιίιΔ
799 5339 1010 5414 coeundi
1019 5338 1568 5414 voluntatemftm'tlatur.

465 5399 488 5464 f
518 5407 619 5448 Am.
642 5405 719 5464 Er,
741 5409 794 5450 et
807 5401 974 5464 plures
995 5410 1121 5463 Mss,
1137 5399 1341 5464 (tornim’s
1373 5410 1561 5464 creator
1593 5402 1814 5453 existere.

464 5461 488 5495 ⁸
517 5465 648 5530 l.o_v.,
682 5459 748 5530 de
774 5459 950 5530 natura
983 5459 1177 5530 seminis
1219 5463 1434 5516 humani.
1473 5473 1573 5514 Am.
1607 5471 1682 5514 Er.
1727 5473 1778 5515 et
1813 5461 1984 5530 plures

403 5527 532 5582 ω,
553 5521 619 5572 de
634 5528 807 5572 natura
821 5521 1038 5573 hominis.

462 5583 652 5640 (miti,
676 5595 834 5631 semen
854 5583 981 5632 enim
1001 5584 1222 5644 illorum,
1251 5587 1423 5643 Abest,
1449 5584 1640 5637 illorum
1665 5601 1689 5636 a
1715 5593 1977 5638 manum-i-

455 5644 496 5691 is
518 5650 571 5691 et
593 5654 619 5690 a
635 5643 784 5690 sacris
802 5642 974 5691 Bibliis.
1305 5669 1328 5683 .-

402 5650 496 5707 ptis
518 5650 571 5692 et
593 5654 619 5690 a
635 5650 784 5690 sacris
802 5650 974 5691 Biltliis.
1305 5669 1328 5683 ..

467 5703 486 5734 ⁶
521 5709 629 5756 Lor.
651 5710 700 5752 ct
723 5704 1216 5767 {trieterica-estactum
1237 5705 1370 5772 editi,
1402 5718 1509 5757 cur.

1166 301 1257 363 DE
1293 302 1564 364 NUPTllS
1601 305 1688 361 ET
1725 297 2326 366 CONCUPtscuNTu,
2367 298 2424 355 s.
2467 289 2831 360 Aucu's'mtt

3550 312 3654 370 N8

2078 409 2282 472 veniat;
2315 425 2413 480 qua
2444 426 2547 465 non
2579 412 2927 469 subvenit-nte
2951 414 3075 484 quid
3099 425 3228 472 sunt
3251 417 3517 480 homines.
3549 421 3655 479 nisi

2073 497 2211 568 quod
2247 499 2320 552 ait
2349 500 2618 569 apostolus
2643 501 2864 569 Pe'rus,
2917 499 3060 558 Velut
3094 515 3233 560 muta
3267 508 3511 562 animalia
3539 527 3660 579 pro-

2072 597 2238 640 creata
2261 588 2559 642 naturaliter
2582 591 2633 643 in
2655 592 2995 660 captititatem
3023 605 3070 648 et
3093 595 3348 649 interitum
3380 599 3396 630 ⁸
3423 597 3488 662 (ll
3514 599 3656 655 Petr.

2072 693 2146 743 ιι,
2179 677 2306 747 i2)?
2350 675 2501 735 Unde
2533 697 2636 734 uno
2679 681 2796 734 loco
2826 682 3021 738 Paulus
3063 689 3334 754 apostolus
3373 699 3660 751 utrumque

2072 784 2530 833 commemorans,
2573 781 2628 826 et
2666 772 2796 825 iram
2829 773 2920 826 Dri
2953 788 3072 828 cum
3105 791 3204 843 qua
3258 777 3554 838 nascimur.
3606 788 3663 834 et

2073 860 2292 930 gratiam
2339 877 2440 931 qua
2477 861 2764 916 liberantur
2795 877 2810 916 :
2846 861 2908 916 Et
2950 880 3043 916 nos
3068 880 3270 928 omnes,
3315 865 3521 934 inquit,
3562 869 3662 920 alio

2071 951 2275 1020 quando
2316 955 2593 1005 concersati
2636 969 2808 1007 sumus
2859 953 2912 1007 in
2941 952 3204 1008 desideriis
3246 956 3416 1008 carnis
3448 967 3659 1021 nostra',

2073 1038 2312 1108 facientes
2347 1037 2652 1094 uoluntatem
2689 1041 2857 1095 carnis
2895 1051 2940 1096 et
2978 1040 3340 1108 a/fectionum;
3377 1053 3422 1098 et
3459 1059 3665 1100 eramus

2075 1138 2258 1184 natura
2294 1130 2391 1200 ﬁlii
2417 1131 2541 1198 ὕνιν,
2583 1133 2712 1185 sicut
2739 1142 2784 1186 et
2811 1133 2994 1187 caeteri.
3043 1131 3179 1188 Deus
3212 1143 3378 1188 autem
3413 1134 3502 1204 qui
3521 1135 3664 1190 dices

2075 1228 2146 1272 est
2185 1221 2237 1274 in
2280 1221 2622 1274 misericordia
2643 1263 2658 1286 ,
2707 1232 2913 1292 propter
2953 1224 3164 1276 multant
3204 1223 3522 1277 dilectionem
3558 1241 3665 1295 qua

2075 1308 2249 1362 dilexit
2277 1325 2371 1362 nos
2389 1349 2406 1374 ,
2451 1319 2637 1364 etcum
2665 1328 2884 1366 essemus
2921 1313 3108 1366 mortui
3143 1313 3392 1382 peccatis,
3436 1313 3664 1368 conuiti-

2073 1399 2243 1466 ﬁcavit
2290 1415 2380 1454 nos
2427 1397 2627 1458 Christo
2651 1441 2668 1466 ,
2731 1402 2880 1470 cujus
2932 1402 3097 1474 gratia
3143 1419 3316 1456 sumus
3366 1404 3492 1457 salvi
3536 1405 3666 1473 [acti

2075 1485 2291 1562 (Ep/tes.
2320 1504 2392 1556 ιι,
2421 1489 2502 1562 5).
2543 1489 2683 1558 Quid
2715 1500 2800 1546 est
2847 1506 2976 1562 ergo
3023 1491 3221 1546 malitia
3269 1493 3526 1547 naturalis
3556 1491 3658 1548 ho-

2077 1579 2234 1634 minis
2259 1620 2276 1647 ,
2317 1588 2372 1636 et
2414 1595 2596 1636 semen
2624 1582 2962 1638 maledictum
2989 1583 3056 1637 ab
3085 1584 3236 1638 initio
3254 1624 3271 1649 ,
3313 1592 3368 1639 et
3395 1585 3663 1656 procreati

2079 1673 2390 1728 naturaliter
2431 1673 2484 1728 in
2524 1675 2882 1746 captivitatem
2925 1685 2980 1732 et
3019 1677 3324 1744 interitum,
3372 1685 3428 1732 et
3472 1685 3664 1733 natura

2077 1761 2166 1817 lilii
2205 1763 2340 1817 ira)?
2393 1763 2658 1836 Numquid
2703 1765 2756 1820 in
2786 1765 2955 1820 Adam
2999 1776 3184 1822 natura
3221 1767 3322 1821 ista
3346 1767 3423 1821 sic
3449 1767 3666 1823 condita

2077 1853 2198 1908 est?
2239 1855 2392 1909 Absit
2423 1873 2438 1908 :
2466 1855 2562 1912 sed
2600 1857 2724 1928 quia
2763 1857 2814 1912 in
2847 1858 2940 1912 illo
2965 1857 3179 1925 vitiata,
3225 1858 3306 1914 sic
3349 1873 3446 1930 per
3475 1873 3666 1915 omnes

2072 1943 2183 2014 jam
2211 1947 2523 2004 naturaliter
2548 1949 2783 2004 cucurrit
2807 1951 3058 2012 etcurrit,
3092 1957 3148 2003 ut
3165 1948 3233 2004 ab
3249 1947 3348 2004 hac
3365 1948 3666 2018 perditione

2079 2049 2185 2090 non
2210 2035 2437 2106 liberet,
2466 2038 2566 2092 nisi
2600 2037 2770 2110 gratia
2799 2038 2894 2094 Dei
2924 2054 3018 2110 per
3039 2037 3222 2094 Jesum
3255 2038 3528 2096 Christum
3557 2038 3668 2096 Do.

2079 2124 2279 2179 minum
2312 2137 2572 2182 nostrum.
3644 2123 3649 2128 ’

2151 2213 2379 2272 CAPUT
2410 2217 2504 2272 IX.
2531 2247 2606 2261 —-
2631 2219 2722 2274 21.
2751 2218 2885 2286 Quid
2922 2231 3006 2275 est
3029 2235 3156 2291 ergo
3182 2219 3320 2291 quod
3350 2220 3448 2276 iste
3473 2220 3664 2290 adjun-

2078 2305 2157 2378 ‘git
2184 2315 2238 2363 et
2265 2307 2394 2364 dicit
2418 2309 2486 2366 de
2510 2309 2622 2367 Noe
2649 2322 2703 2367 et
2729 2312 2850 2366 libis
2874 2311 2990 2383 ejus
3012 2353 3030 2376 ,
3074 2311 3214 2382 quod
3245 2329 3266 2364 ι
3294 2312 3542 2368 similiter
3565 2313 3663 2368 be-

2079 2397 2279 2456 nedicti
2305 2401 2414 2456 sint
2451 2409 2510 2457 ut
2535 2401 2704 2458 Adam
2731 2412 2788 2458 et
2819 2403 2926 2458 Eva
2947 2444 2964 2471 ,
2989 2403 3198 2460 dicente
3225 2403 3340 2459 Deo
3360 2444 3378 2470 ,
3424 2401 3658 2468 Crescite,

2079 2498 2128 2544 et
2152 2491 2602 2563 multiplicamini;
2628 2503 2676 2550 et
2693 2497 2882 2566 replete
2908 2505 3112 2560 terram,
3137 2503 3182 2549 et
3206 2493 3536 2549 dominamini
3550 2496 3664 2566 ejus

2087 2578 2240 2654 (Gen.
2269 2596 2346 2648 ιι,
2379 2583 2433 2650 1,
2458 2581 2558 2654 3)?
2589 2602 2610 2636 ι
2661 2584 2865 2652 Quibus
2902 2584 2995 2640 Dei
3021 2583 3198 2640 verbis
3230 2585 3378 2644 addit
3411 2599 3503 2640 sua
3524 2626 3540 2650 ,
3579 2586 3666 2640 di-

2081 2685 2212 2728 cens
2243 2689 2258 2727 :
2296 2691 2318 2727 ι
2361 2671 2614 2745 Voluptas
2639 2690 2766 2747 ergo
2791 2676 2888 2730 ista
2907 2715 2925 2741 ,
2965 2689 3124 2746 quam
3157 2685 3210 2730 tu
3239 2675 3554 2731 diabolicam
3584 2677 3664 2732 vis

2081 2762 2288 2831 videri,
2339 2764 2454 2836 jam
2518 2767 2570 2823 in
2616 2767 2936 2837 supradictis
2988 2765 3300 2839 conjugihus
3347 2768 3660 2833 habebatur,

2083 2868 2202 2926 quae
2227 2863 2285 2911 ut
2309 2855 2640 2914 institutione
2665 2859 2802 2914 bona
2822 2899 2838 2925 ,
2866 2859 2936 2914 ita
2959 2859 3118 2916 etiam
3143 2861 3512 2919 benedictione
3541 2877 3662 2932 pcr-

2083 2945 2300 3001 mansit.
2346 2945 2462 3003 Non
2501 2948 2646 3004 enim
2687 2949 2990 3015 dubitatur,
3035 2950 3104 3007 de
3146 2951 3244 3006 hac
3276 2949 3342 3006 ad
3369 2951 3477 3006 Nec
3501 2965 3556 3008 et
3594 2954 3661 3008 ad

2083 3033 2223 3090 ﬁlios
2247 3036 2364 3106 ejus
2391 3051 2680 3109 corporum
2709 3039 3088 3095 commixtione
3109 3039 3308 3097 dictum
3332 3081 3348 3104 ,
3379 3041 3530 3111 cujus
3551 3041 3663 3111 jam

2087 3140 2216 3182 usus
2254 3127 2543 3184 inoleverat
2570 3145 2584 3183 :
2612 3128 2850 3196 Crescite,
2875 3140 2920 3184 et
2941 3131 3366 3200 multiplicamini,
3399 3141 3446 3185 et
3472 3133 3666 3202 replete

2085 3223 2293 3279 terram,
2327 3236 2349 3271 s
2391 3217 2506 3273 Non
2532 3233 2668 3290 opus
2687 3227 2769 3275 est
2795 3219 2980 3296 eadem
2999 3220 3180 3274 multis
3201 3219 3375 3276 verbis
3399 3230 3662 3290 repetere.

2085 3303 2162 3359 De
2187 3305 2316 3360 vitio
2355 3306 2442 3362 hic
2463 3309 2634 3378 agitur
2657 3350 2674 3377 ,
2717 3323 2823 3379 quo
2859 3319 2942 3363 est
2965 3308 3249 3379 depravata
3281 3317 3467 3364 natura
3498 3310 3660 3376 bona,

2084 3395 2238 3466 cujus
2264 3397 2378 3453 vitii
2409 3407 2596 3455 auctor
2625 3409 2708 3454 est
2735 3399 2978 3454 diabolus
3002 3417 3018 3465 ;
3045 3414 3150 3456 non
3178 3399 3244 3454 de
3270 3389 3470 3454 naturae
3497 3398 3665 3470 ipsius

2085 3483 2351 3554 bonitate,
2400 3489 2552 3558 cujus
2589 3498 2778 3544 auctor
2805 3499 2888 3545 est
2914 3490 3055 3545 Deus
3088 3508 3102 3544 :
3130 3491 3220 3561 qui
3252 3505 3422 3560 neque
3457 3489 3525 3544 ab
3550 3490 3665 3560 ipsa

2085 3577 2266 3634 vitiata
2285 3579 2673 3652 dcpravataque
2689 3589 2878 3636 natura
2898 3595 3050 3636 suam
3069 3580 3324 3636 abstinuit
3346 3580 3661 3648 bonitatem,

2086 3677 2146 3724 ut
2186 3669 2419 3726 auferret
2457 3671 2526 3726 ab
2560 3671 2776 3727 homine
2803 3673 2826 3705 ³
2855 3670 3260 3739 fecunditatem,
3307 3671 3662 3739 vivacitatem,

2085 3759 2368 3816 sanitatem
2391 3801 2408 3828 ,
2455 3761 2730 3834 ipsamque
2751 3761 3104 3818 substantiam
3133 3763 3294 3816 animi
3321 3769 3377 3816 et
3401 3761 3661 3832 corporis,

2085 3864 2274 3907 sensus
2299 3860 2458 3921 atque
2477 3853 2737 3908 rationem
2759 3893 2775 3918 ,
2805 3849 3078 3920 alimenta,
3108 3853 3452 3920 nutrimenta,
3483 3852 3664 3909 incre-

2086 3949 2266 3995 menta
2291 3955 2308 4005 ;
2338 3941 2427 4012 qui
2455 3941 2615 3996 etiam
2642 3939 2768 3996 facit
2787 3941 2916 3997 oriri
2939 3941 3106 3997 solem
3128 3957 3282 3998 suum
3311 3955 3473 4011 super
3495 3941 3666 3997 bonos

2086 4035 2142 4082 et
2168 4029 2368 4094 malos,
2409 4038 2463 4085 et
2487 4031 2620 4100 pluit
2640 4047 2802 4100 super
2823 4031 2998 4103 justus
3026 4041 3078 4088 et
3107 4032 3330 4102 injustos
3360 4030 3575 4100 (.llattlt.
3605 4045 3660 4097 v,

2085 4119 2177 4190 ‘5)
2203 4160 2220 4185 ,
2262 4127 2319 4174 ct
2360 4120 2614 4192 quidquid
2664 4122 2789 4178 boni
2835 4132 2919 4178 est
2963 4133 3164 4178 natura:
3211 4121 3460 4177 humana:
3493 4138 3522 4174 a
3553 4119 3665 4178 Deo

2086 4207 2257 4276 bono,
2293 4210 2452 4264 etiam
2486 4210 2543 4266 in
2584 4211 2690 4268 illis
2717 4212 3018 4270 hominibus
3047 4212 3070 4246 ³
3097 4213 3186 4285 qui
3212 4229 3319 4268 non
3360 4211 3663 4268 liberabun-

2087 4305 2174 4353 tur
2198 4313 2228 4351 a
2257 4300 2416 4354 malo.

2156 4386 2246 4442 22.
2280 4389 2616 4460 Voluptatem
2661 4399 2837 4448 tamen
2869 4392 2966 4449 istc
2991 4401 3046 4450 et
3087 4392 3172 4448 hic
3197 4391 3356 4454 dixit,
3407 4394 3529 4464 quia
3570 4407 3667 4466 po-

2090 4489 2194 4536 test
2217 4481 2454 4551 voluptas
2483 4491 2538 4538 et
2565 4483 2786 4538 honesta
2815 4499 2973 4550 esse;
3023 4500 3128 4538 non
3166 4483 3299 4538 dixit
3335 4485 3511 4538 carnis
3538 4500 3670 4541 cou-
3721 4491 3724 4495 '

2087 4571 2470 4640 cupiscentiam
2497 4614 2513 4638 ,
2550 4574 2632 4630 vel
2659 4575 2931 4630 libidinem
2952 4615 2968 4640 ,
3005 4590 3122 4644 quae
3148 4573 3391 4644 pudenda
3415 4583 3500 4630 est
3530 4593 3546 4630 :
3572 4576 3667 4630 sed

2088 4662 2142 4717 in
2181 4665 2628 4734 consequentibus
2671 4665 2876 4736 aperuit
2907 4665 3280 4720 verecundiam
3330 4679 3518 4732 snam,
3570 4680 3668 4723 nec

2087 4753 2426 4810 dissimulare
2470 4757 2642 4826 potuit
2666 4757 2736 4811 ah
2757 4771 2854 4823 eo,
2887 4756 3026 4826 quod
3056 4757 3314 4810 violenter
3340 4757 3451 4826 ipsa
3483 4766 3665 4812 natura

2091 4845 2435 4914 prmscripsit.
2468 4863 2488 4898 t
2525 4846 2592 4902 Et
2619 4847 2767 4911 illud,
2808 4865 2828 4900 ι
2868 4846 3056 4917 inquit,
3093 4866 3110 4899 t
3156 4845 3369 4917 Propter
3391 4847 3488 4900 lroc
3507 4848 3666 4900 relin-

2087 4943 2202 5006 quet
2227 4934 2376 4989 ltomo
2405 4946 2601 5007 patrem
2621 4945 2668 4991 et
2701 4947 2911 4991 matrem
2927 4977 2945 5002 ,
2990 4947 3036 4991 et
3063 4936 3340 4994 adhcrebit
3363 4937 3514 4991 uxori
3537 4952 3666 5006 sua;

2085 5027 2136 5072 et
2170 5028 2317 5074 erunt
2339 5018 2442 5074 duo
2477 5021 2530 5074 in
2548 5036 2700 5074 carne
2717 5036 2820 5074 una
2855 5038 2876 5073 ι
2911 5017 3062 5092 (Gen.
3094 5035 3150 5085 It,
3173 5019 3292 5088 ει).
3315 5019 3384 5075 Ει
3407 5028 3530 5091 post
3554 5019 3668 5076 haec

2090 5107 2182 5162 Dei
2207 5108 2368 5164 verba
2392 5150 2408 5176 ,
2435 5123 2531 5164 sua
2563 5110 2678 5180 ipse
2700 5111 3064 5180 subjungens:
3099 5127 3120 5162 ι
3159 5109 3224 5166 Ut
3252 5111 3608 5180 exprimeret,
3642 5127 3663 5164 s

2090 5199 2287 5270 inquit,
2334 5220 2354 5254 ι
2390 5203 2546 5258 tidem
2577 5217 2796 5272 Operam
2818 5244 2832 5266 ,
2873 5203 3130 5274 propheta
3167 5219 3332 5274 prope
3373 5202 3670 5275 periculum

2091 5291 2304 5362 pudoris
2351 5294 2592 5349 accessit.
2632 5311 2650 5346 ι
2676 5291 2722 5350 Ο
2749 5304 2932 5364 aperta
2991 5309 3208 5364 prorsus
3254 5305 3307 5349 et
3353 5295 3399 5348 vi
3432 5293 3671 5349 veritatis

2095 5526 2104 5536 _
2152 5466 2175 5535 ί.
2205 5466 2360 5536 ilicet
2382 5465 2524 5527 paulo
2547 5465 2666 5514 inira
2694 5473 2801 5516 Iov.
2831 5473 2880 5516 et
2900 5466 3082 5529 aliquot
3105 5474 3230 5526 stas,
3256 5467 3303 5517 in
3326 5466 3600 5536 taptititate
3625 5471 3670 5518 et

2086 5531 2405 5656 fur‘gliilui-t
2449 5585 2668 5650 plerique
2715 5595 2838 5647 his,
2881 5587 3137 5638 hominum.
3181 5592 3498 5652 llt'ttigniatttts
3518 5590 3623 5640 aut.
3649 5621 3664 5649 ,

2087 5649 2290 5696 lmmt'm'.
2591 5649 2599 5650 “

2154 5711 2172 5740 ³
2207 5708 2338 5768 Leni,
2366 5716 2493 5772 just,
2519 5707 2645 5758 Itoni
2663 5708 2798 5766 ,εὑ-ες,
2828 5711 3022 5769 addunt,
3049 5719 3134 5760 est.
