4034 6182
299 279 400 332 ιω

301 396 506 444 extorta
533 386 824 444 confess“)!
851 380 1116 456 Propheta
1136 395 1284 452 ergo,
1307 389 1364 436 ut
1384 381 1702 450 exprimeret
1721 382 1874 434 fidem

305 495 550 553 operum,
577 494 738 549 prope
759 476 1052 548 perieulum
1083 475 1298 546 pudoris
1323 475 1566 538 accessit,
1584 475 1702 544 quia
1726 473 1874 537 dixit,

312 569 472 630 Erunt
505 570 608 625 duo
638 571 689 622 in
727 585 880 624 carne
919 583 1020 620 una
1043 607 1059 631 ,
1108 566 1196 619 ubi
1242 565 1673 619 commixtioncm
1720 566 1882 618 maris

306 671 363 718 et
386 660 598 715 feminte
625 658 845 727 intelligi
877 657 1064 712 voluit.
1113 656 1328 710 Dicatur
1355 669 1510 709 causa
1539 697 1553 717 ,
1582 669 1678 708 cur
1702 655 1754 708 in
1785 670 1880 709 ex-

305 749 599 820 primendis
623 749 872 817 operibus
904 747 1032 811 Dei,
1075 745 1332 815 prOpbeta
1379 759 1543 813 prepe
1583 745 1877 814 periculum

307 840 526 912 pudoris
559 839 877 894 accesserit.
932 837 1076 892 Itane
1123 851 1250 892 vero
1298 835 1528 889 humana
1573 851 1734 904 opera
1783 851 1882 905 pu-

305 917 482 988 denda
513 942 630 986 esse
658 945 760 983 non
789 928 1024 993 debent,
1060 926 1153 981 sed
1188 927 1339 996 plane
1368 925 1639 993 glorianda
1662 967 1676 989 ,
1723 937 1776 980 et
1805 925 1884 978 di-

307 1023 428 1076 vina
461 1020 700 1090 pudenda
741 1019 904 1073 sunt?
955 1018 1101 1072 Itane
1126 1033 1252 1071 vero
1283 1017 1333 1070 in
1364 1017 1672 1086 cloquendis
1711 1027 1763 1070 et
1789 1033 1884 1072 ex-

309 1109 600 1181 primendis
647 1108 898 1179 operibus
947 1107 1081 1173 Dei,
1133 1123 1237 1161 non
1285 1105 1576 1161 honoratur
1614 1105 1888 1175 prephetm

309 1202 391 1255 vel
413 1216 565 1254 amor
577 1201 657 1254 vel
688 1199 855 1262 labor,
879 1199 971 1252 sed
1001 1198 1330 1266 periclitatur
1352 1196 1562 1265 pudor?
1587 1197 1720 1262 Quid
1747 1199 1886 1249 enim

311 1291 480 1360 potuit
507 1290 646 1342 Deus
685 1290 855 1342 facere
877 1329 891 1352 ,
926 1286 1064 1356 quod
1096 1287 1214 1355 ejus
1259 1288 1658 1356 prmdicatorem
1696 1287 1891 1356 pudeat

311 1378 529 1433 dicere?
582 1377 668 1444 Et,
697 1377 837 1446 quod
867 1385 950 1431 est
988 1377 1200 1446 gravius
1223 1417 1238 1443 ,
1274 1377 1466 1444 pudeat
1498 1376 1765 1430 hominem
1797 1379 1894 1432 ali-

311 1469 463 1535 cujus
487 1466 700 1534 Operis,
746 1465 885 1533 quod
914 1481 1019 1518 non
1047 1465 1206 1519 homo
1226 1505 1241 1527 ,
1272 1465 1366 1520 sed
1393 1465 1533 1519 Deus
1565 1465 1685 1520 fecit
1715 1467 1766 1520 in
1796 1466 1891 1521 bo-

311 1560 457 1614 mine
485 1574 499 1613 :
527 1572 649 1614 cum
695 1571 881 1611 omnes
921 1555 1138 1625 opiﬁces
1177 1568 1376 1625 quanto
1407 1559 1423 1589 ³
1450 1567 1671 1626 possunt
1713 1558 1893 1612 labore

314 1659 366 1702 et
393 1646 654 1701 industria
677 1647 729 1700 id
758 1655 936 1715 agant,
960 1661 1028 1699 ne
1051 1645 1118 1700 de
1137 1646 1248 1699 suis
1267 1646 1519 1715 operibus
1541 1647 1894 1702 erubescant?

315 1735 422 1791 Sed
466 1736 705 1803 profecto
745 1735 870 1789 illud
899 1749 996 1789 nos
1025 1735 1046 1766 ⁸
1075 1735 1269 1804 pudet,
1314 1735 1454 1804 quod
1483 1736 1662 1804 puduit
1695 1738 1894 1805 primos

317 1828 436 1881 illos
480 1826 764 1892 homines,
813 1823 1026 1894 quando
1078 1825 1323 1894 pudenda
1371 1835 1636 1880 texerunt.
1694 1826 1784 1880 Illa
1815 1835 1897 1882 est

317 1931 474 1986 pana
505 1915 744 1986 peccati,
787 1915 872 1970 illa
913 1915 1062 1985 plaga
1094 1915 1478 1986 vestigiumque
1514 1917 1756 1984 peccati;
1808 1917 1894 1971 illa

319 2006 568 2062 illecebra
618 2003 891 2075 famesque
928 2005 1168 2075 peccati,
1215 2006 1305 2060 illa
1335 2007 1418 2060 lex
1450 2007 1503 2060 in
1533 2006 1786 2061 membris
1812 2022 1897 2062 re-

326 2112 565 2166 pugnans
594 2097 694 2166 legi
723 2097 940 2161 mentis,
971 2095 1058 2150 illa
1087 2109 1152 2150 ex
1179 2096 1332 2151 nobis
1360 2095 1490 2165 ipsis
1517 2096 1774 2151 adversus
1800 2112 1898 2152 nos

324 2187 465 2255 ipsus
492 2185 844 2242 inobedientia
867 2226 883 2250 ,
908 2185 1206 2256 justissimo
1230 2186 1558 2254 reciprocatu
1589 2186 1901 2242 inobcdien-

326 2277 463 2332 tibus
489 2275 713 2330 reddita.
745 2273 910 2344 llujus
933 2290 1030 2329 nos
1054 2275 1239 2344 pudet,
1269 2283 1322 2329 et
1351 2276 1539 2330 merito
1561 2276 1740 2345 pudet.
1765 2275 1898 2330 Nam

323 2367 369 2424 si
395 2366 496 2422 hoc
521 2381 625 2420 non
644 2377 807 2431 esset,
826 2365 952 2438 quid
977 2365 1132 2421 nobis
1153 2352 1297 2421 esset
1316 2367 1589 2436 ingratius,
1618 2367 1742 2436 quid
1768 2368 1902 2423 irre-

325 2456 589 2528 ligiosius,
635 2455 680 2510 si
717 2455 769 2509 in
800 2455 1054 2510 membris
1080 2456 1277 2510 nostris
1295 2496 1310 2522 ,
1342 2471 1448 2510 non
1477 2455 1544 2511 de
1570 2457 1698 2510 vitio
1725 2460 1804 2510 vel
1831 2456 1900 2512 de

327 2561 479 2614 pinna
508 2554 710 2607 nostra,
741 2543 836 2599 sed
863 2543 932 2600 de
959 2544 1052 2602 Dei
1080 2543 1532 2601 confunderemur
1558 2545 1852 2614 operibus?

394 2635 623 2692 CAPUT
660 2634 728 2692 Χ.
768 2664 840 2676 -
880 2634 973 2696 23.
1006 2635 1141 2689 Dicit
1167 2636 1327 2690 etiam
1378 2636 1476 2690 iste
1513 2638 1674 2690 multa
1706 2635 1900 2692 frustra

329 2725 396 2782 de
425 2725 692 2782 Abraham
722 2734 776 2780 et
801 2725 951 2793 Sara,
978 2723 1246 2794 quomodo
1276 2739 1342 2779 ex
1371 2724 1780 2792 repromissione
1809 2740 1901 2780 ac-

331 2819 572 2888 ceperint
597 2815 798 2882 filium;
821 2826 876 2871 et
892 2817 1100 2872 tandem
1126 2817 1605 2886 concupiscentiam
1628 2816 1899 2871 nominat:

329 2924 435 2964 non
469 2918 646 2964 tamen
673 2907 821 2964 addit
848 2910 1026 2970 carnis
1047 2948 1063 2973 ,
1105 2909 1227 2979 quia
1267 2909 1377 2976 ipsa
1411 2907 1654 2978 pudenda
1689 2916 1792 2964 est.
1845 2907 1900 2962 ln

328 2995 775 3066 concupiscentiae
803 3004 978 3050 autem
1009 2998 1222 3052 nomine
1254 2996 1538 3066 aliquando
1565 2996 1904 3067 gloriandum

327 3099 408 3143 est
442 3106 456 3143 :
484 3088 604 3157 quia
630 3097 715 3142 est
743 3097 798 3142 et
813 3088 1236 3157 concupiscentia
1263 3089 1482 3157 spiritus
1505 3089 1760 3149 adversus
1787 3105 1907 3144 car-

331 3193 452 3238 nem
483 3177 677 3250 (σαῖσι.
713 3193 747 3232 v
768 3217 783 3238 .
819 3178 906 3246 Π)
931 3217 946 3243 ,
993 3187 1079 3232 est
1102 3188 1156 3232 ct
1179 3178 1606 3246 concupiscentia
1633 3178 1906 3248 sapientiae

334 3271 491 3342 (δίῳ.
522 3287 574 3325 vr
596 3312 612 3338 ,
642 3271 757 3342 El).
796 3271 884 3325 Ait
911 3285 1038 3340 ergo
1069 3288 1083 3324 :
1120 3288 1139 3321 t
1173 3269 1332 3326 Certe
1362 3271 1497 3325 hanc
1523 3272 1904 3340 concupiscen-

332 3361 456 3418 tiam
489 3361 605 3416 sine
631 3375 735 3430 qua
763 3361 903 3414 nulla
925 3359 1219 3418 fecunditas
1237 3368 1320 3418 est
1343 3402 1358 3427 ,
1382 3362 1574 3428 malam
1599 3360 1620 3393 ³
1657 3361 1908 3416 naturali-

332 3463 413 3507 ter
441 3451 674 3508 deﬁnisd
709 3469 722 3506 :
757 3452 896 3507 unde
920 3467 1048 3523 ergo
1080 3467 1176 3522 per
1201 3452 1397 3508 donum
1426 3457 1647 3509 cteleste
1675 3455 1726 3508 in
1751 3456 1902 3511 seni-

331 3541 432 3597 bus
459 3542 756 3598 excitatur?
811 3543 1003 3600 Astrue
1043 3541 1153 3611 jam
1195 3543 1328 3606 hoc,
1378 3543 1421 3596 si
1450 3554 1642 3614 potes,
1685 3545 1750 3599 ad
1775 3558 1909 3614 opus

331 3631 530 3687 diaboli
560 3634 822 3701 pertinere
841 3674 857 3697 ,
883 3635 1024 3703 quod
1057 3633 1217 3688 Deum
1247 3633 1394 3688 vides
1412 3635 1655 3691 conferre
1685 3653 1778 3705 pro
1805 3654 1912 3692 mtt-

337 3738 483 3777 nerc.
524 3742 544 3776 ι
578 3723 648 3776 lta
676 3725 776 3778 hoc
805 3723 952 3789 dicit,
983 3726 1130 3794 quasi
1152 3727 1577 3796 concupiscentia
1604 3729 1780 3782 carnis
1807 3728 1910 3784 illis

338 3822 458 3867 ante
487 3813 745 3879 defuerit,
781 3825 834 3868 et
873 3813 1010 3869 hanc
1037 3817 1114 3869 eis
1143 3815 1417 3870 donaverit
1443 3817 1583 3872 Deus
1609 3835 1623 3871 :
1650 3833 1766 3887 quae
1788 3833 1913 3888 pro-

338 3903 421 3955 cul
451 3903 613 3958 dubio
643 3902 818 3958 inerat
850 3905 898 3964 in
934 3919 1157 3974 corpore
1183 3907 1368 3959 mortis
1392 3906 1586 3976 hujus;
1612 3907 1705 3962 sed
1733 3907 1915 3964 fecun-

340 3993 476 4047 ditas
501 3993 703 4059 defuit,
749 3993 898 4064 cujus
939 4003 1124 4050 auctor
1153 4005 1234 4049 est
1265 3995 1402 4050 Deus
1427 4035 1442 4058 ,
1489 4005 1542 4049 et
1573 3997 1682 4065 ipsa
1715 3997 1909 4052 donata

342 4092 420 4136 cst
461 4082 670 4150 quando
713 4081 880 4136 voluit
925 4084 1080 4142 Deus.
1130 4084 1284 4138 Absit
1326 4093 1505 4138 autem
1549 4094 1606 4138 ut
1651 4086 1910 4153 dicamus,

342 4171 478 4240 quod
509 4185 605 4224 nos
636 4171 840 4240 putavit
869 4185 987 4225 esse
1008 4170 1263 4238 dicturos,
1294 4172 1438 4228 Isaac
1457 4173 1573 4228 sine
1601 4175 1914 4232 concubitus

343 4262 518 4314 calore
543 4270 872 4329 generatum.
1512 4301 1520 4310 .

411 4350 635 4406 CAPUT
661 4350 750 4406 XI.
773 4379 840 4391 —
868 4351 956 4406 id.
982 4351 1087 4407 Sed
1115 4352 1226 4422 ipse
1247 4353 1355 4422 jam
1385 4353 1545 4420 dicat,
1565 4371 1729 4426 quare
1754 4357 1918 4412 inter-

347 4441 446 4494 iret
483 4443 655 4494 auima
686 4443 801 4510 ejus
841 4442 907 4502 de
950 4458 1146 4513 genere
1183 4458 1318 4511 suo,
1361 4444 1408 4499 si
1445 4445 1791 4502 circumcisus
1831 4447 1917 4501 die

349 4545 449 4584 non
479 4540 620 4586 esset
639 4541 828 4586 octavo
860 4549 873 4585 :
906 4533 1032 4602 quid
1064 4535 1175 4603 ipse
1202 4546 1500 4604 peccasset,
1526 4537 1650 4608 quid
1669 4537 1919 4594 offendis-

348 4630 427 4673 ret
461 4620 623 4674 Deum
649 4661 664 4688 ,
710 4630 768 4675 ut
791 4622 859 4677 de
891 4623 1061 4678 aliena
1091 4625 1141 4677 in
1168 4638 1226 4684 se
1251 4626 1568 4700 negligentia
1604 4636 1710 4685 tam
1733 4643 1918 4684 severa

348 4708 610 4769 sententia
639 4710 914 4780 puniretur
933 4753 948 4779 ,
982 4713 1030 4768 si
1052 4713 1252 4770 nuilum
1280 4726 1422 4774 esset
1449 4717 1707 4786 originale
1736 4732 1921 4797 pec‘ca;
1943 4767 1978 4805 p

351 4799 509 4854 tum?
554 4799 630 4856 De
673 4801 1117 4857 circnmcidendis
1167 4805 1306 4864 enim
1352 4806 1494 4861 Deus
1536 4809 1612 4863 sic
1652 4797 1916 4868 manda?

351 4885 676 4942 infantibus:
711 4886 972 4944 Masculus
1014 4892 1100 4962 qui
1135 4909 1235 4946 non
1270 4893 1650 4950 circumcidelur
1673 4898 1921 4951 carnem.~

351 4979 585 5051 pmputii
622 4979 700 5035 sui
726 4991 899 5035 octavo
927 4981 1037 5048 die,
1069 4980 1304 5054 dispedet
1331 4984 1502 5039 anima
1530 4987 1635 5054 ejus
1659 4986 1723 5041 de
1747 5004 1923 5058 genere

350 5085 459 5135 suo,
487 5070 606 5142 quia
631 5080 977 5125 testamentum
996 5088 1162 5124 meum
1182 5072 1442 5143 dissipavit
1471 5073 1619 5146 (Gen.
1648 5093 1775 5144 xvn,
1809 5076 1919 5148 id).

356 5158 500 5214 Dicat
525 5159 646 5225 iste,
673 5159 719 5215 si
746 5169 954 5230 potest,
981 5162 1247 5230 quomodo
1279 5178 1408 5233 puer
1432 5165 1520 5220 ille
1548 5175 1922 5220 testamentum

355 5249 446 5302 Dei
467 5249 741 5320 dissipavit
762 5291 780 5315 ,
820 5261 943 5306 octo
961 5250 1190 5320 dierum,
1219 5266 1476 5323 quantum
1501 5255 1567 5310 ad
1594 5258 1764 5325 ipsum
1798 5272 1922 5326 pro-

355 5339 466 5402 prie
491 5340 682 5395 attinet
704 5382 720 5407 ,
749 5340 1005 5396 innocens
1032 5341 1205 5399 infans
1239 5362 1253 5400 :
1289 5354 1342 5398 et
1378 5355 1552 5400 tamen
1585 5345 1732 5401 nullo
1764 5348 1925 5402 modo

417 5474 432 5536 ξ
469 5470 682 5536 Potiores
699 5479 824 5533 διες,
843 5480 1088 5536 quatiunt.

415 5533 436 5593 ξ
466 5532 683 5582 b‘onnulli
704 5542 832 5593 Mss"
849 5532 995 5585 nunc.

420 5591 441 5624 ³
472 5597 598 5651 Lov.,
614 5592 810 5643 malum.

419 5651 440 5684 ⁵
471 5657 547 5714 Er.
577 5655 721 5718 Lugd.
749 5663 864 5704 Ven.
891 5662 942 5706 ct
963 5663 1097 5718 ima,
1116 5655 1290 5708 carne."
1345 5666 1400 5708 at.

1638 269 1838 326 LIBER
1875 270 2246 328 SECUNDUS.

1989 382 2128 436 Deus
2151 383 2230 438 vei
2253 391 2431 436 sancta
2453 381 2717 452 Scriptura
2743 380 2791 434 id
2821 381 3142 440 mendaciter
3166 387 3387 444 diceret.
3402 391 3555 450 Tunc

1987 487 2114 542 ergo
2140 471 2410 540 dissipavit
2438 483 2808 528 testamentum
2841 475 2929 529 Dei
2954 516 2968 542 ,
3021 492 3122 531 nou
3151 477 3250 530 hoc
3279 478 3346 533 de
3384 480 3554 550 impe-

1989 573 2100 618 rata
2128 565 2562 628 circumcisione,
2614 564 2704 618 sed
2754 565 2880 620 illud
2921 566 2988 621 de
3027 567 3150 635 ligni
3181 569 3556 638 prohibitione,

1987 655 2199 723 quando
2229 671 2316 724 per
2351 671 2502 708 unum
2537 655 2784 708 hominem
2824 666 3077 726 peccatum
3115 657 3315 711 intravit
3340 659 3393 712 in
3417 677 3561 712 mun-

1987 745 2147 810 dum,
2179 753 2222 798 et
2257 762 2345 814 per
2369 754 2621 815 peccatum
2661 762 2831 811 mors;
2877 757 2922 799 et
2948 747 3016 799 ita
3038 746 3088 799 in
3129 764 3299 802 omnes
3337 754 3563 806 homines

1989 835 2314 906 pertransiit,
2356 839 2407 889 in
2436 853 2531 902 quo
2558 853 2726 890 omnes
2767 849 3112 906 peccaverunt.
3161 839 3224 892 Et
3260 839 3360 894 hoc
3391 842 3441 894 in
3475 843 3564 894 illo

1990 925 2386 995 signiﬁcabatur
2411 925 2611 994 expiari
2648 927 3049 981 circumcisione
3083 931 3252 982 octavi
3293 931 3416 992 diei,
3463 933 3564 986 hoc

1991 1023 2106 1079 est,
2159 1026 2492 1070 sacramento
2533 1015 2838 1069 lllediatoris
2881 1017 2930 1069 in
2961 1031 3123 1071 Carne
3163 1021 3366 1072 venturi
3398 1038 3411 1073 :
3442 1022 3562 1089 quia

1991 1119 2086 1173 per
2112 1103 2353 1158 eamdem
2382 1103 2537 1157 ﬁdem
2569 1106 2771 1157 venturi
2803 1105 2853 1157 in
2877 1119 3036 1158 carne
3065 1104 3258 1159 Christi
3282 1149 3296 1170 ,
3329 1117 3384 1162 et
3412 1109 3566 1162 morio

1992 1195 2094 1246 turi
2126 1207 2221 1262 pro
2247 1194 2396 1246 nobis
2422 1235 2436 1259 ,
2468 1205 2519 1247 et
2547 1194 2700 1249 tertio
2722 1195 2838 1259 die,
2869 1195 2955 1262 qui
2990 1205 3105 1262 post
3135 1199 3414 1263 septimum
3441 1199 3559 1253 sab-

1992 1281 2098 1336 bati
2131 1283 2301 1337 fuerat
2324 1282 2527 1337 futurus
2553 1293 2798 1343 octavus.
2834 1286 3214 1347 resurrecturi,
3243 1289 3400 1340 etiam
3433 1287 3561 1354 justi

1992 1373 2334 1428 salvabantur
2379 1375 2601 1443 antiqui.
2651 1374 2898 1428 Traditus
2924 1385 3004 1428 est
3031 1374 3170 1428 enim
3216 1385 3434 1444 propter
3472 1377 3566 1433 de-

1995 1463 2116 1519 licla
2163 1473 2373 1527 nostra,
2430 1471 2482 1517 ct
2530 1465 2819 1519 resurrexit
2873 1473 3087 1532 propter
3133 1465 3568 1532 justiﬁeationem

1995 1565 2249 1609 nostram.
2307 1555 2384 1609 Ex
2423 1571 2527 1625 quo
2565 1555 2708 1609 enim
2761 1554 2996 1608 instituta
3039 1565 3120 1608 est
3166 1557 3496 1610 circumcisio
3519 1557 3569 1611 itt

1997 1644 2192 1715 populo
2222 1645 2346 1709 Dei,
2378 1643 2517 1713 quod
2545 1652 2660 1700 erat
2691 1656 2813 1698 tunc
2852 1645 3176 1714 signaculum
3201 1647 3420 1712 justitizc
3449 1647 3570 1701 fidei

1998 1734 2172 1804 (Rom.
2201 1749 2283 1799 tv,
2305 1734 2408 1798 25,
2443 1736 2560 1804 ll),
2591 1735 2659 1787 ita
2693 1735 2707 1766 ¹
2740 1734 2803 1787 ad
2832 1736 3269 1803 significationem
3306 1742 3573 1807 purgatio-

1998 1826 2082 1878 nis
2107 1825 2316 1880 valebat
2344 1835 2398 1880 et
2440 1826 2492 1880 in
2535 1827 2764 1894 parvulis
2796 1827 3068 1896 originalis
3112 1829 3410 1898 veterisque
3448 1845 3569 1898 pec—

1997 1917 2121 1979 cati,
2150 1917 2285 1970 sicut
2313 1925 2366 1971 et
2395 1917 2694 1985 Baptismtts
2716 1931 2780 1970 ex
2808 1917 2899 1970 illo
2939 1918 3114 1972 valere
3139 1920 3301 1986 empit
3327 1919 3389 1972 ad
3419 1920 3572 1972 inno-

2001 2005 2267 2059 vationem
2295 2004 2544 2068 hominis,
2561 2019 2628 2060 ex
2654 2021 2759 2074 quo
2778 2015 2859 2060 est
2881 2006 3169 2060 institutus.
3193 2006 3268 2078 (α)
3295 2006 3408 2062 NOn
3429 2007 3572 2078 quod

1998 2103 2122 2154 ante
2164 2096 2620 2151 circumcisionem
2660 2096 2862 2165 justitia
2913 2097 3030 2150 fidei
3075 2099 3216 2150 nulla
3248 2109 3399 2163 erat;
3447 2115 3570 2153 nam

1999 2203 2119 2242 cum
2147 2188 2321 2242 adhuc
2348 2197 2489 2243 esset
2527 2189 2578 2242 in
2611 2189 2900 2257 praeputio,
2931 2203 2994 2243 ex
3026 2187 3130 2243 ﬁde
3153 2189 3473 2256 jnstiﬁcatns
3493 2199 3577 2244 est

2002 2281 2114 2350 ipse
2144 2281 2407 2335 Abraham
2429 2321 2444 2346 ,
2487 2290 2637 2350 pater
2663 2281 2896 2348 gentium
2925 2295 3043 2349 qua:
3081 2279 3240 2334 ﬁdem
3271 2281 3434 2348 ipsius
3465 2281 3580 2335 fuc-

2002 2381 2122 2422 rant
2161 2379 2440 2423 sectatum
2475 2385 2489 2424 :
2519 2368 2614 2422 sed
2656 2368 3018 2437 superioribus
3053 2368 3383 2437 temporibus
3429 2369 3577 2423 omni

2002 2456 2161 2512 modo
2174 2459 2718 2516 latuitsacramentum
2732 2457 3123 2526 justifieationis
3147 2473 3208 2512 ex
3229 2458 3351 2512 ﬁde.
3380 2458 3576 2512 Eadem

2004 2557 2179 2602 tamen
2207 2548 2336 2604 ﬁdes
2359 2548 2660 2602 Mediatoris
2678 2549 2858 2603 Salvos
2878 2547 3051 2618 justas
3074 2548 3297 2604 faciebat
3313 2551 3576 2620 antiquos,

2004 2639 2225 2709 pusillos
2255 2654 2378 2694 cum
2408 2639 2640 2709 magnis;
2684 2653 2790 2692 non
2827 2649 2982 2692 vetus
3007 2639 3400 2694 Testamentum
3441 2640 3582 2710 quod

2003 2733 2056 2783 in
2087 2728 2394 2784 servitutem
2425 2739 2640 2798 generat
2666 2727 2860 2796 (Colat.
2892 2743 2979 2793 tv,
3009 2727 3104 2796 ει)
3129 2769 3144 2791 ,
3192 2743 3300 2783 non
3339 2729 3421 2783 iex
3463 2745 3583 2798 qua:

2003 2835 2108 2878 non
2135 2819 2212 2873 sic
2248 2818 2476 2872 estdata
2499 2859 2515 2884 ,
2544 2834 2660 2887 qua:
2695 2826 2875 2888 posset
2899 2818 3163 2872 vivificare
3188 2816 3300 2886 (Id.
3334 2833 3429 2881 ιιι,
3459 2819 3577 2890 21).

2003 2912 2098 2968 sed
2139 2911 2305 2981 gratia
2339 2911 2429 2965 Dei
2470 2924 2566 2980 per
2603 2909 2783 2964 Jesum
2827 2909 3096 2963 Christum
3150 2908 3428 2962 Dominum
3475 2924 3574 2963 no-

2003 3015 2170 3060 strum
2202 3000 2379 3073 (Rom.
2405 3016 2480 3056 vn
2502 3042 2517 3066 ,
2542 3000 2655 3070 25).
2688 2999 2819 3066 Quia
2849 3000 2986 3053 sicut
3018 2999 3284 3053 credimus
3313 3013 3412 3054 nos
3429 2997 3588 3053 Chri-

2004 3103 2143 3149 stum
2173 3094 2225 3147 in
2257 3105 2424 3149 carne
2463 3090 2673 3144 venisse
2692 3129 2708 3154 ,
2751 3090 2829 3142 sic
2869 3087 2945 3142 illi
2974 3096 3251 3142 venturum
3282 3104 3295 3140 :
3325 3087 3462 3142 sicut
3489 3103 3587 3143 nos

2005 3193 2308 3250 mortuum,
2370 3182 2440 3238 ita
2485 3181 2556 3234 illi
2602 3179 2914 3233 moriturum
2952 3195 2968 3232 :
3009 3177 3146 3232 sicut
3185 3194 3282 3234 nos
3337 3195 3580 3234 resurre-

2007 3275 2148 3329 xisse
2168 3314 2184 3340 ,
2234 3273 2304 3328 ita
2343 3271 2419 3327 illi
2465 3279 2882 3324 resurrecturum
2913 3283 2926 3320 :
2953 3277 3007 3321 et
3046 3283 3142 3321 nos
3163 3283 3287 3320 vero
3307 3276 3360 3321 et
3387 3267 3483 3333 illi,
3519 3266 3589 3322 ad

2002 3362 2258 3433 judicium
2285 3373 2614 3417 mortuorum
2638 3359 2984 3426 vivorumque
3007 3367 3306 3411 venturum.
3327 3356 3444 3412 Non
3463 3371 3590 3426 ergo

2011 3455 2114 3510 iste
2152 3455 2436 3508 humanam
2486 3451 2625 3506 male
2673 3449 3012 3504 defendendo
3055 3447 3308 3518 impediat
3348 3463 3378 3502 a
3419 3448 3590 3503 salute

2011 3560 2250 3602 naturam
2289 3565 2302 3600 :
2333 3547 2455 3615 quia
2485 3559 2672 3598 omnes
2699 3545 2798 3596 sub
2828 3553 3044 3611 peccato
3081 3543 3382 3608 nascimur,
3413 3552 3467 3596 et
3493 3557 3589 3611 per

2013 3630 2174 3693 unum
2204 3638 2408 3698 solum,
2451 3637 2541 3706 qui
2570 3635 2686 3690 sine
2714 3643 2930 3703 peccato
2960 3647 3114 3687 natus
3141 3643 3251 3697 est,
3282 3633 3589 3686 liberamur.

2081 3727 2305 3783 CAPUT
2349 3726 2538 3781 Xll.—
2563 3724 2651 3780 35.
2695 3743 2714 3776 ι
2750 3724 2882 3790 lsta,
2912 3742 2928 3774 I
2982 3723 3167 3792 inquit,
3231 3739 3249 3773 ι
3279 3736 3587 3789 corporum,

2012 3818 2339 3883 commixtio,
2365 3834 2484 3871 cum
2511 3817 2712 3879 calore,
2737 3830 2858 3869 cum
2891 3814 3178 3882 voluptate,
3209 3827 3330 3866 cum
3359 3813 3587 3876 semine,

2014 3925 2045 3965 a
2074 3911 2180 3965 Deo
2205 3909 2363 3968 facta.
2391 3919 2446 3964 et
2473 3925 2568 3980 pro
2609 3922 2706 3962 suo
2735 3907 2893 3962 modo
2922 3905 3200 3960 laudabilis
3241 3905 3588 3974 approbatur,

2015 4017 2133 4070 quae
2149 4002 2430 4070 aliquando
2445 4004 2604 4054 etiam
2621 3999 2854 4067 amplum
2875 3996 3100 4052 efficitur
3119 4011 3309 4048 munus
3326 3995 3550 4062 piorutn.
3565 4014 3588 4047 ο

2019 4093 2163 4147 Dixit
2193 4132 2207 4155 ,
2261 4111 2282 4144 ‹
2314 4107 2436 4146 cum
2483 4092 2698 4155 calore;
2731 4106 2751 4140 ι
2801 4087 2953 4150 dixit,
3007 4105 3026 4137 ι
3062 4102 3183 4140 cutn
3228 4086 3529 4153 voluptate;
3567 4102 3587 4136 ι

2016 4181 2169 4244 dixit,
2205 4199 2226 4233 ι
2259 4196 2377 4233 eum
2403 4179 2606 4233 semine
2635 4195 2646 4230 :
2684 4195 2704 4229 ι
2737 4193 2840 4229 non
2877 4185 3052 4228 tamen
3081 4174 3262 4229 dicere
3290 4188 3452 4228 ausus
3481 4182 3589 4239 est,

2019 4273 2148 4328 Cum
2174 4270 2424 4330 libidine;
2456 4282 2642 4338 quare,
2675 4266 2776 4322 nisi
2809 4265 2930 4330 quia
2976 4265 3253 4318 nominare
3300 4263 3593 4327 erubescit,

2017 4375 2175 4430 quam
2203 4359 2418 4414 laudare
2448 4372 2550 4411 non
2577 4355 2844 4410 erubescit
2870 4353 2926 4408 ’ἲ
2945 4352 3134 4407 Munus
3159 4359 3338 4406 autem
3381 4352 3590 4419 piorum

2021 4450 2328 4521 propagatio
2353 4458 2437 4504 est
2472 4445 2692 4501 fecunda
2724 4444 2974 4509 ﬁliorum,
3009 4458 3113 4496 non
3165 4443 3459 4497 commotio
3503 4456 3599 4510 pu-

2020 4540 2191 4596 denda
2213 4539 2573 4594 membrorum
2601 4553 2616 4590 :
2647 4549 2804 4606 quam
2828 4549 2932 4588 non
2966 4533 3184 4587 haberet
3209 4533 3260 4586 in
3282 4531 3598 4602 generandis

2024 4633 2146 4689 ﬁliis
2169 4639 2357 4687 natura
2383 4644 2533 4694 sana,
2565 4641 2707 4682 nunc
2731 4639 2907 4680 autem
2930 4624 3088 4680 habet
3133 4637 3248 4677 eam
3291 4632 3474 4677 natura
3523 4622 3598 4675 vi-

2001 4724 2169 4778 tiata.
2193 4723 2272 4778 Ac
2290 4734 2384 4790 per
2403 4721 2506 4776 hoc
2533 4728 2587 4773 ct
2615 4719 2704 4791 qui
2753 4717 2876 4772 inde
2910 4717 3144 4772 nascitur
3191 4714 3390 4783 indiget
3434 4727 3594 4766 rena-

2023 4816 2120 4880 sci,
2154 4810 2211 4868 nt
2237 4813 2307 4868 sit
2325 4811 2620 4867 membrum
2655 4807 2882 4870 Christi;
2909 4817 2964 4862 et
3001 4805 3072 4860 de
3108 4817 3216 4874 quo
3264 4801 3520 4865 nascitur,
3550 4800 3598 4855 sl

2020 4906 2129 4976 jam
2155 4912 2466 4968 renatusest
2481 4941 2498 4969 ,
2523 4901 2722 4973 indiget
2747 4897 2956 4953 libeer
2979 4896 3046 4951 ab
3069 4911 3129 4948 ea
3157 4909 3276 4956 quae
3304 4895 3357 4946 in
3373 4907 3600 4962 corpore

2028 4996 2212 5050 mortis
2239 4995 2394 5064 hujus
2434 5003 2518 5049 est
2560 4994 2676 5062 lege
2724 4989 2944 5060 peccati.
2995 4986 3124 5054 Qua:
3171 5001 3294 5040 cum
3337 4984 3406 5038 ita
3464 4983 3593 5046 sint,

2027 5085 2294 5155 quomodo
2319 5084 2555 5155 :uljungit
2582 5092 2635 5138 et
2658 5082 2804 5144 dicit,
2830 5097 2850 5130 α
2887 5075 3202 5137 Cotifitearis
3222 5087 3350 5142 ergo
3377 5084 3602 5126 necesse

2029 5185 2131 5240 est,
2159 5176 2415 5247 originale
2443 5172 2582 5244 quod
2625 5172 2873 5234 finxeras,
2914 5167 3185 5222 interiisse
3233 5160 3542 5231 peccatum?
3575 5179 3596 5214 υ

2029 5265 2144 5320 Non
2164 5281 2264 5335 ego
2285 5265 2410 5318 finxi
2430 5262 2682 5332 originale
2707 5268 3002 5328 peceatum,
3021 5254 3161 5324 quod
3183 5252 3443 5308 catholica
3471 5249 3603 5305 fides

2095 5399 2110 5428 ¹
2135 5404 2193 5445 Ex
2222 5395 2510 5457 Benigniano
2533 5399 2610 5442 ais.
2637 5391 2852 5446 addimus
2872 5425 2888 5451 ,
2927 5388 3028 5449 ita;
3065 5398 3253 5436 necnon
3285 5383 3559 5448 [articulatm
3583 5421 3600 5445 ,

2032 5458 2100 5516 in,
2121 5467 2252 5512 ante,
2279 5455 2488 5514 parvulis
2956 5511 2966 5521 ,
3213 5507 3224 5521 .
3323 5507 3334 5518 .

2098 5523 2116 5550 ι
2152 5507 2250 5564 Am.
2276 5507 2345 5564 'Fr.
2393 5525 2440 5564 et
2465 5527 2633 5562 omnes
2677 5521 2814 5568 3:35.,
2840 5511 3084 5561 nominare
3121 5507 3606 5569 crnbescitﬁaudnre

2033 5593 2123 5627 non
2142 5579 2368 5626 crubesril
2391 5591 2404 5634 ;
2430 5592 2460 5624 0
2481 5580 2622 5630 ώεςςη,
2649 5587 2802 5636 quam.
3525 5609 3529 5612 .
3562 5579 3566 5584 ‘

2100 5665 2170 5722 (ιι)
2201 5674 2237 5719 ’.ι
2258 5661 2318 5708 tul
2351 5673 2441 5706 Mil.
2479 5670 2617 5707 utar.
2651 5662 2755 5716 iii,
2779 5661 2810 5704 ιι
2836 5658 2911 5704 hic
2935 5669 3004 5716 ra,
3023 5664 3072 5702 ut
3106 5653 3174 5701 li.
