4034 6182
432 327 537 383 851

427 447 602 504 credit
627 449 642 481 ¹
677 443 962 515 antiquitus
988 459 1003 495 :
1027 439 1119 495 sed
1149 451 1223 505 tu,
1250 440 1336 508 qui
1362 439 1462 493 hoc
1495 454 1675 509 negas,
1705 438 1819 491 sine
1847 435 2009 488 dubio

430 555 491 594 es
518 555 682 593 novus
707 536 1006 590 htrrelicus.
1036 532 1145 587 Sub
1168 531 1376 585 diabolo
1407 539 1583 584 autem
1624 539 1769 590 sunt,
1811 527 2014 596 judieto

435 630 550 695 Dei,
579 642 762 680 iunncs
792 641 910 677 cum
940 632 1154 690 peccato
1184 624 1449 691 generati,
1495 625 1539 674 si
1569 635 1673 672 nou
1713 615 1909 670 fuerint
1962 617 2012 668 in

431 722 640 775 Christo
673 715 989 785 regi-iterati.

501 807 726 862 CAPUT
761 803 1088 860 Xlll.——‘2S.
1128 801 1232 857 Sed
1258 802 1377 871 quia
1402 800 1473 855 de
1513 799 1780 855 Abraham
1831 798 2016 868 loque-

430 902 584 955 batur
613 912 663 952 ct
685 900 833 960 Stra,
867 897 1143 964 subiunxit
1186 905 1343 962 atque
1373 895 1444 946 ait
1477 911 1490 946 :
1521 911 1538 944 ι
1569 893 1719 960 Quod
1761 891 1804 944 si
1861 891 2016 943 dixe-

434 995 528 1056 ris,
557 990 696 1046 Usus
725 991 775 1043 in
806 991 884 1043 eis
908 989 1140 1058 vigebat,
1182 995 1236 1040 ct
1279 987 1414 1039 fctus
1461 1001 1565 1038 non
1606 996 1720 1039 erat
1750 1003 1761 1037 :
1800 1000 2022 1050 respon-

431 1084 590 1149 debo,
619 1085 787 1150 Quem
812 1081 1056 1134 conditor
1086 1078 1347 1148 promisit,
1396 1076 1641 1130 cauditor
1685 1075 1850 1137 dedit,
1912 1091 2016 1127 non

433 1175 768 1235 concubitus,
801 1170 892 1225 sed
924 1169 1012 1223 Dei
1040 1185 1172 1235 opus
1197 1176 1279 1220 est
1316 1166 1403 1236 qui
1441 1167 1693 1218 nascitur.
1725 1164 1823 1231 Qui
1853 1165 2015 1228 cnim,

435 1265 664 1334 primum
724 1262 991 1314 hominem
1061 1257 1184 1311 fecit
1244 1273 1305 1310 ex
1361 1257 1576 1324 pulvere
1653 1253 1806 1320 (Gen.
1861 1252 2016 1321 n,7),

435 1369 623 1406 omnes
658 1352 946 1404 fabricatur
973 1365 1034 1401 ex
1067 1349 1290 1402 semine.
1337 1346 1486 1399 Sicut
1525 1361 1652 1414 ergo
1685 1356 1806 1397 tunc
1840 1345 2017 1407 limus,

436 1447 525 1515 qui
555 1453 855 1512 assumptus
882 1451 965 1496 est
1001 1440 1245 1504 materia,
1280 1455 1382 1490 non
1415 1447 1601 1491 auctor
1623 1436 1852 1488 hominis
1885 1434 2017 1486 fuit:

436 1537 508 1591 ita
543 1551 680 1588 nunc
709 1535 784 1587 vis
809 1534 894 1586 illa
922 1531 1224 1599 voluptatis,
1243 1529 1532 1583 confectrix
1557 1527 2012 1594 commixtrixque

440 1628 727 1690 seminum,
762 1641 865 1678 non
893 1624 1068 1692 captet
1089 1621 1411 1691 operationis
1437 1620 1638 1683 vicem;
1668 1619 1758 1672 sed
1804 1619 1871 1672 de
1903 1617 2019 1671 tlte-

436 1719 607 1772 sauris
634 1727 833 1770 natnrte
859 1714 1016 1768 offert
1047 1715 1172 1774 Deo,
1206 1711 1346 1766 unde
1364 1711 1450 1765 ille
1472 1710 1740 1765 hominem
1775 1710 2021 1777 dignetur

451 1801 684 1869 operari.
710 1818 726 1848 ι
758 1797 881 1852 Haec
910 1800 1090 1852 omnia
1105 1797 1396 1866 qua-dixit,
1420 1806 1650 1865 excepto
1693 1799 1836 1862 quod
1869 1799 1964 1856 ait,
1991 1811 2020 1847 a

452 1897 727 1960 voluptate
752 1891 957 1944 semina
985 1890 1178 1942 (OlliiCi
1224 1899 1388 1956 atque
1423 1887 1664 1948 misceri,
1693 1895 1839 1940 recte
1869 1887 2020 1940 dice-

451 1996 558 2050 rei,
582 1985 623 2039 si
653 1986 704 2038 in
726 1985 805 2038 eis
830 1982 1158 2036 catholicum
1173 1996 1396 2036 sensum
1418 1979 1711 2035 defendere
1734 1981 2017 2035 niteretur.
2065 2027 2068 2032 .

453 2078 588 2141 Quia
619 2091 746 2130 vero
763 2075 966 2127 scimus
987 2074 1114 2140 quid
1142 2088 1205 2126 ex
1242 2073 1328 2126 his
1361 2072 1614 2126 moliatur
1640 2072 1872 2133 efficere,
1896 2087 2023 2142 pro-

450 2169 594 2222 fecto
625 2167 758 2220 dicit
783 2167 941 2221 etiam
967 2174 1110 2218 recta
1158 2177 1432 2234 perverse.
1483 2162 1616 2217 Illud
1659 2164 1862 2231 itaque,
1912 2177 2023 2231 quo

453 2270 680 2328 excepto
709 2265 906 2311 caetera
929 2272 1054 2309 vera
1089 2270 1210 2309 esse
1241 2271 1348 2309 non
1373 2255 1576 2318 abnuo,
1611 2253 1734 2307 ideo
1769 2269 1876 2307 non
1935 2262 2022 2308 est

454 2351 796 2418 verum,iptia
815 2351 1064 2420 voluptas
1079 2351 1166 2403 illa
1185 2349 1642 2418 concupiscentiae
1661 2349 1898 2402 carnalis
1914 2363 2019 2402 non

450 2442 673 2496 conficit
697 2442 901 2496 semina
923 2441 1052 2506 ;sed
1075 2455 1136 2494 ea
1157 2441 1402 2509 qtmjam
1427 2449 1556 2495 sunt
1605 2440 1659 2493 in
1692 2440 2022 2509 corporibus

407 2557 412 2560 ·
455 2550 483 2586 a
513 2549 638 2587 vero
665 2533 770 2588 Deo
789 2535 1032 2597 condita,
1057 2549 1086 2586 a
1104 2548 1214 2603 quo
1228 2543 1282 2586 et
1303 2537 1418 2602 ipsa
1437 2531 1750 2586 conduntur
1766 2548 2018 2601 corpora,

453 2642 560 2680 non
590 2626 722 2680 fiunt
746 2641 775 2680 a
805 2627 1084 2696 voluptate
1105 2628 1148 2689 ',
1178 2626 1274 2680 sed
1301 2629 1607 2680 excitantur
1629 2635 1682 2681 et
1698 2626 2022 2680 emittuntur

451 2734 574 2774 cum
601 2719 904 2788 voluptate.
939 2715 1133 2773 Utrum
1157 2725 1340 2772 autem
1389 2718 1673 2787 utriusque
1719 2734 1884 2773 sexus
1935 2732 2018 2772 se-

450 2811 596 2862 mina
637 2811 956 2864 inmuliebri
985 2819 1142 2865 utero
1160 2824 1284 2864 cum
1338 2807 1613 2878 voluptate
1655 2808 2014 2872 misceantur,

443 2896 674 2952 viderint
703 2893 917 2949 femina:
944 2890 1069 2962 quid
1100 2891 1152 2945 in
1173 2890 1394 2945 secretis
1421 2888 1714 2943 visceribus
1757 2888 2023 2942 sentiant:

446 3005 543 3044 nos
573 3005 678 3042 non
707 2989 862 3042 decet
901 2985 1132 3038 inaniter
1171 2997 1343 3050 usque
1370 2981 1435 3036 ad
1472 2981 1569 3035 ista
1595 2995 1716 3034 esse
1760 2980 2024 3034 curiosos.

445 3079 633 3137 Libido
657 3090 830 3131 tamen
857 3076 942 3129 illa
993 3072 1382 3136 erubescenda,
1425 3070 1564 3124 unde
1613 3069 1858 3138 pudenda
1912 3070 2026 3141 ipsa

444 3171 706 3242 appellata
737 3177 858 3222 stmt
880 3166 1139 3229 membra,
1168 3179 1272 3217 non
1301 3163 1401 3216 fuit
1429 3162 1481 3216 in
1531 3176 1758 3230 corpore
1802 3162 1923 3215 vita:
1956 3161 2026 3215 il-

445 3264 574 3328 lius,
601 3279 716 3329 quae
741 3261 790 3312 in
827 3257 1074 3328 paradiso
1107 3255 1204 3309 fuit
1247 3262 1372 3308 ante
1399 3262 1696 3322 peccatum,
1743 3252 1836 3308 sed
1867 3253 2029 3322 cepit

450 3369 569 3409 esse
596 3353 646 3407 in
673 3365 897 3419 corpore
942 3346 1128 3402 mortis
1181 3345 1338 3415 hujus
1374 3345 1627 3399 retributa
1671 3343 2026 3399 inobedientia

457 3441 832 3499 inohcdieutim
864 3425 984 3510 post
1026 3447 1326 3509 peccatum.
1377 3433 1505 3490 Sine
1531 3450 1631 3504 qua
1685 3435 1900 3490 libidine
1926 3451 2024 3506 po-

444 3545 734 3605 teratopus
767 3533 877 3586 ﬁeri
907 3530 1190 3600 coniugum
1214 3529 1264 3582 in
1287 3529 1629 3600 generatione
1655 3527 1901 3590 ﬁliorum,
1924 3530 2026 3584 sie-

450 3641 508 3684 ut
537 3628 698 3682 multa
725 3639 884 3694 opera
909 3625 1039 3677 fiunt
1065 3622 1368 3676 obedientia
1407 3631 1721 3677 cacterorum
1755 3622 1870 3676 sine
1894 3620 1984 3674 illo
2005 3617 2027 3650 ³

447 3719 640 3773 ardore
679 3715 1068 3777 membrorum,
1096 3728 1216 3782 quae
1241 3713 1528 3766 voluntatis
1555 3719 1682 3766 nutu
1721 3720 2021 3776 moventur,

449 3825 552 3864 non
584 3817 716 3861 a-stu
742 3804 972 3860 libidinis
1000 3803 1358 3858 concitantur.

513 3900 602 3952 27.
629 3896 858 3952 Attende
899 3904 1092 3948 etetera
1126 3911 1144 3943 ι
1182 3892 1292 3946 Hoc
1314 3891 1496 3955 etiam,
1534 3909 1551 3942 ι
1584 3891 1776 3962 inquit,
1829 3909 1848 3942 ι
1880 3892 2026 3960 Apo-

444 3989 568 4044 stoli
598 3987 878 4041 confirmat
897 3983 1207 4038 auctoritas.
1236 3982 1366 4036 Cum
1413 3981 1555 4034 enim
1614 3981 1800 4035 beatus
1833 3981 2026 4036 Paulus

442 4081 513 4137 de
562 4087 889 4133 mortuorum
947 4073 1336 4128 resurrectione
1387 4072 1714 4141 loqueretur,
1744 4071 2024 4128 aitzlnsi-

449 4174 607 4243 piens,
640 4180 690 4223 tu
712 4169 848 4236 quod
870 4167 1091 4221 seminus
1119 4152 1218 4219 non
1257 4163 1564 4232 viviﬁcatur.
1595 4165 1661 4220 Et
1689 4165 1820 4220 infra
1848 4185 1860 4220 :
1887 4166 2025 4221 Deus

447 4274 616 4317 autem
643 4262 728 4313 dot
755 4260 829 4312 iiii
850 4274 1032 4327 corpus
1058 4268 1203 4324 prout
1225 4257 1348 4321 vult,
1392 4266 1438 4309 et
1473 4257 1744 4328 unicuique
1776 4258 2025 4312 seminum

444 4353 704 4423 pronrium
725 4365 908 4417 corpus
943 4348 984 4418 (Ι
1013 4346 1132 4401 Cor.
1164 4362 1251 4410 xv,
1277 4345 1496 4417 ’ὄσ-58).
1537 4347 1591 4403 Si
1633 4363 1760 4417 ergo
1803 4349 1961 4413 Deus,
1999 4366 2018 4399 s

445 4445 638 4514 inquit,
673 4461 692 4492 ι
725 4442 958 4494 humano
985 4440 1196 4501 semini,
1223 4438 1366 4507 quod
1417 4452 1575 4492 nemo
1601 4447 1757 4508 negat
1791 4440 1872 4493 vel
1905 4454 2025 4506 pru-

444 4537 684 4592 dentium
714 4535 796 4588 vel
829 4534 1057 4600 piormn,
1080 4530 1356 4599 pr0prium
1406 4531 1543 4584 sicut
1587 4531 1834 4586 omnibus
1867 4529 2026 4584 rebus

443 4642 640 4698 corpus
659 4623 919 4688 attribuit,
952 4620 1095 4675 unde
1122 4633 1445 4689 quemquam
1471 4635 1618 4674 reum
1665 4627 1844 4674 natum
1899 4633 2026 4690 pro-

445 4720 634 4776 babis?
661 4717 896 4772 Tandem
924 4729 1020 4768 oro
1048 4711 1322 4782 reapicias,
1367 4711 1560 4781 quibus
1590 4711 1792 4779 laqueis
1823 4712 2026 4779 peccati

445 4811 702 4867 naturalis
746 4807 1034 4863 suffoectur
1073 4802 1322 4859 assertio.
1371 4801 1567 4855 Verum
1621 4816 1740 4871 age,
1777 4819 1795 4853 ι
1831 4801 2022 4868 inquit,

449 4925 470 4955 s
509 4913 705 4966 tecum,
740 4913 945 4966 precor,
978 4893 1178 4950 mitius.
1206 4892 1327 4947 Mihi
1354 4892 1536 4957 crede,
1567 4893 1726 4947 etiam
1778 4901 1830 4946 te
1883 4891 2021 4944 Deus

445 4999 565 5048 fecit
598 5015 610 5047 :
640 4992 765 5050 sed,
789 4990 928 5060 quml
974 4987 1241 5042 fatendum
1280 4994 1382 5046 est,
1415 4983 1590 5051 gravis
1639 4997 1794 5036 error
1823 4981 2023 5034 infecit.

442 5087 579 5154 Quid
608 5086 749 5138 enim
781 5091 951 5150 potest
995 5076 1266 5146 profauius
1306 5076 1427 5140 diei,
1485 5090 1644 5142 quam
1694 5073 1834 5142 quod
1890 5073 2026 5126 licus

444 5180 716 5229 hominem
735 5183 823 5226 aut
846 5188 949 5224 non
993 5169 1195 5231 fecerit,
1219 5176 1330 5230 aut,
1366 5175 1417 5217 III
1451 5165 1605 5232 dicis,
1643 5163 1860 5215 diabolus
1891 5163 2028 5215 fece-

444 5270 532 5331 rit,
555 5277 645 5320 aut
669 5275 815 5319 certe
839 5262 1082 5316 diabolus
1100 5260 1194 5316 Dei
1225 5259 1296 5313 sit
1325 5257 1631 5326 imaginem,
1671 5254 1772 5308 hoc
1788 5262 1893 5317 est,
1930 5253 2021 5306 ho-

445 5357 642 5410 minem
669 5353 980 5412 fabriratns;
1009 5350 1148 5420 quod
1176 5364 1280 5402 non
1307 5348 1482 5402 minus
1511 5345 1730 5400 stultum
1761 5344 2028 5414 dignosci-

443 5457 530 5501 tur
555 5459 694 5510 esse,
716 5461 873 5513 quam
915 5440 1170 5511 impium?
1223 5440 1362 5510 Ergo
1415 5447 1521 5492 tam
1564 5437 1738 5507 inops,
1776 5454 1795 5489 ι
1834 5436 2023 5506 inquit,

507 5582 524 5611 θ
560 5580 632 5627 sic
652 5584 755 5626 Mss.
785 5585 835 5626 Αι
857 5576 990 5632 editi,
1016 5574 1242 5626 credant.

505 5644 524 5675 ⁵
564 5650 659 5687 Aut.
686 5647 760 5698 tir,
784 5652 891 5686 cum
917 5639 1058 5686 muni.
1083 5652 1137 5685 us
1163 5646 1287 5694 Mssa,
1313 5632 1538 5699 non/inut
1561 5633 1823 5699 t‘Oltlpmle,‘
1847 5635 2022 5682 Olliism

441 5718 552 5768 prie;
575 5703 807 5768 mitione,
835 5714 878 5746 tl.

506 5791 514 5797 ·
548 5759 608 5828 Ἀ,
629 5765 687 5812 ull
713 5771 799 5812 ιω·
827 5796 842 5821 ,
869 5759 979 5809 ulla.

1205 324 1292 380 DE
1329 322 1597 382 NUPTIIS
1639 323 1720 376 li'l'
1761 317 2359 385 CONUUPISCENTiA,
2402 319 2458 374 S.
2500 318 2867 377 AUGUSTI.“

3200 310 3208 317 ’
3607 321 3712 377 ιη

2134 455 2152 486 ‹
2188 445 2291 488 tam
2324 431 2709 489 inverecundus
2743 438 2876 490 Deus
2899 449 2997 496 esi,
3028 448 3080 490 ιιι
3119 451 3222 488 non
3271 433 3513 490 habuerit
3564 438 3707 506 Quud

2126 525 2177 580 in
2207 528 2478 607 primuiqu
2505 529 2702 579 sanctis
2731 525 3032 578 hominibus
3063 525 3232 586 daret,
3288 528 3387 579 nisi
3416 525 3557 594 quod
3613 527 3706 581 de-

2122 619 2292 686 ceptis
2314 617 2555 670 diabolus
2601 615 2789 668 infudit
2837 616 2886 666 in
2941 615 3141 667 vitio‘?
3177 615 3264 668 Vis
3314 629 3490 670 autem
3548 618 3705 682 scire,

2121 709 2264 778 quod
2291 709 2450 761 etiam
2480 709 2530 760 in
2563 706 2646 760 his
2675 707 2763 775 qui
2793 707 2963 759 sancti
2992 721 3097 758 non
3121 717 3266 770 sunt,
3299 707 3435 760 hanc
3483 724 3710 777 genera-

2124 806 2324 855 tiouum
2355 803 2641 870 potentiam
2677 801 2815 854 Deus
2840 801 3087 853 tribuisse
3119 798 3415 870 probetur?
3447 799 3523 852 Eo
3553 802 3707 868 igitur

2125 903 2364 956 tempore
2393 908 2513 944 cum
2547 892 2815 945 Abraham
2847 901 2989 944 metu
3017 893 3296 960 perculsus
3315 894 3486 960 gentis
3517 886 3704 945 nsi-na.

2126 1000 2216 1046 tne,
2243 985 2567 1051 Saramth
2597 997 2728 1034 uxor
2755 990 2891 1045 erat,
2925 996 3165 1034 sororem
3193 997 3341 1034 suam
3364 981 3518 1046 dixit,
3547 985 3704 1036 refers

2127 1085 2208 1128 tur
2233 1075 2534 1128 Ainmrlech
2567 1090 2657 1127 rex
2682 1074 2820 1127 illius
2850 1073 3135 1141 provincia:
3174 1073 3458 1128 abduxisse
3509 1091 3628 1128 eam
3660 1077 3710 1127 in

2127 1165 2296 1218 noctis
2328 1182 2498 1217 usum.
2529 1164 2630 1219 Sed
2665 1165 2799 1217 Deus
2825 1164 2908 1217 cui
2957 1179 3102 1216 Cttrtc
3138 1172 3253 1216 erat
3301 1163 3474 1216 honor
3513 1177 3714 1218 sancta:

2127 1259 2381 1320 mulieris,
2414 1256 2463 1309 iu
2506 1259 2707 1310 somnis
2739 1255 3048 1309 Abimelech
3098 1257 3318 1309 veniens
3361 1259 3559 1325 regian
3599 1257 3715 1309 fre-

2127 1351 2274 1403 navit
2302 1348 2602 1413 audaciam,
2650 1349 3004 1402 comminatus
3041 1348 3332 1409 mteritum,
3380 1349 3422 1400 si
3468 1355 3718 1413 pergeret

2126 1443 2326 1494 violare
2351 1439 2678 1509 coniugium.
2718 1438 2864 1491 Tunc
2919 1436 3226 1490 Ahimrleeh
3271 1438 3343 1488 ait
3375 1455 3388 1490 :
3424 1435 3709 1504 NnmqniJ,

2132 1530 2364 1594 Domine,
2389 1540 2580 1600 gentem
2606 1511 2920 1598 ignorantem
2946 1537 2992 1578 et
3025 1528 3221 1596 justum
3265 1525 3480 1592 perdes?
3529 1526 3718 1578 Nonne

2125 1623 2225 1692 ipsi
2251 1622 2487 1674 dixerunt
2508 1636 2560 1673 se
2580 1618 2912 1689 germanitate
2939 1615 3274 1685 conjunctos?
3299 1615 3542 1669 Surrexit
3586 1632 3715 1683 ergo

2128 1729 2282 1766 mane
2311 1711 2640 1772 Abimelecb,
2685 1718 2739 1762 et
2764 1709 2969 1775 accepit
3013 1709 3157 1760 mille
3209 1708 3548 1760 didrachmas
3575 1709 3594 1736 ³
3625 1722 3718 1758 ar-

2129 1804 2293 1872 genti,
2326 1813 2377 1857 et
2408 1817 2557 1865 oves,
2587 1811 2641 1854 et
2683 1800 2896 1862 vitulos,
2934 1808 2987 1852 et
3019 1812 3230 1866 pueros,
3277 1811 3330 1852 ct
3373 1799 3614 1856 ancilhs,
3662 1806 3719 1851 et

2127 1895 2272 1949 dedit
2302 1893 2548 1956 Abt-alue,
2574 1902 2736 1962 atque
2761 1907 2788 1944 a
2812 1908 2869 1944 se
2894 1892 3168 1943 mulierem
3203 1890 3408 1942 remisit
3439 1890 3714 1942 intatnam.

2127 1987 2306 2040 Uravit
2329 2002 2454 2038 vero
2483 1986 2646 2038 Deum
2677 1985 2940 2036 Abraham
2967 1997 3064 2050 pro
3091 1982 3397 2034 Abimelech
3435 1999 3449 2035 :
3479 1991 3530 2035 et
3559 1997 3719 2034 sana-

2128 2079 2202 2131 vit
2232 2077 2371 2130 Deus
2411 2076 2742 2140 Abimelecb,
2786 2085 2838 2128 ct
2871 2091 3114 2139 uxorem,
3160 2083 3215 2127 et
3255 2075 3476 2127 ancillas
3524 2075 3664 2141 ejus.
3692 2093 3712 2124 s

2125 2168 2236 2222 Cur
2261 2177 2436 2220 autem
2486 2167 2598 2220 ha-c
2651 2176 2791 2219 tanta
2832 2167 3134 2234 prolixitate
3183 2167 3496 2227 narraverit,
3533 2167 3722 2233 accipe

2129 2261 2358 2314 breviter
2411 2261 2461 2313 in
2515 2259 2596 2312 his
2624 2259 2642 2287 ³
2672 2273 2790 2327 qute
2838 2269 3052 2311 secutus
3107 2257 3348 2325 adjuuxit
3378 2275 3449 2320 ιη(
3491 2258 3652 2322 Deus,
3690 2276 3715 2308 s

2131 2352 2320 2420 inquit,
2357 2369 2374 2401 ι
2413 2362 2603 2404 orante
2627 2349 2892 2402 Abraham
2922 2347 3126 2401 curavit
3155 2347 3388 2416 potentia
3436 2347 3726 2416 dispensa-

2131 2443 2288 2496 tionis
2311 2451 2514 2496 secreta
2531 2440 2572 2504 ⁸,
2595 2456 2712 2510 (pne
2735 2448 2910 2493 amota
2927 2448 3010 2493 est
3026 2439 3272 2492 verendis
3283 2439 3464 2492 vilium
3489 2437 3722 2491 femina-

2131 2550 2284 2599 rum;
2314 2538 2434 2603 quia
2478 2534 2743 2587 clauserat
2781 2533 2920 2585 Deus
2941 2531 3104 2585 aforis
3146 2546 3358 2584 omnem
3409 2531 3618 2582 vulvam
3660 2529 3721 2584 in

2129 2625 2346 2680 donmm
2377 2623 2743 2678 Abimeleclm
2775 2620 2926 2691 (Gen.
2951 2621 3062 2691 xx).
3098 2639 3116 2672 ι
3143 2621 3270 2675 Vide
3287 2636 3437 2690 ergo,
3477 2639 3494 2672 ι
3524 2621 3721 2690 inquit,

2137 2735 2155 2766 ι
2196 2725 2368 2769 utrum
2397 2714 2707 2768 naturaliter
2730 2713 2929 2766 malum
2977 2713 3080 2766 dici
3126 2714 3304 2777 debet,
3359 2711 3500 2781 quod
3546 2713 3725 2766 inter-

2130 2809 2255 2863 dum
2309 2808 2485 2862 aufert
2525 2816 2874 2877 eanpcratus
2921 2807 3081 2871 Deus,
3126 2806 3408 2874 redditque
3454 2807 3722 2875 placatus.

2131 2899 2268 2969 Ipse.
2305 2918 2324 2952 ι
2361 2897 2546 2968 inquit,
2581 2916 2600 2950 ι
2638 2897 2763 2952 facit
2790 2907 2844 2951 et
2873 2897 3079 2966 piorum
3128 2896 3264 2950 filios
3298 2907 3351 2951 et
3385 2897 3669 2966 impiorum
3699 2915 3722 2951 :

2129 2992 2378 3060 quoniam
2406 2990 2546 3058 quod
2581 2990 2712 3042 fiunt
2738 2998 3005 3057 parentes,
3055 2988 3122 3043 ad
3170 2999 3412 3042 naturam
3451 2991 3719 3063 pertinet,

2129 3099 2248 3152 qua:
2277 3083 2385 3136 Deo
2412 3081 2603 3151 gaudet
2629 3091 2884 3146 auctore;
2915 3079 3056 3150 quod
3081 3090 3258 3134 autem
3291 3081 3436 3150 impii
3470 3091 3613 3143 sunt,
3646 3082 3720 3135 ad

2130 3175 2426 3228 studiorum
2456 3174 2784 3242 pravitatem,
2817 3187 2934 3242 quae
2977 3173 3261 3241 unicuique
3303 3172 3370 3228 de
3397 3173 3561 3228 libera
3616 3187 3722 3226 vo-

2131 3266 2330 3320 luntate
2357 3266 2637 3335 conﬁngit.
2679 3282 2698 3316 ι
3123 3263 3127 3267 ’

2202 3357 2424 3412 CApr
2455 3356 2593 3410 XIV.
2624 3356 2802 3411 —28.
2850 3355 2944 3410 llis
2972 3355 3219 3408 omnibus
3257 3369 3374 3425 qute
3407 3364 3512 3408 tam
3549 3355 3722 3410 multa

2131 3445 2282 3512 dixit,
2314 3447 2719 3516 respondemus,
2750 3446 2878 3499 nihil
2902 3446 3096 3500 divinis
3127 3447 3464 3511 testimoniis,
3495 3448 3722 3516 qumin-

2133 3539 2408 3608 terpnsuit,
2441 3552 2560 3591 esse
2586 3537 2785 3591 dictum
2805 3537 2873 3590 de
2895 3536 3139 3604 pudenda
3171 3537 3409 3600 libidine,
3436 3551 3594 3605 quant
3629 3536 3721 3588 di-

2129 3631 2299 3684 cimus
2329 3645 2432 3682 uon
2462 3627 2626 3682 fuisse
2656 3628 2706 3681 iu
2735 3643 2959 3696 corpore
2991 3627 3289 3691 beatorum,
3317 3628 3529 3696 quando
3584 3627 3720 3682 nudi

2129 3730 2301 3784 eram,
2331 3730 2385 3775 et
2415 3737 2517 3774 non
2562 3719 3029 3774 confundebantur
3054 3717 3161 3789 (Id.
3188 3735 3245 3785 ιι,
3272 3719 3387 3791 9.3).
3432 3720 3561 3773 Nam
3607 3721 3724 3788 pri-

2131 3829 2274 3867 mum
2299 3811 2425 3866 illud
2454 3811 2693 3881 Apostoli
2721 3810 2788 3864 de
2817 3811 3108 3865 seminibus
3133 3812 3330 3864 dictum
3363 3821 3441 3866 est
3471 3811 3722 3866 frumen-

2135 3916 2330 3964 torum,
2363 3920 2481 3974 quae
2509 3905 2656 3974 prius
2696 3904 2995 3957 moriuntur
3045 3913 3103 3956 ut
3153 3903 3502 3958 vivifieeutur.
3543 3905 3720 3971 Quam

2137 3997 2448 4051 sententiam
2476 3995 2680 4049 scilicet
2706 3995 3070 4063 apostolicam,
3101 4011 3205 4064 quo
3235 3995 3458 4048 consilio
3500 3996 3706 4060 nescio,

2131 4088 2297 4141 noluit
2327 4088 2425 4141 iste
2444 4086 2730 4153 complere;
2758 4100 2877 4138 nam
2900 4101 3016 4138 eam
3047 4087 3145 4138 hue
3172 4101 3341 4154 usque
3380 4100 3714 4138 commemo-

2129 4178 2614 4249 ravitzlnsipicns,
2665 4187 2718 4230 tu
2777 4179 2914 4247 quod
2958 4179 3175 4232 seminus
3238 4195 3339 4232 non
3412 4180 3716 4246 viriﬁcnlnr.

2131 4271 2423 4339 Apostolus
2447 4281 2622 4322 autem
2647 4268 2793 4322 addit
2827 4285 2839 4320 :
2865 4269 2960 4321 nisi
2989 4270 3253 4322 moriatur.
3283 4269 3388 4324 Sed
3428 4269 3526 4324 iste
3551 4285 3722 4338 quan-

2131 4369 2240 4414 tum
2272 4359 2554 4426 existimo,
2578 4357 2720 4428 quod
2750 4357 2818 4411 de
2849 4355 3126 4412 frumentis
3153 4359 3350 4412 dicttun
3374 4368 3478 4424 est,
3508 4359 3573 4412 de
3615 4360 3718 4412 hu-

2129 4466 2289 4504 mano
2311 4451 2515 4505 semine
2541 4449 2706 4518 accipi
2737 4449 2898 4503 voluit
2927 4450 2996 4503 ab
3033 4449 3112 4502 eis
3134 4450 3223 4518 qui
3265 4449 3380 4504 lucc
3411 4449 3620 4518 legunt,
3662 4458 3720 4502 et

2128 4538 2430 4608 Scripturas
2455 4547 2666 4592 sanctas
2696 4538 2778 4592 vel
2801 4538 3064 4603 nesciunt,
3093 4538 3172 4592 vel
3206 4553 3311 4592 non
3341 4537 3715 4593 recordamur.
3752 4539 3757 4546 ’

2133 4633 2370 4702 Denique
2393 4647 2496 4686 non
2537 4631 2708 4684 sohun
2752 4631 2907 4685 istam
2957 4631 3280 4685 sententiam
3311 4630 3628 4694 decurtavit,
3662 4638 3724 4682 ut

2114 4733 2238 4814 "33p
2275 4723 2514 4786 adderet,
2561 4721 2662 4774 nisi
2694 4708 2938 4773 moriatur
2965 4734 2984 4773 :
3022 4735 3206 4775 verum
3248 4720 3406 4775 etiam
3439 4718 3721 4788 sequentia

2101 4803 2129 4848 ⁴ε
2169 4803 2496 4877 iactertuisit,
2523 4811 2607 4865 ubi
2637 4813 2840 4881 aperuit
2867 4810 3156 4880 Apostolus
3183 4809 3253 4865 de
3279 4811 3472 4880 quibus
3496 4809 3722 4865 semiui—

2114 4889 2228 4960 ‘h‘us
2258 4906 2583 4974 loqueretur.
2630 4903 2716 4957 ειι
2764 4903 2907 4958 enim
2959 4903 3250 4972 Apostolus
3283 4900 3383 4954 εει
3404 4900 3539 4969 quod
3562 4902 3719 4954 senti-

2200 5041 2214 5072 ⁸
2254 5045 2382 5096 l.ov.,
2404 5033 2557 5086 initio.
2588 5043 2641 5084 At
2683 5043 2781 5082 Am.
2803 5041 2875 5083 Er.
2904 5043 2953 5084 et
2980 5033 3204 5096 plerique
3227 5040 3354 5096 Mss"
3377 5032 3424 5083 in
3452 5032 3576 5084 vitio.
3604 5040 3719 5082 l'or-

2133 5109 2185 5148 te.
2209 5113 2309 5160 mi,
2331 5095 2378 5148 in
2405 5097 2565 5160 riuum
2585 5109 2600 5152 ;
2623 5097 2736 5160 quia
2756 5095 3018 5160 ιιιιιιερδςὶι,
3043 5095 3092 5144 in
3117 5095 3386 5158 pra'mimn.

2199 5156 2218 5192 ί
2253 5156 2304 5208 ιιι
2325 5169 2452 5218 Mssa,
2469 5156 2748 5220 didm-timo,
2767 5158 2905 5220 iusta
2929 5156 3157 5216 graecum.

2201 5224 2220 5253 ³
2255 5231 2265 5268 1
2287 5222 2419 5271 Iures
2441 5217 2568 5278 ιεδςη
2593 5217 2642 5270 ῆι
2663 5217 2737 5268 liis
2758 5217 2887 5280 enim
2909 5229 3035 5280 mire.

2200 5285 2218 5313 ⁸
2256 5283 2374 5333 t'leri
2398 5296 2475 5342 μω
2526 5277 2625 5328 Vss.
2650 5316 2663 5338 ,
2689 5279 2872 5328 cnrnrit
2907 5277 3117 5342 pou-utin
3158 5277 3522 5342 (limmsnlionis
3555 5290 3718 5328 acri-r-

2133 5352 2213 5394 ια’.
2257 5329 2469 5393 tteizidei
2502 5329 2694 5403 quidam
2715 5376 2730 5400 ,
2771 5351 2880 5403 qui:
2907 5329 3036 5389 invia
3075 5350 3177 5395 est;
3211 5329 3446 5398 muniulli,
3478 5352 3586 5403 qua?
3608 5345 3720 5403 netu

2133 5415 2202 5456 (al
2233 5419 2248 5455 :
2273 5406 2360 5454 sed
2400 5401 2568 5466 pluvii-5
2588 5401 2801 5466 iuuisse,
2826 5414 2960 5464 illius,
3005 5403 3186 5451 habent
3204 5409 3479 5466 ,imnmlrt,
3507 5402 3604 5466 vel,
3630 5401 3717 5447 ni!-

2135 5475 2279 5533 ιιιηιιι.
2325 5461 2502 5533 (minus
2568 5465 2785 5533 denique
2834 5461 2972 5533 Sus-sq
3007 5461 3302 5533 certa-undis.
3347 5470 3484 5512 Forte
3544 5463 3719 5520 legen-

2134 5532 2281 5582 dum,
2327 5527 2508 5576 curarit
2548 5523 2802 5582 nolentium
2847 5523 3208 5585 (iih'pt'Hsrfiitmis
3248 5532 3463 5573 St'Ci‘i’Mf.
3507 5532 3615 5571 nam
3659 5535 3720 5569 eo

2134 5603 2282 5639 sensu
2317 5589 2520 5637 lulianus
2540 5590 2614 5635 hic
2641 5588 2780 5649 patilo
2800 5596 2914 5649 ante
2944 5587 3297 5648 ίμίιυηιιίωιιιιιι
3339 5585 3592 5648 potentiori
3632 5601 3716 5649 uo-

2136 5654 2276 5698 mi..at
2307 5660 2355 5699 et
2401 5658 2532 5706 μιν)
2556 5645 2651 5697 iuni
2675 5663 2720 5697 tu
2752 5645 2992 5696 mororum
3011 5661 3171 5709 supra,
3193 5662 3240 5695 ιι.
3274 5645 3347 5703 l8,
3372 5661 3557 5696 uectum
3577 5683 3590 5698 ,
3618 5645 3715 5695 di:-

2137 5712 2452 5786 ιιινιίειίίζξίῃιειηι
2496 5719 2724 5760 secretum
2765 5711 2901 5770 infra,
2931 5709 3050 5758 liln'o
3073 5720 3238 5760 centra
3267 5723 3379 5758 eum
3400 5714 3493 5758 ietr.
3523 5713 3715 5770 quinti,

2137 5790 2239 5835 ιλιι).
2266 5793 2310 5823 o.
