4034 6182
952 213 1008 234 rt
1022 211 1075 237 1'

295 261 386 320 (53

289 393 397 441 nas,
418 390 521 427 non
543 388 726 443 corpus
745 372 880 444 quod
904 376 1131 446 futurum
1160 381 1230 426 est
1260 369 1499 435 seminat,
1539 367 1625 424 sed
1667 367 1860 421 nudum

289 482 520 538 granum,
563 467 668 536 fore
692 465 864 531 tritici,
890 475 978 519 aut
997 464 1217 534 alicujus
1241 474 1555 518 ceterorum.
1585 460 1678 515 llis
1722 476 1858 529 pra:-

289 558 567 619 lt'l‘llliSSis,
592 556 688 609 iste
708 556 980 609 contexuit
1008 553 1148 625 quod
1171 553 1366 609 deinde
1396 553 1525 607 dicit
1550 548 1857 620 Apostolus,

288 646 422 701 Deus
441 657 610 700 autent
634 646 708 699 illi
737 645 826 698 dat
852 661 1034 716 corpus
1058 654 1206 716 prout
1233 644 1360 709 vult,
1407 652 1455 698 et
1490 642 1756 711 unicuique
1783 656 1866 694 se-

287 736 474 789 minum
502 736 766 805 proprium
798 752 984 805 corpus
1027 733 1069 807 (l
1092 734 1209 790 Cor.
1242 751 1329 801 xv,
1359 735 1430 790 56
1462 733 1573 804 58);
1614 742 1861 800 tanquam

285 827 348 881 tle
378 828 768 881 eoncumbente
790 828 1004 882 homine
1024 827 1219 881 dixerit
1246 825 1555 895 Apostolus,
1581 822 1610 877 Ι
1616 823 1855 894 nsipiens,

285 929 337 972 tu
364 919 500 988 quod
519 919 737 972 seminus
764 935 865 972 non
887 919 1169 987 viviﬁcatur
1190 933 1212 973 :
1234 928 1291 972 ut
1312 917 1731 987 intelligeremns
1754 932 1859 970 non

283 1010 352 1064 ab
377 1009 598 1064 itotnine‘
616 1010 904 1065 concubitu
931 1010 1068 1065 illius
1111 1010 1432 1076 seminante,
1464 1008 1559 1062 sed
1588 1022 1618 1061 a
1651 1007 1760 1062 Deo
1786 1007 1866 1060 vi-

282 1100 488 1155 vilieari
528 1115 712 1155 semen
744 1100 1056 1155 lmmanum.
1083 1098 1170 1154 Sic
1198 1100 1338 1155 enim
1379 1097 1555 1154 fuerat
1600 1097 1863 1168 prmlocu-

253 1185 388 1256 ‘tus,
412 1194 536 1262 quia
590 1210 611 1244 ι
643 1192 890 1261 voluptas
917 1192 1008 1246 illa
1053 1207 1159 1247 non
1204 1190 1385 1260 exlilet
1423 1191 1747 1261 Operationis
1785 1191 1865 1257 vis-

281 1298 422 1349 cem,
452 1283 547 1338 sed
574 1282 641 1339 de
668 1283 932 1339 thesauris
978 1292 1181 1338 natura:
1234 1282 1386 1339 oilert
1429 1284 1557 1344 Deo.
1587 1280 1729 1337 unde
1774 1283 1862 1338 ille

281 1373 553 1429 hominem
574 1374 824 1443 dignetur
869 1374 1099 1444 operari.
1133 1391 1154 1427 ι
1188 1372 1255 1428 Et
1290 1372 1565 1443 subjunxit
1618 1373 1861 1427 testimo-

282 1467 451 1531 nium,
476 1466 628 1536 quasi
660 1466 761 1522 hoc
781 1465 975 1521 dixerit
1003 1467 1325 1537 Apostolus:
1348 1464 1624 1537 Ittsipiens,
1655 1476 1707 1520 tu
1727 1466 1863 1537 quod

280 1557 500 1610 seminus
520 1573 621 1609 non
650 1557 932 1624 vioiﬁcntur
949 1571 970 1621 ,'
995 1556 1096 1612 hoc
1118 1565 1221 1623 est,
1256 1572 1360 1611 non
1390 1572 1419 1610 a
1450 1564 1502 1611 te
1540 1558 1858 1622 vivilicatur,

281 1649 378 1703 sed
410 1652 679 1704 hominem
718 1649 786 1705 de
818 1661 907 1703 tuo
963 1648 1169 1704 semine
1217 1648 1358 1704 Deus
1415 1658 1667 1719 operatur
1698 1665 1712 1702 :
1745 1658 1863 1703 tan-

279 1754 441 1808 quam
473 1738 540 1793 ab
564 1739 821 1808 Apostolo
863 1739 1036 1794 media
1060 1740 1151 1795 illa
1201 1754 1322 1810 qua:
1355 1739 1697 1809 prtetermisit
1735 1739 1857 1806 iste,

282 1843 390 1881 non
421 1829 560 1882 dicta
589 1831 729 1894 sint;
773 1838 933 1901 atque
976 1829 1047 1883 ita
1085 1844 1145 1884 se
1180 1828 1372 1883 habeat
1410 1828 1527 1898 ejus
1564 1829 1854 1895 sententia,

281 1921 430 1975 velut
472 1920 538 1975 de
578 1921 812 1975 humano
856 1920 1062 1977 semine
1112 1921 1461 1992 loqueretur:
1494 1919 1767 1993 Insipiens,
1807 1931 1861 1977 tu

277 2010 418 2080 quod
441 2012 657 2065 sentinae
685 2027 784 2065 non
805 2012 1101 2081 viuiﬁcatur,
1145 2010 1281 2066 Deus
1300 2022 1467 2066 autent
1507 2010 1585 2065 illi
1626 2012 1715 2065 dat
1742 2028 1858 2066 cor-

281 2120 378 2173 pus
402 2112 550 2173 prout
574 2102 697 2167 vult,
722 2112 766 2157 et
786 2103 1052 2169 unicuique
1075 2105 1317 2157 seminum
1354 2104 1616 2174 proprium
1653 2119 1857 2176 corpus.

283 2195 521 2265 Denique
549 2204 665 2265 post
685 2193 801 2250 [nec
828 2195 1063 2266 Apostoli
1092 2195 1254 2251 verba
1293 2196 1372 2250 sic
1406 2195 1566 2251 infert
1599 2210 1716 2260 sua,
1753 2213 1772 2248 ι
1801 2195 1857 2252 Si

278 2300 408 2356 ergo
439 2286 596 2350 Dens,
634 2304 655 2338 ι
689 2285 878 2357 inquit,
914 2304 936 2339 ι
970 2286 1203 2341 humano
1248 2287 1462 2353 semini,
1510 2287 1653 2358 quod
1701 2300 1859 2342 nemo

281 2387 433 2447 negat
478 2377 562 2432 vel
594 2377 931 2446 prudentium
983 2379 1068 2435 vel
1119 2379 1347 2449 piorum,
1390 2381 1664 2452 proprium
1719 2379 1861 2434 sicut

280 2472 528 2525 omnibus
557 2472 717 2528 rebus
753 2487 948 2543 corpus
992 2472 1233 2529 attribuit
1262 2489 1278 2526 :
1320 2491 1341 2527 ι
1374 2473 1523 2545 quasi
1571 2473 1858 2551 A‘postolus

280 2562 346 2617 de
368 2563 604 2617 humano
633 2564 836 2619 semine
862 2565 914 2619 in
942 2564 1031 2619 illo
1057 2564 1362 2620 testimonio
1384 2565 1454 2619 sit
1480 2564 1710 2621 locutus.

345 2652 439 2708 29.
474 2655 548 2708 De
576 2669 678 2723 qua
714 2653 898 2710 fraude
926 2654 1053 2726 quid
1089 2653 1431 2723 adjuvaretur
1451 2654 1569 2724 ejus
1595 2654 1854 2723 intentio,

279 2762 398 2802 cum
424 2746 697 2817 aliquanto
724 2747 978 2801 attentius
1003 2747 1291 2817 cogitarem
1312 2786 1330 2815 ,
1366 2747 1497 2802 nihil
1525 2746 1670 2816 potui
1698 2760 1857 2816 repe-

280 2837 408 2898 rire,
440 2837 541 2890 nisi
568 2837 688 2901 quia
717 2846 902 2892 testem
925 2836 1088 2892 voluit
1110 2836 1368 2892 adbibere
1390 2836 1726 2906 Apostolum,
1747 2850 1856 2907 quo

281 2927 533 2994 probaret
562 2927 724 2980 Deum
745 2966 762 2992 ,
793 2926 933 2996 quod
972 2935 1025 2981 et
1066 2941 1165 2981 nos
1200 2925 1427 2980 dicimus
1448 2965 1465 2992 ,
1505 2925 1573 2981 de
1612 2924 1859 2981 humanis

280 3016 569 3071 seminibus
599 3016 866 3073 hominem
896 3015 1126 3086 cperari.
1159 3015 1224 3070 Et
1252 3031 1372 3071 cum
1407 3016 1457 3071 ei
1494 3015 1857 3070 testimonium

282 3108 481 3162 nullum
494 3116 819 3173 occurreret,
835 3107 936 3162 isto
956 3107 1156 3163 abusus
1170 3116 1252 3162 est
1271 3104 1654 3173 fraudulenter,
1663 3107 1856 3161 timens

282 3199 459 3269 utique
483 3240 501 3265 ,
532 3214 599 3252 ne
629 3196 767 3253 forte
792 3198 836 3252 si
861 3206 1144 3267 appareret
1180 3196 1492 3265 Apostolum
1522 3212 1627 3250 non
1655 3195 1723 3251 de
1755 3195 1859 3250 lm-

282 3291 451 3344 manis
476 3290 801 3353 seminibus,
837 3291 929 3344 sed
955 3289 1024 3344 de
1055 3288 1335 3346 frumentis
1362 3288 1449 3343 illa
1471 3288 1703 3354 dixisse,
1735 3286 1859 3343 hinc

282 3379 708 3443 admoneremur,
726 3379 867 3436 unde
886 3379 1229 3444 refutaretur,
1254 3393 1358 3433 non
1380 3378 1643 3449 religiosa:
1667 3378 1858 3432 volun-

282 3472 424 3538 tatis,
456 3473 552 3528 setl
586 3472 882 3527 libidinosa:
904 3472 1186 3542 voluptatis
1216 3470 1420 3542 pudens
1456 3470 1778 3536 nominator,
1807 3477 1862 3524 et

283 3563 564 3632 impudens
594 3562 924 3631 prardicator.
952 3562 1025 3616 De
1047 3563 1175 3632 ipsis
1191 3561 1387 3632 quippe
1406 3562 1717 3626 seminibus,
1740 3575 1860 3631 quat

284 3652 336 3709 in
359 3653 505 3723 agris
529 3653 776 3722 agricola)
802 3653 1086 3718 seminant,
1119 3661 1296 3722 potest
1324 3651 1435 3718 ipse
1462 3650 1729 3721 redargui.
1752 3649 1862 3706 Cur

283 3745 420 3801 enim
455 3759 564 3799 non
592 3742 893 3810 credamus,
916 3743 1083 3798 Deum
1113 3742 1345 3812 potuisse
1374 3743 1424 3795 in
1457 3741 1704 3811 paradiso
1732 3755 1861 3796 cono

284 3835 475 3893 Cedere
508 3834 707 3888 homini
735 3834 889 3890 beato
916 3834 982 3889 de
1007 3848 1105 3889 suo
1129 3835 1354 3899 semine,
1377 3836 1517 3903 quod
1542 3847 1856 3888 concessum

284 3928 529 3983 videmus
553 3926 802 3996 agricolis
828 3928 896 3982 de
924 3926 1080 3981 tritici
1109 3925 1346 3989 semine;
1370 3935 1429 3980 ut
1453 3939 1519 3980 eo
1543 3924 1703 3979 modo
1730 3924 1856 3979 illud

285 4030 556 4075 tereretur
579 4019 696 4073 sine
738 4019 841 4073 ulla
883 4017 1124 4087 pudenda
1162 4016 1415 4082 libidine,
1459 4015 1526 4070 ad
1568 4017 1857 4073 voluntatis

286 4120 469 4164 nutum
506 4108 759 4163 membris
780 4107 1190 4178 obsequentihus
1216 4105 1565 4176 genitalibus;
1592 4106 1729 4160 sicut
1760 4106 1865 4162 hoc

285 4201 481 4254 seritur
499 4199 613 4255 sine
634 4198 737 4252 ulla
760 4198 999 4268 pudenda
1021 4198 1254 4263 libidine,
1281 4197 1346 4252 ad
1369 4197 1654 4253 voluntatis
1676 4206 1859 4252 nutum

285 4288 637 4357 agricolarum
683 4288 1096 4358 obsequentibus
1129 4288 1409 4351 manibus;
1463 4286 1770 4344 honestiore
1810 4288 1863 4343 in

286 4380 593 4450 [uirentibus
614 4378 998 4448 gignendorum
1026 4378 1292 4434 desiderio
1320 4377 1570 4443 ﬁliorum,
1601 4394 1757 4448 quam
1780 4388 1864 4435 est

287 4469 676 4540 implendorum
725 4471 777 4523 in
820 4471 1093 4524 arentibus
1140 4469 1452 4525 horreorum
1499 4486 1514 4523 :
1561 4484 1625 4524 ac
1670 4469 1866 4527 deinde

288 4559 509 4614 Creator
535 4560 871 4629 omnipotens
892 4560 1342 4615 incontaminabili
1365 4560 1381 4591 ⁸
1406 4559 1597 4630 ubique
1626 4575 1864 4629 prtesen-

289 4648 358 4703 tia
383 4659 439 4704 et
460 4650 719 4705 cicatrice
745 4651 979 4720 potentia
1002 4650 1069 4705 de
1091 4650 1385 4707 seminibus
1406 4650 1680 4706 hominum
1711 4660 1867 4720 prout

287 4742 472 4807 vellet,
501 4741 642 4811 quod
664 4751 719 4796 et
751 4756 888 4796 nunc
911 4741 1053 4805 facit,
1078 4750 1389 4811 operaretur
1412 4742 1465 4796 in
1493 4742 1708 4809 femina,
1729 4742 1870 4798 sicut

288 4831 357 4887 de
399 4832 696 4887 seminibus
740 4831 1118 4887 frumentorum
1160 4844 1315 4902 prout
1358 4834 1468 4886 vult
1515 4842 1766 4904 operatur
1812 4834 1867 4889 in

290 4930 456 4984 terra,
485 4921 655 4976 beatis
683 4923 936 4976 matribus
956 4923 1069 4977 sine
1096 4922 1371 4977 libidinosa
1392 4925 1661 4991 voluptate
1687 4923 1869 4979 conci-

291 5012 581 5079 pientibus,
608 5012 726 5067 sine
758 5027 1060 5067 aerumnosa
1086 5013 1282 5083 gemitu
1315 5012 1672 5082 parientibus;
1701 5027 1866 5081 quan-

288 5102 577 5168 doquidem
605 5103 657 5154 in
689 5102 774 5157 illa
797 5101 1045 5157 felicitate
1070 5103 1196 5157 etin
1222 5118 1446 5172 corpore
1466 5102 1698 5157 nondum
1723 5119 1867 5156 mor-

291 5199 360 5251 tis
390 5195 574 5265 hujus,
608 5198 702 5250 Sed
731 5199 851 5249 vita:
880 5198 1049 5263 illius,
1086 5212 1190 5251 non
1223 5210 1365 5252 esset
1397 5196 1608 5250 feminis
1640 5199 1690 5249 in
1721 5198 1871 5251 extri-

290 5286 500 5352 piendis
523 5285 814 5340 seminibus
841 5287 983 5356 quod
1026 5289 1275 5356 puderet,
1318 5289 1455 5342 sicut
1490 5303 1594 5342 non
1638 5299 1781 5343 esset
1817 5290 1875 5343 in

287 5377 516 5432 edendis
546 5375 737 5434 fetibus
770 5380 910 5448 quod
950 5378 1191 5435 doleret?
1214 5378 1463 5452 Quisquis
1482 5397 1594 5443 non
1624 5380 1794 5436 credit
1824 5381 1868 5445 ³,

355 5557 371 5587 ι
410 5561 512 5603 Am.
536 5560 611 5603 Er.
634 5563 682 5605 et
710 5554 877 5617 plures
899 5563 1024 5615 uss,
1048 5554 1440 5610 iucormnntebili.

287 5618 374 5727 κέ
400 5617 538 5727 ﬂgiti,
559 5617 775 5682 quisquis
799 5626 1061 5669 autemnon
1087 5619 1257 5670 crgtlig.
1286 5624 1449 5680 Abest,
1474 5630 1642 5681 intem,
1663 5634 1688 5671 a
1709 5635 1872 5673 manu-

329 5690 417 5739 τῳ
469 5690 499 5725 δ.

1625 249 1823 307 LIBER
1860 246 2232 304 SECUNDUS.

3448 271 3550 326 ιιιι

1979 359 2058 414 vel
2096 363 2239 419 credi
2277 381 2380 419 non
2421 368 2527 421 vult
2551 410 2565 433 ,
2611 369 2911 428 hominibus
2938 383 3062 432 ante
3088 391 3247 433 omne
3279 395 3549 449 peceatum

1975 451 2026 504 in
2059 452 2142 507 illa
2171 454 2398 522 paradisi
2427 455 2674 513 felicitate
2702 456 3037 519 versantibus
3066 466 3164 520 hoc
3190 470 3425 538 potuisse
3456 471 3548 528 Del

1973 540 2241 598 voluntate
2270 555 2321 599 et
2351 545 2677 617 benignitate
2698 553 2936 617 concedi,
2965 571 3071 609 non
3101 560 3345 627 optanda:
3369 538 3560 616 fecuno'

1943 634 2151 690 ditatis
2182 636 2456 705 laudator,
2488 641 2580 694 sed
2612 644 2868 710 pudendae
2899 647 3182 716 Voluptatis
3214 662 3420 705 amator
3446 666 3549 708 est.

2040 724 2267 781 CAPUT
2307 727 2420 782 XV.
2452 760 2523 770 —
2551 732 2641 786 50.
2673 732 2799 786 Item
2839 736 2979 789 aliud
3009 755 3071 790 ex
3101 739 3233 792 libro
3260 742 3439 796 divino
3473 754 3552 799 te-

1971 816 2275 872 stimonium
2303 821 2441 890 quod
2472 826 2641 892 posuit
2671 826 2740 880 de
2765 828 3093 892 Abimelech,
3120 841 3171 885 et
3206 834 3312 887 Deo
3340 836 3550 890 Valente

1969 907 2144 962 clausa
2169 912 2311 965 omni
2338 914 2489 966 vulva
2519 915 2571 967 itt
2598 916 2759 969 domo
2787 917 2994 987 ejtts,ue
3025 923 3272 976 mulieres
3303 928 3418 993 ejus
3449 942 3545 995 pa—

1969 1008 2171 1058 rerent.
2195 1011 2355 1070 atque
2379 1017 2561 1071 aperta
2590 1021 2772 1060 rursus
2804 1018 2861 1061 ut
2889 1021 3159 1076 parerent,
3191 1015 3313 1081 quid
3343 1017 3406 1069 ad
3436 1032 3547 1070 rem

1971 1093 2235 1160 pertinet?
2261 1094 2385 1161 quid
2418 1094 2580 1150 habet
2603 1097 2672 1152 de
2702 1098 2784 1152 illa
2815 1100 3055 1168 pudenda
3090 1103 3328 1166 libidine,
3352 1106 3419 1159 de
3443 1123 3545 1174 qua

1970 1198 2109 1237 nunc
2132 1187 2356 1253 qumstio
2380 1188 2498 1242 eSI?
2524 1187 2791 1259 Namquitl
2831 1193 2997 1260 ipsam
3029 1193 3169 1248 Dens
3192 1195 3239 1248 «ι.
3262 1198 3418 1251 traxit
3445 1199 3549 1252 illis

1968 1270 2212 1342 feminis,
2250 1276 2583 1347 reddiditque
2622 1296 2741 1336 eum
2784 1284 2988 1337 voluit?
3024 1284 3126 1338 Sed
3163 1302 3314 1355 poena
3357 1288 3453 1341 fuit
3490 1298 3549 1344 ut

1970 1379 2155 1432 parere
2179 1382 2282 1420 non
2327 1356 2580 1437 possent,
2617 1372 2931 1428 beneficium
2960 1391 3088 1429 vero
3123 1385 3178 1429 ιιι
3210 1394 3393 1447 parere
3426 1395 3549 1448 pns—

1966 1465 2083 1509 seut
2113 1472 2260 1511 more
2286 1457 2443 1527 hujus
2469 1464 2828 1530 corruptibilis
2854 1467 3030 1521 carnis
3058 1468 3098 1518 ⁸.
3128 1467 3240 1521 Non
3268 1471 3405 1522 enim
3441 1471 3547 1526 tale

1965 1543 2278 1599 beneﬁcium
2304 1548 2444 1603 Deus
2464 1551 2729 1607 eottferret
2748 1555 2957 1621 corpori
2982 1557 3165 1610 mortis
3187 1557 3362 1626 hujus,
3386 1560 3543 1629 quale

1966 1650 2072 1690 non
2107 1635 2320 1693 haberet
2362 1641 2461 1697 nisi
2501 1656 2694 1713 corpus
2733 1646 2855 1699 vitae
2880 1647 3018 1701 illius
3053 1648 3104 1700 in
3142 1649 3383 1715 paradiso
3419 1656 3548 1706 ante

1965 1739 2269 1795 peccatum,
2303 1738 2359 1784 ut
2395 1741 2448 1785 et
2489 1744 2777 1801 conceptus
2821 1739 3124 1803 proveniret
3164 1740 3282 1791 sine
3321 1740 3542 1793 libidine

1966 1818 2255 1885 pruriente,
2279 1829 2333 1873 et
2362 1831 2545 1889 partus
2569 1824 2683 1877 sine
2707 1824 2888 1877 dolore
2916 1827 3206 1880 erttciante.
3232 1826 3340 1881 Cur
3362 1838 3543 1881 autem

1964 1923 2069 1963 non
2102 1910 2475 1980 intelligamus,
2499 1913 2925 1983 quandoquidem
2956 1916 3086 1969 dicit
3106 1918 3394 1984 Scriptura.
3421 1919 3540 1973 afo-

1963 1997 2038 2051 ris
2063 2013 2275 2052 onmem
2314 2002 2519 2055 vulvam
2558 2001 2723 2058 fuisse
2757 2006 3101 2072 conclusam,
3141 2009 3317 2076 aliquo
3356 2008 3543 2065 tlolore

1962 2087 2157 2144 factum
2188 2107 2326 2157 esse,
2359 2104 2413 2146 ut
2443 2110 2545 2146 non
2573 2105 2790 2163 possent
2820 2095 3031 2151 femina:
3058 2100 3391 2153 concubitum
3423 2116 3543 2168 per-

1961 2181 2106 2250 peti,
2151 2182 2241 2251 qni
2285 2183 2440 2238 dolor
2477 2186 2583 2238 Deo
2620 2198 2968 2243 succensente
2999 2190 3020 2220 ⁸
3052 2190 3239 2244 inissa
3275 2192 3542 2257 ittﬂictus,

1961 2272 2247 2327 miserante
2284 2273 2591 2330 detractus?
2616 2275 2748 2331 Nam
2793 2278 2836 2332 si
2874 2280 2940 2332 ad
2982 2280 3419 2348 impedimentum
3458 2299 3545 2339 se-

1962 2366 2143 2420 rendae
2171 2367 2331 2436 prolis
2356 2376 2498 2423 esset
2539 2370 2700 2423 libido
2725 2371 3052 2427 detrahenda
3075 2413 3090 2436 ,
3122 2375 3252 2427 viris
3281 2388 3425 2430 esset
3448 2375 3545 2430 de-

1964 2459 2242 2527 trahenda,
2266 2476 2370 2515 non
2401 2460 2630 2517 feminis.
2656 2460 2872 2518 Femina
2899 2466 3037 2518 enim
3064 2476 3244 2535 pOSsel
3274 2468 3544 2523 voluntate

1962 2553 2336 2615 concumbere,
2369 2555 2527 2608 etiam
2558 2555 2850 2610 desistente
2876 2557 3095 2612 libidine
3113 2572 3216 2627 qua
3240 2560 3545 2615 stimulare-

1963 2647 2079 2707 tur;
2113 2643 2159 2696 si
2194 2644 2309 2697 viro
2334 2659 2441 2698 non
2466 2645 2674 2700 deesset
2696 2686 2713 2712 ,
2741 2662 2840 2716 qna
2866 2650 3212 2703 excitaretur.
3244 2650 3353 2703 Nisi
3381 2652 3542 2716 ferte,

1962 2732 2083 2803 quia
2104 2733 2360 2801 scriptum
2377 2744 2477 2799 est,
2493 2747 2543 2790 et
2563 2737 2731 2804 ipsum
2756 2738 3062 2794 Abimelech
3087 2739 3250 2796 fuisse
3270 2754 3537 2808 sanatum,

1962 2824 2168 2880 virilem
2213 2826 2451 2880 dicturus
2493 2836 2576 2881 est
2622 2829 2670 2882 ei
2719 2827 2991 2884 libidinem
3041 2832 3319 2886 redditam.
3369 2832 3543 2900 Quam

1967 2919 2206 2990 profecto
2245 2918 2290 2971 si
2329 2921 2611 2985 amiserat,
2651 2920 2778 2991 quid
2814 2936 2947 2991 opus
2985 2921 3082 2976 fuit
3121 2938 3243 2978 eum
3284 2923 3541 2978 divinitus

1961 3010 2259 3076 admoneri,
2287 3017 2346 3065 ut
2371 3010 2597 3066 Abralne
2622 3027 2727 3065 non
2758 3012 3069 3067 misceretur
3098 3014 3285 3068 uttori?
3310 3014 3418 3070 Sed
3446 3030 3535 3070 sa-

1963 3109 2146 3157 natum
2176 3101 2324 3168 dicit,
2350 3103 2471 3172 quia
2497 3102 2686 3157 domus
2712 3103 2827 3172 ejus
2850 3104 2918 3158 ab
2945 3105 3028 3159 illa
3056 3113 3203 3175 peste
3225 3118 3406 3160 sanata
3433 3116 3545 3161 est;

2032 3191 2259 3248 CAPUT
2298 3192 2435 3247 XVI.
2462 3222 2536 3233 —
2555 3193 2643 3248 3|.
2672 3192 2789 3248 Jam
2818 3210 2956 3248 nunc
2993 3189 3082 3249 illa
3113 3196 3209 3250 tria
3241 3197 3538 3264 videamus,

1963 3299 2187 3354 quorum
2213 3284 2369 3339 trium
2392 3284 2662 3355 qttodlibet
2682 3286 2993 3354 dixerimus,
3014 3288 3140 3342 nihil
3162 3288 3236 3343 ait
3255 3288 3356 3344 dici
3382 3305 3542 3361 posse

1965 3373 2237 3444 profanius
2265 3393 2278 3428 :
2304 3375 2440 3444 quod
2482 3375 2732 3431 hominem
2768 3377 2906 3432 Deus
2942 3388 3029 3431 aut
3067 3396 3167 3433 non
3197 3385 3316 3449 fere;
3332 3381 3407 3447 it,
3453 3391 3546 3437 aut

1964 3452 2179 3533 diabolo,
2190 3467 2381 3535 fecerit,
2404 3476 2492 3520 aut
2512 3477 2643 3521 certe
2666 3469 2897 3522 diabolus
2925 3468 3018 3522 Dei
3041 3469 3107 3523 sit
3135 3470 3423 3541 imaginem,
3444 3472 3543 3536 [ioc

1964 3567 2055 3622 est,
2086 3558 2334 3611 hominem
2358 3560 2654 3630 fabricatus.
2688 3560 2884 3614 llorum
2914 3561 3069 3614 trium
3112 3562 3336 3631 primum
3365 3575 3418 3619 et
3443 3581 3541 3619 tto-

1967 3650 2245 3706 vissimnm
2270 3665 2375 3704 non
2404 3650 2505 3704 diei
2532 3666 2561 3704 a
2594 3649 2766 3717 nobis,
2796 3651 2955 3707 etiam
2985 3652 3116 3720 ipse,
3149 3654 3193 3706 si
3220 3670 3322 3707 non
3351 3656 3417 3709 sit
3444 3671 3541 3710 ex-

1966 3756 2088 3795 cors
2110 3750 2203 3795 aut
2232 3741 2450 3794 nimium
2474 3741 2745 3813 pervicax,
2772 3742 3073 3797 conﬁtetur.
3099 3742 3175 3797 De
3204 3744 3291 3798 illo
3320 3747 3546 3815 quzrstio

1966 3845 2066 3896 est,
2095 3831 2238 3904 quod
2275 3834 2509 3888 secundo
2540 3834 2819 3905 medioque
2847 3834 2964 3889 loco
2992 3835 3185 3904 posuit,
3222 3834 3306 3890 tibi
3334 3838 3412 3891 sic
3442 3836 3543 3891 fal-

1966 3927 2109 3988 litur.
2141 3938 2196 3982 ut
2221 3942 2250 3981 a
2272 3928 2425 3982 nobis
2447 3928 2546 3982 hoc
2564 3928 2827 3983 existimet
2854 3927 2977 3992 dici,
3007 3928 3146 3997 quod
3170 3927 3380 3983 diabolo
3403 3929 3543 3984 Deus

1967 4018 2236 4072 hominem
2277 4017 2488 4082 fecerit,
2530 4027 2778 4087 tauquam
2807 4019 2858 4072 itt
2899 4018 3202 4073 hominibus
3237 4036 3370 4090 quos
3407 4022 3547 4077 Deus

1966 4122 2030 4162 ex
2058 4107 2361 4160 hominibus
2387 4106 2694 4175 parentibus
2719 4115 2881 4172 creat,
2915 4107 3016 4161 ltoe
3043 4108 3299 4173 intemlat,
3330 4110 3430 4165 hoc
3449 4126 3543 4165 cu-

1966 4204 2079 4265 ret,
2104 4198 2205 4252 hoc
2228 4198 2307 4250 sui
2342 4197 2520 4266 operis
2547 4195 2752 4250 ratione
2791 4197 3093 4266 provideat,
3123 4208 3179 4251 ιιι
3205 4198 3396 4254 habeat
3421 4200 3540 4254 dia-

1967 4290 2120 4344 bolus
2147 4302 2329 4344 servos
2349 4329 2366 4355 ,
2397 4301 2530 4357 quos
2557 4287 2670 4355 ipse
2695 4287 2794 4341 sibi
2826 4287 3001 4342 facere
3023 4304 3128 4341 non
3166 4299 3365 4358 potest.
3391 4291 3544 4345 Absit

1968 4390 2025 4436 ut
2052 4382 2152 4437 hoc
2193 4381 2593 4450 qualiscumque
2631 4379 2713 4433 vel
2757 4380 2971 4447 puerilis
3011 4381 3181 4450 pietas
3222 4382 3539 4454 suspicetur.

1969 4472 2214 4527 Bonitate
2254 4486 2347 4526 sua
2396 4472 2534 4525 Deus
2576 4471 2744 4525 facit'
2768 4472 3013 4526 homines
3037 4513 3054 4538 ,
3096 4480 3151 4528 et
3190 4475 3392 4545 primos
3430 4474 3569 4532 sine'

1969 4575 2208 4636 peceato,
2241 4572 2293 4616 et
2318 4570 2541 4616 caeteros
2559 4558 2658 4615 sub
2681 4571 2917 4629 peccato,
2942 4560 2993 4615 in
3016 4572 3149 4616 usus
3169 4563 3544 4639 profundant!!!

1972 4654 2349 4725 cogitationum
2394 4666 2632 4706 suarum.
2676 4651 2825 4706 Sicut
2858 4653 3000 4706 enim
3041 4652 3109 4706 de
3147 4654 3312 4723 ipsius
3348 4657 3545 4710 diaboli

1972 4746 2170 4800 malitia
2198 4743 2343 4797 novit
2367 4743 2454 4797 ille
2474 4741 2598 4813 quid
2620 4750 2758 4813 agat,
2789 4751 2843 4797 et
2868 4743 3009 4814 quod
3032 4745 3137 4812 agit
3162 4739 3363 4812 justum
3391 4756 3470 4800 est
3492 4760 3547 4800 et

1974 4838 2172 4893 bonum
2196 4878 2210 4902 ,
2239 4835 2479 4905 quamvis
2519 4834 2587 4888 sit
2623 4835 2690 4889 de
2719 4849 2825 4905 quo
2860 4834 2968 4902 agit
2997 4830 3223 4902 injustus
3251 4846 3305 4891 et
3338 4839 3507 4890 malus
3533 4882 3548 4905 ,

1974 4946 2075 4984 nec
2093 4943 2213 4982 cum
2239 4936 2515 4996 propterea
2537 4939 2721 4979 creare
2742 4924 2928 4988 noluit,
2950 4923 3070 4993 quia
3095 4925 3288 4978 malum
3318 4925 3552 4981 futurum

1974 5036 2094 5078 esse
2140 5016 2408 5090 prmscivit
2451 5034 2465 5070 :
2508 5015 2579 5069 ita
2622 5014 2689 5070 de
2738 5013 2991 5068 universo
3033 5028 3229 5083 genere
3273 5015 3502 5087 humano
3529 5061 3543 5077 ,

1975 5111 2215 5183 quamvis
2245 5109 2420 5163 nullus
2441 5107 2711 5160 hominum
2734 5106 2848 5159 sine
2875 5107 3073 5174 peccati
3095 5107 3253 5160 sorde
3278 5118 3547 5169 nascatur,

1976 5203 2172 5258 bonum
2200 5201 2287 5255 ille
2322 5200 2408 5268 qui
2439 5210 2644 5251 summe
2684 5195 2853 5248 bonus
2888 5204 2969 5248 est
2991 5204 3274 5263 operatur:
3306 5197 3437 5252 alios
3466 5196 3572 5271 fa-g

1976 5295 2122 5347 ciens
2152 5300 2401 5360 tanquam
2429 5303 2548 5340 vasa
2579 5284 2971 5339 tttiserit'ordim.
3001 5298 3133 5353 quos
3157 5287 3322 5354 gratia
3349 5287 3547 5344 dist-cr-

1977 5393 2068 5439 nat
2094 5384 2161 5436 ab
2189 5381 2265 5435 eis
2295 5380 2383 5449 qui
2414 5392 2533 5430 vas:i
2561 5385 2679 5427 sunt
2704 5373 2829 5437 ine;
2858 5374 2991 5426 alios
3016 5382 3261 5445 tanquam
3290 5393 3409 5433 vas-.t
3435 5379 3547 5449 ira,

2042 5559 2058 5591 ³
2097 5554 2317 5614 Plerique.
2342 5559 2466 5606 Vss,
2484 5559 2721 5614 _t‘0t‘p0”18.

2042 5621 2060 5650 ³
2097 5605 2300 5664 ιςιιιιοςὶιιὶ
2326 5620 2450 5677 Mss,
2478 5605 2727 5677 irascente.
2751 5606 2830 5677 Alii
2854 5605 3095 5677 plurium,
3120 5616 3395 5663 suscitatus.

2044 5682 2066 5711 ³
2100 5689 2198 5726 Ant.
2233 5687 2301 5724 Μ’.
2332 5684 2378 5723 t't
2406 5673 2626 5736 λιεΠῳκ
2652 5676 2775 5727 Μέδο,
2797 5671 2925 5731 fecit.
