  <div class='ocr_page' id='page_1' title='image "/cluster/home/n/w/nwhite01/storage/ocr_20150623/44/hvd.32044069687945/233.png"; bbox 0 0 4034 6182; ppageno 0'>
   <div class='ocr_carea' id='block_1_1' title="bbox 457 295 564 354">
    <p class='ocr_par' dir='ltr' id='par_1_1' title="bbox 457 295 564 354">
     <span class='ocr_line' id='line_1_1' title="bbox 457 295 564 354; baseline -0.037 0"><span class='ocrx_word' id='word_1_1' title='bbox 457 295 564 354; x_wconf 59' lang='grc'><strong>⁸55</strong></span> 
     </span>
    </p>
   </div>
   <div class='ocr_carea' id='block_1_2' title="bbox 461 372 2034 466">
    <p class='ocr_par' dir='ltr' id='par_1_2' title="bbox 461 372 2034 466">
     <span class='ocr_line' id='line_1_2' title="bbox 461 372 2034 466; baseline -0.029 -1"><span class='ocrx_word' id='word_1_2' title='bbox 461 422 521 466; x_wconf 88' lang='lat' dir='ltr'><strong>ut</strong></span> <span class='ocrx_word' id='word_1_3' title='bbox 543 417 696 464; x_wconf 80' lang='lat' dir='ltr'><strong>notas</strong></span> <span class='ocrx_word' id='word_1_4' title='bbox 724 403 879 458; x_wconf 85' lang='lat' dir='ltr'><strong>faciat</strong></span> <span class='ocrx_word' id='word_1_5' title='bbox 902 395 1112 452; x_wconf 91' lang='lat' dir='ltr'><strong>divitias</strong></span> <span class='ocrx_word' id='word_1_6' title='bbox 1138 390 1322 464; x_wconf 70' lang='lat' dir='ltr'><strong>gloria:</strong></span> <span class='ocrx_word' id='word_1_7' title='bbox 1356 401 1467 442; x_wconf 75' lang='lat' dir='ltr'><strong>sua:</strong></span> <span class='ocrx_word' id='word_1_8' title='bbox 1502 385 1556 438; x_wconf 88' lang='lat' dir='ltr'><strong>iu</strong></span> <span class='ocrx_word' id='word_1_9' title='bbox 1583 393 1704 434; x_wconf 83' lang='lat' dir='ltr'><strong>vasa</strong></span> <span class='ocrx_word' id='word_1_10' title='bbox 1729 372 2034 466; x_wconf 78' lang='lat' dir='ltr'><strong>misericor-</strong></span> 
     </span>
    </p>
   </div>
   <div class='ocr_carea' id='block_1_3' title="bbox 461 457 2036 557">
    <p class='ocr_par' dir='ltr' id='par_1_3' title="bbox 461 457 2036 557">
     <span class='ocr_line' id='line_1_3' title="bbox 461 457 2036 557; baseline -0.029 -3"><span class='ocrx_word' id='word_1_11' title='bbox 461 501 585 557; x_wconf 64' lang='lat' dir='ltr'><strong>diae.</strong></span> <span class='ocrx_word' id='word_1_12' title='bbox 610 497 710 552; x_wconf 89' lang='lat' dir='ltr'><strong>Eat</strong></span> <span class='ocrx_word' id='word_1_13' title='bbox 735 495 836 549; x_wconf 89' lang='lat' dir='ltr'><strong>iste</strong></span> <span class='ocrx_word' id='word_1_14' title='bbox 855 501 1015 550; x_wconf 80' lang='lat' dir='ltr'><strong>nunc,</strong></span> <span class='ocrx_word' id='word_1_15' title='bbox 1038 493 1093 540; x_wconf 92' lang='lat' dir='ltr'><strong>et</strong></span> <span class='ocrx_word' id='word_1_16' title='bbox 1120 481 1377 538; x_wconf 85' lang='lat' dir='ltr'><strong>adversus</strong></span> <span class='ocrx_word' id='word_1_17' title='bbox 1398 470 1732 545; x_wconf 82' lang='lat' dir='ltr'><strong>Apostolnm,</strong></span> <span class='ocrx_word' id='word_1_18' title='bbox 1761 475 1916 557; x_wconf 69' lang='lat' dir='ltr'><strong>cuius</strong></span> <span class='ocrx_word' id='word_1_19' title='bbox 1936 457 2036 512; x_wconf 81' lang='lat' dir='ltr'><strong>ista</strong></span> 
     </span>
    </p>
   </div>
   <div class='ocr_carea' id='block_1_4' title="bbox 463 551 2038 648">
    <p class='ocr_par' dir='ltr' id='par_1_4' title="bbox 463 551 2038 648">
     <span class='ocr_line' id='line_1_4' title="bbox 463 551 2038 648; baseline -0.029 -3"><span class='ocrx_word' id='word_1_20' title='bbox 463 585 726 646; x_wconf 75' lang='lat' dir='ltr'><strong>sententia</strong></span> <span class='ocrx_word' id='word_1_21' title='bbox 770 589 889 644; x_wconf 82' lang='lat' dir='ltr'><strong>est,</strong></span> <span class='ocrx_word' id='word_1_22' title='bbox 930 577 1365 648; x_wconf 71' lang='lat' dir='ltr'><strong>aiguntcutetnr;</strong></span> <span class='ocrx_word' id='word_1_23' title='bbox 1415 567 1522 618; x_wconf 91' lang='lat' dir='ltr'><strong>imo</strong></span> <span class='ocrx_word' id='word_1_24' title='bbox 1566 551 2038 648; x_wconf 47' lang='lat' dir='ltr'><strong>adversus-ipsum</strong></span> 
     </span>
    </p>
   </div>
   <div class='ocr_carea' id='block_1_5' title="bbox 463 641 2028 749">
    <p class='ocr_par' dir='ltr' id='par_1_5' title="bbox 463 641 2028 749">
     <span class='ocr_line' id='line_1_5' title="bbox 463 641 2028 749; baseline -0.027 -15"><span class='ocrx_word' id='word_1_25' title='bbox 463 641 701 749; x_wconf 63' lang='lat' dir='ltr'><strong>iigulitm,</strong></span> <span class='ocrx_word' id='word_1_26' title='bbox 729 671 812 727; x_wconf 89' lang='lat' dir='ltr'><strong>cui</strong></span> <span class='ocrx_word' id='word_1_27' title='bbox 840 641 1166 736; x_wconf 73' lang='lat' dir='ltr'><strong>respondere</strong></span> <span class='ocrx_word' id='word_1_28' title='bbox 1197 655 1438 730; x_wconf 81' lang='lat' dir='ltr'><strong>prohibet</strong></span> <span class='ocrx_word' id='word_1_29' title='bbox 1468 646 1775 749; x_wconf 74' lang='lat' dir='ltr'><strong>Apostolus,</strong></span> <span class='ocrx_word' id='word_1_30' title='bbox 1810 641 2028 749; x_wconf 39' lang='grc' dir='ltr'><strong>,ε</strong></span> 
     </span>
    </p>
   </div>
   <div class='ocr_carea' id='block_1_6' title="bbox 467 727 2036 831">
    <p class='ocr_par' dir='ltr' id='par_1_6' title="bbox 467 727 2036 831">
     <span class='ocr_line' id='line_1_6' title="bbox 467 727 2036 831; baseline -0.03 -6"><span class='ocrx_word' id='word_1_31' title='bbox 467 727 531 824; x_wconf 55' lang='grc' dir='ltr'><strong>δυ</strong></span> <span class='ocrx_word' id='word_1_32' title='bbox 541 727 710 831; x_wconf 64' lang='lat' dir='ltr'><strong>hoino,</strong></span> <span class='ocrx_word' id='word_1_33' title='bbox 737 773 790 816; x_wconf 86' lang='lat' dir='ltr'><strong>tu</strong></span> <span class='ocrx_word' id='word_1_34' title='bbox 812 761 924 830; x_wconf 82' lang='lat' dir='ltr'><strong>quis</strong></span> <span class='ocrx_word' id='word_1_35' title='bbox 935 727 994 813; x_wconf 69' lang='lat' dir='ltr'><strong>es</strong></span> <span class='ocrx_word' id='word_1_36' title='bbox 1017 756 1101 826; x_wconf 90' lang='lat' dir='ltr'><strong>qui</strong></span> <span class='ocrx_word' id='word_1_37' title='bbox 1127 727 1430 822; x_wconf 69' lang='lat' dir='ltr'><strong>respondeas</strong></span> <span class='ocrx_word' id='word_1_38' title='bbox 1457 739 1610 798; x_wconf 82' lang='lat' dir='ltr'><strong>Deo?</strong></span> <span class='ocrx_word' id='word_1_39' title='bbox 1637 729 1896 831; x_wconf 71' lang='lat' dir='ltr'><strong>nmquid</strong></span> <span class='ocrx_word' id='word_1_40' title='bbox 1912 727 2036 781; x_wconf 83' lang='lat' dir='ltr'><strong>dicit</strong></span> 
     </span>
    </p>
   </div>
   <div class='ocr_carea' id='block_1_7' title="bbox 465 823 2042 930">
    <p class='ocr_par' dir='ltr' id='par_1_7' title="bbox 465 823 2042 930">
     <span class='ocr_line' id='line_1_7' title="bbox 465 823 2042 930; baseline -0.029 -16"><span class='ocrx_word' id='word_1_41' title='bbox 465 823 756 930; x_wconf 72' lang='lat' dir='ltr'><strong>ﬁgmentum</strong></span> <span class='ocrx_word' id='word_1_42' title='bbox 776 823 924 921; x_wconf 30' lang='lat' dir='ltr'><strong>eivqui</strong></span> <span class='ocrx_word' id='word_1_43' title='bbox 951 863 1005 901; x_wconf 84' lang='lat' dir='ltr'><strong>se</strong></span> <span class='ocrx_word' id='word_1_44' title='bbox 1029 823 1208 916; x_wconf 60' lang='lat' dir='ltr'><strong>ﬁnxit,</strong></span> <span class='ocrx_word' id='word_1_45' title='bbox 1237 839 1403 905; x_wconf 81' lang='lat' dir='ltr'><strong>Quare</strong></span> <span class='ocrx_word' id='word_1_46' title='bbox 1429 837 1498 888; x_wconf 81' lang='lat' dir='ltr'><strong>sic</strong></span> <span class='ocrx_word' id='word_1_47' title='bbox 1532 847 1609 884; x_wconf 85' lang='lat' dir='ltr'><strong>me</strong></span> <span class='ocrx_word' id='word_1_48' title='bbox 1640 824 1800 930; x_wconf 71' lang='lat' dir='ltr'><strong>fecisti</strong></span> <span class='ocrx_word' id='word_1_49' title='bbox 1817 823 1842 876; x_wconf 83' lang='lat'><strong><em>?</em></strong></span> <span class='ocrx_word' id='word_1_50' title='bbox 1859 823 2042 930; x_wconf 60' lang='lat' dir='ltr'><strong>Animi:</strong></span> 
     </span>
    </p>
   </div>
   <div class='ocr_carea' id='block_1_8' title="bbox 466 907 2044 1016">
    <p class='ocr_par' dir='ltr' id='par_1_8' title="bbox 466 907 2044 1016">
     <span class='ocr_line' id='line_1_8' title="bbox 466 907 2044 1016; baseline -0.029 -11"><span class='ocrx_word' id='word_1_51' title='bbox 466 907 612 1004; x_wconf 56' lang='lat' dir='ltr'><strong>.Itzbet</strong></span> <span class='ocrx_word' id='word_1_52' title='bbox 629 907 918 1016; x_wconf 73' lang='lat' dir='ltr'><strong>potestatem</strong></span> <span class='ocrx_word' id='word_1_53' title='bbox 941 907 1127 1010; x_wconf 42' lang='lat' dir='ltr'><strong>ﬁgit-lus</strong></span> <span class='ocrx_word' id='word_1_54' title='bbox 1143 907 1234 988; x_wconf 81' lang='lat' dir='ltr'><strong>luti</strong></span> <span class='ocrx_word' id='word_1_55' title='bbox 1255 947 1316 986; x_wconf 83' lang='lat' dir='ltr'><strong>ea:</strong></span> <span class='ocrx_word' id='word_1_56' title='bbox 1329 927 1504 984; x_wconf 86' lang='lat' dir='ltr'><strong>eadem</strong></span> <span class='ocrx_word' id='word_1_57' title='bbox 1525 936 1694 979; x_wconf 81' lang='lat' dir='ltr'><strong>massa</strong></span> <span class='ocrx_word' id='word_1_58' title='bbox 1718 907 2044 1016; x_wconf 44' lang='lat' dir='ltr'><strong>[ueneﬁcii-tt:</strong></span> 
     </span>
    </p>
   </div>
   <div class='ocr_carea' id='block_1_9' title="bbox 465 997 2046 1098">
    <p class='ocr_par' dir='ltr' id='par_1_9' title="bbox 465 997 2046 1098">
     <span class='ocr_line' id='line_1_9' title="bbox 465 997 2046 1098; baseline -0.028 -2"><span class='ocrx_word' id='word_1_59' title='bbox 569 997 906 1098; x_wconf 60' lang='lat' dir='ltr'><strong>inrtionorem,</strong></span> <span class='ocrx_word' id='word_1_60' title='bbox 929 997 1071 1085; x_wconf 73' lang='lat' dir='ltr'><strong>aliud</strong></span> <span class='ocrx_word' id='word_1_61' title='bbox 1092 1027 1142 1079; x_wconf 85' lang='lat' dir='ltr'><strong>in</strong></span> <span class='ocrx_word' id='word_1_62' title='bbox 1165 1017 1517 1078; x_wconf 76' lang='lat' dir='ltr'><strong>contumeliam</strong></span> <span class='ocrx_word' id='word_1_63' title='bbox 1538 1012 1716 1081; x_wconf 78' lang='lat' dir='ltr'><strong>(liam.</strong></span> <span class='ocrx_word' id='word_1_64' title='bbox 1738 1022 1813 1073; x_wconf 78' lang='lat' dir='ltr'><strong>Ix,</strong></span> 
     </span>
    </p>
   </div>
   <div class='ocr_carea' id='block_1_10' title="bbox 466 1086 2045 1200">
    <p class='ocr_par' dir='ltr' id='par_1_10' title="bbox 466 1086 2045 1200">
     <span class='ocr_line' id='line_1_10' title="bbox 466 1086 2045 1200; baseline -0.031 -11"><span class='ocrx_word' id='word_1_65' title='bbox 466 1128 732 1200; x_wconf 77' lang='lat' dir='ltr'><strong>Numquid</strong></span> <span class='ocrx_word' id='word_1_66' title='bbox 769 1086 906 1196; x_wconf 42' lang='lat' dir='ltr'><strong>ergo.</strong></span> <span class='ocrx_word' id='word_1_67' title='bbox 924 1136 1050 1177; x_wconf 90' lang='lat' dir='ltr'><strong>vasa</strong></span> <span class='ocrx_word' id='word_1_68' title='bbox 1089 1119 1182 1173; x_wconf 75' lang='lat' dir='ltr'><strong>ira:</strong></span> <span class='ocrx_word' id='word_1_69' title='bbox 1209 1119 1367 1182; x_wconf 85' lang='lat' dir='ltr'><strong>negat</strong></span> <span class='ocrx_word' id='word_1_70' title='bbox 1401 1110 1502 1163; x_wconf 84' lang='lat' dir='ltr'><strong>iste</strong></span> <span class='ocrx_word' id='word_1_71' title='bbox 1529 1118 1649 1161; x_wconf 84' lang='lat' dir='ltr'><strong>esse</strong></span> <span class='ocrx_word' id='word_1_72' title='bbox 1674 1098 1774 1154; x_wconf 88' lang='lat' dir='ltr'><strong>sub</strong></span> <span class='ocrx_word' id='word_1_73' title='bbox 1801 1086 2045 1200; x_wconf 66' lang='lat' dir='ltr'><strong>diabolo?</strong></span> 
     </span>
    </p>
   </div>
   <div class='ocr_carea' id='block_1_11' title="bbox 469 1181 2043 1292">
    <p class='ocr_par' dir='ltr' id='par_1_11' title="bbox 469 1181 2043 1292">
     <span class='ocr_line' id='line_1_11' title="bbox 469 1181 2043 1292; baseline -0.031 -11"><span class='ocrx_word' id='word_1_74' title='bbox 469 1181 858 1292; x_wconf 44' lang='lat' dir='ltr'><strong>.8tt—lutiitiasubv</strong></span> <span class='ocrx_word' id='word_1_75' title='bbox 874 1210 1086 1269; x_wconf 78' lang='lat' dir='ltr'><strong>diabolo</strong></span> <span class='ocrx_word' id='word_1_76' title='bbox 1115 1181 1433 1270; x_wconf 78' lang='lat' dir='ltr'><strong>sutit,alius</strong></span> <span class='ocrx_word' id='word_1_77' title='bbox 1458 1211 1522 1254; x_wconf 90' lang='lat' dir='ltr'><strong>ea</strong></span> <span class='ocrx_word' id='word_1_78' title='bbox 1551 1205 1708 1264; x_wconf 88' lang='lat' dir='ltr'><strong>quam</strong></span> <span class='ocrx_word' id='word_1_79' title='bbox 1745 1189 1858 1258; x_wconf 86' lang='lat' dir='ltr'><strong>ipse</strong></span> <span class='ocrx_word' id='word_1_80' title='bbox 1883 1181 2043 1246; x_wconf 92' lang='lat' dir='ltr'><strong>facit,</strong></span> 
     </span>
    </p>
   </div>
   <div class='ocr_carea' id='block_1_12' title="bbox 471 1283 2048 1387">
    <p class='ocr_par' dir='ltr' id='par_1_12' title="bbox 471 1283 2048 1387">
     <span class='ocr_line' id='line_1_12' title="bbox 471 1283 2048 1387; baseline -0.029 -16"><span class='ocrx_word' id='word_1_81' title='bbox 471 1315 561 1387; x_wconf 84' lang='lat' dir='ltr'><strong>qui</strong></span> <span class='ocrx_word' id='word_1_82' title='bbox 588 1283 713 1367; x_wconf 75' lang='lat' dir='ltr'><strong>vasa</strong></span> <span class='ocrx_word' id='word_1_83' title='bbox 749 1301 1127 1382; x_wconf 78' lang='lat' dir='ltr'><strong>misericordia:</strong></span> <span class='ocrx_word' id='word_1_84' title='bbox 1155 1293 1324 1353; x_wconf 78' lang='lat' dir='ltr'><strong>facit?</strong></span> <span class='ocrx_word' id='word_1_85' title='bbox 1358 1300 1452 1346; x_wconf 87' lang='lat' dir='ltr'><strong>aut</strong></span> <span class='ocrx_word' id='word_1_86' title='bbox 1485 1283 1698 1387; x_wconf 57' lang='lat' dir='ltr'><strong>aliunde</strong></span> <span class='ocrx_word' id='word_1_87' title='bbox 1737 1291 1797 1387; x_wconf 45' lang='lat' dir='ltr'><strong>ett</strong></span> <span class='ocrx_word' id='word_1_88' title='bbox 1829 1290 1937 1331; x_wconf 85' lang='lat' dir='ltr'><strong>non</strong></span> <span class='ocrx_word' id='word_1_89' title='bbox 1979 1285 2048 1326; x_wconf 80' lang='lat' dir='ltr'><strong>ex</strong></span> 
     </span>
    </p>
   </div>
   <div class='ocr_carea' id='block_1_13' title="bbox 470 1369 2048 1464">
    <p class='ocr_par' dir='ltr' id='par_1_13' title="bbox 470 1369 2048 1464">
     <span class='ocr_line' id='line_1_13' title="bbox 470 1369 2048 1464; baseline -0.032 1"><span class='ocrx_word' id='word_1_90' title='bbox 470 1369 658 1464; x_wconf 48' lang='lat' dir='ltr'><strong>adem</strong></span> <span class='ocrx_word' id='word_1_91' title='bbox 690 1377 862 1455; x_wconf 80' lang='lat' dir='ltr'><strong>massa</strong></span> <span class='ocrx_word' id='word_1_92' title='bbox 889 1393 1052 1451; x_wconf 80' lang='lat' dir='ltr'><strong>facit?</strong></span> <span class='ocrx_word' id='word_1_93' title='bbox 1073 1390 1171 1445; x_wconf 90' lang='lat' dir='ltr'><strong>llic</strong></span> <span class='ocrx_word' id='word_1_94' title='bbox 1197 1388 1375 1455; x_wconf 78' lang='lat' dir='ltr'><strong>itaque</strong></span> <span class='ocrx_word' id='word_1_95' title='bbox 1400 1380 1565 1444; x_wconf 64' lang='lat' dir='ltr'><strong>dicat,</strong></span> <span class='ocrx_word' id='word_1_96' title='bbox 1596 1375 1735 1444; x_wconf 78' lang='lat' dir='ltr'><strong>Ergo</strong></span> <span class='ocrx_word' id='word_1_97' title='bbox 1757 1369 1899 1464; x_wconf 81' lang='lat' dir='ltr'><strong>Deus</strong></span> <span class='ocrx_word' id='word_1_98' title='bbox 1923 1375 2048 1419; x_wconf 78' lang='lat' dir='ltr'><strong>vasa</strong></span> 
     </span>
    </p>
   </div>
   <div class='ocr_carea' id='block_1_14' title="bbox 473 1458 2050 1556">
    <p class='ocr_par' dir='ltr' id='par_1_14' title="bbox 473 1458 2050 1556">
     <span class='ocr_line' id='line_1_14' title="bbox 473 1458 2050 1556; baseline -0.03 -2"><span class='ocrx_word' id='word_1_99' title='bbox 473 1458 686 1554; x_wconf 75' lang='lat' dir='ltr'><strong>diabolo</strong></span> <span class='ocrx_word' id='word_1_100' title='bbox 709 1491 833 1547; x_wconf 89' lang='lat' dir='ltr'><strong>facit</strong></span> <span class='ocrx_word' id='word_1_101' title='bbox 863 1505 879 1543; x_wconf 87' lang='lat'><strong>:</strong></span> <span class='ocrx_word' id='word_1_102' title='bbox 907 1485 1058 1556; x_wconf 87' lang='lat' dir='ltr'><strong>quasi</strong></span> <span class='ocrx_word' id='word_1_103' title='bbox 1089 1479 1294 1536; x_wconf 86' lang='lat' dir='ltr'><strong>nesciat</strong></span> <span class='ocrx_word' id='word_1_104' title='bbox 1323 1475 1462 1529; x_wconf 91' lang='lat' dir='ltr'><strong>Deus</strong></span> <span class='ocrx_word' id='word_1_105' title='bbox 1489 1469 1568 1525; x_wconf 91' lang='lat' dir='ltr'><strong>sic</strong></span> <span class='ocrx_word' id='word_1_106' title='bbox 1597 1481 1676 1521; x_wconf 85' lang='lat' dir='ltr'><strong>eis</strong></span> <span class='ocrx_word' id='word_1_107' title='bbox 1701 1464 1774 1518; x_wconf 85' lang='lat' dir='ltr'><strong>uti</strong></span> <span class='ocrx_word' id='word_1_108' title='bbox 1794 1458 1861 1513; x_wconf 87' lang='lat' dir='ltr'><strong>ad</strong></span> <span class='ocrx_word' id='word_1_109' title='bbox 1887 1465 2050 1526; x_wconf 86' lang='lat' dir='ltr'><strong>opera</strong></span> 
     </span>
    </p>
   </div>
   <div class='ocr_carea' id='block_1_15' title="bbox 472 1558 1767 1659">
    <p class='ocr_par' dir='ltr' id='par_1_15' title="bbox 472 1558 1767 1659">
     <span class='ocr_line' id='line_1_15' title="bbox 472 1558 1767 1659; baseline -0.027 -13"><span class='ocrx_word' id='word_1_110' title='bbox 472 1605 571 1648; x_wconf 80' lang='lat' dir='ltr'><strong>sua</strong></span> <span class='ocrx_word' id='word_1_111' title='bbox 593 1589 733 1659; x_wconf 87' lang='lat' dir='ltr'><strong>iusta</strong></span> <span class='ocrx_word' id='word_1_112' title='bbox 759 1593 812 1639; x_wconf 90' lang='lat' dir='ltr'><strong>et</strong></span> <span class='ocrx_word' id='word_1_113' title='bbox 835 1583 974 1636; x_wconf 89' lang='lat' dir='ltr'><strong>bona</strong></span> <span class='ocrx_word' id='word_1_114' title='bbox 997 1620 1012 1645; x_wconf 95' lang='lat'><strong>,</strong></span> <span class='ocrx_word' id='word_1_115' title='bbox 1040 1579 1178 1633; x_wconf 83' lang='lat' dir='ltr'><strong>sicut</strong></span> <span class='ocrx_word' id='word_1_116' title='bbox 1208 1574 1324 1645; x_wconf 89' lang='lat' dir='ltr'><strong>ipso</strong></span> <span class='ocrx_word' id='word_1_117' title='bbox 1350 1570 1512 1626; x_wconf 87' lang='lat' dir='ltr'><strong>utitur</strong></span> <span class='ocrx_word' id='word_1_118' title='bbox 1536 1558 1767 1659; x_wconf 75' lang='lat' dir='ltr'><strong>diabolo.</strong></span> 
     </span>
    </p>
   </div>
   <div class='ocr_carea' id='block_1_16' title="bbox 546 1637 2054 1736">
    <p class='ocr_par' dir='ltr' id='par_1_16' title="bbox 546 1637 2054 1736">
     <span class='ocr_line' id='line_1_16' title="bbox 546 1637 2054 1736; baseline -0.031 1"><span class='ocrx_word' id='word_1_119' title='bbox 546 1637 971 1736; x_wconf 48' lang='lat' dir='ltr'><strong>inﬁrm.</strong></span> <span class='ocrx_word' id='word_1_120' title='bbox 999 1637 1082 1711; x_wconf 81' lang='grc'><strong>’-</strong></span> <span class='ocrx_word' id='word_1_121' title='bbox 1123 1637 1340 1722; x_wconf 54' lang='grc' dir='ltr'><strong>δείλη</strong></span> <span class='ocrx_word' id='word_1_122' title='bbox 1384 1672 1512 1716; x_wconf 85' lang='lat' dir='ltr'><strong>vero</strong></span> <span class='ocrx_word' id='word_1_123' title='bbox 1561 1653 1696 1706; x_wconf 85' lang='lat' dir='ltr'><strong>filios</strong></span> <span class='ocrx_word' id='word_1_124' title='bbox 1740 1637 2054 1736; x_wconf 84' lang='lat' dir='ltr'><strong>perditionis</strong></span> 
     </span>
    </p>
   </div>
   <div class='ocr_carea' id='block_1_17' title="bbox 476 1733 2052 1833">
    <p class='ocr_par' dir='ltr' id='par_1_17' title="bbox 476 1733 2052 1833">
     <span class='ocr_line' id='line_1_17' title="bbox 476 1733 2052 1833; baseline -0.028 -5"><span class='ocrx_word' id='word_1_125' title='bbox 476 1733 658 1828; x_wconf 72' lang='lat' dir='ltr'><strong>hmdos</strong></span> <span class='ocrx_word' id='word_1_126' title='bbox 679 1767 908 1824; x_wconf 84' lang='lat' dir='ltr'><strong>sinistrae</strong></span> <span class='ocrx_word' id='word_1_127' title='bbox 936 1762 1100 1833; x_wconf 88' lang='lat' dir='ltr'><strong>partis</strong></span> <span class='ocrx_word' id='word_1_128' title='bbox 1119 1755 1330 1830; x_wconf 77' lang='lat' dir='ltr'><strong>(Matth.</strong></span> <span class='ocrx_word' id='word_1_129' title='bbox 1353 1765 1478 1816; x_wconf 75' lang='lat' dir='ltr'><strong>xxv,</strong></span> <span class='ocrx_word' id='word_1_130' title='bbox 1502 1746 1592 1814; x_wconf 81' lang='lat'><strong>&#39;55)</strong></span> <span class='ocrx_word' id='word_1_131' title='bbox 1617 1738 1828 1833; x_wconf 75' lang='lat' dir='ltr'><strong>diabolo</strong></span> <span class='ocrx_word' id='word_1_132' title='bbox 1850 1733 2052 1806; x_wconf 84' lang='lat' dir='ltr'><strong>pascit,</strong></span> 
     </span>
    </p>
   </div>
   <div class='ocr_carea' id='block_1_18' title="bbox 477 1831 2054 1920">
    <p class='ocr_par' dir='ltr' id='par_1_18' title="bbox 477 1831 2054 1920">
     <span class='ocr_line' id='line_1_18' title="bbox 477 1831 2054 1920; baseline -0.028 -1"><span class='ocrx_word' id='word_1_133' title='bbox 477 1873 536 1920; x_wconf 84' lang='lat' dir='ltr'><strong>et</strong></span> <span class='ocrx_word' id='word_1_134' title='bbox 573 1859 783 1916; x_wconf 85' lang='lat' dir='ltr'><strong>diabolo</strong></span> <span class='ocrx_word' id='word_1_135' title='bbox 817 1831 1015 1919; x_wconf 81' lang='lat' dir='ltr'><strong>nutrit,</strong></span> <span class='ocrx_word' id='word_1_136' title='bbox 1057 1859 1112 1906; x_wconf 89' lang='lat' dir='ltr'><strong>et</strong></span> <span class='ocrx_word' id='word_1_137' title='bbox 1149 1847 1342 1910; x_wconf 88' lang='lat' dir='ltr'><strong>vestit,</strong></span> <span class='ocrx_word' id='word_1_138' title='bbox 1372 1842 1494 1914; x_wconf 87' lang='lat' dir='ltr'><strong>quia</strong></span> <span class='ocrx_word' id='word_1_139' title='bbox 1533 1834 1656 1891; x_wconf 86' lang='lat' dir='ltr'><strong>facit</strong></span> <span class='ocrx_word' id='word_1_140' title='bbox 1692 1831 1862 1920; x_wconf 84' lang='lat' dir='ltr'><strong>solem</strong></span> <span class='ocrx_word' id='word_1_141' title='bbox 1897 1835 2054 1882; x_wconf 85' lang='lat' dir='ltr'><strong>suum</strong></span> 
     </span>
    </p>
   </div>
   <div class='ocr_carea' id='block_1_19' title="bbox 380 1919 2057 2020">
    <p class='ocr_par' dir='ltr' id='par_1_19' title="bbox 380 1919 2057 2020">
     <span class='ocr_line' id='line_1_19' title="bbox 380 1919 2057 2020; baseline -0.024 -12"><span class='ocrx_word' id='word_1_142' title='bbox 380 2005 382 2008; x_wconf 75' lang='grc'>,</span> <span class='ocrx_word' id='word_1_143' title='bbox 476 1919 607 2008; x_wconf 87' lang='lat' dir='ltr'><strong>oriri</strong></span> <span class='ocrx_word' id='word_1_144' title='bbox 633 1964 793 2020; x_wconf 83' lang='lat' dir='ltr'><strong>super</strong></span> <span class='ocrx_word' id='word_1_145' title='bbox 817 1947 984 2000; x_wconf 84' lang='lat' dir='ltr'><strong>bonos</strong></span> <span class='ocrx_word' id='word_1_146' title='bbox 1023 1948 1078 1997; x_wconf 87' lang='lat' dir='ltr'><strong>el.</strong></span> <span class='ocrx_word' id='word_1_147' title='bbox 1117 1938 1322 2002; x_wconf 89' lang='lat' dir='ltr'><strong>malos,</strong></span> <span class='ocrx_word' id='word_1_148' title='bbox 1363 1943 1416 1988; x_wconf 91' lang='lat' dir='ltr'><strong>et</strong></span> <span class='ocrx_word' id='word_1_149' title='bbox 1455 1928 1589 2002; x_wconf 80' lang='lat' dir='ltr'><strong>pluit</strong></span> <span class='ocrx_word' id='word_1_150' title='bbox 1615 1937 1776 1993; x_wconf 84' lang='lat' dir='ltr'><strong>super</strong></span> <span class='ocrx_word' id='word_1_151' title='bbox 1796 1919 1975 1990; x_wconf 89' lang='lat' dir='ltr'><strong>iustos</strong></span> <span class='ocrx_word' id='word_1_152' title='bbox 1994 1920 2057 2020; x_wconf 65' lang='lat' dir='ltr'><strong>et</strong></span> 
     </span>
    </p>
   </div>
   <div class='ocr_carea' id='block_1_20' title="bbox 479 2002 2056 2112">
    <p class='ocr_par' dir='ltr' id='par_1_20' title="bbox 479 2002 2056 2112">
     <span class='ocr_line' id='line_1_20' title="bbox 479 2002 2056 2112; baseline -0.027 -12"><span class='ocrx_word' id='word_1_153' title='bbox 479 2002 841 2112; x_wconf 39' lang='lat' dir='ltr'><strong>itii-iist—ostUd.</strong></span> <span class='ocrx_word' id='word_1_154' title='bbox 871 2051 926 2100; x_wconf 92' lang='lat' dir='ltr'><strong>v,</strong></span> <span class='ocrx_word' id='word_1_155' title='bbox 957 2033 1084 2104; x_wconf 66' lang='lat'><strong>£5)?</strong></span> <span class='ocrx_word' id='word_1_156' title='bbox 1103 2029 1193 2085; x_wconf 88' lang='lat' dir='ltr'><strong>Sic</strong></span> <span class='ocrx_word' id='word_1_157' title='bbox 1212 2028 1390 2096; x_wconf 85' lang='lat' dir='ltr'><strong>itaque</strong></span> <span class='ocrx_word' id='word_1_158' title='bbox 1409 2027 1557 2112; x_wconf 78' lang='lat' dir='ltr'><strong>creat</strong></span> <span class='ocrx_word' id='word_1_159' title='bbox 1577 2002 2056 2112; x_wconf 44' lang='lat' dir='ltr'><strong>malos-quomodo</strong></span> 
     </span>
    </p>
   </div>
   <div class='ocr_carea' id='block_1_21' title="bbox 481 2095 2052 2207">
    <p class='ocr_par' dir='ltr' id='par_1_21' title="bbox 481 2095 2052 2207">
     <span class='ocr_line' id='line_1_21' title="bbox 481 2095 2052 2207; baseline -0.029 -15"><span class='ocrx_word' id='word_1_160' title='bbox 481 2095 650 2207; x_wconf 60' lang='lat' dir='ltr'><strong>pascit</strong></span> <span class='ocrx_word' id='word_1_161' title='bbox 671 2095 924 2187; x_wconf 47' lang='lat' dir='ltr'><strong>et‘nutrit</strong></span> <span class='ocrx_word' id='word_1_162' title='bbox 947 2095 1120 2180; x_wconf 83' lang='lat' dir='ltr'><strong>malos</strong></span> <span class='ocrx_word' id='word_1_163' title='bbox 1143 2140 1156 2174; x_wconf 91' lang='lat'><strong>:</strong></span> <span class='ocrx_word' id='word_1_164' title='bbox 1180 2095 1465 2190; x_wconf 81' lang='lat' dir='ltr'><strong>quiaquod</strong></span> <span class='ocrx_word' id='word_1_165' title='bbox 1489 2108 1569 2165; x_wconf 89' lang='lat' dir='ltr'><strong>eis</strong></span> <span class='ocrx_word' id='word_1_166' title='bbox 1586 2101 1818 2207; x_wconf 68' lang='lat' dir='ltr'><strong>creando</strong></span> <span class='ocrx_word' id='word_1_167' title='bbox 1840 2095 2019 2207; x_wconf 58' lang='lat' dir='ltr'><strong>tribuit</strong></span> <span class='ocrx_word' id='word_1_168' title='bbox 2035 2131 2052 2159; x_wconf 89' lang='lat'><strong>,</strong></span> 
     </span>
    </p>
   </div>
   <div class='ocr_carea' id='block_1_22' title="bbox 479 2184 2060 2290">
    <p class='ocr_par' dir='ltr' id='par_1_22' title="bbox 479 2184 2060 2290">
     <span class='ocr_line' id='line_1_22' title="bbox 479 2184 2060 2290; baseline -0.03 -4"><span class='ocrx_word' id='word_1_169' title='bbox 479 2184 549 2286; x_wconf 64' lang='grc' dir='ltr'>ξιι</span> <span class='ocrx_word' id='word_1_170' title='bbox 576 2184 776 2283; x_wconf 74' lang='lat' dir='ltr'><strong>natura:</strong></span> <span class='ocrx_word' id='word_1_171' title='bbox 817 2219 1049 2290; x_wconf 86' lang='lat' dir='ltr'><strong>pertinet</strong></span> <span class='ocrx_word' id='word_1_172' title='bbox 1086 2184 1408 2272; x_wconf 81' lang='lat' dir='ltr'><strong>bonitatem;</strong></span> <span class='ocrx_word' id='word_1_173' title='bbox 1437 2210 1492 2260; x_wconf 90' lang='lat' dir='ltr'><strong>et</strong></span> <span class='ocrx_word' id='word_1_174' title='bbox 1515 2197 1658 2272; x_wconf 87' lang='lat' dir='ltr'><strong>quod</strong></span> <span class='ocrx_word' id='word_1_175' title='bbox 1686 2195 1766 2290; x_wconf 79' lang='lat' dir='ltr'><strong>eis</strong></span> <span class='ocrx_word' id='word_1_176' title='bbox 1793 2184 2060 2290; x_wconf 66' lang='lat' dir='ltr'><strong>pascendo</strong></span> 
     </span>
    </p>
   </div>
   <div class='ocr_carea' id='block_1_23' title="bbox 481 2275 2063 2375">
    <p class='ocr_par' dir='ltr' id='par_1_23' title="bbox 481 2275 2063 2375">
     <span class='ocr_line' id='line_1_23' title="bbox 481 2275 2063 2375; baseline -0.03 0"><span class='ocrx_word' id='word_1_177' title='bbox 481 2326 538 2375; x_wconf 86' lang='lat' dir='ltr'><strong>et</strong></span> <span class='ocrx_word' id='word_1_178' title='bbox 577 2275 859 2374; x_wconf 73' lang='lat' dir='ltr'><strong>nutriendo</strong></span> <span class='ocrx_word' id='word_1_179' title='bbox 897 2309 990 2365; x_wconf 90' lang='lat' dir='ltr'><strong>dat</strong></span> <span class='ocrx_word' id='word_1_180' title='bbox 1026 2307 1413 2360; x_wconf 85' lang='lat' dir='ltr'><strong>incrementum</strong></span> <span class='ocrx_word' id='word_1_181' title='bbox 1441 2334 1456 2360; x_wconf 94' lang='lat'><strong>,</strong></span> <span class='ocrx_word' id='word_1_182' title='bbox 1498 2305 1604 2347; x_wconf 89' lang='lat' dir='ltr'><strong>non</strong></span> <span class='ocrx_word' id='word_1_183' title='bbox 1637 2285 1817 2375; x_wconf 79' lang='lat' dir='ltr'><strong>utique</strong></span> <span class='ocrx_word' id='word_1_184' title='bbox 1843 2275 2063 2375; x_wconf 69' lang='lat' dir='ltr'><strong>malitiae</strong></span> 
     </span>
    </p>
   </div>
   <div class='ocr_carea' id='block_1_24' title="bbox 482 2368 2058 2474">
    <p class='ocr_par' dir='ltr' id='par_1_24' title="bbox 482 2368 2058 2474">
     <span class='ocr_line' id='line_1_24' title="bbox 482 2368 2058 2474; baseline -0.03 -8"><span class='ocrx_word' id='word_1_185' title='bbox 482 2368 692 2474; x_wconf 69' lang='lat' dir='ltr'><strong>eorum,</strong></span> <span class='ocrx_word' id='word_1_186' title='bbox 723 2368 820 2458; x_wconf 84' lang='lat' dir='ltr'><strong>sed</strong></span> <span class='ocrx_word' id='word_1_187' title='bbox 843 2400 1016 2455; x_wconf 88' lang='lat' dir='ltr'><strong>cidem</strong></span> <span class='ocrx_word' id='word_1_188' title='bbox 1042 2397 1196 2451; x_wconf 76' lang='lat' dir='ltr'><strong>bona:</strong></span> <span class='ocrx_word' id='word_1_189' title='bbox 1221 2398 1426 2445; x_wconf 75' lang='lat' dir='ltr'><strong>naturae</strong></span> <span class='ocrx_word' id='word_1_190' title='bbox 1451 2395 1611 2454; x_wconf 88' lang='lat' dir='ltr'><strong>quam</strong></span> <span class='ocrx_word' id='word_1_191' title='bbox 1632 2372 1836 2432; x_wconf 87' lang='lat' dir='ltr'><strong>creavit</strong></span> <span class='ocrx_word' id='word_1_192' title='bbox 1864 2368 2058 2474; x_wconf 66' lang='lat' dir='ltr'><strong>bonus,</strong></span> 
     </span>
    </p>
   </div>
   <div class='ocr_carea' id='block_1_25' title="bbox 483 2455 2062 2559">
    <p class='ocr_par' dir='ltr' id='par_1_25' title="bbox 483 2455 2062 2559">
     <span class='ocr_line' id='line_1_25' title="bbox 483 2455 2062 2559; baseline -0.033 1"><span class='ocrx_word' id='word_1_193' title='bbox 483 2455 692 2559; x_wconf 63' lang='lat' dir='ltr'><strong>honuni</strong></span> <span class='ocrx_word' id='word_1_194' title='bbox 725 2493 907 2550; x_wconf 88' lang='lat' dir='ltr'><strong>tribuit</strong></span> <span class='ocrx_word' id='word_1_195' title='bbox 941 2488 1325 2558; x_wconf 84' lang='lat' dir='ltr'><strong>adiumentum.</strong></span> <span class='ocrx_word' id='word_1_196' title='bbox 1356 2477 1414 2532; x_wconf 93' lang='lat' dir='ltr'><strong>In</strong></span> <span class='ocrx_word' id='word_1_197' title='bbox 1466 2477 1722 2545; x_wconf 88' lang='lat' dir='ltr'><strong>quantum</strong></span> <span class='ocrx_word' id='word_1_198' title='bbox 1765 2463 1910 2519; x_wconf 88' lang='lat' dir='ltr'><strong>enim</strong></span> <span class='ocrx_word' id='word_1_199' title='bbox 1959 2455 2062 2512; x_wconf 84' lang='lat' dir='ltr'><strong>ho-</strong></span> 
     </span>
    </p>
   </div>
   <div class='ocr_carea' id='block_1_26' title="bbox 485 2557 2066 2650">
    <p class='ocr_par' dir='ltr' id='par_1_26' title="bbox 485 2557 2066 2650">
     <span class='ocr_line' id='line_1_26' title="bbox 485 2557 2066 2650; baseline -0.029 1"><span class='ocrx_word' id='word_1_200' title='bbox 485 2557 660 2650; x_wconf 74' lang='lat' dir='ltr'><strong>mines</strong></span> <span class='ocrx_word' id='word_1_201' title='bbox 701 2595 857 2650; x_wconf 87' lang='lat' dir='ltr'><strong>sunt,</strong></span> <span class='ocrx_word' id='word_1_202' title='bbox 890 2557 1084 2639; x_wconf 80' lang='lat' dir='ltr'><strong>bonum</strong></span> <span class='ocrx_word' id='word_1_203' title='bbox 1124 2585 1207 2633; x_wconf 88' lang='lat' dir='ltr'><strong>est</strong></span> <span class='ocrx_word' id='word_1_204' title='bbox 1253 2581 1490 2635; x_wconf 70' lang='lat' dir='ltr'><strong>naturai,</strong></span> <span class='ocrx_word' id='word_1_205' title='bbox 1537 2563 1690 2635; x_wconf 86' lang='lat' dir='ltr'><strong>cuius</strong></span> <span class='ocrx_word' id='word_1_206' title='bbox 1741 2564 1928 2614; x_wconf 87' lang='lat' dir='ltr'><strong>auctor</strong></span> <span class='ocrx_word' id='word_1_207' title='bbox 1979 2557 2066 2610; x_wconf 84' lang='lat' dir='ltr'><strong>est</strong></span> 
     </span>
    </p>
   </div>
   <div class='ocr_carea' id='block_1_27' title="bbox 488 2651 2060 2746">
    <p class='ocr_par' dir='ltr' id='par_1_27' title="bbox 488 2651 2060 2746">
     <span class='ocr_line' id='line_1_27' title="bbox 488 2651 2060 2746; baseline -0.03 -6"><span class='ocrx_word' id='word_1_208' title='bbox 488 2684 632 2739; x_wconf 87' lang='lat' dir='ltr'><strong>Deus</strong></span> <span class='ocrx_word' id='word_1_209' title='bbox 660 2697 675 2735; x_wconf 89' lang='lat'><strong>:</strong></span> <span class='ocrx_word' id='word_1_210' title='bbox 705 2679 756 2734; x_wconf 91' lang='lat' dir='ltr'><strong>in</strong></span> <span class='ocrx_word' id='word_1_211' title='bbox 802 2683 1058 2746; x_wconf 90' lang='lat' dir='ltr'><strong>quantum</strong></span> <span class='ocrx_word' id='word_1_212' title='bbox 1095 2677 1273 2724; x_wconf 87' lang='lat' dir='ltr'><strong>autem</strong></span> <span class='ocrx_word' id='word_1_213' title='bbox 1309 2675 1430 2718; x_wconf 90' lang='lat' dir='ltr'><strong>cum</strong></span> <span class='ocrx_word' id='word_1_214' title='bbox 1476 2661 1694 2728; x_wconf 88' lang='lat' dir='ltr'><strong>peccato</strong></span> <span class='ocrx_word' id='word_1_215' title='bbox 1731 2651 2021 2746; x_wconf 76' lang='lat' dir='ltr'><strong>nascuntur</strong></span> <span class='ocrx_word' id='word_1_216' title='bbox 2043 2679 2060 2708; x_wconf 93' lang='lat'><strong>,</strong></span> 
     </span>
    </p>
   </div>
   <div class='ocr_carea' id='block_1_28' title="bbox 485 2735 2067 2847">
    <p class='ocr_par' dir='ltr' id='par_1_28' title="bbox 485 2735 2067 2847">
     <span class='ocr_line' id='line_1_28' title="bbox 485 2735 2067 2847; baseline -0.028 -15"><span class='ocrx_word' id='word_1_217' title='bbox 485 2770 709 2847; x_wconf 78' lang='lat' dir='ltr'><strong>perituri</strong></span> <span class='ocrx_word' id='word_1_218' title='bbox 747 2769 794 2824; x_wconf 87' lang='lat' dir='ltr'><strong>si</strong></span> <span class='ocrx_word' id='word_1_219' title='bbox 821 2735 942 2822; x_wconf 57' lang='grc' dir='ltr'><strong>ἰιοη</strong></span> <span class='ocrx_word' id='word_1_220' title='bbox 981 2764 1332 2819; x_wconf 88' lang='lat' dir='ltr'><strong>renascuntur</strong></span> <span class='ocrx_word' id='word_1_221' title='bbox 1377 2753 1418 2820; x_wconf 78' lang='grc'><strong>¹,</strong></span> <span class='ocrx_word' id='word_1_222' title='bbox 1466 2748 1534 2806; x_wconf 90' lang='lat' dir='ltr'><strong>ad</strong></span> <span class='ocrx_word' id='word_1_223' title='bbox 1570 2759 1752 2801; x_wconf 89' lang='lat' dir='ltr'><strong>semen</strong></span> <span class='ocrx_word' id='word_1_224' title='bbox 1798 2735 2067 2838; x_wconf 70' lang='lat' dir='ltr'><strong>pertinent</strong></span> 
     </span>
    </p>
   </div>
   <div class='ocr_carea' id='block_1_29' title="bbox 486 2824 2066 2920">
    <p class='ocr_par' dir='ltr' id='par_1_29' title="bbox 486 2824 2066 2920">
     <span class='ocr_line' id='line_1_29' title="bbox 486 2824 2066 2920; baseline -0.028 1"><span class='ocrx_word' id='word_1_225' title='bbox 486 2824 827 2920; x_wconf 47' lang='lat' dir='ltr'><strong>maledictum</strong></span> <span class='ocrx_word' id='word_1_226' title='bbox 867 2854 938 2910; x_wconf 90' lang='lat' dir='ltr'><strong>ab</strong></span> <span class='ocrx_word' id='word_1_227' title='bbox 975 2851 1127 2907; x_wconf 87' lang='lat' dir='ltr'><strong>initio</strong></span> <span class='ocrx_word' id='word_1_228' title='bbox 1165 2845 1320 2920; x_wconf 77' lang='lat' dir='ltr'><strong>(Sep.</strong></span> <span class='ocrx_word' id='word_1_229' title='bbox 1358 2855 1430 2897; x_wconf 78' lang='lat' dir='ltr'><strong>xu</strong></span> <span class='ocrx_word' id='word_1_230' title='bbox 1455 2880 1471 2904; x_wconf 89' lang='lat'><strong>,</strong></span> <span class='ocrx_word' id='word_1_231' title='bbox 1499 2835 1588 2908; x_wconf 79' lang='grc' dir='ltr'><strong>Η)</strong></span> <span class='ocrx_word' id='word_1_232' title='bbox 1610 2877 1626 2900; x_wconf 83' lang='grc'><em>,</em></span> <span class='ocrx_word' id='word_1_233' title='bbox 1657 2831 1798 2888; x_wconf 88' lang='lat' dir='ltr'><strong>illius</strong></span> <span class='ocrx_word' id='word_1_234' title='bbox 1835 2824 2066 2920; x_wconf 67' lang='lat' dir='ltr'><strong>antiqua</strong></span> 
     </span>
    </p>
   </div>
   <div class='ocr_carea' id='block_1_30' title="bbox 489 2917 2068 3018">
    <p class='ocr_par' dir='ltr' id='par_1_30' title="bbox 489 2917 2068 3018">
     <span class='ocr_line' id='line_1_30' title="bbox 489 2917 2068 3018; baseline -0.027 -8"><span class='ocrx_word' id='word_1_235' title='bbox 489 2917 861 3018; x_wconf 65' lang='lat' dir='ltr'><strong>inobcdientia:</strong></span> <span class='ocrx_word' id='word_1_236' title='bbox 909 2943 1058 2999; x_wconf 82' lang='lat' dir='ltr'><strong>vitio.</strong></span> <span class='ocrx_word' id='word_1_237' title='bbox 1102 2917 1218 3007; x_wconf 84' lang='lat' dir='ltr'><strong>Quo</strong></span> <span class='ocrx_word' id='word_1_238' title='bbox 1263 2945 1440 2990; x_wconf 90' lang='lat' dir='ltr'><strong>tamen</strong></span> <span class='ocrx_word' id='word_1_239' title='bbox 1491 2931 1628 2984; x_wconf 85' lang='lat' dir='ltr'><strong>bene</strong></span> <span class='ocrx_word' id='word_1_240' title='bbox 1683 2917 2068 3018; x_wconf 37' lang='lat' dir='ltr'><strong>utitur-factor</strong></span> 
     </span>
    </p>
   </div>
   <div class='ocr_carea' id='block_1_31' title="bbox 490 3010 2070 3100">
    <p class='ocr_par' dir='ltr' id='par_1_31' title="bbox 490 3010 2070 3100">
     <span class='ocr_line' id='line_1_31' title="bbox 490 3010 2070 3100; baseline -0.023 1"><span class='ocrx_word' id='word_1_241' title='bbox 490 3010 652 3100; x_wconf 76' lang='lat' dir='ltr'><strong>etiam</strong></span> <span class='ocrx_word' id='word_1_242' title='bbox 678 3051 924 3094; x_wconf 88' lang='lat' dir='ltr'><strong>vasorum</strong></span> <span class='ocrx_word' id='word_1_243' title='bbox 951 3035 1067 3096; x_wconf 75' lang='lat' dir='ltr'><strong>ine,</strong></span> <span class='ocrx_word' id='word_1_244' title='bbox 1089 3040 1148 3084; x_wconf 88' lang='lat' dir='ltr'><strong>ut</strong></span> <span class='ocrx_word' id='word_1_245' title='bbox 1169 3036 1322 3084; x_wconf 88' lang='lat' dir='ltr'><strong>notas</strong></span> <span class='ocrx_word' id='word_1_246' title='bbox 1341 3021 1501 3078; x_wconf 85' lang='lat' dir='ltr'><strong>faciat</strong></span> <span class='ocrx_word' id='word_1_247' title='bbox 1519 3015 1731 3074; x_wconf 82' lang='lat' dir='ltr'><strong>divitias</strong></span> <span class='ocrx_word' id='word_1_248' title='bbox 1746 3010 1932 3084; x_wconf 69' lang='lat' dir='ltr'><strong>glorite</strong></span> <span class='ocrx_word' id='word_1_249' title='bbox 1955 3020 2070 3100; x_wconf 49' lang='lat' dir='ltr'><strong>sua?</strong></span> 
     </span>
    </p>
   </div>
   <div class='ocr_carea' id='block_1_32' title="bbox 491 3095 2070 3191">
    <p class='ocr_par' dir='ltr' id='par_1_32' title="bbox 491 3095 2070 3191">
     <span class='ocr_line' id='line_1_32' title="bbox 491 3095 2070 3191; baseline -0.025 0"><span class='ocrx_word' id='word_1_250' title='bbox 491 3133 548 3191; x_wconf 85' lang='lat' dir='ltr'><strong>in</strong></span> <span class='ocrx_word' id='word_1_251' title='bbox 575 3147 697 3187; x_wconf 88' lang='lat' dir='ltr'><strong>vasa</strong></span> <span class='ocrx_word' id='word_1_252' title='bbox 726 3123 1144 3186; x_wconf 71' lang='lat' dir='ltr'><strong>misericordiae;</strong></span> <span class='ocrx_word' id='word_1_253' title='bbox 1185 3132 1252 3172; x_wconf 90' lang='lat' dir='ltr'><strong>ne</strong></span> <span class='ocrx_word' id='word_1_254' title='bbox 1293 3113 1497 3172; x_wconf 83' lang='lat' dir='ltr'><strong>meritis</strong></span> <span class='ocrx_word' id='word_1_255' title='bbox 1525 3109 1636 3164; x_wconf 90' lang='lat' dir='ltr'><strong>suis</strong></span> <span class='ocrx_word' id='word_1_256' title='bbox 1665 3106 1894 3166; x_wconf 88' lang='lat' dir='ltr'><strong>tribuat,</strong></span> <span class='ocrx_word' id='word_1_257' title='bbox 1925 3100 1971 3156; x_wconf 86' lang='lat' dir='ltr'><strong>si</strong></span> <span class='ocrx_word' id='word_1_258' title='bbox 1999 3095 2070 3153; x_wconf 84' lang='lat' dir='ltr'><strong>ad</strong></span> 
     </span>
    </p>
   </div>
   <div class='ocr_carea' id='block_1_33' title="bbox 493 3195 2066 3284">
    <p class='ocr_par' dir='ltr' id='par_1_33' title="bbox 493 3195 2066 3284">
     <span class='ocr_line' id='line_1_33' title="bbox 493 3195 2066 3284; baseline -0.025 -1"><span class='ocrx_word' id='word_1_259' title='bbox 493 3221 735 3284; x_wconf 79' lang='lat' dir='ltr'><strong>eamdem</strong></span> <span class='ocrx_word' id='word_1_260' title='bbox 762 3231 989 3273; x_wconf 85' lang='lat' dir='ltr'><strong>massam</strong></span> <span class='ocrx_word' id='word_1_261' title='bbox 1015 3212 1240 3284; x_wconf 87' lang='lat' dir='ltr'><strong>quisque</strong></span> <span class='ocrx_word' id='word_1_262' title='bbox 1269 3205 1539 3278; x_wconf 86' lang='lat' dir='ltr'><strong>pertinens</strong></span> <span class='ocrx_word' id='word_1_263' title='bbox 1563 3199 1730 3271; x_wconf 84' lang='lat' dir='ltr'><strong>gratia</strong></span> <span class='ocrx_word' id='word_1_264' title='bbox 1772 3195 2066 3284; x_wconf 28' lang='lat' dir='ltr'><strong>liberet-tu&quot;,</strong></span> 
     </span>
    </p>
   </div>
   <div class='ocr_carea' id='block_1_34' title="bbox 495 3279 2068 3382">
    <p class='ocr_par' dir='ltr' id='par_1_34' title="bbox 495 3279 2068 3382">
     <span class='ocr_line' id='line_1_34' title="bbox 495 3279 2068 3382; baseline -0.027 -8"><span class='ocrx_word' id='word_1_265' title='bbox 495 3279 589 3373; x_wconf 62' lang='lat' dir='ltr'><strong>sed</strong></span> <span class='ocrx_word' id='word_1_266' title='bbox 611 3311 699 3382; x_wconf 86' lang='lat' dir='ltr'><strong>qui</strong></span> <span class='ocrx_word' id='word_1_267' title='bbox 719 3309 992 3381; x_wconf 75' lang='lat' dir='ltr'><strong>gloriatur,</strong></span> <span class='ocrx_word' id='word_1_268' title='bbox 1019 3279 1072 3362; x_wconf 77' lang='lat' dir='ltr'><strong>in</strong></span> <span class='ocrx_word' id='word_1_269' title='bbox 1102 3279 1326 3354; x_wconf 84' lang='lat' dir='ltr'><strong>Domino</strong></span> <span class='ocrx_word' id='word_1_270' title='bbox 1345 3293 1603 3366; x_wconf 83' lang='lat' dir='ltr'><strong>glorietur</strong></span> <span class='ocrx_word' id='word_1_271' title='bbox 1627 3289 1646 3361; x_wconf 94' lang='lat'><strong>(</strong></span> <span class='ocrx_word' id='word_1_272' title='bbox 1667 3287 1708 3342; x_wconf 89' lang='lat' dir='ltr'><strong>ll</strong></span> <span class='ocrx_word' id='word_1_273' title='bbox 1727 3284 1846 3382; x_wconf 66' lang='lat' dir='ltr'><strong>Cor.</strong></span> <span class='ocrx_word' id='word_1_274' title='bbox 1868 3298 1926 3347; x_wconf 73' lang='grc' dir='ltr'><strong>ι,</strong></span> <span class='ocrx_word' id='word_1_275' title='bbox 1943 3279 2068 3382; x_wconf 35' lang='lat'><strong>.17).</strong></span> 
     </span>
    </p>
   </div>
   <div class='ocr_carea' id='block_1_35' title="bbox 513 3375 2074 3460">
    <p class='ocr_par' dir='ltr' id='par_1_35' title="bbox 513 3375 2074 3460">
     <span class='ocr_line' id='line_1_35' title="bbox 513 3375 2074 3460; baseline -0.022 2"><span class='ocrx_word' id='word_1_276' title='bbox 513 3428 518 3436; x_wconf 94' lang='lat'><strong><em>-</em></strong></span> <span class='ocrx_word' id='word_1_277' title='bbox 566 3375 791 3460; x_wconf 60' lang='lat' dir='ltr'><strong>cum</strong></span> <span class='ocrx_word' id='word_1_278' title='bbox 830 3395 1020 3454; x_wconf 80' lang='lat' dir='ltr'><strong>xvnt.</strong></span> <span class='ocrx_word' id='word_1_279' title='bbox 1045 3423 1117 3435; x_wconf 89' lang='grc'><strong><em>-</em></strong></span> <span class='ocrx_word' id='word_1_280' title='bbox 1141 3392 1232 3447; x_wconf 74' lang='lat' dir='ltr'><strong>ss.</strong></span> <span class='ocrx_word' id='word_1_281' title='bbox 1253 3389 1334 3444; x_wconf 85' lang='lat' dir='ltr'><strong>Ab</strong></span> <span class='ocrx_word' id='word_1_282' title='bbox 1356 3387 1456 3442; x_wconf 85' lang='lat' dir='ltr'><strong>hac</strong></span> <span class='ocrx_word' id='word_1_283' title='bbox 1481 3383 1584 3439; x_wconf 87' lang='lat' dir='ltr'><strong>tide</strong></span> <span class='ocrx_word' id='word_1_284' title='bbox 1607 3376 1894 3450; x_wconf 73' lang='lat' dir='ltr'><strong>apostolica</strong></span> <span class='ocrx_word' id='word_1_285' title='bbox 1915 3375 2074 3442; x_wconf 79' lang='lat' dir='ltr'><strong>atque</strong></span> 
     </span>
    </p>
   </div>
   <div class='ocr_carea' id='block_1_36' title="bbox 497 3463 2076 3552">
    <p class='ocr_par' dir='ltr' id='par_1_36' title="bbox 497 3463 2076 3552">
     <span class='ocr_line' id='line_1_36' title="bbox 497 3463 2076 3552; baseline -0.022 1"><span class='ocrx_word' id='word_1_286' title='bbox 497 3493 759 3552; x_wconf 87' lang='lat' dir='ltr'><strong>catholica</strong></span> <span class='ocrx_word' id='word_1_287' title='bbox 782 3489 1120 3546; x_wconf 78' lang='lat' dir='ltr'><strong>voracissima</strong></span> <span class='ocrx_word' id='word_1_288' title='bbox 1139 3494 1195 3540; x_wconf 91' lang='lat' dir='ltr'><strong>et</strong></span> <span class='ocrx_word' id='word_1_289' title='bbox 1218 3477 1610 3541; x_wconf 84' lang='lat' dir='ltr'><strong>fundatissima,</strong></span> <span class='ocrx_word' id='word_1_290' title='bbox 1635 3487 1756 3530; x_wconf 88' lang='lat' dir='ltr'><strong>cum</strong></span> <span class='ocrx_word' id='word_1_291' title='bbox 1781 3463 2076 3538; x_wconf 77' lang='lat' dir='ltr'><strong>Pelagianis</strong></span> 
     </span>
    </p>
   </div>
   <div class='ocr_carea' id='block_1_37' title="bbox 497 3557 2073 3645">
    <p class='ocr_par' dir='ltr' id='par_1_37' title="bbox 497 3557 2073 3645">
     <span class='ocr_line' id='line_1_37' title="bbox 497 3557 2073 3645; baseline -0.023 -1"><span class='ocrx_word' id='word_1_292' title='bbox 497 3588 600 3644; x_wconf 88' lang='lat' dir='ltr'><strong>iste</strong></span> <span class='ocrx_word' id='word_1_293' title='bbox 624 3583 926 3645; x_wconf 76' lang='lat' dir='ltr'><strong>discedens,</strong></span> <span class='ocrx_word' id='word_1_294' title='bbox 959 3597 1063 3634; x_wconf 89' lang='lat' dir='ltr'><strong>non</strong></span> <span class='ocrx_word' id='word_1_295' title='bbox 1103 3577 1216 3631; x_wconf 84' lang='lat' dir='ltr'><strong>vult</strong></span> <span class='ocrx_word' id='word_1_296' title='bbox 1255 3580 1532 3628; x_wconf 80' lang='lat' dir='ltr'><strong>nascentes</strong></span> <span class='ocrx_word' id='word_1_297' title='bbox 1555 3581 1676 3624; x_wconf 87' lang='lat' dir='ltr'><strong>esse</strong></span> <span class='ocrx_word' id='word_1_298' title='bbox 1705 3563 1806 3619; x_wconf 88' lang='lat' dir='ltr'><strong>sub</strong></span> <span class='ocrx_word' id='word_1_299' title='bbox 1831 3557 2073 3626; x_wconf 88' lang='lat' dir='ltr'><strong>diabolo,</strong></span> 
     </span>
    </p>
   </div>
   <div class='ocr_carea' id='block_1_38' title="bbox 499 3661 2075 3749">
    <p class='ocr_par' dir='ltr' id='par_1_38' title="bbox 499 3661 2075 3749">
     <span class='ocr_line' id='line_1_38' title="bbox 499 3661 2075 3749; baseline -0.023 -13"><span class='ocrx_word' id='word_1_300' title='bbox 499 3695 567 3736; x_wconf 87' lang='lat' dir='ltr'><strong>ne</strong></span> <span class='ocrx_word' id='word_1_301' title='bbox 593 3673 796 3749; x_wconf 81' lang='lat' dir='ltr'><strong>parvuli</strong></span> <span class='ocrx_word' id='word_1_302' title='bbox 833 3679 1106 3741; x_wconf 84' lang='lat' dir='ltr'><strong>portentur</strong></span> <span class='ocrx_word' id='word_1_303' title='bbox 1131 3666 1200 3724; x_wconf 86' lang='lat' dir='ltr'><strong>ad</strong></span> <span class='ocrx_word' id='word_1_304' title='bbox 1225 3663 1494 3746; x_wconf 72' lang='lat' dir='ltr'><strong>Clu-istum</strong></span> <span class='ocrx_word' id='word_1_305' title='bbox 1511 3700 1528 3727; x_wconf 92' lang='lat'><strong>,</strong></span> <span class='ocrx_word' id='word_1_306' title='bbox 1557 3667 1616 3714; x_wconf 91' lang='lat' dir='ltr'><strong>ut</strong></span> <span class='ocrx_word' id='word_1_307' title='bbox 1643 3661 1896 3710; x_wconf 89' lang='lat' dir='ltr'><strong>eruantur</strong></span> <span class='ocrx_word' id='word_1_308' title='bbox 1923 3665 1954 3704; x_wconf 89' lang='lat' dir='ltr'><strong>a</strong></span> <span class='ocrx_word' id='word_1_309' title='bbox 1980 3661 2075 3718; x_wconf 83' lang='lat' dir='ltr'><strong>po-</strong></span> 
     </span>
    </p>
   </div>
   <div class='ocr_carea' id='block_1_39' title="bbox 501 3741 2079 3825">
    <p class='ocr_par' dir='ltr' id='par_1_39' title="bbox 501 3741 2079 3825">
     <span class='ocr_line' id='line_1_39' title="bbox 501 3741 2079 3825; baseline -0.022 -1"><span class='ocrx_word' id='word_1_310' title='bbox 501 3741 692 3824; x_wconf 74' lang='lat' dir='ltr'><strong>testate</strong></span> <span class='ocrx_word' id='word_1_311' title='bbox 715 3763 1076 3825; x_wconf 83' lang='lat' dir='ltr'><strong>tenebrarum,</strong></span> <span class='ocrx_word' id='word_1_312' title='bbox 1098 3767 1152 3812; x_wconf 93' lang='lat' dir='ltr'><strong>et</strong></span> <span class='ocrx_word' id='word_1_313' title='bbox 1175 3757 1227 3810; x_wconf 90' lang='lat' dir='ltr'><strong>in</strong></span> <span class='ocrx_word' id='word_1_314' title='bbox 1255 3742 1477 3824; x_wconf 82' lang='lat' dir='ltr'><strong>regnum</strong></span> <span class='ocrx_word' id='word_1_315' title='bbox 1501 3749 1667 3819; x_wconf 72' lang='lat' dir='ltr'><strong>ipsius</strong></span> <span class='ocrx_word' id='word_1_316' title='bbox 1688 3741 2079 3800; x_wconf 78' lang='lat' dir='ltr'><strong>transferantur</strong></span> 
     </span>
    </p>
   </div>
   <div class='ocr_carea' id='block_1_40' title="bbox 501 3830 2080 3928">
    <p class='ocr_par' dir='ltr' id='par_1_40' title="bbox 501 3830 2080 3928">
     <span class='ocr_line' id='line_1_40' title="bbox 501 3830 2080 3928; baseline -0.02 -13"><span class='ocrx_word' id='word_1_317' title='bbox 501 3859 719 3928; x_wconf 84' lang='lat' dir='ltr'><strong>(Colass.</strong></span> <span class='ocrx_word' id='word_1_318' title='bbox 756 3871 803 3920; x_wconf 84' lang='lat' dir='ltr'><strong>t,</strong></span> <span class='ocrx_word' id='word_1_319' title='bbox 834 3851 946 3926; x_wconf 49' lang='grc' dir='ltr'><strong>ιδ).</strong></span> <span class='ocrx_word' id='word_1_320' title='bbox 980 3852 1056 3906; x_wconf 74' lang='lat' dir='ltr'><strong>Ac</strong></span> <span class='ocrx_word' id='word_1_321' title='bbox 1095 3849 1176 3904; x_wconf 82' lang='lat' dir='ltr'><strong>sic</strong></span> <span class='ocrx_word' id='word_1_322' title='bbox 1214 3853 1429 3904; x_wconf 88' lang='lat' dir='ltr'><strong>accusat</strong></span> <span class='ocrx_word' id='word_1_323' title='bbox 1471 3839 1917 3928; x_wconf 14' lang='lat' dir='ltr'><strong>Ecclesiamhtoto</strong></span> <span class='ocrx_word' id='word_1_324' title='bbox 1949 3830 2080 3928; x_wconf 68' lang='lat' dir='ltr'><strong>orbe</strong></span> 
     </span>
    </p>
   </div>
   <div class='ocr_carea' id='block_1_41' title="bbox 499 3919 2082 4012">
    <p class='ocr_par' dir='ltr' id='par_1_41' title="bbox 499 3919 2082 4012">
     <span class='ocr_line' id='line_1_41' title="bbox 499 3919 2082 4012; baseline -0.018 -8"><span class='ocrx_word' id='word_1_325' title='bbox 499 3919 796 4010; x_wconf 66' lang='lat' dir='ltr'><strong>ditiusam,</strong></span> <span class='ocrx_word' id='word_1_326' title='bbox 817 3919 868 3998; x_wconf 71' lang='lat' dir='ltr'><strong>in</strong></span> <span class='ocrx_word' id='word_1_327' title='bbox 902 3919 1010 4012; x_wconf 77' lang='lat' dir='ltr'><strong>qua</strong></span> <span class='ocrx_word' id='word_1_328' title='bbox 1048 3939 1242 4007; x_wconf 88' lang='lat' dir='ltr'><strong>ubique</strong></span> <span class='ocrx_word' id='word_1_329' title='bbox 1276 3948 1466 3990; x_wconf 90' lang='lat' dir='ltr'><strong>omnes</strong></span> <span class='ocrx_word' id='word_1_330' title='bbox 1495 3925 1796 4000; x_wconf 78' lang='lat' dir='ltr'><strong>baptizandi</strong></span> <span class='ocrx_word' id='word_1_331' title='bbox 1839 3919 2082 3979; x_wconf 79' lang='lat' dir='ltr'><strong>iniantuli</strong></span> 
     </span>
    </p>
   </div>
   <div class='ocr_carea' id='block_1_42' title="bbox 500 4016 2084 4096">
    <p class='ocr_par' dir='ltr' id='par_1_42' title="bbox 500 4016 2084 4096">
     <span class='ocr_line' id='line_1_42' title="bbox 500 4016 2084 4096; baseline -0.017 -1"><span class='ocrx_word' id='word_1_332' title='bbox 500 4054 608 4096; x_wconf 88' lang='lat' dir='ltr'><strong>non</strong></span> <span class='ocrx_word' id='word_1_333' title='bbox 645 4037 715 4092; x_wconf 86' lang='lat' dir='ltr'><strong>ob</strong></span> <span class='ocrx_word' id='word_1_334' title='bbox 751 4033 895 4090; x_wconf 88' lang='lat' dir='ltr'><strong>aliud</strong></span> <span class='ocrx_word' id='word_1_335' title='bbox 933 4029 1284 4087; x_wconf 80' lang='lat' dir='ltr'><strong>exsufllantur</strong></span> <span class='ocrx_word' id='word_1_336' title='bbox 1307 4067 1324 4091; x_wconf 89' lang='lat'><strong>,</strong></span> <span class='ocrx_word' id='word_1_337' title='bbox 1363 4023 1465 4080; x_wconf 88' lang='lat' dir='ltr'><strong>nisi</strong></span> <span class='ocrx_word' id='word_1_338' title='bbox 1506 4030 1565 4078; x_wconf 92' lang='lat' dir='ltr'><strong>ut</strong></span> <span class='ocrx_word' id='word_1_339' title='bbox 1603 4020 1672 4076; x_wconf 91' lang='lat' dir='ltr'><strong>ab</strong></span> <span class='ocrx_word' id='word_1_340' title='bbox 1715 4019 1792 4075; x_wconf 88' lang='lat' dir='ltr'><strong>eis</strong></span> <span class='ocrx_word' id='word_1_341' title='bbox 1832 4016 2084 4088; x_wconf 79' lang='lat' dir='ltr'><strong>princeps</strong></span> 
     </span>
    </p>
   </div>
   <div class='ocr_carea' id='block_1_43' title="bbox 503 4112 2085 4200">
    <p class='ocr_par' dir='ltr' id='par_1_43' title="bbox 503 4112 2085 4200">
     <span class='ocr_line' id='line_1_43' title="bbox 503 4112 2085 4200; baseline -0.015 -14"><span class='ocrx_word' id='word_1_342' title='bbox 503 4129 686 4186; x_wconf 86' lang='lat' dir='ltr'><strong>mundi</strong></span> <span class='ocrx_word' id='word_1_343' title='bbox 726 4129 964 4183; x_wconf 87' lang='lat' dir='ltr'><strong>mittatur</strong></span> <span class='ocrx_word' id='word_1_344' title='bbox 994 4123 1137 4178; x_wconf 73' lang='lat' dir='ltr'><strong>foras</strong></span> <span class='ocrx_word' id='word_1_345' title='bbox 1165 4118 1344 4192; x_wconf 77' lang='lat' dir='ltr'><strong>(Joan.</strong></span> <span class='ocrx_word' id='word_1_346' title='bbox 1372 4132 1443 4200; x_wconf 70' lang='lat' dir='ltr'><strong>sit</strong></span> <span class='ocrx_word' id='word_1_347' title='bbox 1463 4158 1478 4181; x_wconf 92' lang='lat'><strong>,</strong></span> <span class='ocrx_word' id='word_1_348' title='bbox 1505 4112 1596 4188; x_wconf 78' lang='lat'><strong>3|)</strong></span> <span class='ocrx_word' id='word_1_349' title='bbox 1627 4131 1640 4169; x_wconf 90' lang='lat'><strong>:</strong></span> <span class='ocrx_word' id='word_1_350' title='bbox 1672 4128 1702 4168; x_wconf 89' lang='lat' dir='ltr'><strong>a</strong></span> <span class='ocrx_word' id='word_1_351' title='bbox 1729 4126 1836 4184; x_wconf 89' lang='lat' dir='ltr'><strong>quo</strong></span> <span class='ocrx_word' id='word_1_352' title='bbox 1863 4121 2085 4165; x_wconf 81' lang='lat' dir='ltr'><strong>necesse</strong></span> 
     </span>
    </p>
   </div>
   <div class='ocr_carea' id='block_1_44' title="bbox 503 4205 2083 4288">
    <p class='ocr_par' dir='ltr' id='par_1_44' title="bbox 503 4205 2083 4288">
     <span class='ocr_line' id='line_1_44' title="bbox 503 4205 2083 4288; baseline -0.016 -10"><span class='ocrx_word' id='word_1_353' title='bbox 503 4230 591 4278; x_wconf 86' lang='lat' dir='ltr'><strong>est</strong></span> <span class='ocrx_word' id='word_1_354' title='bbox 614 4235 736 4276; x_wconf 85' lang='lat' dir='ltr'><strong>vasa</strong></span> <span class='ocrx_word' id='word_1_355' title='bbox 763 4220 853 4273; x_wconf 76' lang='lat' dir='ltr'><strong>ira:</strong></span> <span class='ocrx_word' id='word_1_356' title='bbox 891 4215 1262 4288; x_wconf 83' lang='lat' dir='ltr'><strong>possideantur</strong></span> <span class='ocrx_word' id='word_1_357' title='bbox 1279 4253 1295 4278; x_wconf 94' lang='lat'><strong>,</strong></span> <span class='ocrx_word' id='word_1_358' title='bbox 1325 4225 1450 4266; x_wconf 89' lang='lat' dir='ltr'><strong>cum</strong></span> <span class='ocrx_word' id='word_1_359' title='bbox 1473 4222 1538 4266; x_wconf 82' lang='lat' dir='ltr'><strong>es</strong></span> <span class='ocrx_word' id='word_1_360' title='bbox 1565 4205 1734 4264; x_wconf 82' lang='lat' dir='ltr'><strong>Adam</strong></span> <span class='ocrx_word' id='word_1_361' title='bbox 1761 4209 2083 4265; x_wconf 88' lang='lat' dir='ltr'><strong>nascuntur,</strong></span> 
     </span>
    </p>
   </div>
   <div class='ocr_carea' id='block_1_45' title="bbox 507 4299 2084 4368">
    <p class='ocr_par' dir='ltr' id='par_1_45' title="bbox 507 4299 2084 4368">
     <span class='ocr_line' id='line_1_45' title="bbox 507 4299 2084 4368; baseline -0.013 -3"><span class='ocrx_word' id='word_1_362' title='bbox 507 4311 554 4365; x_wconf 89' lang='lat' dir='ltr'><strong>si</strong></span> <span class='ocrx_word' id='word_1_363' title='bbox 581 4310 632 4364; x_wconf 93' lang='lat' dir='ltr'><strong>in</strong></span> <span class='ocrx_word' id='word_1_364' title='bbox 661 4309 874 4364; x_wconf 59' lang='lat' dir='ltr'><strong>Christo</strong></span> <span class='ocrx_word' id='word_1_365' title='bbox 897 4313 1262 4368; x_wconf 85' lang='lat' dir='ltr'><strong>renascantur,</strong></span> <span class='ocrx_word' id='word_1_366' title='bbox 1284 4308 1338 4356; x_wconf 92' lang='lat' dir='ltr'><strong>et</strong></span> <span class='ocrx_word' id='word_1_367' title='bbox 1363 4301 1416 4355; x_wconf 92' lang='lat' dir='ltr'><strong>in</strong></span> <span class='ocrx_word' id='word_1_368' title='bbox 1446 4299 1564 4368; x_wconf 83' lang='lat' dir='ltr'><strong>ejus</strong></span> <span class='ocrx_word' id='word_1_369' title='bbox 1591 4309 1814 4365; x_wconf 79' lang='lat' dir='ltr'><strong>regnum</strong></span> <span class='ocrx_word' id='word_1_370' title='bbox 1843 4307 1938 4365; x_wconf 90' lang='lat' dir='ltr'><strong>per</strong></span> <span class='ocrx_word' id='word_1_371' title='bbox 1959 4305 2084 4364; x_wconf 82' lang='lat' dir='ltr'><strong>gra-</strong></span> 
     </span>
    </p>
   </div>
   <div class='ocr_carea' id='block_1_46' title="bbox 511 4380 2088 4461">
    <p class='ocr_par' dir='ltr' id='par_1_46' title="bbox 511 4380 2088 4461">
     <span class='ocr_line' id='line_1_46' title="bbox 511 4380 2088 4461; baseline -0.01 -8"><span class='ocrx_word' id='word_1_372' title='bbox 511 4401 638 4454; x_wconf 86' lang='lat' dir='ltr'><strong>tiam</strong></span> <span class='ocrx_word' id='word_1_373' title='bbox 682 4398 816 4451; x_wconf 83' lang='lat' dir='ltr'><strong>facta</strong></span> <span class='ocrx_word' id='word_1_374' title='bbox 859 4411 981 4452; x_wconf 82' lang='lat' dir='ltr'><strong>vasa</strong></span> <span class='ocrx_word' id='word_1_375' title='bbox 1025 4392 1404 4450; x_wconf 66' lang='lat' dir='ltr'><strong>misericordiae</strong></span> <span class='ocrx_word' id='word_1_376' title='bbox 1447 4387 1852 4445; x_wconf 87' lang='lat' dir='ltr'><strong>transferantur.</strong></span> <span class='ocrx_word' id='word_1_377' title='bbox 1891 4380 2088 4461; x_wconf 62' lang='lat' dir='ltr'><strong>Contra</strong></span> 
     </span>
    </p>
   </div>
   <div class='ocr_carea' id='block_1_47' title="bbox 511 4477 2089 4548">
    <p class='ocr_par' dir='ltr' id='par_1_47' title="bbox 511 4477 2089 4548">
     <span class='ocr_line' id='line_1_47' title="bbox 511 4477 2089 4548; baseline -0.01 0"><span class='ocrx_word' id='word_1_378' title='bbox 511 4494 668 4548; x_wconf 89' lang='lat' dir='ltr'><strong>istam</strong></span> <span class='ocrx_word' id='word_1_379' title='bbox 690 4487 1115 4544; x_wconf 73' lang='lat' dir='ltr'><strong>fundatissimam</strong></span> <span class='ocrx_word' id='word_1_380' title='bbox 1136 4485 1356 4542; x_wconf 88' lang='lat' dir='ltr'><strong>veniens</strong></span> <span class='ocrx_word' id='word_1_381' title='bbox 1374 4487 1681 4548; x_wconf 87' lang='lat' dir='ltr'><strong>veritatem,</strong></span> <span class='ocrx_word' id='word_1_382' title='bbox 1694 4494 1764 4535; x_wconf 92' lang='lat' dir='ltr'><strong>ne</strong></span> <span class='ocrx_word' id='word_1_383' title='bbox 1783 4477 2089 4534; x_wconf 81' lang='lat' dir='ltr'><strong>universam</strong></span> 
     </span>
    </p>
   </div>
   <div class='ocr_carea' id='block_1_48' title="bbox 511 4565 2090 4646">
    <p class='ocr_par' dir='ltr' id='par_1_48' title="bbox 511 4565 2090 4646">
     <span class='ocr_line' id='line_1_48' title="bbox 511 4565 2090 4646; baseline -0.01 -8"><span class='ocrx_word' id='word_1_384' title='bbox 511 4565 710 4638; x_wconf 60' lang='lat' dir='ltr'><strong>Christi</strong></span> <span class='ocrx_word' id='word_1_385' title='bbox 729 4578 1020 4634; x_wconf 75' lang='lat' dir='ltr'><strong>Ecclesium</strong></span> <span class='ocrx_word' id='word_1_386' title='bbox 1039 4589 1344 4646; x_wconf 88' lang='lat' dir='ltr'><strong>oppugnare</strong></span> <span class='ocrx_word' id='word_1_387' title='bbox 1359 4571 1619 4638; x_wconf 84' lang='lat' dir='ltr'><strong>videatur,</strong></span> <span class='ocrx_word' id='word_1_388' title='bbox 1642 4568 1792 4639; x_wconf 87' lang='lat' dir='ltr'><strong>quasi</strong></span> <span class='ocrx_word' id='word_1_389' title='bbox 1818 4582 1905 4623; x_wconf 88' lang='lat' dir='ltr'><strong>me</strong></span> <span class='ocrx_word' id='word_1_390' title='bbox 1925 4579 2090 4622; x_wconf 87' lang='lat' dir='ltr'><strong>unum</strong></span> 
     </span>
    </p>
   </div>
   <div class='ocr_carea' id='block_1_49' title="bbox 513 4657 2087 4745">
    <p class='ocr_par' dir='ltr' id='par_1_49' title="bbox 513 4657 2087 4745">
     <span class='ocr_line' id='line_1_49' title="bbox 513 4657 2087 4745; baseline -0.011 -17"><span class='ocrx_word' id='word_1_391' title='bbox 513 4672 828 4745; x_wconf 78' lang='lat' dir='ltr'><strong>alloquitur,</strong></span> <span class='ocrx_word' id='word_1_392' title='bbox 853 4679 908 4724; x_wconf 91' lang='lat' dir='ltr'><strong>et</strong></span> <span class='ocrx_word' id='word_1_393' title='bbox 933 4667 1078 4724; x_wconf 84' lang='lat' dir='ltr'><strong>velut</strong></span> <span class='ocrx_word' id='word_1_394' title='bbox 1097 4665 1392 4736; x_wconf 86' lang='lat' dir='ltr'><strong>corripiens</strong></span> <span class='ocrx_word' id='word_1_395' title='bbox 1417 4674 1578 4734; x_wconf 86' lang='lat' dir='ltr'><strong>atque</strong></span> <span class='ocrx_word' id='word_1_396' title='bbox 1601 4662 1896 4716; x_wconf 88' lang='lat' dir='ltr'><strong>admonens</strong></span> <span class='ocrx_word' id='word_1_397' title='bbox 1919 4657 2087 4714; x_wconf 86' lang='lat' dir='ltr'><strong>dicit:</strong></span> 
     </span>
    </p>
   </div>
   <div class='ocr_carea' id='block_1_50' title="bbox 519 4752 2094 4833">
    <p class='ocr_par' dir='ltr' id='par_1_50' title="bbox 519 4752 2094 4833">
     <span class='ocr_line' id='line_1_50' title="bbox 519 4752 2094 4833; baseline -0.012 -12"><span class='ocrx_word' id='word_1_398' title='bbox 519 4767 687 4821; x_wconf 64' lang='lat' dir='ltr'><strong>litium</strong></span> <span class='ocrx_word' id='word_1_399' title='bbox 708 4761 906 4833; x_wconf 79' lang='lat' dir='ltr'><strong>teDeus</strong></span> <span class='ocrx_word' id='word_1_400' title='bbox 927 4761 1066 4833; x_wconf 70' lang='lat' dir='ltr'><strong>fecit;</strong></span> <span class='ocrx_word' id='word_1_401' title='bbox 1085 4757 1194 4824; x_wconf 84' lang='lat' dir='ltr'><strong>sed,</strong></span> <span class='ocrx_word' id='word_1_402' title='bbox 1216 4757 1350 4829; x_wconf 70' lang='lat' dir='ltr'><strong>quod</strong></span> <span class='ocrx_word' id='word_1_403' title='bbox 1367 4765 1439 4810; x_wconf 77' lang='lat' dir='ltr'><strong>est</strong></span> <span class='ocrx_word' id='word_1_404' title='bbox 1465 4754 1744 4828; x_wconf 77' lang='lat' dir='ltr'><strong>fatendum,</strong></span> <span class='ocrx_word' id='word_1_405' title='bbox 1767 4752 1936 4824; x_wconf 79' lang='lat' dir='ltr'><strong>gravis</strong></span> <span class='ocrx_word' id='word_1_406' title='bbox 1953 4765 2094 4806; x_wconf 82' lang='lat' dir='ltr'><strong>error</strong></span> 
     </span>
    </p>
   </div>
   <div class='ocr_carea' id='block_1_51' title="bbox 514 4841 2094 4929">
    <p class='ocr_par' dir='ltr' id='par_1_51' title="bbox 514 4841 2094 4929">
     <span class='ocr_line' id='line_1_51' title="bbox 514 4841 2094 4929; baseline -0.011 -17"><span class='ocrx_word' id='word_1_407' title='bbox 514 4857 708 4929; x_wconf 64' lang='lat' dir='ltr'><strong>infecit.</strong></span> <span class='ocrx_word' id='word_1_408' title='bbox 734 4854 874 4910; x_wconf 85' lang='lat' dir='ltr'><strong>Sane</strong></span> <span class='ocrx_word' id='word_1_409' title='bbox 901 4851 1042 4923; x_wconf 84' lang='lat' dir='ltr'><strong>quod</strong></span> <span class='ocrx_word' id='word_1_410' title='bbox 1067 4864 1152 4904; x_wconf 87' lang='lat' dir='ltr'><strong>me</strong></span> <span class='ocrx_word' id='word_1_411' title='bbox 1176 4850 1317 4904; x_wconf 80' lang='lat' dir='ltr'><strong>lteus</strong></span> <span class='ocrx_word' id='word_1_412' title='bbox 1341 4847 1522 4902; x_wconf 82' lang='lat' dir='ltr'><strong>fecerit</strong></span> <span class='ocrx_word' id='word_1_413' title='bbox 1546 4859 1798 4916; x_wconf 85' lang='lat' dir='ltr'><strong>agnosco,</strong></span> <span class='ocrx_word' id='word_1_414' title='bbox 1819 4853 1872 4898; x_wconf 89' lang='lat' dir='ltr'><strong>et</strong></span> <span class='ocrx_word' id='word_1_415' title='bbox 1897 4841 2094 4912; x_wconf 86' lang='lat' dir='ltr'><strong>gratias</strong></span> 
     </span>
    </p>
   </div>
   <div class='ocr_carea' id='block_1_52' title="bbox 517 4933 2094 5021">
    <p class='ocr_par' dir='ltr' id='par_1_52' title="bbox 517 4933 2094 5021">
     <span class='ocr_line' id='line_1_52' title="bbox 517 4933 2094 5021; baseline -0.011 -19"><span class='ocrx_word' id='word_1_416' title='bbox 517 4963 618 5021; x_wconf 80' lang='lat' dir='ltr'><strong>ago</strong></span> <span class='ocrx_word' id='word_1_417' title='bbox 647 4965 661 5002; x_wconf 88' lang='lat'><strong>:</strong></span> <span class='ocrx_word' id='word_1_418' title='bbox 690 4945 780 5017; x_wconf 88' lang='lat' dir='ltr'><strong>qui</strong></span> <span class='ocrx_word' id='word_1_419' title='bbox 809 4957 983 5000; x_wconf 88' lang='lat' dir='ltr'><strong>tamen</strong></span> <span class='ocrx_word' id='word_1_420' title='bbox 1012 4957 1132 5002; x_wconf 87' lang='lat' dir='ltr'><strong>eum</strong></span> <span class='ocrx_word' id='word_1_421' title='bbox 1173 4941 1267 4997; x_wconf 68' lang='lat' dir='ltr'><strong>irae</strong></span> <span class='ocrx_word' id='word_1_422' title='bbox 1304 4939 1445 4995; x_wconf 80' lang='lat' dir='ltr'><strong>vasis</strong></span> <span class='ocrx_word' id='word_1_423' title='bbox 1487 4949 1778 5012; x_wconf 84' lang='lat' dir='ltr'><strong>perissem,</strong></span> <span class='ocrx_word' id='word_1_424' title='bbox 1815 4933 1858 4988; x_wconf 86' lang='lat' dir='ltr'><strong>si</strong></span> <span class='ocrx_word' id='word_1_425' title='bbox 1893 4941 2094 4988; x_wconf 85' lang='lat' dir='ltr'><strong>tantum</strong></span> 
     </span>
    </p>
   </div>
   <div class='ocr_carea' id='block_1_53' title="bbox 519 5025 2094 5094">
    <p class='ocr_par' dir='ltr' id='par_1_53' title="bbox 519 5025 2094 5094">
     <span class='ocr_line' id='line_1_53' title="bbox 519 5025 2094 5094; baseline -0.011 -1"><span class='ocrx_word' id='word_1_426' title='bbox 519 5055 585 5094; x_wconf 78' lang='lat' dir='ltr'><strong>ex</strong></span> <span class='ocrx_word' id='word_1_427' title='bbox 615 5039 780 5092; x_wconf 71' lang='lat' dir='ltr'><strong>Adam</strong></span> <span class='ocrx_word' id='word_1_428' title='bbox 813 5053 900 5092; x_wconf 89' lang='lat' dir='ltr'><strong>me</strong></span> <span class='ocrx_word' id='word_1_429' title='bbox 935 5034 1148 5090; x_wconf 86' lang='lat' dir='ltr'><strong>fecisset</strong></span> <span class='ocrx_word' id='word_1_430' title='bbox 1169 5075 1186 5093; x_wconf 89' lang='lat'><strong>.</strong></span> <span class='ocrx_word' id='word_1_431' title='bbox 1217 5043 1272 5088; x_wconf 92' lang='lat' dir='ltr'><strong>et</strong></span> <span class='ocrx_word' id='word_1_432' title='bbox 1307 5031 1358 5087; x_wconf 90' lang='lat' dir='ltr'><strong>in</strong></span> <span class='ocrx_word' id='word_1_433' title='bbox 1404 5029 1618 5086; x_wconf 88' lang='lat' dir='ltr'><strong>Christo</strong></span> <span class='ocrx_word' id='word_1_434' title='bbox 1655 5042 1761 5081; x_wconf 84' lang='lat' dir='ltr'><strong>non</strong></span> <span class='ocrx_word' id='word_1_435' title='bbox 1804 5025 2094 5090; x_wconf 80' lang='lat' dir='ltr'><strong>refecisset.</strong></span> 
     </span>
    </p>
   </div>
   <div class='ocr_carea' id='block_1_54' title="bbox 500 5114 2098 5197">
    <p class='ocr_par' dir='ltr' id='par_1_54' title="bbox 500 5114 2098 5197">
     <span class='ocr_line' id='line_1_54' title="bbox 500 5114 2098 5197; baseline -0.009 -18"><span class='ocrx_word' id='word_1_436' title='bbox 500 5129 671 5197; x_wconf 49' lang='grc' dir='ltr'><strong>»ρυυά</strong></span> <span class='ocrx_word' id='word_1_437' title='bbox 693 5145 813 5183; x_wconf 82' lang='lat' dir='ltr'><strong>cum</strong></span> <span class='ocrx_word' id='word_1_438' title='bbox 847 5139 1124 5197; x_wconf 67' lang='lat' dir='ltr'><strong>possessus</strong></span> <span class='ocrx_word' id='word_1_439' title='bbox 1153 5124 1431 5192; x_wconf 79' lang='lat' dir='ltr'><strong>Pelagiana</strong></span> <span class='ocrx_word' id='word_1_440' title='bbox 1461 5119 1732 5188; x_wconf 89' lang='lat' dir='ltr'><strong>impietate</strong></span> <span class='ocrx_word' id='word_1_441' title='bbox 1763 5132 1866 5170; x_wconf 89' lang='lat' dir='ltr'><strong>non</strong></span> <span class='ocrx_word' id='word_1_442' title='bbox 1893 5114 2098 5178; x_wconf 83' lang='lat' dir='ltr'><strong>credit,</strong></span> 
     </span>
    </p>
   </div>
   <div class='ocr_carea' id='block_1_55' title="bbox 523 5199 2098 5284">
    <p class='ocr_par' dir='ltr' id='par_1_55' title="bbox 523 5199 2098 5284">
     <span class='ocr_line' id='line_1_55' title="bbox 523 5199 2098 5284; baseline -0.008 -9"><span class='ocrx_word' id='word_1_443' title='bbox 523 5223 567 5275; x_wconf 86' lang='lat' dir='ltr'><strong>si</strong></span> <span class='ocrx_word' id='word_1_444' title='bbox 600 5223 650 5275; x_wconf 88' lang='lat' dir='ltr'><strong>in</strong></span> <span class='ocrx_word' id='word_1_445' title='bbox 678 5229 824 5274; x_wconf 80' lang='lat' dir='ltr'><strong>tanta</strong></span> <span class='ocrx_word' id='word_1_446' title='bbox 852 5221 990 5272; x_wconf 85' lang='lat' dir='ltr'><strong>malo</strong></span> <span class='ocrx_word' id='word_1_447' title='bbox 1019 5219 1069 5272; x_wconf 89' lang='lat' dir='ltr'><strong>in</strong></span> <span class='ocrx_word' id='word_1_448' title='bbox 1099 5199 1254 5270; x_wconf 75' lang='lat' dir='ltr'><strong>finem</strong></span> <span class='ocrx_word' id='word_1_449' title='bbox 1297 5229 1463 5284; x_wconf 65' lang='lat' dir='ltr'><strong>usque</strong></span> <span class='ocrx_word' id='word_1_450' title='bbox 1501 5211 1780 5280; x_wconf 85' lang='lat' dir='ltr'><strong>perdurat,</strong></span> <span class='ocrx_word' id='word_1_451' title='bbox 1819 5224 1924 5264; x_wconf 90' lang='lat' dir='ltr'><strong>non</strong></span> <span class='ocrx_word' id='word_1_452' title='bbox 1956 5208 2098 5276; x_wconf 87' lang='lat' dir='ltr'><strong>ipse,</strong></span> 
     </span>
    </p>
   </div>
   <div class='ocr_carea' id='block_1_56' title="bbox 527 5309 2100 5379">
    <p class='ocr_par' dir='ltr' id='par_1_56' title="bbox 527 5309 2100 5379">
     <span class='ocr_line' id='line_1_56' title="bbox 527 5309 2100 5379; baseline -0.01 -12"><span class='ocrx_word' id='word_1_453' title='bbox 527 5312 620 5369; x_wconf 81' lang='lat' dir='ltr'><strong>sed</strong></span> <span class='ocrx_word' id='word_1_454' title='bbox 647 5311 903 5366; x_wconf 73' lang='lat' dir='ltr'><strong>Catholici</strong></span> <span class='ocrx_word' id='word_1_455' title='bbox 933 5311 1173 5373; x_wconf 84' lang='lat' dir='ltr'><strong>videant,</strong></span> <span class='ocrx_word' id='word_1_456' title='bbox 1209 5309 1383 5379; x_wconf 78' lang='lat' dir='ltr'><strong>qualis</strong></span> <span class='ocrx_word' id='word_1_457' title='bbox 1418 5317 1471 5362; x_wconf 92' lang='lat' dir='ltr'><strong>ct</strong></span> <span class='ocrx_word' id='word_1_458' title='bbox 1505 5315 1734 5374; x_wconf 83' lang='lat' dir='ltr'><strong>quantus</strong></span> <span class='ocrx_word' id='word_1_459' title='bbox 1763 5317 1882 5357; x_wconf 91' lang='lat' dir='ltr'><strong>cum</strong></span> <span class='ocrx_word' id='word_1_460' title='bbox 1912 5315 2064 5356; x_wconf 88' lang='lat' dir='ltr'><strong>error</strong></span> <span class='ocrx_word' id='word_1_461' title='bbox 2084 5339 2100 5367; x_wconf 87' lang='lat'><strong>,</strong></span> 
     </span>
    </p>
   </div>
   <div class='ocr_carea' id='block_1_57' title="bbox 529 5380 1612 5472">
    <p class='ocr_par' dir='ltr' id='par_1_57' title="bbox 529 5380 1612 5472">
     <span class='ocr_line' id='line_1_57' title="bbox 529 5380 1612 5472; baseline -0.007 -15"><span class='ocrx_word' id='word_1_462' title='bbox 529 5420 634 5458; x_wconf 86' lang='lat' dir='ltr'><strong>non</strong></span> <span class='ocrx_word' id='word_1_463' title='bbox 664 5403 932 5468; x_wconf 87' lang='lat' dir='ltr'><strong>infecerit,</strong></span> <span class='ocrx_word' id='word_1_464' title='bbox 959 5380 1070 5456; x_wconf 49' lang='lat' dir='ltr'><strong>sed.</strong></span> <span class='ocrx_word' id='word_1_465' title='bbox 1085 5400 1239 5472; x_wconf 84' lang='lat' dir='ltr'><strong>plane</strong></span> <span class='ocrx_word' id='word_1_466' title='bbox 1265 5397 1612 5453; x_wconf 84' lang='lat' dir='ltr'><strong>interfecerit.</strong></span> 
     </span>
    </p>
   </div>
   <div class='ocr_carea' id='block_1_58' title="bbox 556 5527 2103 5612">
    <p class='ocr_par' dir='ltr' id='par_1_58' title="bbox 556 5527 2103 5612">
     <span class='ocr_line' id='line_1_58' title="bbox 556 5527 2103 5612; baseline -0.005 -27"><span class='ocrx_word' id='word_1_467' title='bbox 556 5601 567 5612; x_wconf 26' lang='grc' dir='ltr'><em>ῃ</em></span> <span class='ocrx_word' id='word_1_468' title='bbox 593 5539 608 5570; x_wconf 72' lang='grc' dir='ltr'>ι</span> <span class='ocrx_word' id='word_1_469' title='bbox 649 5546 748 5612; x_wconf 76' lang='lat' dir='ltr'><strong>tim.</strong></span> <span class='ocrx_word' id='word_1_470' title='bbox 770 5541 848 5610; x_wconf 62' lang='lat' dir='ltr'><strong>ifr.</strong></span> <span class='ocrx_word' id='word_1_471' title='bbox 873 5546 921 5612; x_wconf 85' lang='lat' dir='ltr'><strong>et</strong></span> <span class='ocrx_word' id='word_1_472' title='bbox 946 5535 1170 5612; x_wconf 76' lang='lat' dir='ltr'><strong>plerique</strong></span> <span class='ocrx_word' id='word_1_473' title='bbox 1183 5543 1318 5612; x_wconf 32' lang='lat' dir='ltr'><strong>Osis-5.,</strong></span> <span class='ocrx_word' id='word_1_474' title='bbox 1337 5531 1538 5609; x_wconf 66' lang='lat' dir='ltr'><strong>petituri</strong></span> <span class='ocrx_word' id='word_1_475' title='bbox 1555 5527 1644 5612; x_wconf 51' lang='lat'><strong>3,325</strong></span> <span class='ocrx_word' id='word_1_476' title='bbox 1659 5546 1750 5609; x_wconf 61' lang='lat' dir='ltr'><strong>aqu</strong></span> <span class='ocrx_word' id='word_1_477' title='bbox 1775 5535 2103 5612; x_wconf 43' lang='lat' dir='ltr'><strong>reuna-eligatur.</strong></span> 
     </span>
    </p>
   </div>
   <div class='ocr_carea' id='block_1_59' title="bbox 526 5593 2108 5668">
    <p class='ocr_par' dir='ltr' id='par_1_59' title="bbox 526 5593 2108 5668">
     <span class='ocr_line' id='line_1_59' title="bbox 526 5593 2108 5668; baseline -0.006 -19"><span class='ocrx_word' id='word_1_478' title='bbox 526 5601 598 5668; x_wconf 64' lang='lat' dir='ltr'><strong>sic</strong></span> <span class='ocrx_word' id='word_1_479' title='bbox 626 5603 769 5668; x_wconf 70' lang='lat' dir='ltr'><strong>etiam</strong></span> <span class='ocrx_word' id='word_1_480' title='bbox 791 5593 1024 5668; x_wconf 65' lang='lat' dir='ltr'><strong>iniit-a,&#39;ii</strong></span> <span class='ocrx_word' id='word_1_481' title='bbox 1053 5593 1224 5660; x_wconf 67' lang='lat' dir='ltr'><strong>&quot;ieris</strong></span> <span class='ocrx_word' id='word_1_482' title='bbox 1248 5593 1513 5661; x_wconf 74' lang='lat' dir='ltr'><strong>tmperecti</strong></span> <span class='ocrx_word' id='word_1_483' title='bbox 1555 5593 1678 5645; x_wconf 76' lang='lat' dir='ltr'><strong>libro</strong></span> <span class='ocrx_word' id='word_1_484' title='bbox 1699 5597 1746 5652; x_wconf 79' lang='lat'><strong>5,</strong></span> <span class='ocrx_word' id='word_1_485' title='bbox 1768 5607 1872 5657; x_wconf 75' lang='lat' dir='ltr'><strong>cap.</strong></span> <span class='ocrx_word' id='word_1_486' title='bbox 1906 5593 2019 5652; x_wconf 66' lang='grc' dir='ltr'><strong>ΗΞ,</strong></span> <span class='ocrx_word' id='word_1_487' title='bbox 2059 5600 2108 5640; x_wconf 88' lang='lat' dir='ltr'><strong>et</strong></span> 
     </span>
    </p>
   </div>
   <div class='ocr_carea' id='block_1_60' title="bbox 531 5660 954 5720">
    <p class='ocr_par' dir='ltr' id='par_1_60' title="bbox 531 5660 954 5720">
     <span class='ocr_line' id='line_1_60' title="bbox 531 5660 954 5720; baseline 0.012 -16"><span class='ocrx_word' id='word_1_488' title='bbox 531 5663 652 5711; x_wconf 54' lang='lat' dir='ltr'><strong>litum</strong></span> <span class='ocrx_word' id='word_1_489' title='bbox 750 5675 854 5720; x_wconf 65' lang='lat' dir='ltr'><strong>mp.</strong></span> <span class='ocrx_word' id='word_1_490' title='bbox 877 5660 954 5709; x_wconf 54' lang='grc' dir='ltr'><strong>αἱ.</strong></span> 
     </span>
    </p>
   </div>
   <div class='ocr_carea' id='block_1_61' title="bbox 1255 242 2904 331">
    <p class='ocr_par' dir='ltr' id='par_1_61' title="bbox 1255 242 2904 331">
     <span class='ocr_line' id='line_1_61' title="bbox 1255 242 2904 331; baseline -0.02 0"><span class='ocrx_word' id='word_1_491' title='bbox 1255 273 1345 331; x_wconf 81' lang='lat' dir='ltr'><strong>DE</strong></span> <span class='ocrx_word' id='word_1_492' title='bbox 1377 263 1648 328; x_wconf 83' lang='lat' dir='ltr'><strong>NUPTIIS</strong></span> <span class='ocrx_word' id='word_1_493' title='bbox 1688 259 1772 316; x_wconf 80' lang='lat' dir='ltr'><strong>ET</strong></span> <span class='ocrx_word' id='word_1_494' title='bbox 1809 246 2409 316; x_wconf 70' lang='lat' dir='ltr'><strong>CONCUPISCENTIA,</strong></span> <span class='ocrx_word' id='word_1_495' title='bbox 2447 245 2503 303; x_wconf 83' lang='lat' dir='ltr'><strong>S.</strong></span> <span class='ocrx_word' id='word_1_496' title='bbox 2543 242 2904 302; x_wconf 63' lang='lat' dir='ltr'><strong>AUGUSTI?“</strong></span> 
     </span>
    </p>
   </div>
   <div class='ocr_carea' id='block_1_62' title="bbox 3615 239 3716 296">
    <p class='ocr_par' dir='ltr' id='par_1_62' title="bbox 3615 239 3716 296">
     <span class='ocr_line' id='line_1_62' title="bbox 3615 239 3716 296; baseline -0.04 -1"><span class='ocrx_word' id='word_1_497' title='bbox 3615 239 3716 296; x_wconf 63' lang='lat' dir='ltr'><strong>15f»</strong></span> 
     </span>
    </p>
   </div>
   <div class='ocr_carea' id='block_1_63' title="bbox 2214 353 3717 426">
    <p class='ocr_par' dir='ltr' id='par_1_63' title="bbox 2214 353 3717 426">
     <span class='ocr_line' id='line_1_63' title="bbox 2214 353 3717 426; baseline -0.007 -10"><span class='ocrx_word' id='word_1_498' title='bbox 2214 358 2436 416; x_wconf 77' lang='lat' dir='ltr'><strong>CAPUT</strong></span> <span class='ocrx_word' id='word_1_499' title='bbox 2477 358 2616 414; x_wconf 76' lang='lat' dir='ltr'><strong>XIX.</strong></span> <span class='ocrx_word' id='word_1_500' title='bbox 2656 388 2722 398; x_wconf 95' lang='lat'><strong>—</strong></span> <span class='ocrx_word' id='word_1_501' title='bbox 2755 356 2845 413; x_wconf 61' lang='lat' dir='ltr'><strong>5L.</strong></span> <span class='ocrx_word' id='word_1_502' title='bbox 2877 354 3102 412; x_wconf 78' lang='lat' dir='ltr'><strong>Attende</strong></span> <span class='ocrx_word' id='word_1_503' title='bbox 3145 353 3416 426; x_wconf 68' lang='lat' dir='ltr'><strong>Sequentia</strong></span> <span class='ocrx_word' id='word_1_504' title='bbox 3461 371 3472 406; x_wconf 76' lang='grc' dir='ltr'>ε</span> <span class='ocrx_word' id='word_1_505' title='bbox 3509 371 3528 404; x_wconf 73' lang='grc' dir='ltr'>ι</span> <span class='ocrx_word' id='word_1_506' title='bbox 3571 353 3717 419; x_wconf 69' lang='lat' dir='ltr'><strong>Quod</strong></span> 
     </span>
    </p>
   </div>
   <div class='ocr_carea' id='block_1_64' title="bbox 2143 442 3725 519">
    <p class='ocr_par' dir='ltr' id='par_1_64' title="bbox 2143 442 3725 519">
     <span class='ocr_line' id='line_1_64' title="bbox 2143 442 3725 519; baseline -0.006 -15"><span class='ocrx_word' id='word_1_507' title='bbox 2143 460 2346 517; x_wconf 83' lang='lat' dir='ltr'><strong>autem,</strong></span> <span class='ocrx_word' id='word_1_508' title='bbox 2379 469 2398 502; x_wconf 76' lang='grc' dir='ltr'><strong><em>ι</em></strong></span> <span class='ocrx_word' id='word_1_509' title='bbox 2426 449 2612 519; x_wconf 76' lang='lat' dir='ltr'><strong>inquit.</strong></span> <span class='ocrx_word' id='word_1_510' title='bbox 2640 467 2658 499; x_wconf 74' lang='grc' dir='ltr'>ι</span> <span class='ocrx_word' id='word_1_511' title='bbox 2691 447 2782 502; x_wconf 80' lang='lat' dir='ltr'><strong>ﬁlii</strong></span> <span class='ocrx_word' id='word_1_512' title='bbox 2805 463 2868 502; x_wconf 78' lang='lat' dir='ltr'><strong>ex</strong></span> <span class='ocrx_word' id='word_1_513' title='bbox 2890 447 3136 516; x_wconf 79' lang='lat' dir='ltr'><strong>coniugio</strong></span> <span class='ocrx_word' id='word_1_514' title='bbox 3155 445 3384 511; x_wconf 76' lang='lat' dir='ltr'><strong>suscepti</strong></span> <span class='ocrx_word' id='word_1_515' title='bbox 3414 442 3725 497; x_wconf 71' lang='lat' dir='ltr'><strong>naturaliter</strong></span> 
     </span>
    </p>
   </div>
   <div class='ocr_carea' id='block_1_65' title="bbox 2143 531 3684 608">
    <p class='ocr_par' dir='ltr' id='par_1_65' title="bbox 2143 531 3684 608">
     <span class='ocr_line' id='line_1_65' title="bbox 2143 531 3684 608; baseline -0.006 -12"><span class='ocrx_word' id='word_1_516' title='bbox 2143 541 2270 596; x_wconf 88' lang='lat' dir='ltr'><strong>boni</strong></span> <span class='ocrx_word' id='word_1_517' title='bbox 2297 549 2439 603; x_wconf 90' lang='lat' dir='ltr'><strong>sunt,</strong></span> <span class='ocrx_word' id='word_1_518' title='bbox 2477 539 2732 608; x_wconf 76' lang='lat' dir='ltr'><strong>Apostolo</strong></span> <span class='ocrx_word' id='word_1_519' title='bbox 2759 538 2968 593; x_wconf 89' lang='lat' dir='ltr'><strong>dicente</strong></span> <span class='ocrx_word' id='word_1_520' title='bbox 2998 537 3287 592; x_wconf 84' lang='lat' dir='ltr'><strong>discamus.</strong></span> <span class='ocrx_word' id='word_1_521' title='bbox 3310 535 3398 604; x_wconf 90' lang='lat' dir='ltr'><strong>qni</strong></span> <span class='ocrx_word' id='word_1_522' title='bbox 3423 535 3496 586; x_wconf 89' lang='lat' dir='ltr'><strong>ait</strong></span> <span class='ocrx_word' id='word_1_523' title='bbox 3523 531 3590 586; x_wconf 88' lang='lat' dir='ltr'><strong>de</strong></span> <span class='ocrx_word' id='word_1_524' title='bbox 3618 533 3684 586; x_wconf 91' lang='lat' dir='ltr'><strong>im</strong></span> 
     </span>
    </p>
   </div>
   <div class='ocr_carea' id='block_1_66' title="bbox 2145 625 3736 702">
    <p class='ocr_par' dir='ltr' id='par_1_66' title="bbox 2145 625 3736 702">
     <span class='ocr_line' id='line_1_66' title="bbox 2145 625 3736 702; baseline -0.005 -17"><span class='ocrx_word' id='word_1_525' title='bbox 2145 631 2329 702; x_wconf 81' lang='lat' dir='ltr'><strong>probis</strong></span> <span class='ocrx_word' id='word_1_526' title='bbox 2361 648 2376 685; x_wconf 91' lang='lat'><strong>:</strong></span> <span class='ocrx_word' id='word_1_527' title='bbox 2406 629 2600 684; x_wconf 81' lang='lat' dir='ltr'><strong>Relicto</strong></span> <span class='ocrx_word' id='word_1_528' title='bbox 2625 629 2849 682; x_wconf 84' lang='lat' dir='ltr'><strong>naturali</strong></span> <span class='ocrx_word' id='word_1_529' title='bbox 2867 645 2962 682; x_wconf 82' lang='lat' dir='ltr'><strong>usu</strong></span> <span class='ocrx_word' id='word_1_530' title='bbox 2989 628 3190 699; x_wconf 73' lang='lat' dir='ltr'><strong>femina:</strong></span> <span class='ocrx_word' id='word_1_531' title='bbox 3207 668 3222 682; x_wconf 92' lang='lat'><strong>.</strong></span> <span class='ocrx_word' id='word_1_532' title='bbox 3245 635 3539 680; x_wconf 74' lang='lat' dir='ltr'><strong>exarserunt</strong></span> <span class='ocrx_word' id='word_1_533' title='bbox 3565 625 3613 676; x_wconf 87' lang='lat' dir='ltr'><strong>in</strong></span> <span class='ocrx_word' id='word_1_534' title='bbox 3635 625 3736 678; x_wconf 74' lang='lat' dir='ltr'><strong>de-</strong></span> 
     </span>
    </p>
   </div>
   <div class='ocr_carea' id='block_1_67' title="bbox 2144 716 3726 792">
    <p class='ocr_par' dir='ltr' id='par_1_67' title="bbox 2144 716 3726 792">
     <span class='ocr_line' id='line_1_67' title="bbox 2144 716 3726 792; baseline -0.006 -17"><span class='ocrx_word' id='word_1_535' title='bbox 2144 717 2333 775; x_wconf 82' lang='lat' dir='ltr'><strong>sideria</strong></span> <span class='ocrx_word' id='word_1_536' title='bbox 2361 736 2485 792; x_wconf 73' lang='lat' dir='ltr'><strong>sua,</strong></span> <span class='ocrx_word' id='word_1_537' title='bbox 2514 719 2723 773; x_wconf 83' lang='lat' dir='ltr'><strong>invicem</strong></span> <span class='ocrx_word' id='word_1_538' title='bbox 2760 717 2972 772; x_wconf 77' lang='lat' dir='ltr'><strong>masculi</strong></span> <span class='ocrx_word' id='word_1_539' title='bbox 3004 719 3056 771; x_wconf 83' lang='lat' dir='ltr'><strong>in</strong></span> <span class='ocrx_word' id='word_1_540' title='bbox 3083 717 3334 770; x_wconf 85' lang='lat' dir='ltr'><strong>masculos</strong></span> <span class='ocrx_word' id='word_1_541' title='bbox 3366 716 3726 784; x_wconf 75' lang='lat' dir='ltr'><strong>turpitudinem</strong></span> 
     </span>
    </p>
   </div>
   <div class='ocr_carea' id='block_1_68' title="bbox 2157 805 3726 880">
    <p class='ocr_par' dir='ltr' id='par_1_68' title="bbox 2157 805 3726 880">
     <span class='ocr_line' id='line_1_68' title="bbox 2157 805 3726 880; baseline -0.004 -17"><span class='ocrx_word' id='word_1_542' title='bbox 2157 819 2418 880; x_wconf 69' lang='lat' dir='ltr'><strong>operante:</strong></span> <span class='ocrx_word' id='word_1_543' title='bbox 2449 806 2619 879; x_wconf 84' lang='lat' dir='ltr'><strong>(Rom.</strong></span> <span class='ocrx_word' id='word_1_544' title='bbox 2643 825 2680 874; x_wconf 92' lang='lat' dir='ltr'><strong>t,</strong></span> <span class='ocrx_word' id='word_1_545' title='bbox 2698 807 2811 878; x_wconf 74' lang='lat'><strong>27).</strong></span> <span class='ocrx_word' id='word_1_546' title='bbox 2835 806 3076 862; x_wconf 85' lang='lat' dir='ltr'><strong>Ostendit</strong></span> <span class='ocrx_word' id='word_1_547' title='bbox 3099 820 3246 876; x_wconf 81' lang='lat' dir='ltr'><strong>ergo,</strong></span> <span class='ocrx_word' id='word_1_548' title='bbox 3274 824 3292 858; x_wconf 76' lang='grc' dir='ltr'><strong><em>ι</em></strong></span> <span class='ocrx_word' id='word_1_549' title='bbox 3316 805 3498 873; x_wconf 83' lang='lat' dir='ltr'><strong>inquit,</strong></span> <span class='ocrx_word' id='word_1_550' title='bbox 3528 822 3548 854; x_wconf 73' lang='grc' dir='ltr'><em>ς</em></span> <span class='ocrx_word' id='word_1_551' title='bbox 3574 819 3726 856; x_wconf 87' lang='lat' dir='ltr'><strong>usum</strong></span> 
     </span>
    </p>
   </div>
   <div class='ocr_carea' id='block_1_69' title="bbox 2150 893 3726 966">
    <p class='ocr_par' dir='ltr' id='par_1_69' title="bbox 2150 893 3726 966">
     <span class='ocr_line' id='line_1_69' title="bbox 2150 893 3726 966; baseline -0.007 -11"><span class='ocrx_word' id='word_1_552' title='bbox 2150 899 2362 955; x_wconf 63' lang='lat' dir='ltr'><strong>femina:</strong></span> <span class='ocrx_word' id='word_1_553' title='bbox 2390 909 2444 953; x_wconf 90' lang='lat' dir='ltr'><strong>et</strong></span> <span class='ocrx_word' id='word_1_554' title='bbox 2471 899 2766 953; x_wconf 85' lang='lat' dir='ltr'><strong>naturalem</strong></span> <span class='ocrx_word' id='word_1_555' title='bbox 2799 913 2942 961; x_wconf 83' lang='lat' dir='ltr'><strong>esse,</strong></span> <span class='ocrx_word' id='word_1_556' title='bbox 2971 906 3022 951; x_wconf 89' lang='lat' dir='ltr'><strong>et</strong></span> <span class='ocrx_word' id='word_1_557' title='bbox 3051 912 3148 966; x_wconf 85' lang='lat' dir='ltr'><strong>pro</strong></span> <span class='ocrx_word' id='word_1_558' title='bbox 3179 911 3276 951; x_wconf 88' lang='lat' dir='ltr'><strong>suo</strong></span> <span class='ocrx_word' id='word_1_559' title='bbox 3303 894 3460 954; x_wconf 84' lang='lat' dir='ltr'><strong>modo</strong></span> <span class='ocrx_word' id='word_1_560' title='bbox 3489 893 3726 946; x_wconf 74' lang='lat' dir='ltr'><strong>laudabi-</strong></span> 
     </span>
    </p>
   </div>
   <div class='ocr_carea' id='block_1_70' title="bbox 2149 982 3731 1058">
    <p class='ocr_par' dir='ltr' id='par_1_70' title="bbox 2149 982 3731 1058">
     <span class='ocr_line' id='line_1_70' title="bbox 2149 982 3731 1058; baseline -0.005 -14"><span class='ocrx_word' id='word_1_561' title='bbox 2149 989 2252 1044; x_wconf 89' lang='lat' dir='ltr'><strong>lem</strong></span> <span class='ocrx_word' id='word_1_562' title='bbox 2287 1006 2301 1044; x_wconf 91' lang='lat'>:</span> <span class='ocrx_word' id='word_1_563' title='bbox 2338 987 2593 1058; x_wconf 80' lang='lat' dir='ltr'><strong>ﬂagitium</strong></span> <span class='ocrx_word' id='word_1_564' title='bbox 2634 997 2810 1042; x_wconf 89' lang='lat' dir='ltr'><strong>autem</strong></span> <span class='ocrx_word' id='word_1_565' title='bbox 2853 1003 2919 1042; x_wconf 77' lang='lat' dir='ltr'><strong>ex</strong></span> <span class='ocrx_word' id='word_1_566' title='bbox 2951 987 3219 1041; x_wconf 87' lang='lat' dir='ltr'><strong>voluntate</strong></span> <span class='ocrx_word' id='word_1_567' title='bbox 3249 983 3460 1056; x_wconf 79' lang='lat' dir='ltr'><strong>propria</strong></span> <span class='ocrx_word' id='word_1_568' title='bbox 3489 982 3731 1038; x_wconf 71' lang='lat' dir='ltr'><strong>errrceri</strong></span> 
     </span>
    </p>
   </div>
   <div class='ocr_carea' id='block_1_71' title="bbox 2148 1072 3732 1145">
    <p class='ocr_par' dir='ltr' id='par_1_71' title="bbox 2148 1072 3732 1145">
     <span class='ocr_line' id='line_1_71' title="bbox 2148 1072 3732 1145; baseline -0.004 -13"><span class='ocrx_word' id='word_1_569' title='bbox 2148 1087 2334 1132; x_wconf 89' lang='lat' dir='ltr'><strong>c0ntra</strong></span> <span class='ocrx_word' id='word_1_570' title='bbox 2357 1077 2702 1131; x_wconf 89' lang='lat' dir='ltr'><strong>institutionis</strong></span> <span class='ocrx_word' id='word_1_571' title='bbox 2725 1076 2998 1145; x_wconf 90' lang='lat' dir='ltr'><strong>pudorem.</strong></span> <span class='ocrx_word' id='word_1_572' title='bbox 3023 1074 3210 1130; x_wconf 78' lang='lat' dir='ltr'><strong>Merito</strong></span> <span class='ocrx_word' id='word_1_573' title='bbox 3237 1075 3436 1144; x_wconf 87' lang='lat' dir='ltr'><strong>itaque,</strong></span> <span class='ocrx_word' id='word_1_574' title='bbox 3477 1091 3496 1125; x_wconf 71' lang='grc' dir='ltr'><strong><em>ι</em></strong></span> <span class='ocrx_word' id='word_1_575' title='bbox 3536 1072 3732 1141; x_wconf 88' lang='lat' dir='ltr'><strong>inquit,</strong></span> 
     </span>
    </p>
   </div>
   <div class='ocr_carea' id='block_1_72' title="bbox 2159 1161 3742 1236">
    <p class='ocr_par' dir='ltr' id='par_1_72' title="bbox 2159 1161 3742 1236">
     <span class='ocr_line' id='line_1_72' title="bbox 2159 1161 3742 1236; baseline -0.004 -16"><span class='ocrx_word' id='word_1_576' title='bbox 2159 1187 2180 1220; x_wconf 70' lang='grc' dir='ltr'>ι</span> <span class='ocrx_word' id='word_1_577' title='bbox 2216 1177 2270 1222; x_wconf 87' lang='lat' dir='ltr'><strong>et</strong></span> <span class='ocrx_word' id='word_1_578' title='bbox 2296 1167 2350 1223; x_wconf 90' lang='lat' dir='ltr'><strong>in</strong></span> <span class='ocrx_word' id='word_1_579' title='bbox 2377 1168 2513 1223; x_wconf 87' lang='lat' dir='ltr'><strong>bene</strong></span> <span class='ocrx_word' id='word_1_580' title='bbox 2542 1167 2810 1222; x_wconf 88' lang='lat' dir='ltr'><strong>utentibus</strong></span> <span class='ocrx_word' id='word_1_581' title='bbox 2849 1179 3017 1236; x_wconf 82' lang='lat' dir='ltr'><strong>genus</strong></span> <span class='ocrx_word' id='word_1_582' title='bbox 3037 1163 3482 1234; x_wconf 79' lang='lat' dir='ltr'><strong>concupiscentia:</strong></span> <span class='ocrx_word' id='word_1_583' title='bbox 3515 1161 3742 1218; x_wconf 79' lang='lat' dir='ltr'><strong>modus-</strong></span> 
     </span>
    </p>
   </div>
   <div class='ocr_carea' id='block_1_73' title="bbox 2158 1255 3736 1332">
    <p class='ocr_par' dir='ltr' id='par_1_73' title="bbox 2158 1255 3736 1332">
     <span class='ocr_line' id='line_1_73' title="bbox 2158 1255 3736 1332; baseline -0.005 -18"><span class='ocrx_word' id='word_1_584' title='bbox 2158 1276 2261 1332; x_wconf 89' lang='lat' dir='ltr'><strong>que</strong></span> <span class='ocrx_word' id='word_1_585' title='bbox 2289 1260 2559 1324; x_wconf 87' lang='lat' dir='ltr'><strong>laudatur,</strong></span> <span class='ocrx_word' id='word_1_586' title='bbox 2597 1267 2650 1314; x_wconf 92' lang='lat' dir='ltr'><strong>et</strong></span> <span class='ocrx_word' id='word_1_587' title='bbox 2688 1259 2740 1313; x_wconf 92' lang='lat' dir='ltr'><strong>in</strong></span> <span class='ocrx_word' id='word_1_588' title='bbox 2784 1258 3024 1328; x_wconf 89' lang='lat' dir='ltr'><strong>turpibus</strong></span> <span class='ocrx_word' id='word_1_589' title='bbox 3057 1270 3310 1312; x_wconf 82' lang='lat' dir='ltr'><strong>excessus</strong></span> <span class='ocrx_word' id='word_1_590' title='bbox 3348 1255 3464 1325; x_wconf 84' lang='lat' dir='ltr'><strong>ejus</strong></span> <span class='ocrx_word' id='word_1_591' title='bbox 3492 1255 3736 1324; x_wconf 89' lang='lat' dir='ltr'><strong>punitur.</strong></span> 
     </span>
    </p>
   </div>
   <div class='ocr_carea' id='block_1_74' title="bbox 2163 1345 3737 1420">
    <p class='ocr_par' dir='ltr' id='par_1_74' title="bbox 2163 1345 3737 1420">
     <span class='ocr_line' id='line_1_74' title="bbox 2163 1345 3737 1420; baseline -0.005 -14"><span class='ocrx_word' id='word_1_592' title='bbox 2163 1351 2398 1420; x_wconf 90' lang='lat' dir='ltr'><strong>Denique</strong></span> <span class='ocrx_word' id='word_1_593' title='bbox 2427 1351 2616 1406; x_wconf 90' lang='lat' dir='ltr'><strong>eodem</strong></span> <span class='ocrx_word' id='word_1_594' title='bbox 2655 1361 2894 1420; x_wconf 86' lang='lat' dir='ltr'><strong>tempore</strong></span> <span class='ocrx_word' id='word_1_595' title='bbox 2921 1349 3061 1404; x_wconf 91' lang='lat' dir='ltr'><strong>Deus</strong></span> <span class='ocrx_word' id='word_1_596' title='bbox 3089 1345 3313 1404; x_wconf 66' lang='lat' dir='ltr'><strong>Abrahae</strong></span> <span class='ocrx_word' id='word_1_597' title='bbox 3335 1355 3389 1401; x_wconf 92' lang='lat' dir='ltr'><strong>et</strong></span> <span class='ocrx_word' id='word_1_598' title='bbox 3415 1346 3560 1400; x_wconf 79' lang='lat' dir='ltr'><strong>Sara:</strong></span> <span class='ocrx_word' id='word_1_599' title='bbox 3589 1359 3737 1398; x_wconf 80' lang='lat' dir='ltr'><strong>inar-</strong></span> 
     </span>
    </p>
   </div>
   <div class='ocr_carea' id='block_1_75' title="bbox 2156 1434 3738 1510">
    <p class='ocr_par' dir='ltr' id='par_1_75' title="bbox 2156 1434 3738 1510">
     <span class='ocr_line' id='line_1_75' title="bbox 2156 1434 3738 1510; baseline -0.005 -14"><span class='ocrx_word' id='word_1_600' title='bbox 2156 1443 2327 1496; x_wconf 86' lang='lat' dir='ltr'><strong>centia</strong></span> <span class='ocrx_word' id='word_1_601' title='bbox 2339 1457 2454 1496; x_wconf 77' lang='lat' dir='ltr'><strong>tero</strong></span> <span class='ocrx_word' id='word_1_602' title='bbox 2473 1441 2710 1496; x_wconf 90' lang='lat' dir='ltr'><strong>membra</strong></span> <span class='ocrx_word' id='word_1_603' title='bbox 2731 1439 2992 1510; x_wconf 83' lang='lat' dir='ltr'><strong>vegetavit</strong></span> <span class='ocrx_word' id='word_1_604' title='bbox 3015 1457 3034 1492; x_wconf 80' lang='grc'><strong>›</strong></span> <span class='ocrx_word' id='word_1_605' title='bbox 3053 1436 3208 1508; x_wconf 80' lang='lat' dir='ltr'><strong>(Gen.</strong></span> <span class='ocrx_word' id='word_1_606' title='bbox 3230 1453 3317 1496; x_wconf 76' lang='lat' dir='ltr'><strong>xxi</strong></span> <span class='ocrx_word' id='word_1_607' title='bbox 3337 1482 3352 1502; x_wconf 88' lang='lat'><strong>,</strong></span> <span class='ocrx_word' id='word_1_608' title='bbox 3387 1436 3438 1507; x_wconf 81' lang='grc'><strong>1)</strong></span> <span class='ocrx_word' id='word_1_609' title='bbox 3458 1477 3474 1503; x_wconf 85' lang='grc'><em>,</em></span> <span class='ocrx_word' id='word_1_610' title='bbox 3510 1455 3528 1487; x_wconf 73' lang='grc' dir='ltr'>ι</span> <span class='ocrx_word' id='word_1_611' title='bbox 3549 1451 3656 1506; x_wconf 86' lang='lat' dir='ltr'><strong>quo</strong></span> <span class='ocrx_word' id='word_1_612' title='bbox 3683 1434 3738 1489; x_wconf 88' lang='lat' dir='ltr'><strong>in</strong></span> 
     </span>
    </p>
   </div>
   <div class='ocr_carea' id='block_1_76' title="bbox 2161 1525 3738 1602">
    <p class='ocr_par' dir='ltr' id='par_1_76' title="bbox 2161 1525 3738 1602">
     <span class='ocr_line' id='line_1_76' title="bbox 2161 1525 3738 1602; baseline -0.003 -15"><span class='ocrx_word' id='word_1_613' title='bbox 2161 1530 2408 1587; x_wconf 87' lang='lat' dir='ltr'><strong>Sodomis</strong></span> <span class='ocrx_word' id='word_1_614' title='bbox 2433 1533 2543 1602; x_wconf 90' lang='lat' dir='ltr'><strong>ipsa</strong></span> <span class='ocrx_word' id='word_1_615' title='bbox 2585 1532 2737 1602; x_wconf 85' lang='lat' dir='ltr'><strong>igneo</strong></span> <span class='ocrx_word' id='word_1_616' title='bbox 2764 1532 2934 1587; x_wconf 89' lang='lat' dir='ltr'><strong>imbre</strong></span> <span class='ocrx_word' id='word_1_617' title='bbox 2955 1530 3156 1600; x_wconf 85' lang='lat' dir='ltr'><strong>punivit</strong></span> <span class='ocrx_word' id='word_1_618' title='bbox 3190 1548 3210 1583; x_wconf 72' lang='grc' dir='ltr'><strong><em>ι</em></strong></span> <span class='ocrx_word' id='word_1_619' title='bbox 3243 1529 3355 1602; x_wconf 84' lang='lat' dir='ltr'><strong>(Id.</strong></span> <span class='ocrx_word' id='word_1_620' title='bbox 3385 1525 3738 1600; x_wconf 71' lang='lat' dir='ltr'><strong>xu,2l.25).</strong></span> 
     </span>
    </p>
   </div>
   <div class='ocr_carea' id='block_1_77' title="bbox 2166 1617 3738 1692">
    <p class='ocr_par' dir='ltr' id='par_1_77' title="bbox 2166 1617 3738 1692">
     <span class='ocr_line' id='line_1_77' title="bbox 2166 1617 3738 1692; baseline -0.003 -18"><span class='ocrx_word' id='word_1_621' title='bbox 2166 1640 2186 1674; x_wconf 69' lang='grc' dir='ltr'>ς</span> <span class='ocrx_word' id='word_1_622' title='bbox 2205 1619 2260 1676; x_wconf 91' lang='lat' dir='ltr'><strong>Si</strong></span> <span class='ocrx_word' id='word_1_623' title='bbox 2287 1621 2444 1691; x_wconf 86' lang='lat' dir='ltr'><strong>igitur</strong></span> <span class='ocrx_word' id='word_1_624' title='bbox 2469 1631 2642 1692; x_wconf 89' lang='lat' dir='ltr'><strong>putas,</strong></span> <span class='ocrx_word' id='word_1_625' title='bbox 2673 1639 2692 1674; x_wconf 73' lang='grc' dir='ltr'><strong><em>ι</em></strong></span> <span class='ocrx_word' id='word_1_626' title='bbox 2725 1617 2915 1692; x_wconf 91' lang='lat' dir='ltr'><strong>inquit,</strong></span> <span class='ocrx_word' id='word_1_627' title='bbox 2950 1638 2970 1673; x_wconf 70' lang='grc' dir='ltr'>ς</span> <span class='ocrx_word' id='word_1_628' title='bbox 2991 1617 3348 1675; x_wconf 89' lang='lat' dir='ltr'><strong>accusandum</strong></span> <span class='ocrx_word' id='word_1_629' title='bbox 3375 1619 3738 1677; x_wconf 84' lang='lat' dir='ltr'><strong>membrorum</strong></span> 
     </span>
    </p>
   </div>
   <div class='ocr_carea' id='block_1_78' title="bbox 2160 1692 3743 1784">
    <p class='ocr_par' dir='ltr' id='par_1_78' title="bbox 2160 1692 3743 1784">
     <span class='ocr_line' id='line_1_78' title="bbox 2160 1692 3743 1784; baseline -0.001 -19"><span class='ocrx_word' id='word_1_630' title='bbox 2160 1713 2398 1783; x_wconf 82' lang='lat' dir='ltr'><strong>vigorem</strong></span> <span class='ocrx_word' id='word_1_631' title='bbox 2425 1753 2442 1779; x_wconf 93' lang='lat'><strong>,</strong></span> <span class='ocrx_word' id='word_1_632' title='bbox 2496 1713 2746 1784; x_wconf 89' lang='lat' dir='ltr'><strong>quoniam</strong></span> <span class='ocrx_word' id='word_1_633' title='bbox 2812 1726 2909 1783; x_wconf 89' lang='lat' dir='ltr'><strong>per</strong></span> <span class='ocrx_word' id='word_1_634' title='bbox 2959 1713 3132 1782; x_wconf 90' lang='lat' dir='ltr'><strong>ipsum</strong></span> <span class='ocrx_word' id='word_1_635' title='bbox 3181 1692 3472 1766; x_wconf 63' lang='lat' dir='ltr'><strong>Sod&#39;omitze</strong></span> <span class='ocrx_word' id='word_1_636' title='bbox 3523 1708 3743 1780; x_wconf 77' lang='lat' dir='ltr'><strong>ﬂagitiis</strong></span> 
     </span>
    </p>
   </div>
   <div class='ocr_carea' id='block_1_79' title="bbox 2165 1800 3744 1870">
    <p class='ocr_par' dir='ltr' id='par_1_79' title="bbox 2165 1800 3744 1870">
     <span class='ocr_line' id='line_1_79' title="bbox 2165 1800 3744 1870; baseline -0.002 -13"><span class='ocrx_word' id='word_1_637' title='bbox 2165 1802 2318 1859; x_wconf 89' lang='lat' dir='ltr'><strong>obliti</strong></span> <span class='ocrx_word' id='word_1_638' title='bbox 2357 1803 2376 1835; x_wconf 87' lang='grc'>¹</span> <span class='ocrx_word' id='word_1_639' title='bbox 2413 1813 2568 1867; x_wconf 91' lang='lat' dir='ltr'><strong>sunt;</strong></span> <span class='ocrx_word' id='word_1_640' title='bbox 2614 1802 2886 1858; x_wconf 86' lang='lat' dir='ltr'><strong>accusabis</strong></span> <span class='ocrx_word' id='word_1_641' title='bbox 2929 1803 3090 1858; x_wconf 89' lang='lat' dir='ltr'><strong>etiam</strong></span> <span class='ocrx_word' id='word_1_642' title='bbox 3137 1811 3434 1858; x_wconf 89' lang='lat' dir='ltr'><strong>creaturam</strong></span> <span class='ocrx_word' id='word_1_643' title='bbox 3483 1800 3638 1870; x_wconf 86' lang='lat' dir='ltr'><strong>panis</strong></span> <span class='ocrx_word' id='word_1_644' title='bbox 3684 1805 3744 1854; x_wconf 75' lang='lat' dir='ltr'><strong>et</strong></span> 
     </span>
    </p>
   </div>
   <div class='ocr_carea' id='block_1_80' title="bbox 2165 1892 3744 1967">
    <p class='ocr_par' dir='ltr' id='par_1_80' title="bbox 2165 1892 3744 1967">
     <span class='ocr_line' id='line_1_80' title="bbox 2165 1892 3744 1967; baseline -0.004 -16"><span class='ocrx_word' id='word_1_645' title='bbox 2165 1896 2308 1964; x_wconf 90' lang='lat' dir='ltr'><strong>vini,</strong></span> <span class='ocrx_word' id='word_1_646' title='bbox 2348 1897 2596 1967; x_wconf 90' lang='lat' dir='ltr'><strong>quoniam</strong></span> <span class='ocrx_word' id='word_1_647' title='bbox 2640 1896 2766 1951; x_wconf 85' lang='lat' dir='ltr'><strong>hinc</strong></span> <span class='ocrx_word' id='word_1_648' title='bbox 2804 1909 3015 1966; x_wconf 86' lang='lat' dir='ltr'><strong>quoque</strong></span> <span class='ocrx_word' id='word_1_649' title='bbox 3051 1909 3146 1950; x_wconf 90' lang='lat' dir='ltr'><strong>eos</strong></span> <span class='ocrx_word' id='word_1_650' title='bbox 3173 1907 3428 1966; x_wconf 81' lang='lat' dir='ltr'><strong>peccasse</strong></span> <span class='ocrx_word' id='word_1_651' title='bbox 3464 1892 3744 1960; x_wconf 76' lang='lat' dir='ltr'><strong>Scriptura</strong></span> 
     </span>
    </p>
   </div>
   <div class='ocr_carea' id='block_1_81' title="bbox 2158 1981 3751 2056">
    <p class='ocr_par' dir='ltr' id='par_1_81' title="bbox 2158 1981 3751 2056">
     <span class='ocr_line' id='line_1_81' title="bbox 2158 1981 3751 2056; baseline -0.004 -15"><span class='ocrx_word' id='word_1_652' title='bbox 2158 1985 2336 2042; x_wconf 88' lang='lat' dir='ltr'><strong>divina</strong></span> <span class='ocrx_word' id='word_1_653' title='bbox 2374 1985 2707 2056; x_wconf 78' lang='lat' dir='ltr'><strong>significavit.</strong></span> <span class='ocrx_word' id='word_1_654' title='bbox 2744 1983 2881 2040; x_wconf 86' lang='lat' dir='ltr'><strong>Dicit</strong></span> <span class='ocrx_word' id='word_1_655' title='bbox 2907 1985 3050 2042; x_wconf 89' lang='lat' dir='ltr'><strong>enim</strong></span> <span class='ocrx_word' id='word_1_656' title='bbox 3080 1985 3338 2040; x_wconf 88' lang='lat' dir='ltr'><strong>Dominus</strong></span> <span class='ocrx_word' id='word_1_657' title='bbox 3367 1998 3462 2053; x_wconf 88' lang='lat' dir='ltr'><strong>per</strong></span> <span class='ocrx_word' id='word_1_658' title='bbox 3485 1981 3751 2037; x_wconf 61' lang='lat' dir='ltr'><strong>Ezechie-</strong></span> 
     </span>
    </p>
   </div>
   <div class='ocr_carea' id='block_1_82' title="bbox 2160 2074 3752 2150">
    <p class='ocr_par' dir='ltr' id='par_1_82' title="bbox 2160 2074 3752 2150">
     <span class='ocr_line' id='line_1_82' title="bbox 2160 2074 3752 2150; baseline -0.004 -16"><span class='ocrx_word' id='word_1_659' title='bbox 2160 2079 2263 2134; x_wconf 90' lang='lat' dir='ltr'><strong>lem</strong></span> <span class='ocrx_word' id='word_1_660' title='bbox 2293 2077 2602 2150; x_wconf 87' lang='lat' dir='ltr'><strong>prophetam</strong></span> <span class='ocrx_word' id='word_1_661' title='bbox 2634 2096 2650 2134; x_wconf 89' lang='lat'><strong>:</strong></span> <span class='ocrx_word' id='word_1_662' title='bbox 2689 2075 3044 2133; x_wconf 80' lang='lat' dir='ltr'><strong>Verumtamen</strong></span> <span class='ocrx_word' id='word_1_663' title='bbox 3075 2077 3157 2132; x_wconf 77' lang='lat' dir='ltr'><strong>lue</strong></span> <span class='ocrx_word' id='word_1_664' title='bbox 3187 2075 3477 2145; x_wconf 75' lang='lat' dir='ltr'><strong>iniquitates</strong></span> <span class='ocrx_word' id='word_1_665' title='bbox 3499 2074 3752 2130; x_wconf 74' lang='lat' dir='ltr'><strong>Sodoma</strong></span> 
     </span>
    </p>
   </div>
   <div class='ocr_carea' id='block_1_83' title="bbox 2158 2161 3754 2238">
    <p class='ocr_par' dir='ltr' id='par_1_83' title="bbox 2158 2161 3754 2238">
     <span class='ocr_line' id='line_1_83' title="bbox 2158 2161 3754 2238; baseline -0.006 -13"><span class='ocrx_word' id='word_1_666' title='bbox 2158 2171 2349 2226; x_wconf 75' lang='lat' dir='ltr'><strong>sororis</strong></span> <span class='ocrx_word' id='word_1_667' title='bbox 2372 2180 2492 2237; x_wconf 69' lang='lat' dir='ltr'><strong>tua,</strong></span> <span class='ocrx_word' id='word_1_668' title='bbox 2515 2168 2770 2238; x_wconf 79' lang='lat' dir='ltr'><strong>superbia,</strong></span> <span class='ocrx_word' id='word_1_669' title='bbox 2792 2169 2845 2222; x_wconf 85' lang='lat' dir='ltr'><strong>iu</strong></span> <span class='ocrx_word' id='word_1_670' title='bbox 2865 2167 3132 2223; x_wconf 84' lang='lat' dir='ltr'><strong>saturitate</strong></span> <span class='ocrx_word' id='word_1_671' title='bbox 3153 2182 3339 2236; x_wconf 82' lang='lat' dir='ltr'><strong>panum</strong></span> <span class='ocrx_word' id='word_1_672' title='bbox 3365 2173 3412 2220; x_wconf 83' lang='lat' dir='ltr'><strong>et</strong></span> <span class='ocrx_word' id='word_1_673' title='bbox 3431 2161 3754 2218; x_wconf 70' lang='lat' dir='ltr'><strong>abundantia</strong></span> 
     </span>
    </p>
   </div>
   <div class='ocr_carea' id='block_1_84' title="bbox 2161 2253 3755 2332">
    <p class='ocr_par' dir='ltr' id='par_1_84' title="bbox 2161 2253 3755 2332">
     <span class='ocr_line' id='line_1_84' title="bbox 2161 2253 3755 2332; baseline -0.006 -16"><span class='ocrx_word' id='word_1_674' title='bbox 2161 2261 2266 2316; x_wconf 78' lang='lat' dir='ltr'><strong>uiui</strong></span> <span class='ocrx_word' id='word_1_675' title='bbox 2289 2259 2512 2332; x_wconf 81' lang='lat' dir='ltr'><strong>ﬂuebant</strong></span> <span class='ocrx_word' id='word_1_676' title='bbox 2535 2260 2650 2331; x_wconf 80' lang='lat' dir='ltr'><strong>ipsa</strong></span> <span class='ocrx_word' id='word_1_677' title='bbox 2689 2268 2736 2314; x_wconf 88' lang='lat' dir='ltr'><strong>et</strong></span> <span class='ocrx_word' id='word_1_678' title='bbox 2772 2259 2870 2330; x_wconf 79' lang='lat' dir='ltr'><strong>ﬁlii</strong></span> <span class='ocrx_word' id='word_1_679' title='bbox 2905 2259 3015 2331; x_wconf 85' lang='lat' dir='ltr'><strong>ejus</strong></span> <span class='ocrx_word' id='word_1_680' title='bbox 3037 2297 3055 2325; x_wconf 92' lang='lat'><strong>,</strong></span> <span class='ocrx_word' id='word_1_681' title='bbox 3093 2266 3140 2312; x_wconf 88' lang='lat' dir='ltr'><strong>et</strong></span> <span class='ocrx_word' id='word_1_682' title='bbox 3175 2271 3380 2312; x_wconf 77' lang='lat' dir='ltr'><strong>manum</strong></span> <span class='ocrx_word' id='word_1_683' title='bbox 3421 2253 3660 2326; x_wconf 80' lang='lat' dir='ltr'><strong>pauperis</strong></span> <span class='ocrx_word' id='word_1_684' title='bbox 3701 2258 3755 2307; x_wconf 79' lang='lat' dir='ltr'><strong>el</strong></span> 
     </span>
    </p>
   </div>
   <div class='ocr_carea' id='block_1_85' title="bbox 2163 2345 3747 2424">
    <p class='ocr_par' dir='ltr' id='par_1_85' title="bbox 2163 2345 3747 2424">
     <span class='ocr_line' id='line_1_85' title="bbox 2163 2345 3747 2424; baseline -0.006 -16"><span class='ocrx_word' id='word_1_685' title='bbox 2163 2354 2350 2424; x_wconf 85' lang='lat' dir='ltr'><strong>egentis</strong></span> <span class='ocrx_word' id='word_1_686' title='bbox 2365 2368 2464 2408; x_wconf 86' lang='lat' dir='ltr'><strong>non</strong></span> <span class='ocrx_word' id='word_1_687' title='bbox 2480 2351 2784 2423; x_wconf 74' lang='lat' dir='ltr'><strong>adjuvabant</strong></span> <span class='ocrx_word' id='word_1_688' title='bbox 2808 2369 2829 2404; x_wconf 69' lang='grc' dir='ltr'><strong><em>ι</em></strong></span> <span class='ocrx_word' id='word_1_689' title='bbox 2853 2347 3064 2424; x_wconf 71' lang='lat' dir='ltr'><strong>(Exerit.</strong></span> <span class='ocrx_word' id='word_1_690' title='bbox 3084 2363 3197 2414; x_wconf 71' lang='lat' dir='ltr'><strong>XVI,</strong></span> <span class='ocrx_word' id='word_1_691' title='bbox 3219 2345 3330 2420; x_wconf 64' lang='lat'><strong>49).</strong></span> <span class='ocrx_word' id='word_1_692' title='bbox 3363 2346 3543 2416; x_wconf 67' lang='lat' dir='ltr'><strong>«Elige</strong></span> <span class='ocrx_word' id='word_1_693' title='bbox 3563 2345 3703 2414; x_wconf 86' lang='lat' dir='ltr'><strong>iam,</strong></span> <span class='ocrx_word' id='word_1_694' title='bbox 3725 2361 3747 2398; x_wconf 76' lang='grc' dir='ltr'>ι</span> 
     </span>
    </p>
   </div>
   <div class='ocr_carea' id='block_1_86' title="bbox 2165 2435 3758 2513">
    <p class='ocr_par' dir='ltr' id='par_1_86' title="bbox 2165 2435 3758 2513">
     <span class='ocr_line' id='line_1_86' title="bbox 2165 2435 3758 2513; baseline -0.005 -15"><span class='ocrx_word' id='word_1_695' title='bbox 2165 2443 2354 2513; x_wconf 87' lang='lat' dir='ltr'><strong>inquit,</strong></span> <span class='ocrx_word' id='word_1_696' title='bbox 2388 2459 2409 2493; x_wconf 74' lang='grc' dir='ltr'>ι</span> <span class='ocrx_word' id='word_1_697' title='bbox 2441 2451 2619 2498; x_wconf 89' lang='lat' dir='ltr'><strong>utrum</strong></span> <span class='ocrx_word' id='word_1_698' title='bbox 2639 2442 2809 2496; x_wconf 89' lang='lat' dir='ltr'><strong>mavis</strong></span> <span class='ocrx_word' id='word_1_699' title='bbox 2838 2459 2852 2496; x_wconf 90' lang='lat'>:</span> <span class='ocrx_word' id='word_1_700' title='bbox 2883 2449 2976 2496; x_wconf 90' lang='lat' dir='ltr'><strong>aut</strong></span> <span class='ocrx_word' id='word_1_701' title='bbox 2999 2447 3186 2512; x_wconf 88' lang='lat' dir='ltr'><strong>reputa</strong></span> <span class='ocrx_word' id='word_1_702' title='bbox 3211 2437 3394 2495; x_wconf 87' lang='lat' dir='ltr'><strong>divino</strong></span> <span class='ocrx_word' id='word_1_703' title='bbox 3418 2435 3568 2507; x_wconf 89' lang='lat' dir='ltr'><strong>operi</strong></span> <span class='ocrx_word' id='word_1_704' title='bbox 3596 2449 3758 2490; x_wconf 78' lang='lat' dir='ltr'><strong>com-</strong></span> 
     </span>
    </p>
   </div>
   <div class='ocr_carea' id='block_1_87' title="bbox 2163 2524 3758 2602">
    <p class='ocr_par' dir='ltr' id='par_1_87' title="bbox 2163 2524 3758 2602">
     <span class='ocr_line' id='line_1_87' title="bbox 2163 2524 3758 2602; baseline -0.004 -13"><span class='ocrx_word' id='word_1_705' title='bbox 2163 2533 2476 2589; x_wconf 78' lang='lat' dir='ltr'><strong>mixtionem</strong></span> <span class='ocrx_word' id='word_1_706' title='bbox 2511 2547 2798 2602; x_wconf 89' lang='lat' dir='ltr'><strong>corporum</strong></span> <span class='ocrx_word' id='word_1_707' title='bbox 2823 2573 2841 2599; x_wconf 95' lang='lat'><strong>,</strong></span> <span class='ocrx_word' id='word_1_708' title='bbox 2884 2539 2978 2586; x_wconf 88' lang='lat' dir='ltr'><strong>aut</strong></span> <span class='ocrx_word' id='word_1_709' title='bbox 3014 2539 3314 2588; x_wconf 88' lang='lat' dir='ltr'><strong>creaturam</strong></span> <span class='ocrx_word' id='word_1_710' title='bbox 3357 2527 3510 2599; x_wconf 89' lang='lat' dir='ltr'><strong>panis</strong></span> <span class='ocrx_word' id='word_1_711' title='bbox 3544 2535 3600 2582; x_wconf 91' lang='lat' dir='ltr'><strong>et</strong></span> <span class='ocrx_word' id='word_1_712' title='bbox 3634 2524 3758 2582; x_wconf 83' lang='lat' dir='ltr'><strong>vini</strong></span> 
     </span>
    </p>
   </div>
   <div class='ocr_carea' id='block_1_88' title="bbox 2165 2618 3758 2688">
    <p class='ocr_par' dir='ltr' id='par_1_88' title="bbox 2165 2618 3758 2688">
     <span class='ocr_line' id='line_1_88' title="bbox 2165 2618 3758 2688; baseline -0.003 -10"><span class='ocrx_word' id='word_1_713' title='bbox 2165 2622 2414 2678; x_wconf 85' lang='lat' dir='ltr'><strong>similiter</strong></span> <span class='ocrx_word' id='word_1_714' title='bbox 2439 2622 2633 2676; x_wconf 89' lang='lat' dir='ltr'><strong>malam</strong></span> <span class='ocrx_word' id='word_1_715' title='bbox 2657 2623 2684 2655; x_wconf 79' lang='lat'>&#39;</span> <span class='ocrx_word' id='word_1_716' title='bbox 2708 2635 2830 2678; x_wconf 87' lang='lat' dir='ltr'><strong>esse</strong></span> <span class='ocrx_word' id='word_1_717' title='bbox 2853 2620 3039 2676; x_wconf 82' lang='lat' dir='ltr'><strong>deflui.</strong></span> <span class='ocrx_word' id='word_1_718' title='bbox 3069 2618 3223 2688; x_wconf 82' lang='lat' dir='ltr'><strong>Quod</strong></span> <span class='ocrx_word' id='word_1_719' title='bbox 3254 2618 3300 2674; x_wconf 91' lang='lat' dir='ltr'><strong>si</strong></span> <span class='ocrx_word' id='word_1_720' title='bbox 3325 2619 3536 2685; x_wconf 87' lang='lat' dir='ltr'><strong>feceris,</strong></span> <span class='ocrx_word' id='word_1_721' title='bbox 3561 2624 3758 2686; x_wconf 75' lang='lat' dir='ltr'><strong>aperto</strong></span> 
     </span>
    </p>
   </div>
   <div class='ocr_carea' id='block_1_89' title="bbox 2167 2708 3756 2780">
    <p class='ocr_par' dir='ltr' id='par_1_89' title="bbox 2167 2708 3756 2780">
     <span class='ocr_line' id='line_1_89' title="bbox 2167 2708 3756 2780; baseline -0.005 -10"><span class='ocrx_word' id='word_1_722' title='bbox 2167 2711 2492 2770; x_wconf 66' lang='lat' dir='ltr'><strong>ﬂanichazus</strong></span> <span class='ocrx_word' id='word_1_723' title='bbox 2529 2726 2652 2769; x_wconf 86' lang='lat' dir='ltr'><strong>esse</strong></span> <span class='ocrx_word' id='word_1_724' title='bbox 2692 2711 3048 2768; x_wconf 86' lang='lat' dir='ltr'><strong>convinceris.</strong></span> <span class='ocrx_word' id='word_1_725' title='bbox 3083 2708 3540 2780; x_wconf 77' lang='lat' dir='ltr'><strong>Concupiscentia:</strong></span> <span class='ocrx_word' id='word_1_726' title='bbox 3567 2717 3756 2762; x_wconf 76' lang='lat' dir='ltr'><strong>autem</strong></span> 
     </span>
    </p>
   </div>
   <div class='ocr_carea' id='block_1_90' title="bbox 2167 2796 3759 2876">
    <p class='ocr_par' dir='ltr' id='par_1_90' title="bbox 2167 2796 3759 2876">
     <span class='ocr_line' id='line_1_90' title="bbox 2167 2796 3759 2876; baseline -0.004 -16"><span class='ocrx_word' id='word_1_727' title='bbox 2167 2804 2425 2876; x_wconf 84' lang='lat' dir='ltr'><strong>naturalis</strong></span> <span class='ocrx_word' id='word_1_728' title='bbox 2465 2803 2556 2875; x_wconf 90' lang='lat' dir='ltr'><strong>qui</strong></span> <span class='ocrx_word' id='word_1_729' title='bbox 2601 2802 2817 2858; x_wconf 88' lang='lat' dir='ltr'><strong>modum</strong></span> <span class='ocrx_word' id='word_1_730' title='bbox 2860 2809 3034 2867; x_wconf 90' lang='lat' dir='ltr'><strong>tenet,</strong></span> <span class='ocrx_word' id='word_1_731' title='bbox 3075 2800 3218 2856; x_wconf 89' lang='lat' dir='ltr'><strong>bono</strong></span> <span class='ocrx_word' id='word_1_732' title='bbox 3251 2800 3392 2856; x_wconf 87' lang='lat' dir='ltr'><strong>bene</strong></span> <span class='ocrx_word' id='word_1_733' title='bbox 3427 2799 3622 2858; x_wconf 86' lang='lat' dir='ltr'><strong>utitur:</strong></span> <span class='ocrx_word' id='word_1_734' title='bbox 3655 2796 3759 2868; x_wconf 77' lang='lat' dir='ltr'><strong>qui</strong></span> 
     </span>
    </p>
   </div>
   <div class='ocr_carea' id='block_1_91' title="bbox 2168 2887 3759 2961">
    <p class='ocr_par' dir='ltr' id='par_1_91' title="bbox 2168 2887 3759 2961">
     <span class='ocr_line' id='line_1_91' title="bbox 2168 2887 3759 2961; baseline -0.005 -11"><span class='ocrx_word' id='word_1_735' title='bbox 2168 2893 2386 2950; x_wconf 85' lang='lat' dir='ltr'><strong>modum</strong></span> <span class='ocrx_word' id='word_1_736' title='bbox 2427 2909 2532 2948; x_wconf 89' lang='lat' dir='ltr'><strong>non</strong></span> <span class='ocrx_word' id='word_1_737' title='bbox 2572 2901 2750 2961; x_wconf 89' lang='lat' dir='ltr'><strong>tenet,</strong></span> <span class='ocrx_word' id='word_1_738' title='bbox 2781 2891 2922 2948; x_wconf 88' lang='lat' dir='ltr'><strong>bono</strong></span> <span class='ocrx_word' id='word_1_739' title='bbox 2952 2891 3092 2946; x_wconf 90' lang='lat' dir='ltr'><strong>male</strong></span> <span class='ocrx_word' id='word_1_740' title='bbox 3118 2891 3306 2948; x_wconf 89' lang='lat' dir='ltr'><strong>utitur.</strong></span> <span class='ocrx_word' id='word_1_741' title='bbox 3339 2888 3475 2959; x_wconf 87' lang='lat' dir='ltr'><strong>Quid</strong></span> <span class='ocrx_word' id='word_1_742' title='bbox 3500 2887 3636 2946; x_wconf 72' lang='lat' dir='ltr'><strong>dicis</strong></span> <span class='ocrx_word' id='word_1_743' title='bbox 3657 2903 3759 2943; x_wconf 84' lang='lat' dir='ltr'><strong>er-</strong></span> 
     </span>
    </p>
   </div>
   <div class='ocr_carea' id='block_1_92' title="bbox 2168 2977 3759 3058">
    <p class='ocr_par' dir='ltr' id='par_1_92' title="bbox 2168 2977 3759 3058">
     <span class='ocr_line' id='line_1_92' title="bbox 2168 2977 3759 3058; baseline -0.003 -18"><span class='ocrx_word' id='word_1_744' title='bbox 2168 2999 2260 3058; x_wconf 86' lang='lat' dir='ltr'><strong>go,</strong></span> <span class='ocrx_word' id='word_1_745' title='bbox 2285 3003 2306 3039; x_wconf 76' lang='grc' dir='ltr'><strong><em>ι</em></strong></span> <span class='ocrx_word' id='word_1_746' title='bbox 2337 2984 2508 3055; x_wconf 87' lang='lat' dir='ltr'><strong>inquit</strong></span> <span class='ocrx_word' id='word_1_747' title='bbox 2535 3001 2548 3039; x_wconf 90' lang='lat'><strong>:</strong></span> <span class='ocrx_word' id='word_1_748' title='bbox 2581 3001 2601 3036; x_wconf 74' lang='grc' dir='ltr'>ι</span> <span class='ocrx_word' id='word_1_749' title='bbox 2637 2983 2712 3038; x_wconf 85' lang='lat' dir='ltr'><strong>Ita</strong></span> <span class='ocrx_word' id='word_1_750' title='bbox 2743 2983 3044 3053; x_wconf 89' lang='lat' dir='ltr'><strong>nuptiarum</strong></span> <span class='ocrx_word' id='word_1_751' title='bbox 3083 2982 3282 3038; x_wconf 89' lang='lat' dir='ltr'><strong>bonum</strong></span> <span class='ocrx_word' id='word_1_752' title='bbox 3311 2981 3452 3036; x_wconf 89' lang='lat' dir='ltr'><strong>malo</strong></span> <span class='ocrx_word' id='word_1_753' title='bbox 3479 2977 3759 3050; x_wconf 77' lang='lat' dir='ltr'><strong>originali,</strong></span> 
     </span>
    </p>
   </div>
   <div class='ocr_carea' id='block_1_93' title="bbox 2170 3069 3761 3148">
    <p class='ocr_par' dir='ltr' id='par_1_93' title="bbox 2170 3069 3761 3148">
     <span class='ocr_line' id='line_1_93' title="bbox 2170 3069 3761 3148; baseline -0.003 -18"><span class='ocrx_word' id='word_1_754' title='bbox 2170 3075 2314 3148; x_wconf 86' lang='lat' dir='ltr'><strong>quod</strong></span> <span class='ocrx_word' id='word_1_755' title='bbox 2349 3074 2472 3132; x_wconf 89' lang='lat' dir='ltr'><strong>inde</strong></span> <span class='ocrx_word' id='word_1_756' title='bbox 2508 3074 2735 3130; x_wconf 86' lang='lat' dir='ltr'><strong>trahitur</strong></span> <span class='ocrx_word' id='word_1_757' title='bbox 2753 3115 2770 3142; x_wconf 94' lang='lat'><strong>,</strong></span> <span class='ocrx_word' id='word_1_758' title='bbox 2795 3089 2900 3128; x_wconf 92' lang='lat' dir='ltr'><strong>non</strong></span> <span class='ocrx_word' id='word_1_759' title='bbox 2929 3082 3103 3145; x_wconf 86' lang='lat' dir='ltr'><strong>potest</strong></span> <span class='ocrx_word' id='word_1_760' title='bbox 3127 3073 3407 3137; x_wconf 86' lang='lat' dir='ltr'><strong>accusari;</strong></span> <span class='ocrx_word' id='word_1_761' title='bbox 3435 3071 3572 3126; x_wconf 85' lang='lat' dir='ltr'><strong>sicut</strong></span> <span class='ocrx_word' id='word_1_762' title='bbox 3593 3069 3761 3126; x_wconf 80' lang='lat' dir='ltr'><strong>adul-</strong></span> 
     </span>
    </p>
   </div>
   <div class='ocr_carea' id='block_1_94' title="bbox 2174 3161 3760 3234">
    <p class='ocr_par' dir='ltr' id='par_1_94' title="bbox 2174 3161 3760 3234">
     <span class='ocr_line' id='line_1_94' title="bbox 2174 3161 3760 3234; baseline -0.004 -12"><span class='ocrx_word' id='word_1_763' title='bbox 2174 3165 2431 3222; x_wconf 89' lang='lat' dir='ltr'><strong>teriorum</strong></span> <span class='ocrx_word' id='word_1_764' title='bbox 2461 3164 2656 3220; x_wconf 86' lang='lat' dir='ltr'><strong>malum</strong></span> <span class='ocrx_word' id='word_1_765' title='bbox 2684 3163 2826 3218; x_wconf 92' lang='lat' dir='ltr'><strong>bono</strong></span> <span class='ocrx_word' id='word_1_766' title='bbox 2864 3163 3119 3228; x_wconf 91' lang='lat' dir='ltr'><strong>naturali,</strong></span> <span class='ocrx_word' id='word_1_767' title='bbox 3158 3161 3302 3234; x_wconf 91' lang='lat' dir='ltr'><strong>quod</strong></span> <span class='ocrx_word' id='word_1_768' title='bbox 3334 3161 3460 3217; x_wconf 88' lang='lat' dir='ltr'><strong>inde</strong></span> <span class='ocrx_word' id='word_1_769' title='bbox 3493 3161 3760 3224; x_wconf 80' lang='lat' dir='ltr'><strong>nascitur.</strong></span> 
     </span>
    </p>
   </div>
   <div class='ocr_carea' id='block_1_95' title="bbox 2173 3249 3766 3330">
    <p class='ocr_par' dir='ltr' id='par_1_95' title="bbox 2173 3249 3766 3330">
     <span class='ocr_line' id='line_1_95' title="bbox 2173 3249 3766 3330; baseline -0.007 -14"><span class='ocrx_word' id='word_1_770' title='bbox 2173 3275 2280 3316; x_wconf 86' lang='lat' dir='ltr'><strong>non</strong></span> <span class='ocrx_word' id='word_1_771' title='bbox 2301 3268 2478 3330; x_wconf 90' lang='lat' dir='ltr'><strong>potest</strong></span> <span class='ocrx_word' id='word_1_772' title='bbox 2494 3259 2768 3322; x_wconf 67' lang='lat' dir='ltr'><strong>excusaris</strong></span> <span class='ocrx_word' id='word_1_773' title='bbox 2793 3255 2894 3327; x_wconf 87' lang='lat' dir='ltr'><strong>(De</strong></span> <span class='ocrx_word' id='word_1_774' title='bbox 2907 3255 3132 3326; x_wconf 84' lang='lat' dir='ltr'><strong>Nupt.et</strong></span> <span class='ocrx_word' id='word_1_775' title='bbox 3147 3252 3396 3326; x_wconf 83' lang='lat' dir='ltr'><strong>Coneup.,</strong></span> <span class='ocrx_word' id='word_1_776' title='bbox 3419 3253 3506 3308; x_wconf 87' lang='lat' dir='ltr'><strong>lib.</strong></span> <span class='ocrx_word' id='word_1_777' title='bbox 3524 3253 3572 3318; x_wconf 79' lang='lat' dir='ltr'><strong>I,</strong></span> <span class='ocrx_word' id='word_1_778' title='bbox 3594 3269 3648 3306; x_wconf 81' lang='grc' dir='ltr'><strong>η.</strong></span> <span class='ocrx_word' id='word_1_779' title='bbox 3673 3249 3766 3324; x_wconf 75' lang='lat' dir='ltr'><strong>l)?</strong></span> 
     </span>
    </p>
   </div>
   <div class='ocr_carea' id='block_1_96' title="bbox 2179 3347 3767 3419">
    <p class='ocr_par' dir='ltr' id='par_1_96' title="bbox 2179 3347 3767 3419">
     <span class='ocr_line' id='line_1_96' title="bbox 2179 3347 3767 3419; baseline -0.004 -15"><span class='ocrx_word' id='word_1_780' title='bbox 2179 3369 2201 3404; x_wconf 73' lang='grc' dir='ltr'><strong><em>ο</em></strong></span> <span class='ocrx_word' id='word_1_781' title='bbox 2224 3351 2316 3406; x_wconf 86' lang='lat' dir='ltr'><strong>llis</strong></span> <span class='ocrx_word' id='word_1_782' title='bbox 2340 3349 2696 3414; x_wconf 89' lang='lat' dir='ltr'><strong>sermonibus,</strong></span> <span class='ocrx_word' id='word_1_783' title='bbox 2724 3369 2744 3401; x_wconf 69' lang='grc' dir='ltr'><strong>ι</strong></span> <span class='ocrx_word' id='word_1_784' title='bbox 2776 3348 2966 3418; x_wconf 89' lang='lat' dir='ltr'><strong>inquit,</strong></span> <span class='ocrx_word' id='word_1_785' title='bbox 2989 3366 3008 3399; x_wconf 70' lang='grc' dir='ltr'>ι</span> <span class='ocrx_word' id='word_1_786' title='bbox 3042 3347 3182 3419; x_wconf 88' lang='lat' dir='ltr'><strong>quod</strong></span> <span class='ocrx_word' id='word_1_787' title='bbox 3220 3359 3509 3415; x_wconf 71' lang='lat' dir='ltr'><strong>negaveras</strong></span> <span class='ocrx_word' id='word_1_788' title='bbox 3535 3358 3767 3398; x_wconf 79' lang='lat' dir='ltr'><strong>conces-</strong></span> 
     </span>
    </p>
   </div>
   <div class='ocr_carea' id='block_1_97' title="bbox 2137 3433 3760 3510">
    <p class='ocr_par' dir='ltr' id='par_1_97' title="bbox 2137 3433 3760 3510">
     <span class='ocr_line' id='line_1_97' title="bbox 2137 3433 3760 3510; baseline -0.005 -14"><span class='ocrx_word' id='word_1_789' title='bbox 2137 3459 2139 3461; x_wconf 58' lang='grc' dir='ltr'>ί</span> <span class='ocrx_word' id='word_1_790' title='bbox 2174 3440 2324 3504; x_wconf 88' lang='lat' dir='ltr'><strong>sisti,</strong></span> <span class='ocrx_word' id='word_1_791' title='bbox 2349 3439 2490 3510; x_wconf 87' lang='lat' dir='ltr'><strong>quod</strong></span> <span class='ocrx_word' id='word_1_792' title='bbox 2519 3451 2863 3494; x_wconf 84' lang='lat' dir='ltr'><strong>concesseras</strong></span> <span class='ocrx_word' id='word_1_793' title='bbox 2895 3437 3154 3492; x_wconf 86' lang='lat' dir='ltr'><strong>sustulisti</strong></span> <span class='ocrx_word' id='word_1_794' title='bbox 3187 3453 3204 3491; x_wconf 87' lang='lat'><strong>:</strong></span> <span class='ocrx_word' id='word_1_795' title='bbox 3233 3446 3288 3490; x_wconf 91' lang='lat' dir='ltr'><strong>et</strong></span> <span class='ocrx_word' id='word_1_796' title='bbox 3315 3435 3446 3490; x_wconf 89' lang='lat' dir='ltr'><strong>nihil</strong></span> <span class='ocrx_word' id='word_1_797' title='bbox 3475 3435 3642 3504; x_wconf 85' lang='lat' dir='ltr'><strong>magis</strong></span> <span class='ocrx_word' id='word_1_798' title='bbox 3665 3433 3760 3489; x_wconf 80' lang='lat' dir='ltr'><strong>la-</strong></span> 
     </span>
    </p>
   </div>
   <div class='ocr_carea' id='block_1_98' title="bbox 2175 3523 3768 3600">
    <p class='ocr_par' dir='ltr' id='par_1_98' title="bbox 2175 3523 3768 3600">
     <span class='ocr_line' id='line_1_98' title="bbox 2175 3523 3768 3600; baseline -0.004 -15"><span class='ocrx_word' id='word_1_799' title='bbox 2175 3531 2355 3596; x_wconf 85' lang='lat' dir='ltr'><strong>boras,</strong></span> <span class='ocrx_word' id='word_1_800' title='bbox 2385 3544 2542 3600; x_wconf 89' lang='lat' dir='ltr'><strong>quam</strong></span> <span class='ocrx_word' id='word_1_801' title='bbox 2569 3538 2626 3582; x_wconf 90' lang='lat' dir='ltr'><strong>ut</strong></span> <span class='ocrx_word' id='word_1_802' title='bbox 2651 3543 2836 3598; x_wconf 89' lang='lat' dir='ltr'><strong>parum</strong></span> <span class='ocrx_word' id='word_1_803' title='bbox 2860 3526 3190 3598; x_wconf 87' lang='lat' dir='ltr'><strong>intelligaris.</strong></span> <span class='ocrx_word' id='word_1_804' title='bbox 3223 3524 3456 3581; x_wconf 80' lang='lat' dir='ltr'><strong>OStende</strong></span> <span class='ocrx_word' id='word_1_805' title='bbox 3474 3523 3590 3578; x_wconf 89' lang='lat' dir='ltr'><strong>sine</strong></span> <span class='ocrx_word' id='word_1_806' title='bbox 3608 3536 3768 3578; x_wconf 86' lang='lat' dir='ltr'><strong>com-</strong></span> 
     </span>
    </p>
   </div>
   <div class='ocr_carea' id='block_1_99' title="bbox 2177 3613 3768 3692">
    <p class='ocr_par' dir='ltr' id='par_1_99' title="bbox 2177 3613 3768 3692">
     <span class='ocr_line' id='line_1_99' title="bbox 2177 3613 3768 3692; baseline -0.005 -14"><span class='ocrx_word' id='word_1_807' title='bbox 2177 3623 2434 3679; x_wconf 83' lang='lat' dir='ltr'><strong>mixtione</strong></span> <span class='ocrx_word' id='word_1_808' title='bbox 2462 3621 2674 3692; x_wconf 88' lang='lat' dir='ltr'><strong>nuptias</strong></span> <span class='ocrx_word' id='word_1_809' title='bbox 2698 3619 3006 3690; x_wconf 87' lang='lat' dir='ltr'><strong>corporales</strong></span> <span class='ocrx_word' id='word_1_810' title='bbox 3031 3633 3048 3673; x_wconf 91' lang='lat'><strong>:</strong></span> <span class='ocrx_word' id='word_1_811' title='bbox 3075 3627 3168 3674; x_wconf 85' lang='lat' dir='ltr'><strong>aut</strong></span> <span class='ocrx_word' id='word_1_812' title='bbox 3199 3633 3362 3672; x_wconf 89' lang='lat' dir='ltr'><strong>unum</strong></span> <span class='ocrx_word' id='word_1_813' title='bbox 3397 3615 3608 3685; x_wconf 89' lang='lat' dir='ltr'><strong>aliquod</strong></span> <span class='ocrx_word' id='word_1_814' title='bbox 3636 3613 3768 3670; x_wconf 74' lang='lat' dir='ltr'><strong>huic</strong></span> 
     </span>
    </p>
   </div>
   <div class='ocr_carea' id='block_1_100' title="bbox 2179 3704 3766 3784">
    <p class='ocr_par' dir='ltr' id='par_1_100' title="bbox 2179 3704 3766 3784">
     <span class='ocr_line' id='line_1_100' title="bbox 2179 3704 3766 3784; baseline -0.005 -16"><span class='ocrx_word' id='word_1_815' title='bbox 2179 3715 2327 3784; x_wconf 89' lang='lat' dir='ltr'><strong>operi</strong></span> <span class='ocrx_word' id='word_1_816' title='bbox 2369 3727 2562 3767; x_wconf 89' lang='lat' dir='ltr'><strong>nomen</strong></span> <span class='ocrx_word' id='word_1_817' title='bbox 2605 3711 2864 3782; x_wconf 89' lang='lat' dir='ltr'><strong>imponito</strong></span> <span class='ocrx_word' id='word_1_818' title='bbox 2886 3750 2904 3776; x_wconf 88' lang='lat'><strong>,</strong></span> <span class='ocrx_word' id='word_1_819' title='bbox 2953 3719 3009 3765; x_wconf 91' lang='lat' dir='ltr'><strong>et</strong></span> <span class='ocrx_word' id='word_1_820' title='bbox 3042 3709 3126 3764; x_wconf 87' lang='lat' dir='ltr'><strong>vel</strong></span> <span class='ocrx_word' id='word_1_821' title='bbox 3166 3708 3364 3764; x_wconf 90' lang='lat' dir='ltr'><strong>bonum</strong></span> <span class='ocrx_word' id='word_1_822' title='bbox 3391 3747 3408 3772; x_wconf 92' lang='lat'><strong>,</strong></span> <span class='ocrx_word' id='word_1_823' title='bbox 3445 3707 3532 3762; x_wconf 86' lang='lat' dir='ltr'><strong>vel</strong></span> <span class='ocrx_word' id='word_1_824' title='bbox 3560 3704 3766 3761; x_wconf 86' lang='lat' dir='ltr'><strong>malum</strong></span> 
     </span>
    </p>
   </div>
   <div class='ocr_carea' id='block_1_101' title="bbox 2180 3796 3768 3874">
    <p class='ocr_par' dir='ltr' id='par_1_101' title="bbox 2180 3796 3768 3874">
     <span class='ocr_line' id='line_1_101' title="bbox 2180 3796 3768 3874; baseline -0.006 -14"><span class='ocrx_word' id='word_1_825' title='bbox 2180 3801 2482 3874; x_wconf 88' lang='lat' dir='ltr'><strong>coniugium</strong></span> <span class='ocrx_word' id='word_1_826' title='bbox 2529 3809 2851 3871; x_wconf 87' lang='lat' dir='ltr'><strong>nuncupato.</strong></span> <span class='ocrx_word' id='word_1_827' title='bbox 2897 3798 3245 3870; x_wconf 85' lang='lat' dir='ltr'><strong>Spopondisti</strong></span> <span class='ocrx_word' id='word_1_828' title='bbox 3295 3797 3480 3868; x_wconf 83' lang='lat' dir='ltr'><strong>utique</strong></span> <span class='ocrx_word' id='word_1_829' title='bbox 3517 3796 3658 3852; x_wconf 83' lang='lat' dir='ltr'><strong>bona</strong></span> <span class='ocrx_word' id='word_1_830' title='bbox 3707 3803 3768 3851; x_wconf 79' lang='lat' dir='ltr'><strong>te</strong></span> 
     </span>
    </p>
   </div>
   <div class='ocr_carea' id='block_1_102' title="bbox 2181 3885 3770 3965">
    <p class='ocr_par' dir='ltr' id='par_1_102' title="bbox 2181 3885 3770 3965">
     <span class='ocr_line' id='line_1_102' title="bbox 2181 3885 3770 3965; baseline -0.007 -12"><span class='ocrx_word' id='word_1_831' title='bbox 2181 3894 2408 3953; x_wconf 84' lang='lat' dir='ltr'><strong>definire</strong></span> <span class='ocrx_word' id='word_1_832' title='bbox 2433 3893 2680 3965; x_wconf 87' lang='lat' dir='ltr'><strong>coniugia</strong></span> <span class='ocrx_word' id='word_1_833' title='bbox 2707 3893 2790 3948; x_wconf 87' lang='lat' dir='ltr'><strong>:si</strong></span> <span class='ocrx_word' id='word_1_834' title='bbox 2818 3891 3124 3962; x_wconf 80' lang='lat' dir='ltr'><strong>coniugium</strong></span> <span class='ocrx_word' id='word_1_835' title='bbox 3146 3890 3370 3958; x_wconf 89' lang='lat' dir='ltr'><strong>bonum,</strong></span> <span class='ocrx_word' id='word_1_836' title='bbox 3393 3891 3436 3945; x_wconf 92' lang='lat' dir='ltr'><strong>si</strong></span> <span class='ocrx_word' id='word_1_837' title='bbox 3461 3888 3625 3944; x_wconf 86' lang='lat' dir='ltr'><strong>homo</strong></span> <span class='ocrx_word' id='word_1_838' title='bbox 3651 3885 3770 3942; x_wconf 82' lang='lat' dir='ltr'><strong>fru-</strong></span> 
     </span>
    </p>
   </div>
   <div class='ocr_carea' id='block_1_103' title="bbox 2181 3977 3768 4054">
    <p class='ocr_par' dir='ltr' id='par_1_103' title="bbox 2181 3977 3768 4054">
     <span class='ocr_line' id='line_1_103' title="bbox 2181 3977 3768 4054; baseline -0.006 -14"><span class='ocrx_word' id='word_1_839' title='bbox 2181 3995 2300 4041; x_wconf 87' lang='lat' dir='ltr'><strong>etus</strong></span> <span class='ocrx_word' id='word_1_840' title='bbox 2333 3983 2564 4054; x_wconf 84' lang='lat' dir='ltr'><strong>coniugii</strong></span> <span class='ocrx_word' id='word_1_841' title='bbox 2595 3983 2797 4045; x_wconf 86' lang='lat' dir='ltr'><strong>bonus.</strong></span> <span class='ocrx_word' id='word_1_842' title='bbox 2833 3983 2879 4037; x_wconf 87' lang='lat' dir='ltr'><strong>si</strong></span> <span class='ocrx_word' id='word_1_843' title='bbox 2919 3982 3006 4038; x_wconf 89' lang='lat' dir='ltr'><strong>hic</strong></span> <span class='ocrx_word' id='word_1_844' title='bbox 3040 3980 3240 4036; x_wconf 85' lang='lat' dir='ltr'><strong>fructus</strong></span> <span class='ocrx_word' id='word_1_845' title='bbox 3281 3993 3417 4050; x_wconf 88' lang='lat' dir='ltr'><strong>opus</strong></span> <span class='ocrx_word' id='word_1_846' title='bbox 3456 3977 3549 4034; x_wconf 85' lang='lat' dir='ltr'><strong>Dei</strong></span> <span class='ocrx_word' id='word_1_847' title='bbox 3588 3977 3768 4032; x_wconf 84' lang='lat' dir='ltr'><strong>malus</strong></span> 
     </span>
    </p>
   </div>
   <div class='ocr_carea' id='block_1_104' title="bbox 2138 4067 3762 4144">
    <p class='ocr_par' dir='ltr' id='par_1_104' title="bbox 2138 4067 3762 4144">
     <span class='ocr_line' id='line_1_104' title="bbox 2138 4067 3762 4144; baseline -0.005 -14"><span class='ocrx_word' id='word_1_848' title='bbox 2138 4122 2147 4130; x_wconf 96' lang='lat'><strong>.</strong></span> <span class='ocrx_word' id='word_1_849' title='bbox 2183 4090 2304 4132; x_wconf 89' lang='lat' dir='ltr'><strong>esse</strong></span> <span class='ocrx_word' id='word_1_850' title='bbox 2331 4082 2440 4130; x_wconf 83' lang='lat' dir='ltr'><strong>non</strong></span> <span class='ocrx_word' id='word_1_851' title='bbox 2461 4067 2681 4144; x_wconf 77' lang='lat' dir='ltr'><strong>potest,</strong></span> <span class='ocrx_word' id='word_1_852' title='bbox 2706 4073 2798 4144; x_wconf 88' lang='lat' dir='ltr'><strong>qui</strong></span> <span class='ocrx_word' id='word_1_853' title='bbox 2838 4087 2936 4143; x_wconf 90' lang='lat' dir='ltr'><strong>per</strong></span> <span class='ocrx_word' id='word_1_854' title='bbox 2967 4071 3166 4128; x_wconf 87' lang='lat' dir='ltr'><strong>bonum</strong></span> <span class='ocrx_word' id='word_1_855' title='bbox 3200 4085 3266 4126; x_wconf 78' lang='lat' dir='ltr'><strong>ex</strong></span> <span class='ocrx_word' id='word_1_856' title='bbox 3306 4069 3449 4124; x_wconf 89' lang='lat' dir='ltr'><strong>bono</strong></span> <span class='ocrx_word' id='word_1_857' title='bbox 3483 4067 3762 4130; x_wconf 81' lang='lat' dir='ltr'><strong>nascitur;</strong></span> 
     </span>
    </p>
   </div>
   <div class='ocr_carea' id='block_1_105' title="bbox 2185 4151 3770 4235">
    <p class='ocr_par' dir='ltr' id='par_1_105' title="bbox 2185 4151 3770 4235">
     <span class='ocr_line' id='line_1_105' title="bbox 2185 4151 3770 4235; baseline -0.006 -16"><span class='ocrx_word' id='word_1_858' title='bbox 2185 4165 2276 4221; x_wconf 88' lang='lat' dir='ltr'><strong>ubi</strong></span> <span class='ocrx_word' id='word_1_859' title='bbox 2303 4165 2461 4235; x_wconf 80' lang='lat' dir='ltr'><strong>igitur</strong></span> <span class='ocrx_word' id='word_1_860' title='bbox 2488 4163 2747 4234; x_wconf 84' lang='lat' dir='ltr'><strong>originale</strong></span> <span class='ocrx_word' id='word_1_861' title='bbox 2770 4163 2968 4218; x_wconf 86' lang='lat' dir='ltr'><strong>malum</strong></span> <span class='ocrx_word' id='word_1_862' title='bbox 2993 4203 3009 4228; x_wconf 87' lang='lat'><strong>,</strong></span> <span class='ocrx_word' id='word_1_863' title='bbox 3049 4159 3192 4232; x_wconf 91' lang='lat' dir='ltr'><strong>quod</strong></span> <span class='ocrx_word' id='word_1_864' title='bbox 3227 4167 3306 4215; x_wconf 89' lang='lat' dir='ltr'><strong>tot</strong></span> <span class='ocrx_word' id='word_1_865' title='bbox 3330 4156 3653 4228; x_wconf 75' lang='lat' dir='ltr'><strong>pra-iudiciis</strong></span> <span class='ocrx_word' id='word_1_866' title='bbox 3679 4151 3770 4210; x_wconf 82' lang='lat' dir='ltr'><strong>iu-</strong></span> 
     </span>
    </p>
   </div>
   <div class='ocr_carea' id='block_1_106' title="bbox 2189 4254 2936 4324">
    <p class='ocr_par' dir='ltr' id='par_1_106' title="bbox 2189 4254 2936 4324">
     <span class='ocr_line' id='line_1_106' title="bbox 2189 4254 2936 4324; baseline -0.009 -12"><span class='ocrx_word' id='word_1_867' title='bbox 2189 4265 2506 4324; x_wconf 85' lang='lat' dir='ltr'><strong>teretnptum</strong></span> <span class='ocrx_word' id='word_1_868' title='bbox 2529 4254 2649 4308; x_wconf 77' lang='lat' dir='ltr'><strong>est?</strong></span> <span class='ocrx_word' id='word_1_869' title='bbox 2682 4271 2703 4306; x_wconf 71' lang='grc' dir='ltr'><strong><em>ι</em></strong></span> <span class='ocrx_word' id='word_1_870' title='bbox 2926 4262 2936 4268; x_wconf 91' lang='grc'><strong>·</strong></span> 
     </span>
    </p>
   </div>
   <div class='ocr_carea' id='block_1_107' title="bbox 2259 4337 3771 4412">
    <p class='ocr_par' dir='ltr' id='par_1_107' title="bbox 2259 4337 3771 4412">
     <span class='ocr_line' id='line_1_107' title="bbox 2259 4337 3771 4412; baseline -0.006 -8"><span class='ocrx_word' id='word_1_871' title='bbox 2259 4344 2484 4404; x_wconf 81' lang='lat' dir='ltr'><strong>CAPUT</strong></span> <span class='ocrx_word' id='word_1_872' title='bbox 2519 4343 2640 4400; x_wconf 74' lang='lat' dir='ltr'><strong>XX.</strong></span> <span class='ocrx_word' id='word_1_873' title='bbox 2662 4373 2733 4384; x_wconf 91' lang='lat'><strong>—</strong></span> <span class='ocrx_word' id='word_1_874' title='bbox 2751 4342 2840 4400; x_wconf 75' lang='lat'><strong>55.</strong></span> <span class='ocrx_word' id='word_1_875' title='bbox 2872 4342 2952 4398; x_wconf 80' lang='lat' dir='ltr'><strong>Ad</strong></span> <span class='ocrx_word' id='word_1_876' title='bbox 2977 4341 3092 4398; x_wconf 80' lang='lat' dir='ltr'><strong>htee</strong></span> <span class='ocrx_word' id='word_1_877' title='bbox 3117 4339 3438 4412; x_wconf 87' lang='lat' dir='ltr'><strong>respondeo,</strong></span> <span class='ocrx_word' id='word_1_878' title='bbox 3461 4354 3566 4394; x_wconf 89' lang='lat' dir='ltr'><strong>non</strong></span> <span class='ocrx_word' id='word_1_879' title='bbox 3592 4337 3771 4395; x_wconf 85' lang='lat' dir='ltr'><strong>solum</strong></span> 
     </span>
    </p>
   </div>
   <div class='ocr_carea' id='block_1_108' title="bbox 2191 4421 3772 4506">
    <p class='ocr_par' dir='ltr' id='par_1_108' title="bbox 2191 4421 3772 4506">
     <span class='ocr_line' id='line_1_108' title="bbox 2191 4421 3772 4506; baseline -0.005 -14"><span class='ocrx_word' id='word_1_880' title='bbox 2191 4437 2326 4492; x_wconf 86' lang='lat' dir='ltr'><strong>filios</strong></span> <span class='ocrx_word' id='word_1_881' title='bbox 2354 4453 2418 4492; x_wconf 79' lang='lat' dir='ltr'><strong>ex</strong></span> <span class='ocrx_word' id='word_1_882' title='bbox 2443 4434 2689 4506; x_wconf 87' lang='lat' dir='ltr'><strong>coniugio</strong></span> <span class='ocrx_word' id='word_1_883' title='bbox 2707 4475 2722 4497; x_wconf 88' lang='lat'><strong>.</strong></span> <span class='ocrx_word' id='word_1_884' title='bbox 2752 4448 2938 4489; x_wconf 76' lang='lat' dir='ltr'><strong>verum</strong></span> <span class='ocrx_word' id='word_1_885' title='bbox 2977 4433 3139 4488; x_wconf 90' lang='lat' dir='ltr'><strong>etiam</strong></span> <span class='ocrx_word' id='word_1_886' title='bbox 3180 4446 3246 4488; x_wconf 76' lang='lat' dir='ltr'><strong>ex</strong></span> <span class='ocrx_word' id='word_1_887' title='bbox 3272 4430 3536 4486; x_wconf 77' lang='lat' dir='ltr'><strong>adulterio</strong></span> <span class='ocrx_word' id='word_1_888' title='bbox 3570 4421 3772 4486; x_wconf 85' lang='lat' dir='ltr'><strong>bonum</strong></span> 
     </span>
    </p>
   </div>
   <div class='ocr_carea' id='block_1_109' title="bbox 2190 4521 3772 4598">
    <p class='ocr_par' dir='ltr' id='par_1_109' title="bbox 2190 4521 3772 4598">
     <span class='ocr_line' id='line_1_109' title="bbox 2190 4521 3772 4598; baseline -0.005 -16"><span class='ocrx_word' id='word_1_889' title='bbox 2190 4525 2404 4598; x_wconf 86' lang='lat' dir='ltr'><strong>aliquod</strong></span> <span class='ocrx_word' id='word_1_890' title='bbox 2429 4539 2584 4590; x_wconf 88' lang='lat' dir='ltr'><strong>esse,</strong></span> <span class='ocrx_word' id='word_1_891' title='bbox 2627 4523 2923 4580; x_wconf 90' lang='lat' dir='ltr'><strong>secundum</strong></span> <span class='ocrx_word' id='word_1_892' title='bbox 2962 4537 3098 4593; x_wconf 86' lang='lat' dir='ltr'><strong>opus</strong></span> <span class='ocrx_word' id='word_1_893' title='bbox 3137 4521 3232 4578; x_wconf 83' lang='lat' dir='ltr'><strong>Dei</strong></span> <span class='ocrx_word' id='word_1_894' title='bbox 3259 4538 3366 4593; x_wconf 90' lang='lat' dir='ltr'><strong>quo</strong></span> <span class='ocrx_word' id='word_1_895' title='bbox 3402 4521 3563 4578; x_wconf 89' lang='lat' dir='ltr'><strong>creati</strong></span> <span class='ocrx_word' id='word_1_896' title='bbox 3601 4530 3772 4576; x_wconf 82' lang='lat' dir='ltr'><strong>sunt:</strong></span> 
     </span>
    </p>
   </div>
   <div class='ocr_carea' id='block_1_110' title="bbox 2193 4605 3776 4684">
    <p class='ocr_par' dir='ltr' id='par_1_110' title="bbox 2193 4605 3776 4684">
     <span class='ocr_line' id='line_1_110' title="bbox 2193 4605 3776 4684; baseline -0.004 -13"><span class='ocrx_word' id='word_1_897' title='bbox 2193 4615 2482 4672; x_wconf 88' lang='lat' dir='ltr'><strong>secundum</strong></span> <span class='ocrx_word' id='word_1_898' title='bbox 2509 4622 2686 4669; x_wconf 88' lang='lat' dir='ltr'><strong>autem</strong></span> <span class='ocrx_word' id='word_1_899' title='bbox 2713 4612 2970 4684; x_wconf 82' lang='lat' dir='ltr'><strong>originale</strong></span> <span class='ocrx_word' id='word_1_900' title='bbox 2988 4621 3288 4684; x_wconf 88' lang='lat' dir='ltr'><strong>peccatum,</strong></span> <span class='ocrx_word' id='word_1_901' title='bbox 3313 4612 3366 4666; x_wconf 90' lang='lat' dir='ltr'><strong>in</strong></span> <span class='ocrx_word' id='word_1_902' title='bbox 3393 4609 3736 4666; x_wconf 86' lang='lat' dir='ltr'><strong>damnatione</strong></span> <span class='ocrx_word' id='word_1_903' title='bbox 3754 4605 3776 4640; x_wconf 83' lang='grc'><strong><em>³</em></strong></span> 
     </span>
    </p>
   </div>
   <div class='ocr_carea' id='block_1_111' title="bbox 2199 4700 3776 4776">
    <p class='ocr_par' dir='ltr' id='par_1_111' title="bbox 2199 4700 3776 4776">
     <span class='ocr_line' id='line_1_111' title="bbox 2199 4700 3776 4776; baseline -0.008 -13"><span class='ocrx_word' id='word_1_904' title='bbox 2199 4709 2348 4763; x_wconf 89' lang='lat' dir='ltr'><strong>nasci</strong></span> <span class='ocrx_word' id='word_1_905' title='bbox 2375 4722 2442 4764; x_wconf 77' lang='lat' dir='ltr'><strong>es</strong></span> <span class='ocrx_word' id='word_1_906' title='bbox 2473 4705 2640 4762; x_wconf 78' lang='lat' dir='ltr'><strong>Adam</strong></span> <span class='ocrx_word' id='word_1_907' title='bbox 2686 4705 2894 4776; x_wconf 87' lang='lat' dir='ltr'><strong>primo,</strong></span> <span class='ocrx_word' id='word_1_908' title='bbox 2936 4719 3044 4760; x_wconf 89' lang='lat' dir='ltr'><strong>non</strong></span> <span class='ocrx_word' id='word_1_909' title='bbox 3088 4703 3261 4758; x_wconf 86' lang='lat' dir='ltr'><strong>solum</strong></span> <span class='ocrx_word' id='word_1_910' title='bbox 3289 4703 3334 4758; x_wconf 86' lang='lat' dir='ltr'><strong>si</strong></span> <span class='ocrx_word' id='word_1_911' title='bbox 3379 4702 3449 4756; x_wconf 89' lang='lat' dir='ltr'><strong>de</strong></span> <span class='ocrx_word' id='word_1_912' title='bbox 3471 4700 3776 4762; x_wconf 87' lang='lat' dir='ltr'><strong>adulterio,</strong></span> 
     </span>
    </p>
   </div>
   <div class='ocr_carea' id='block_1_112' title="bbox 2199 4789 3778 4868">
    <p class='ocr_par' dir='ltr' id='par_1_112' title="bbox 2199 4789 3778 4868">
     <span class='ocr_line' id='line_1_112' title="bbox 2199 4789 3778 4868; baseline -0.008 -12"><span class='ocrx_word' id='word_1_913' title='bbox 2199 4817 2386 4858; x_wconf 86' lang='lat' dir='ltr'><strong>verum</strong></span> <span class='ocrx_word' id='word_1_914' title='bbox 2413 4800 2570 4855; x_wconf 87' lang='lat' dir='ltr'><strong>etiam</strong></span> <span class='ocrx_word' id='word_1_915' title='bbox 2597 4799 2640 4854; x_wconf 87' lang='lat' dir='ltr'><strong>sl</strong></span> <span class='ocrx_word' id='word_1_916' title='bbox 2666 4797 2734 4854; x_wconf 89' lang='lat' dir='ltr'><strong>de</strong></span> <span class='ocrx_word' id='word_1_917' title='bbox 2761 4797 3010 4868; x_wconf 85' lang='lat' dir='ltr'><strong>coniugio</strong></span> <span class='ocrx_word' id='word_1_918' title='bbox 3037 4803 3379 4866; x_wconf 75' lang='lat' dir='ltr'><strong>generentur.</strong></span> <span class='ocrx_word' id='word_1_919' title='bbox 3401 4791 3502 4847; x_wconf 74' lang='lat' dir='ltr'><strong>nisi</strong></span> <span class='ocrx_word' id='word_1_920' title='bbox 3527 4792 3580 4845; x_wconf 89' lang='lat' dir='ltr'><strong>in</strong></span> <span class='ocrx_word' id='word_1_921' title='bbox 3607 4789 3778 4845; x_wconf 75' lang='lat' dir='ltr'><strong>Adam</strong></span> 
     </span>
    </p>
   </div>
   <div class='ocr_carea' id='block_1_113' title="bbox 2199 4879 3778 4960">
    <p class='ocr_par' dir='ltr' id='par_1_113' title="bbox 2199 4879 3778 4960">
     <span class='ocr_line' id='line_1_113' title="bbox 2199 4879 3778 4960; baseline -0.011 -11"><span class='ocrx_word' id='word_1_922' title='bbox 2199 4890 2455 4954; x_wconf 86' lang='lat' dir='ltr'><strong>secundo,</strong></span> <span class='ocrx_word' id='word_1_923' title='bbox 2483 4889 2572 4960; x_wconf 91' lang='lat' dir='ltr'><strong>qui</strong></span> <span class='ocrx_word' id='word_1_924' title='bbox 2599 4897 2684 4943; x_wconf 90' lang='lat' dir='ltr'><strong>est</strong></span> <span class='ocrx_word' id='word_1_925' title='bbox 2710 4887 2974 4952; x_wconf 80' lang='lat' dir='ltr'><strong>Christus,</strong></span> <span class='ocrx_word' id='word_1_926' title='bbox 3003 4895 3402 4954; x_wconf 82' lang='lat' dir='ltr'><strong>regenerentur.</strong></span> <span class='ocrx_word' id='word_1_927' title='bbox 3425 4879 3575 4948; x_wconf 83' lang='lat' dir='ltr'><strong>Quod</strong></span> <span class='ocrx_word' id='word_1_928' title='bbox 3601 4891 3778 4934; x_wconf 79' lang='lat' dir='ltr'><strong>autem</strong></span> 
     </span>
    </p>
   </div>
   <div class='ocr_carea' id='block_1_114' title="bbox 2199 4972 3776 5051">
    <p class='ocr_par' dir='ltr' id='par_1_114' title="bbox 2199 4972 3776 5051">
     <span class='ocr_line' id='line_1_114' title="bbox 2199 4972 3776 5051; baseline -0.01 -13"><span class='ocrx_word' id='word_1_929' title='bbox 2199 4984 2274 5038; x_wconf 81' lang='lat' dir='ltr'><strong>ait</strong></span> <span class='ocrx_word' id='word_1_930' title='bbox 2297 4981 2584 5051; x_wconf 75' lang='lat' dir='ltr'><strong>Apostolus</strong></span> <span class='ocrx_word' id='word_1_931' title='bbox 2618 4979 2688 5034; x_wconf 89' lang='lat' dir='ltr'><strong>de</strong></span> <span class='ocrx_word' id='word_1_932' title='bbox 2723 4979 3012 5046; x_wconf 79' lang='lat' dir='ltr'><strong>improbis,</strong></span> <span class='ocrx_word' id='word_1_933' title='bbox 3065 4977 3260 5032; x_wconf 77' lang='lat' dir='ltr'><strong>Relicto</strong></span> <span class='ocrx_word' id='word_1_934' title='bbox 3300 4972 3525 5027; x_wconf 82' lang='lat' dir='ltr'><strong>naturali</strong></span> <span class='ocrx_word' id='word_1_935' title='bbox 3565 4989 3657 5024; x_wconf 83' lang='lat' dir='ltr'><strong>usu</strong></span> <span class='ocrx_word' id='word_1_936' title='bbox 3703 4975 3776 5042; x_wconf 67' lang='lat' dir='ltr'><strong>{o-</strong></span> 
     </span>
    </p>
   </div>
   <div class='ocr_carea' id='block_1_115' title="bbox 2201 5059 3782 5141">
    <p class='ocr_par' dir='ltr' id='par_1_115' title="bbox 2201 5059 3782 5141">
     <span class='ocr_line' id='line_1_115' title="bbox 2201 5059 3782 5141; baseline -0.01 -11"><span class='ocrx_word' id='word_1_937' title='bbox 2201 5075 2387 5141; x_wconf 71' lang='lat' dir='ltr'><strong>minar,</strong></span> <span class='ocrx_word' id='word_1_938' title='bbox 2414 5082 2706 5128; x_wconf 72' lang='lat' dir='ltr'><strong>exarserunt</strong></span> <span class='ocrx_word' id='word_1_939' title='bbox 2733 5073 2782 5124; x_wconf 80' lang='lat' dir='ltr'><strong>in</strong></span> <span class='ocrx_word' id='word_1_940' title='bbox 2809 5069 3058 5124; x_wconf 79' lang='lat' dir='ltr'><strong>desideria</strong></span> <span class='ocrx_word' id='word_1_941' title='bbox 3085 5086 3178 5122; x_wconf 81' lang='lat' dir='ltr'><strong>sua</strong></span> <span class='ocrx_word' id='word_1_942' title='bbox 3211 5069 3262 5120; x_wconf 86' lang='lat' dir='ltr'><strong>in</strong></span> <span class='ocrx_word' id='word_1_943' title='bbox 3292 5068 3503 5121; x_wconf 77' lang='lat' dir='ltr'><strong>invicem</strong></span> <span class='ocrx_word' id='word_1_944' title='bbox 3527 5104 3540 5126; x_wconf 94' lang='lat'><strong>,</strong></span> <span class='ocrx_word' id='word_1_945' title='bbox 3573 5059 3782 5116; x_wconf 59' lang='lat' dir='ltr'><strong>musculi</strong></span> 
     </span>
    </p>
   </div>
   <div class='ocr_carea' id='block_1_116' title="bbox 2203 5151 3782 5231">
    <p class='ocr_par' dir='ltr' id='par_1_116' title="bbox 2203 5151 3782 5231">
     <span class='ocr_line' id='line_1_116' title="bbox 2203 5151 3782 5231; baseline -0.013 -9"><span class='ocrx_word' id='word_1_946' title='bbox 2203 5167 2256 5222; x_wconf 87' lang='lat' dir='ltr'><strong>in</strong></span> <span class='ocrx_word' id='word_1_947' title='bbox 2291 5163 2542 5220; x_wconf 82' lang='lat' dir='ltr'><strong>masculos</strong></span> <span class='ocrx_word' id='word_1_948' title='bbox 2581 5161 2938 5231; x_wconf 81' lang='lat' dir='ltr'><strong>turpitudinem</strong></span> <span class='ocrx_word' id='word_1_949' title='bbox 2977 5170 3242 5230; x_wconf 82' lang='lat' dir='ltr'><strong>operantes</strong></span> <span class='ocrx_word' id='word_1_950' title='bbox 3268 5172 3287 5212; x_wconf 92' lang='lat'><strong><em>:</em></strong></span> <span class='ocrx_word' id='word_1_951' title='bbox 3315 5171 3418 5210; x_wconf 90' lang='lat' dir='ltr'><strong>non</strong></span> <span class='ocrx_word' id='word_1_952' title='bbox 3459 5151 3596 5208; x_wconf 69' lang='lat' dir='ltr'><strong>dixit</strong></span> <span class='ocrx_word' id='word_1_953' title='bbox 3629 5165 3782 5204; x_wconf 88' lang='lat' dir='ltr'><strong>usum</strong></span> 
     </span>
    </p>
   </div>
   <div class='ocr_carea' id='block_1_117' title="bbox 2271 5321 3789 5399">
    <p class='ocr_par' dir='ltr' id='par_1_117' title="bbox 2271 5321 3789 5399">
     <span class='ocr_line' id='line_1_117' title="bbox 2271 5321 3789 5399; baseline -0.011 -10"><span class='ocrx_word' id='word_1_954' title='bbox 2271 5340 2288 5372; x_wconf 77' lang='grc'>⁸</span> <span class='ocrx_word' id='word_1_955' title='bbox 2325 5350 2424 5389; x_wconf 74' lang='lat' dir='ltr'><strong>am.</strong></span> <span class='ocrx_word' id='word_1_956' title='bbox 2439 5345 2514 5388; x_wconf 82' lang='lat' dir='ltr'><strong>Er.</strong></span> <span class='ocrx_word' id='word_1_957' title='bbox 2531 5345 2584 5388; x_wconf 90' lang='lat' dir='ltr'><strong>et</strong></span> <span class='ocrx_word' id='word_1_958' title='bbox 2604 5333 2786 5399; x_wconf 85' lang='lat' dir='ltr'><strong>aliquot</strong></span> <span class='ocrx_word' id='word_1_959' title='bbox 2808 5341 2936 5399; x_wconf 65' lang='lat' dir='ltr'><strong>Mss,</strong></span> <span class='ocrx_word' id='word_1_960' title='bbox 2958 5331 3178 5399; x_wconf 79' lang='lat' dir='ltr'><strong>obligati.</strong></span> <span class='ocrx_word' id='word_1_961' title='bbox 3203 5328 3572 5399; x_wconf 64' lang='lat' dir='ltr'><strong>cygirannpnsis</strong></span> <span class='ocrx_word' id='word_1_962' title='bbox 3591 5333 3696 5399; x_wconf 52' lang='lat' dir='ltr'><strong>iis,</strong></span> 
     </span>
    </p>
   </div>
   <div class='ocr_carea' id='block_1_118' title="bbox 2208 5387 3789 5458">
    <p class='ocr_par' dir='ltr' id='par_1_118' title="bbox 2208 5387 3789 5458">
     <span class='ocr_line' id='line_1_118' title="bbox 2208 5387 3789 5458; baseline -0.014 -3"><span class='ocrx_word' id='word_1_963' title='bbox 2208 5387 2700 5457; x_wconf 35' lang='lat' dir='ltr'><strong>ttolittiicasaleusis;</strong></span> <span class='ocrx_word' id='word_1_964' title='bbox 2719 5395 2894 5458; x_wconf 78' lang='lat' dir='ltr'><strong>obruti.</strong></span> <span class='ocrx_word' id='word_1_965' title='bbox 2923 5387 3004 5443; x_wconf 63' lang='grc' dir='ltr'><strong>ᾸΙιί</strong></span> <span class='ocrx_word' id='word_1_966' title='bbox 3029 5387 3136 5458; x_wconf 58' lang='lat' dir='ltr'><strong>mss.</strong></span> <span class='ocrx_word' id='word_1_967' title='bbox 3179 5387 3378 5442; x_wconf 46' lang='lat' dir='ltr'><strong>et’fov.</strong></span> <span class='ocrx_word' id='word_1_968' title='bbox 3400 5387 3551 5458; x_wconf 30' lang='lat' dir='ltr'><strong>.obtiti.</strong></span> <span class='ocrx_word' id='word_1_969' title='bbox 3593 5388 3789 5458; x_wconf 70' lang='lat' dir='ltr'><strong>Dicendi</strong></span> 
     </span>
    </p>
   </div>
   <div class='ocr_carea' id='block_1_119' title="bbox 2209 5451 3784 5518">
    <p class='ocr_par' dir='ltr' id='par_1_119' title="bbox 2209 5451 3784 5518">
     <span class='ocr_line' id='line_1_119' title="bbox 2209 5451 3784 5518; baseline -0.011 -3"><span class='ocrx_word' id='word_1_970' title='bbox 2209 5451 2382 5515; x_wconf 71' lang='lat' dir='ltr'><strong>modus</strong></span> <span class='ocrx_word' id='word_1_971' title='bbox 2403 5463 2586 5510; x_wconf 83' lang='lat' dir='ltr'><strong>.tuliano</strong></span> <span class='ocrx_word' id='word_1_972' title='bbox 2621 5451 2862 5508; x_wconf 61' lang='lat' dir='ltr'><strong>{amittatis</strong></span> <span class='ocrx_word' id='word_1_973' title='bbox 2887 5453 2898 5506; x_wconf 75' lang='grc' dir='ltr'><strong>ἑ</strong></span> <span class='ocrx_word' id='word_1_974' title='bbox 2926 5461 2993 5506; x_wconf 85' lang='lat' dir='ltr'><strong>sic</strong></span> <span class='ocrx_word' id='word_1_975' title='bbox 3028 5457 3150 5518; x_wconf 74' lang='lat' dir='ltr'><strong>linro</strong></span> <span class='ocrx_word' id='word_1_976' title='bbox 3185 5463 3351 5503; x_wconf 65' lang='lat' dir='ltr'><strong>contra</strong></span> <span class='ocrx_word' id='word_1_977' title='bbox 3398 5453 3555 5514; x_wconf 68' lang='lat' dir='ltr'><strong>ipsum</strong></span> <span class='ocrx_word' id='word_1_978' title='bbox 3585 5451 3784 5514; x_wconf 82' lang='lat' dir='ltr'><strong>quinto,</strong></span> 
     </span>
    </p>
   </div>
   <div class='ocr_carea' id='block_1_120' title="bbox 2210 5517 3323 5634">
    <p class='ocr_par' dir='ltr' id='par_1_120' title="bbox 2210 5517 3323 5634">
     <span class='ocr_line' id='line_1_120' title="bbox 2210 5517 3323 5589; baseline -0.014 -12"><span class='ocrx_word' id='word_1_979' title='bbox 2210 5539 2316 5589; x_wconf 86' lang='lat' dir='ltr'><strong>cap.</strong></span> <span class='ocrx_word' id='word_1_980' title='bbox 2340 5527 2390 5582; x_wconf 76' lang='grc' dir='ltr'><strong>ἶ,</strong></span> <span class='ocrx_word' id='word_1_981' title='bbox 2421 5542 2443 5568; x_wconf 76' lang='grc' dir='ltr'>ι</span> <span class='ocrx_word' id='word_1_982' title='bbox 2468 5525 2752 5589; x_wconf 74' lang='lat' dir='ltr'><strong>ﬂagitiorum</strong></span> <span class='ocrx_word' id='word_1_983' title='bbox 2775 5521 2995 5569; x_wconf 81' lang='lat' dir='ltr'><strong>sordibus</strong></span> <span class='ocrx_word' id='word_1_984' title='bbox 3017 5517 3274 5566; x_wconf 56' lang='lat' dir='ltr'><strong>onlinatnr.</strong></span> <span class='ocrx_word' id='word_1_985' title='bbox 3303 5533 3323 5560; x_wconf 72' lang='grc' dir='ltr'><strong>ι</strong></span> 
     </span>
     <span class='ocr_line' id='line_1_121' title="bbox 2277 5590 2683 5634; baseline -0.012 1"><span class='ocrx_word' id='word_1_986' title='bbox 2277 5590 2298 5620; x_wconf 73' lang='grc'><em>³</em></span> <span class='ocrx_word' id='word_1_987' title='bbox 2331 5593 2421 5634; x_wconf 79' lang='lat' dir='ltr'><strong>Lov</strong></span> <span class='ocrx_word' id='word_1_988' title='bbox 2448 5619 2462 5634; x_wconf 89' lang='lat'><strong>.</strong></span> <span class='ocrx_word' id='word_1_989' title='bbox 2489 5595 2683 5632; x_wconf 74' lang='lat' dir='ltr'><strong>titulum.</strong></span> 
     </span>
    </p>
   </div>
   <div class='ocr_carea' id='block_1_121' title="bbox 2282 5617 3352 5706">
    <p class='ocr_par' dir='ltr' id='par_1_121' title="bbox 2282 5617 3352 5706">
     <span class='ocr_line' id='line_1_122' title="bbox 2282 5617 3352 5706; baseline -0.013 -7"><span class='ocrx_word' id='word_1_990' title='bbox 2282 5649 2301 5681; x_wconf 88' lang='grc'>³</span> <span class='ocrx_word' id='word_1_991' title='bbox 2749 5650 2802 5692; x_wconf 75' lang='lat' dir='ltr'><strong>At</strong></span> <span class='ocrx_word' id='word_1_992' title='bbox 2829 5643 2962 5702; x_wconf 62' lang='lat' dir='ltr'><strong>editi,</strong></span> <span class='ocrx_word' id='word_1_993' title='bbox 2982 5637 3352 5692; x_wconf 75' lang='lat' dir='ltr'><strong>dmutationcm.</strong></span> 
     </span>
    </p>
   </div>
  </div>
