  <div class='ocr_page' id='page_1' title='image "/cluster/home/n/w/nwhite01/storage/ocr_20150623/44/hvd.32044069687945/234.png"; bbox 0 0 4034 6182; ppageno 0'>
   <div class='ocr_carea' id='block_1_1' title="bbox 316 336 415 412">
    <p class='ocr_par' dir='ltr' id='par_1_1' title="bbox 316 336 415 412">
     <span class='ocr_line' id='line_1_1' title="bbox 316 336 415 412; baseline 0.01 -1"><span class='ocrx_word' id='word_1_1' title='bbox 316 336 415 412; x_wconf 58' lang='lat' dir='ltr'><strong>tsi</strong></span> 
     </span>
    </p>
   </div>
   <div class='ocr_carea' id='block_1_2' title="bbox 312 458 1889 557">
    <p class='ocr_par' dir='ltr' id='par_1_2' title="bbox 312 458 1889 557">
     <span class='ocr_line' id='line_1_2' title="bbox 312 458 1889 557; baseline 0 -21"><span class='ocrx_word' id='word_1_2' title='bbox 312 458 666 550; x_wconf 69' lang='lat' dir='ltr'><strong>emtutgalcnt,</strong></span> <span class='ocrx_word' id='word_1_3' title='bbox 701 458 795 557; x_wconf 75' lang='lat' dir='ltr'><strong>sed</strong></span> <span class='ocrx_word' id='word_1_4' title='bbox 817 480 1136 548; x_wconf 78' lang='lat' dir='ltr'><strong>naturalem,</strong></span> <span class='ocrx_word' id='word_1_5' title='bbox 1163 499 1282 538; x_wconf 88' lang='lat' dir='ltr'><strong>eum</strong></span> <span class='ocrx_word' id='word_1_6' title='bbox 1310 484 1491 538; x_wconf 85' lang='lat' dir='ltr'><strong>volens</strong></span> <span class='ocrx_word' id='word_1_7' title='bbox 1518 481 1759 551; x_wconf 68' lang='lat' dir='ltr'><strong>intelligi,</strong></span> <span class='ocrx_word' id='word_1_8' title='bbox 1803 485 1889 555; x_wconf 85' lang='lat' dir='ltr'><strong>qui</strong></span> 
     </span>
    </p>
   </div>
   <div class='ocr_carea' id='block_1_3' title="bbox 314 559 1897 644">
    <p class='ocr_par' dir='ltr' id='par_1_3' title="bbox 314 559 1897 644">
     <span class='ocr_line' id='line_1_3' title="bbox 314 559 1897 644; baseline 0.002 -18"><span class='ocrx_word' id='word_1_9' title='bbox 314 574 371 626; x_wconf 84' lang='lat' dir='ltr'><strong>ﬁt</strong></span> <span class='ocrx_word' id='word_1_10' title='bbox 400 571 655 627; x_wconf 82' lang='lat' dir='ltr'><strong>membris</strong></span> <span class='ocrx_word' id='word_1_11' title='bbox 681 573 743 626; x_wconf 88' lang='lat' dir='ltr'><strong>ad</strong></span> <span class='ocrx_word' id='word_1_12' title='bbox 776 573 875 627; x_wconf 76' lang='lat' dir='ltr'><strong>hoc</strong></span> <span class='ocrx_word' id='word_1_13' title='bbox 903 559 1118 637; x_wconf 63' lang='lat' dir='ltr'><strong>creatis,</strong></span> <span class='ocrx_word' id='word_1_14' title='bbox 1151 585 1206 628; x_wconf 91' lang='lat' dir='ltr'><strong>ut</strong></span> <span class='ocrx_word' id='word_1_15' title='bbox 1234 591 1327 643; x_wconf 90' lang='lat' dir='ltr'><strong>per</strong></span> <span class='ocrx_word' id='word_1_16' title='bbox 1353 590 1415 630; x_wconf 83' lang='lat' dir='ltr'><strong>ea</strong></span> <span class='ocrx_word' id='word_1_17' title='bbox 1449 573 1616 644; x_wconf 85' lang='lat' dir='ltr'><strong>possit</strong></span> <span class='ocrx_word' id='word_1_18' title='bbox 1639 574 1703 629; x_wconf 90' lang='lat' dir='ltr'><strong>ad</strong></span> <span class='ocrx_word' id='word_1_19' title='bbox 1731 590 1897 643; x_wconf 80' lang='lat' dir='ltr'><strong>gene-</strong></span> 
     </span>
    </p>
   </div>
   <div class='ocr_carea' id='block_1_4' title="bbox 312 660 1891 743">
    <p class='ocr_par' dir='ltr' id='par_1_4' title="bbox 312 660 1891 743">
     <span class='ocr_line' id='line_1_4' title="bbox 312 660 1891 743; baseline 0.003 -28"><span class='ocrx_word' id='word_1_20' title='bbox 312 660 537 716; x_wconf 88' lang='lat' dir='ltr'><strong>randum</strong></span> <span class='ocrx_word' id='word_1_21' title='bbox 583 678 742 717; x_wconf 68' lang='lat' dir='ltr'><strong>set-ts</strong></span> <span class='ocrx_word' id='word_1_22' title='bbox 784 672 1005 733; x_wconf 84' lang='lat' dir='ltr'><strong>uterque</strong></span> <span class='ocrx_word' id='word_1_23' title='bbox 1051 664 1285 719; x_wconf 76' lang='lat' dir='ltr'><strong>misceri.</strong></span> <span class='ocrx_word' id='word_1_24' title='bbox 1332 665 1542 743; x_wconf 18' lang='lat' dir='ltr'><strong>Ac‘per</strong></span> <span class='ocrx_word' id='word_1_25' title='bbox 1584 664 1726 731; x_wconf 86' lang='lat' dir='ltr'><strong>hoc,</strong></span> <span class='ocrx_word' id='word_1_26' title='bbox 1770 678 1891 719; x_wconf 86' lang='lat' dir='ltr'><strong>cum</strong></span> 
     </span>
    </p>
   </div>
   <div class='ocr_carea' id='block_1_5' title="bbox 308 753 1894 826">
    <p class='ocr_par' dir='ltr' id='par_1_5' title="bbox 308 753 1894 826">
     <span class='ocr_line' id='line_1_5' title="bbox 308 753 1894 826; baseline 0.003 -20"><span class='ocrx_word' id='word_1_27' title='bbox 308 753 514 807; x_wconf 82' lang='lat' dir='ltr'><strong>eisdem</strong></span> <span class='ocrx_word' id='word_1_28' title='bbox 558 753 812 809; x_wconf 73' lang='lat' dir='ltr'><strong>Inetnbris</strong></span> <span class='ocrx_word' id='word_1_29' title='bbox 841 755 998 810; x_wconf 85' lang='lat' dir='ltr'><strong>etiam</strong></span> <span class='ocrx_word' id='word_1_30' title='bbox 1038 755 1301 815; x_wconf 87' lang='lat' dir='ltr'><strong>meretrici</strong></span> <span class='ocrx_word' id='word_1_31' title='bbox 1341 756 1565 826; x_wconf 84' lang='lat' dir='ltr'><strong>quisque</strong></span> <span class='ocrx_word' id='word_1_32' title='bbox 1606 754 1894 821; x_wconf 78' lang='lat' dir='ltr'><strong>miscetur,</strong></span> 
     </span>
    </p>
   </div>
   <div class='ocr_carea' id='block_1_6' title="bbox 308 845 1897 918">
    <p class='ocr_par' dir='ltr' id='par_1_6' title="bbox 308 845 1897 918">
     <span class='ocr_line' id='line_1_6' title="bbox 308 845 1897 918; baseline 0.002 -20"><span class='ocrx_word' id='word_1_33' title='bbox 308 846 568 900; x_wconf 88' lang='lat' dir='ltr'><strong>naturalis</strong></span> <span class='ocrx_word' id='word_1_34' title='bbox 593 857 675 901; x_wconf 89' lang='lat' dir='ltr'><strong>est</strong></span> <span class='ocrx_word' id='word_1_35' title='bbox 701 860 847 913; x_wconf 88' lang='lat' dir='ltr'><strong>usus,</strong></span> <span class='ocrx_word' id='word_1_36' title='bbox 875 862 975 903; x_wconf 88' lang='lat' dir='ltr'><strong>nec</strong></span> <span class='ocrx_word' id='word_1_37' title='bbox 1002 857 1176 903; x_wconf 84' lang='lat' dir='ltr'><strong>tamen</strong></span> <span class='ocrx_word' id='word_1_38' title='bbox 1208 846 1504 910; x_wconf 66' lang='lat' dir='ltr'><strong>laudabilis,</strong></span> <span class='ocrx_word' id='word_1_39' title='bbox 1537 846 1628 902; x_wconf 88' lang='lat' dir='ltr'><strong>sed</strong></span> <span class='ocrx_word' id='word_1_40' title='bbox 1659 845 1897 918; x_wconf 85' lang='lat' dir='ltr'><strong>culpabi-</strong></span> 
     </span>
    </p>
   </div>
   <div class='ocr_carea' id='block_1_7' title="bbox 310 935 1898 1010">
    <p class='ocr_par' dir='ltr' id='par_1_7' title="bbox 310 935 1898 1010">
     <span class='ocr_line' id='line_1_7' title="bbox 310 935 1898 1010; baseline 0.001 -21"><span class='ocrx_word' id='word_1_41' title='bbox 310 935 399 990; x_wconf 85' lang='lat' dir='ltr'><strong>lis.</strong></span> <span class='ocrx_word' id='word_1_42' title='bbox 430 937 512 992; x_wconf 84' lang='lat' dir='ltr'><strong>Ab</strong></span> <span class='ocrx_word' id='word_1_43' title='bbox 537 937 600 993; x_wconf 84' lang='lat' dir='ltr'><strong>ea</strong></span> <span class='ocrx_word' id='word_1_44' title='bbox 627 940 754 993; x_wconf 83' lang='lat' dir='ltr'><strong>vero</strong></span> <span class='ocrx_word' id='word_1_45' title='bbox 780 947 933 1010; x_wconf 88' lang='lat' dir='ltr'><strong>parte</strong></span> <span class='ocrx_word' id='word_1_46' title='bbox 961 938 1224 1008; x_wconf 86' lang='lat' dir='ltr'><strong>corporis,</strong></span> <span class='ocrx_word' id='word_1_47' title='bbox 1261 954 1378 1007; x_wconf 72' lang='lat' dir='ltr'><strong>qnzc</strong></span> <span class='ocrx_word' id='word_1_48' title='bbox 1404 954 1511 993; x_wconf 93' lang='lat' dir='ltr'><strong>non</strong></span> <span class='ocrx_word' id='word_1_49' title='bbox 1540 937 1605 992; x_wconf 87' lang='lat' dir='ltr'><strong>ad</strong></span> <span class='ocrx_word' id='word_1_50' title='bbox 1634 953 1898 1008; x_wconf 78' lang='lat' dir='ltr'><strong>generan-</strong></span> 
     </span>
    </p>
   </div>
   <div class='ocr_carea' id='block_1_8' title="bbox 308 1026 1901 1099">
    <p class='ocr_par' dir='ltr' id='par_1_8' title="bbox 308 1026 1901 1099">
     <span class='ocr_line' id='line_1_8' title="bbox 308 1026 1901 1099; baseline 0.003 -21"><span class='ocrx_word' id='word_1_51' title='bbox 308 1026 440 1080; x_wconf 88' lang='lat' dir='ltr'><strong>dnm</strong></span> <span class='ocrx_word' id='word_1_52' title='bbox 467 1037 551 1082; x_wconf 89' lang='lat' dir='ltr'><strong>est</strong></span> <span class='ocrx_word' id='word_1_53' title='bbox 581 1026 839 1092; x_wconf 88' lang='lat' dir='ltr'><strong>instituta,</strong></span> <span class='ocrx_word' id='word_1_54' title='bbox 868 1028 911 1083; x_wconf 90' lang='lat' dir='ltr'><strong>si</strong></span> <span class='ocrx_word' id='word_1_55' title='bbox 942 1038 996 1084; x_wconf 90' lang='lat' dir='ltr'><strong>et</strong></span> <span class='ocrx_word' id='word_1_56' title='bbox 1021 1028 1244 1099; x_wconf 80' lang='lat' dir='ltr'><strong>conjuge</strong></span> <span class='ocrx_word' id='word_1_57' title='bbox 1268 1026 1491 1098; x_wconf 87' lang='lat' dir='ltr'><strong>quisque</strong></span> <span class='ocrx_word' id='word_1_58' title='bbox 1532 1036 1727 1093; x_wconf 80' lang='lat' dir='ltr'><strong>utatur,</strong></span> <span class='ocrx_word' id='word_1_59' title='bbox 1772 1044 1901 1083; x_wconf 90' lang='lat' dir='ltr'><strong>con-</strong></span> 
     </span>
    </p>
   </div>
   <div class='ocr_carea' id='block_1_9' title="bbox 310 1116 1893 1192">
    <p class='ocr_par' dir='ltr' id='par_1_9' title="bbox 310 1116 1893 1192">
     <span class='ocr_line' id='line_1_9' title="bbox 310 1116 1893 1192; baseline 0.002 -22"><span class='ocrx_word' id='word_1_60' title='bbox 310 1127 393 1171; x_wconf 78' lang='lat' dir='ltr'><strong>tra</strong></span> <span class='ocrx_word' id='word_1_61' title='bbox 426 1130 668 1174; x_wconf 89' lang='lat' dir='ltr'><strong>naturam</strong></span> <span class='ocrx_word' id='word_1_62' title='bbox 697 1129 854 1175; x_wconf 86' lang='lat' dir='ltr'><strong>estet</strong></span> <span class='ocrx_word' id='word_1_63' title='bbox 894 1117 1236 1189; x_wconf 77' lang='lat' dir='ltr'><strong>ﬂagitiosum.</strong></span> <span class='ocrx_word' id='word_1_64' title='bbox 1288 1116 1523 1190; x_wconf 90' lang='lat' dir='ltr'><strong>Denique</strong></span> <span class='ocrx_word' id='word_1_65' title='bbox 1567 1119 1712 1192; x_wconf 90' lang='lat' dir='ltr'><strong>prius</strong></span> <span class='ocrx_word' id='word_1_66' title='bbox 1754 1117 1893 1174; x_wconf 86' lang='lat' dir='ltr'><strong>idem</strong></span> 
     </span>
    </p>
   </div>
   <div class='ocr_carea' id='block_1_10' title="bbox 311 1206 1898 1281">
    <p class='ocr_par' dir='ltr' id='par_1_10' title="bbox 311 1206 1898 1281">
     <span class='ocr_line' id='line_1_10' title="bbox 311 1206 1898 1281; baseline 0.002 -21"><span class='ocrx_word' id='word_1_67' title='bbox 311 1208 590 1277; x_wconf 72' lang='lat' dir='ltr'><strong>apostolus</strong></span> <span class='ocrx_word' id='word_1_68' title='bbox 627 1209 693 1263; x_wconf 86' lang='lat' dir='ltr'><strong>tle</strong></span> <span class='ocrx_word' id='word_1_69' title='bbox 721 1206 929 1262; x_wconf 75' lang='lat' dir='ltr'><strong>feminis</strong></span> <span class='ocrx_word' id='word_1_70' title='bbox 959 1208 1129 1275; x_wconf 84' lang='lat' dir='ltr'><strong>dixit,</strong></span> <span class='ocrx_word' id='word_1_71' title='bbox 1175 1207 1310 1262; x_wconf 78' lang='lat' dir='ltr'><strong>Nam</strong></span> <span class='ocrx_word' id='word_1_72' title='bbox 1334 1211 1541 1281; x_wconf 68' lang='lat' dir='ltr'><strong>{entiam</strong></span> <span class='ocrx_word' id='word_1_73' title='bbox 1583 1224 1756 1262; x_wconf 85' lang='lat' dir='ltr'><strong>earum</strong></span> <span class='ocrx_word' id='word_1_74' title='bbox 1798 1210 1898 1264; x_wconf 80' lang='lat' dir='ltr'><strong>im-</strong></span> 
     </span>
    </p>
   </div>
   <div class='ocr_carea' id='block_1_11' title="bbox 310 1298 1902 1370">
    <p class='ocr_par' dir='ltr' id='par_1_11' title="bbox 310 1298 1902 1370">
     <span class='ocr_line' id='line_1_11' title="bbox 310 1298 1902 1370; baseline 0.003 -21"><span class='ocrx_word' id='word_1_75' title='bbox 310 1306 631 1352; x_wconf 80' lang='lat' dir='ltr'><strong>mutaverttnt</strong></span> <span class='ocrx_word' id='word_1_76' title='bbox 659 1298 936 1353; x_wconf 69' lang='lat' dir='ltr'><strong>naturalem</strong></span> <span class='ocrx_word' id='word_1_77' title='bbox 967 1315 1112 1353; x_wconf 79' lang='lat' dir='ltr'><strong>usum</strong></span> <span class='ocrx_word' id='word_1_78' title='bbox 1139 1299 1189 1352; x_wconf 83' lang='lat' dir='ltr'><strong>in</strong></span> <span class='ocrx_word' id='word_1_79' title='bbox 1214 1316 1325 1353; x_wconf 84' lang='lat' dir='ltr'><strong>eum</strong></span> <span class='ocrx_word' id='word_1_80' title='bbox 1343 1316 1490 1353; x_wconf 79' lang='lat' dir='ltr'><strong>usum</strong></span> <span class='ocrx_word' id='word_1_81' title='bbox 1514 1299 1597 1370; x_wconf 84' lang='lat' dir='ltr'><strong>qui</strong></span> <span class='ocrx_word' id='word_1_82' title='bbox 1626 1310 1696 1355; x_wconf 78' lang='lat' dir='ltr'><strong>est</strong></span> <span class='ocrx_word' id='word_1_83' title='bbox 1719 1311 1902 1354; x_wconf 69' lang='lat' dir='ltr'><strong>contra</strong></span> 
     </span>
    </p>
   </div>
   <div class='ocr_carea' id='block_1_12' title="bbox 311 1385 1902 1458">
    <p class='ocr_par' dir='ltr' id='par_1_12' title="bbox 311 1385 1902 1458">
     <span class='ocr_line' id='line_1_12' title="bbox 311 1385 1902 1458; baseline 0.004 -18"><span class='ocrx_word' id='word_1_84' title='bbox 311 1396 551 1441; x_wconf 74' lang='lat' dir='ltr'><strong>naturam</strong></span> <span class='ocrx_word' id='word_1_85' title='bbox 594 1385 767 1458; x_wconf 82' lang='lat' dir='ltr'><strong>(Rom.</strong></span> <span class='ocrx_word' id='word_1_86' title='bbox 802 1404 851 1452; x_wconf 91' lang='lat' dir='ltr'><strong>t,</strong></span> <span class='ocrx_word' id='word_1_87' title='bbox 882 1387 981 1449; x_wconf 77' lang='lat'><strong>‘27,</strong></span> <span class='ocrx_word' id='word_1_88' title='bbox 1018 1387 1109 1457; x_wconf 73' lang='lat'><strong>26)</strong></span> <span class='ocrx_word' id='word_1_89' title='bbox 1142 1407 1153 1441; x_wconf 91' lang='lat'><strong>:</strong></span> <span class='ocrx_word' id='word_1_90' title='bbox 1183 1388 1377 1443; x_wconf 89' lang='lat' dir='ltr'><strong>deinde</strong></span> <span class='ocrx_word' id='word_1_91' title='bbox 1400 1430 1414 1452; x_wconf 96' lang='lat'><strong>,</strong></span> <span class='ocrx_word' id='word_1_92' title='bbox 1452 1390 1519 1443; x_wconf 89' lang='lat' dir='ltr'><strong>de</strong></span> <span class='ocrx_word' id='word_1_93' title='bbox 1560 1390 1811 1445; x_wconf 66' lang='lat' dir='ltr'><strong>mastulis</strong></span> <span class='ocrx_word' id='word_1_94' title='bbox 1848 1390 1902 1446; x_wconf 67' lang='grc' dir='ltr'><strong>ἰὴ</strong></span> 
     </span>
    </p>
   </div>
   <div class='ocr_carea' id='block_1_13' title="bbox 310 1477 1900 1549">
    <p class='ocr_par' dir='ltr' id='par_1_13' title="bbox 310 1477 1900 1549">
     <span class='ocr_line' id='line_1_13' title="bbox 310 1477 1900 1549; baseline 0.002 -18"><span class='ocrx_word' id='word_1_95' title='bbox 310 1478 584 1533; x_wconf 69' lang='lat' dir='ltr'><strong>unaSculos</strong></span> <span class='ocrx_word' id='word_1_96' title='bbox 609 1479 983 1549; x_wconf 86' lang='lat' dir='ltr'><strong>turpitudinem</strong></span> <span class='ocrx_word' id='word_1_97' title='bbox 1016 1479 1375 1549; x_wconf 80' lang='lat' dir='ltr'><strong>operantibus,</strong></span> <span class='ocrx_word' id='word_1_98' title='bbox 1407 1477 1591 1536; x_wconf 75' lang='lat' dir='ltr'><strong>relicto</strong></span> <span class='ocrx_word' id='word_1_99' title='bbox 1617 1495 1716 1535; x_wconf 89' lang='lat' dir='ltr'><strong>usu</strong></span> <span class='ocrx_word' id='word_1_100' title='bbox 1745 1478 1900 1535; x_wconf 85' lang='lat' dir='ltr'><strong>femi-</strong></span> 
     </span>
    </p>
   </div>
   <div class='ocr_carea' id='block_1_14' title="bbox 310 1569 1903 1640">
    <p class='ocr_par' dir='ltr' id='par_1_14' title="bbox 310 1569 1903 1640">
     <span class='ocr_line' id='line_1_14' title="bbox 310 1569 1903 1640; baseline -0.001 -16"><span class='ocrx_word' id='word_1_101' title='bbox 310 1574 421 1624; x_wconf 73' lang='lat' dir='ltr'><strong>neo</strong></span> <span class='ocrx_word' id='word_1_102' title='bbox 451 1569 699 1623; x_wconf 82' lang='lat' dir='ltr'><strong>naturali.</strong></span> <span class='ocrx_word' id='word_1_103' title='bbox 731 1569 842 1623; x_wconf 86' lang='lat' dir='ltr'><strong>Non</strong></span> <span class='ocrx_word' id='word_1_104' title='bbox 869 1586 995 1640; x_wconf 84' lang='lat' dir='ltr'><strong>ergo</strong></span> <span class='ocrx_word' id='word_1_105' title='bbox 1022 1569 1123 1624; x_wconf 86' lang='lat' dir='ltr'><strong>isto</strong></span> <span class='ocrx_word' id='word_1_106' title='bbox 1151 1570 1384 1637; x_wconf 87' lang='lat' dir='ltr'><strong>nomine,</strong></span> <span class='ocrx_word' id='word_1_107' title='bbox 1418 1571 1469 1625; x_wconf 89' lang='lat' dir='ltr'><strong>id</strong></span> <span class='ocrx_word' id='word_1_108' title='bbox 1496 1579 1573 1627; x_wconf 82' lang='lat' dir='ltr'><strong>est</strong></span> <span class='ocrx_word' id='word_1_109' title='bbox 1593 1612 1608 1636; x_wconf 87' lang='lat'><strong>,</strong></span> <span class='ocrx_word' id='word_1_110' title='bbox 1639 1578 1733 1625; x_wconf 76' lang='lat' dir='ltr'><strong>usu</strong></span> <span class='ocrx_word' id='word_1_111' title='bbox 1763 1580 1903 1625; x_wconf 82' lang='lat' dir='ltr'><strong>natu-</strong></span> 
     </span>
    </p>
   </div>
   <div class='ocr_carea' id='block_1_15' title="bbox 312 1659 1902 1729">
    <p class='ocr_par' dir='ltr' id='par_1_15' title="bbox 312 1659 1902 1729">
     <span class='ocr_line' id='line_1_15' title="bbox 312 1659 1902 1729; baseline 0.001 -16"><span class='ocrx_word' id='word_1_112' title='bbox 312 1659 449 1724; x_wconf 83' lang='lat' dir='ltr'><strong>rali,</strong></span> <span class='ocrx_word' id='word_1_113' title='bbox 484 1659 776 1729; x_wconf 68' lang='lat' dir='ltr'><strong>conjugalis</strong></span> <span class='ocrx_word' id='word_1_114' title='bbox 816 1667 897 1714; x_wconf 86' lang='lat' dir='ltr'><strong>est</strong></span> <span class='ocrx_word' id='word_1_115' title='bbox 932 1659 1139 1714; x_wconf 74' lang='lat' dir='ltr'><strong>laudata</strong></span> <span class='ocrx_word' id='word_1_116' title='bbox 1167 1661 1506 1723; x_wconf 79' lang='lat' dir='ltr'><strong>commixtio.</strong></span> <span class='ocrx_word' id='word_1_117' title='bbox 1550 1659 1643 1716; x_wconf 84' lang='lat' dir='ltr'><strong>sed</strong></span> <span class='ocrx_word' id='word_1_118' title='bbox 1672 1660 1902 1715; x_wconf 85' lang='lat' dir='ltr'><strong>immun-</strong></span> 
     </span>
    </p>
   </div>
   <div class='ocr_carea' id='block_1_16' title="bbox 308 1747 1900 1821">
    <p class='ocr_par' dir='ltr' id='par_1_16' title="bbox 308 1747 1900 1821">
     <span class='ocr_line' id='line_1_16' title="bbox 308 1747 1900 1821; baseline 0.003 -20"><span class='ocrx_word' id='word_1_119' title='bbox 308 1747 468 1803; x_wconf 81' lang='lat' dir='ltr'><strong>diora</strong></span> <span class='ocrx_word' id='word_1_120' title='bbox 510 1758 566 1804; x_wconf 83' lang='lat' dir='ltr'><strong>et</strong></span> <span class='ocrx_word' id='word_1_121' title='bbox 604 1747 941 1804; x_wconf 77' lang='lat' dir='ltr'><strong>sceleratiora</strong></span> <span class='ocrx_word' id='word_1_122' title='bbox 974 1747 1169 1821; x_wconf 77' lang='lat' dir='ltr'><strong>ﬂagitia</strong></span> <span class='ocrx_word' id='word_1_123' title='bbox 1207 1749 1454 1804; x_wconf 86' lang='lat' dir='ltr'><strong>denotata</strong></span> <span class='ocrx_word' id='word_1_124' title='bbox 1482 1759 1639 1815; x_wconf 83' lang='lat' dir='ltr'><strong>sunt,</strong></span> <span class='ocrx_word' id='word_1_125' title='bbox 1667 1764 1825 1821; x_wconf 86' lang='lat' dir='ltr'><strong>quam</strong></span> <span class='ocrx_word' id='word_1_126' title='bbox 1857 1750 1900 1805; x_wconf 92' lang='lat' dir='ltr'><strong>si</strong></span> 
     </span>
    </p>
   </div>
   <div class='ocr_carea' id='block_1_17' title="bbox 314 1838 1840 1913">
    <p class='ocr_par' dir='ltr' id='par_1_17' title="bbox 314 1838 1840 1913">
     <span class='ocr_line' id='line_1_17' title="bbox 314 1838 1840 1913; baseline 0 -19"><span class='ocrx_word' id='word_1_127' title='bbox 314 1838 502 1894; x_wconf 85' lang='lat' dir='ltr'><strong>iiiicite</strong></span> <span class='ocrx_word' id='word_1_128' title='bbox 527 1847 582 1894; x_wconf 89' lang='lat' dir='ltr'><strong>et</strong></span> <span class='ocrx_word' id='word_1_129' title='bbox 609 1839 849 1906; x_wconf 80' lang='lat' dir='ltr'><strong>feminis,</strong></span> <span class='ocrx_word' id='word_1_130' title='bbox 874 1840 967 1894; x_wconf 90' lang='lat' dir='ltr'><strong>sed</strong></span> <span class='ocrx_word' id='word_1_131' title='bbox 997 1851 1170 1913; x_wconf 85' lang='lat' dir='ltr'><strong>tamen</strong></span> <span class='ocrx_word' id='word_1_132' title='bbox 1199 1841 1511 1897; x_wconf 79' lang='lat' dir='ltr'><strong>naturaliter</strong></span> <span class='ocrx_word' id='word_1_133' title='bbox 1540 1852 1840 1897; x_wconf 84' lang='lat' dir='ltr'><strong>uterentur.</strong></span> 
     </span>
    </p>
   </div>
   <div class='ocr_carea' id='block_1_18' title="bbox 388 1929 1900 1988">
    <p class='ocr_par' dir='ltr' id='par_1_18' title="bbox 388 1929 1900 1988">
     <span class='ocr_line' id='line_1_18' title="bbox 388 1929 1900 1988; baseline -0.001 -1"><span class='ocrx_word' id='word_1_134' title='bbox 388 1929 618 1988; x_wconf 76' lang='lat' dir='ltr'><strong>CAPUT</strong></span> <span class='ocrx_word' id='word_1_135' title='bbox 654 1930 797 1987; x_wconf 81' lang='lat' dir='ltr'><strong>XXI.</strong></span> <span class='ocrx_word' id='word_1_136' title='bbox 824 1961 898 1973; x_wconf 88' lang='lat'><em>-</em></span> <span class='ocrx_word' id='word_1_137' title='bbox 924 1932 1014 1987; x_wconf 77' lang='lat'><strong>36.</strong></span> <span class='ocrx_word' id='word_1_138' title='bbox 1048 1932 1245 1987; x_wconf 86' lang='lat' dir='ltr'><strong>Panem</strong></span> <span class='ocrx_word' id='word_1_139' title='bbox 1270 1930 1397 1986; x_wconf 83' lang='lat' dir='ltr'><strong>vero</strong></span> <span class='ocrx_word' id='word_1_140' title='bbox 1418 1939 1474 1987; x_wconf 86' lang='lat' dir='ltr'><strong>et</strong></span> <span class='ocrx_word' id='word_1_141' title='bbox 1494 1932 1670 1986; x_wconf 78' lang='lat' dir='ltr'><strong>vinum</strong></span> <span class='ocrx_word' id='word_1_142' title='bbox 1698 1934 1774 1987; x_wconf 91' lang='lat' dir='ltr'><strong>sic</strong></span> <span class='ocrx_word' id='word_1_143' title='bbox 1797 1944 1900 1986; x_wconf 91' lang='lat' dir='ltr'><strong>non</strong></span> 
     </span>
    </p>
   </div>
   <div class='ocr_carea' id='block_1_19' title="bbox 314 2016 1902 2094">
    <p class='ocr_par' dir='ltr' id='par_1_19' title="bbox 314 2016 1902 2094">
     <span class='ocr_line' id='line_1_19' title="bbox 314 2016 1902 2094; baseline -0.001 -16"><span class='ocrx_word' id='word_1_144' title='bbox 314 2016 763 2093; x_wconf 80' lang='lat' dir='ltr'><strong>reprehendimus</strong></span> <span class='ocrx_word' id='word_1_145' title='bbox 792 2031 1009 2093; x_wconf 86' lang='lat' dir='ltr'><strong>propter</strong></span> <span class='ocrx_word' id='word_1_146' title='bbox 1035 2022 1335 2077; x_wconf 77' lang='lat' dir='ltr'><strong>luxuriosos</strong></span> <span class='ocrx_word' id='word_1_147' title='bbox 1359 2032 1414 2077; x_wconf 88' lang='lat' dir='ltr'><strong>et</strong></span> <span class='ocrx_word' id='word_1_148' title='bbox 1443 2023 1684 2078; x_wconf 80' lang='lat' dir='ltr'><strong>ebriosos</strong></span> <span class='ocrx_word' id='word_1_149' title='bbox 1704 2065 1719 2086; x_wconf 94' lang='lat'><strong>,</strong></span> <span class='ocrx_word' id='word_1_150' title='bbox 1765 2035 1902 2094; x_wconf 81' lang='lat' dir='ltr'><strong>quo-</strong></span> 
     </span>
    </p>
   </div>
   <div class='ocr_carea' id='block_1_20' title="bbox 317 2108 1904 2185">
    <p class='ocr_par' dir='ltr' id='par_1_20' title="bbox 317 2108 1904 2185">
     <span class='ocr_line' id='line_1_20' title="bbox 317 2108 1904 2185; baseline 0.001 -18"><span class='ocrx_word' id='word_1_151' title='bbox 317 2115 480 2169; x_wconf 89' lang='lat' dir='ltr'><strong>modo</strong></span> <span class='ocrx_word' id='word_1_152' title='bbox 511 2129 608 2170; x_wconf 92' lang='lat' dir='ltr'><strong>nec</strong></span> <span class='ocrx_word' id='word_1_153' title='bbox 627 2130 815 2170; x_wconf 82' lang='lat' dir='ltr'><strong>aurum</strong></span> <span class='ocrx_word' id='word_1_154' title='bbox 849 2124 1063 2185; x_wconf 90' lang='lat' dir='ltr'><strong>propter</strong></span> <span class='ocrx_word' id='word_1_155' title='bbox 1083 2114 1306 2185; x_wconf 90' lang='lat' dir='ltr'><strong>cupidos</strong></span> <span class='ocrx_word' id='word_1_156' title='bbox 1330 2110 1384 2170; x_wconf 87' lang='lat' dir='ltr'><strong>et</strong></span> <span class='ocrx_word' id='word_1_157' title='bbox 1409 2126 1618 2170; x_wconf 83' lang='lat' dir='ltr'><strong>avaros.</strong></span> <span class='ocrx_word' id='word_1_158' title='bbox 1643 2108 1904 2183; x_wconf 78' lang='lat' dir='ltr'><strong>Quocirca</strong></span> 
     </span>
    </p>
   </div>
   <div class='ocr_carea' id='block_1_21' title="bbox 315 2204 1905 2275">
    <p class='ocr_par' dir='ltr' id='par_1_21' title="bbox 315 2204 1905 2275">
     <span class='ocr_line' id='line_1_21' title="bbox 315 2204 1905 2275; baseline 0 -15"><span class='ocrx_word' id='word_1_159' title='bbox 315 2204 753 2260; x_wconf 80' lang='lat' dir='ltr'><strong>commixtionem</strong></span> <span class='ocrx_word' id='word_1_160' title='bbox 797 2220 1005 2275; x_wconf 87' lang='lat' dir='ltr'><strong>quoque</strong></span> <span class='ocrx_word' id='word_1_161' title='bbox 1040 2204 1317 2260; x_wconf 85' lang='lat' dir='ltr'><strong>honestam</strong></span> <span class='ocrx_word' id='word_1_162' title='bbox 1358 2206 1639 2275; x_wconf 80' lang='lat' dir='ltr'><strong>conjugum</strong></span> <span class='ocrx_word' id='word_1_163' title='bbox 1676 2221 1779 2260; x_wconf 91' lang='lat' dir='ltr'><strong>non</strong></span> <span class='ocrx_word' id='word_1_164' title='bbox 1820 2221 1905 2260; x_wconf 87' lang='lat' dir='ltr'><strong>re-</strong></span> 
     </span>
    </p>
   </div>
   <div class='ocr_carea' id='block_1_22' title="bbox 318 2294 1900 2367">
    <p class='ocr_par' dir='ltr' id='par_1_22' title="bbox 318 2294 1900 2367">
     <span class='ocr_line' id='line_1_22' title="bbox 318 2294 1900 2367; baseline 0.002 -18"><span class='ocrx_word' id='word_1_165' title='bbox 318 2294 705 2364; x_wconf 84' lang='lat' dir='ltr'><strong>prehendimus</strong></span> <span class='ocrx_word' id='word_1_166' title='bbox 734 2306 949 2367; x_wconf 80' lang='lat' dir='ltr'><strong>propter</strong></span> <span class='ocrx_word' id='word_1_167' title='bbox 979 2296 1276 2367; x_wconf 85' lang='lat' dir='ltr'><strong>pudendam</strong></span> <span class='ocrx_word' id='word_1_168' title='bbox 1298 2312 1581 2367; x_wconf 88' lang='lat' dir='ltr'><strong>corporum</strong></span> <span class='ocrx_word' id='word_1_169' title='bbox 1606 2297 1900 2353; x_wconf 85' lang='lat' dir='ltr'><strong>libidinem.</strong></span> 
     </span>
    </p>
   </div>
   <div class='ocr_carea' id='block_1_23' title="bbox 317 2384 1905 2459">
    <p class='ocr_par' dir='ltr' id='par_1_23' title="bbox 317 2384 1905 2459">
     <span class='ocr_line' id='line_1_23' title="bbox 317 2384 1905 2459; baseline 0.003 -19"><span class='ocrx_word' id='word_1_170' title='bbox 317 2384 415 2441; x_wconf 79' lang='lat' dir='ltr'><strong>lila</strong></span> <span class='ocrx_word' id='word_1_171' title='bbox 440 2386 582 2440; x_wconf 88' lang='lat' dir='ltr'><strong>enim</strong></span> <span class='ocrx_word' id='word_1_172' title='bbox 612 2398 793 2456; x_wconf 89' lang='lat' dir='ltr'><strong>posset</strong></span> <span class='ocrx_word' id='word_1_173' title='bbox 819 2402 939 2443; x_wconf 89' lang='lat' dir='ltr'><strong>esse</strong></span> <span class='ocrx_word' id='word_1_174' title='bbox 965 2388 1108 2443; x_wconf 88' lang='lat' dir='ltr'><strong>nulla</strong></span> <span class='ocrx_word' id='word_1_175' title='bbox 1134 2388 1472 2458; x_wconf 65' lang='lat' dir='ltr'><strong>przecedente</strong></span> <span class='ocrx_word' id='word_1_176' title='bbox 1511 2386 1905 2459; x_wconf 79' lang='lat' dir='ltr'><strong>perpetratione</strong></span> 
     </span>
    </p>
   </div>
   <div class='ocr_carea' id='block_1_24' title="bbox 290 2474 1907 2549">
    <p class='ocr_par' dir='ltr' id='par_1_24' title="bbox 290 2474 1907 2549">
     <span class='ocr_line' id='line_1_24' title="bbox 290 2474 1907 2549; baseline 0.002 -20"><span class='ocrx_word' id='word_1_177' title='bbox 290 2476 547 2547; x_wconf 62' lang='lat' dir='ltr'><strong>Jieccati,</strong></span> <span class='ocrx_word' id='word_1_178' title='bbox 580 2476 647 2530; x_wconf 90' lang='lat' dir='ltr'><strong>de</strong></span> <span class='ocrx_word' id='word_1_179' title='bbox 675 2491 776 2548; x_wconf 89' lang='lat' dir='ltr'><strong>qua</strong></span> <span class='ocrx_word' id='word_1_180' title='bbox 805 2492 908 2531; x_wconf 92' lang='lat' dir='ltr'><strong>non</strong></span> <span class='ocrx_word' id='word_1_181' title='bbox 937 2474 1311 2533; x_wconf 84' lang='lat' dir='ltr'><strong>erubescerent</strong></span> <span class='ocrx_word' id='word_1_182' title='bbox 1335 2479 1599 2549; x_wconf 73' lang='lat' dir='ltr'><strong>coniugati</strong></span> <span class='ocrx_word' id='word_1_183' title='bbox 1631 2497 1645 2533; x_wconf 87' lang='lat'><strong>:</strong></span> <span class='ocrx_word' id='word_1_184' title='bbox 1673 2479 1787 2534; x_wconf 66' lang='lat' dir='ltr'><strong>haec</strong></span> <span class='ocrx_word' id='word_1_185' title='bbox 1811 2494 1907 2533; x_wconf 89' lang='lat' dir='ltr'><strong>au-</strong></span> 
     </span>
    </p>
   </div>
   <div class='ocr_carea' id='block_1_25' title="bbox 321 2570 1907 2641">
    <p class='ocr_par' dir='ltr' id='par_1_25' title="bbox 321 2570 1907 2641">
     <span class='ocr_line' id='line_1_25' title="bbox 321 2570 1907 2641; baseline 0.004 -23"><span class='ocrx_word' id='word_1_186' title='bbox 321 2573 429 2619; x_wconf 90' lang='lat' dir='ltr'><strong>tem</strong></span> <span class='ocrx_word' id='word_1_187' title='bbox 460 2576 646 2621; x_wconf 79' lang='lat' dir='ltr'><strong>exorta</strong></span> <span class='ocrx_word' id='word_1_188' title='bbox 673 2575 756 2621; x_wconf 89' lang='lat' dir='ltr'><strong>est</strong></span> <span class='ocrx_word' id='word_1_189' title='bbox 783 2574 899 2637; x_wconf 87' lang='lat' dir='ltr'><strong>post</strong></span> <span class='ocrx_word' id='word_1_190' title='bbox 925 2577 1198 2639; x_wconf 83' lang='lat' dir='ltr'><strong>peccatum</strong></span> <span class='ocrx_word' id='word_1_191' title='bbox 1220 2611 1236 2637; x_wconf 94' lang='lat'><strong>,</strong></span> <span class='ocrx_word' id='word_1_192' title='bbox 1265 2585 1423 2641; x_wconf 90' lang='lat' dir='ltr'><strong>quam</strong></span> <span class='ocrx_word' id='word_1_193' title='bbox 1462 2570 1631 2625; x_wconf 81' lang='lat' dir='ltr'><strong>coacti</strong></span> <span class='ocrx_word' id='word_1_194' title='bbox 1662 2577 1785 2625; x_wconf 86' lang='lat' dir='ltr'><strong>sunt</strong></span> <span class='ocrx_word' id='word_1_195' title='bbox 1810 2586 1907 2625; x_wconf 79' lang='lat' dir='ltr'><strong>re-</strong></span> 
     </span>
    </p>
   </div>
   <div class='ocr_carea' id='block_1_26' title="bbox 322 2656 1906 2732">
    <p class='ocr_par' dir='ltr' id='par_1_26' title="bbox 322 2656 1906 2732">
     <span class='ocr_line' id='line_1_26' title="bbox 322 2656 1906 2732; baseline 0.003 -21"><span class='ocrx_word' id='word_1_196' title='bbox 322 2656 435 2711; x_wconf 78' lang='lat' dir='ltr'><strong>iare</strong></span> <span class='ocrx_word' id='word_1_197' title='bbox 458 2657 665 2713; x_wconf 89' lang='lat' dir='ltr'><strong>confusi</strong></span> <span class='ocrx_word' id='word_1_198' title='bbox 697 2656 848 2732; x_wconf 78' lang='lat' dir='ltr'><strong>(Gen.</strong></span> <span class='ocrx_word' id='word_1_199' title='bbox 878 2674 934 2714; x_wconf 84' lang='lat' dir='ltr'><strong>tu</strong></span> <span class='ocrx_word' id='word_1_200' title='bbox 954 2702 970 2726; x_wconf 93' lang='lat'><strong>,</strong></span> <span class='ocrx_word' id='word_1_201' title='bbox 1014 2659 1091 2730; x_wconf 91' lang='lat'><strong>7).</strong></span> <span class='ocrx_word' id='word_1_202' title='bbox 1123 2658 1275 2718; x_wconf 85' lang='lat' dir='ltr'><strong>Unde</strong></span> <span class='ocrx_word' id='word_1_203' title='bbox 1304 2662 1560 2716; x_wconf 86' lang='lat' dir='ltr'><strong>remansit</strong></span> <span class='ocrx_word' id='word_1_204' title='bbox 1590 2661 1906 2730; x_wconf 85' lang='lat' dir='ltr'><strong>posteriori-</strong></span> 
     </span>
    </p>
   </div>
   <div class='ocr_carea' id='block_1_27' title="bbox 323 2745 1909 2816">
    <p class='ocr_par' dir='ltr' id='par_1_27' title="bbox 323 2745 1909 2816">
     <span class='ocr_line' id='line_1_27' title="bbox 323 2745 1909 2816; baseline 0.004 -16"><span class='ocrx_word' id='word_1_205' title='bbox 323 2745 424 2800; x_wconf 74' lang='lat' dir='ltr'><strong>bus</strong></span> <span class='ocrx_word' id='word_1_206' title='bbox 448 2747 1038 2816; x_wconf 33' lang='lat' dir='ltr'><strong>coniugatis,,quamvis</strong></span> <span class='ocrx_word' id='word_1_207' title='bbox 1064 2750 1165 2804; x_wconf 90' lang='lat' dir='ltr'><strong>hoc</strong></span> <span class='ocrx_word' id='word_1_208' title='bbox 1192 2751 1333 2805; x_wconf 89' lang='lat' dir='ltr'><strong>malo</strong></span> <span class='ocrx_word' id='word_1_209' title='bbox 1355 2750 1488 2806; x_wconf 86' lang='lat' dir='ltr'><strong>bene</strong></span> <span class='ocrx_word' id='word_1_210' title='bbox 1508 2759 1563 2807; x_wconf 89' lang='lat' dir='ltr'><strong>et</strong></span> <span class='ocrx_word' id='word_1_211' title='bbox 1582 2749 1726 2806; x_wconf 88' lang='lat' dir='ltr'><strong>licite</strong></span> <span class='ocrx_word' id='word_1_212' title='bbox 1754 2760 1909 2807; x_wconf 75' lang='lat' dir='ltr'><strong>utan-</strong></span> 
     </span>
    </p>
   </div>
   <div class='ocr_carea' id='block_1_28' title="bbox 326 2836 1909 2917">
    <p class='ocr_par' dir='ltr' id='par_1_28' title="bbox 326 2836 1909 2917">
     <span class='ocr_line' id='line_1_28' title="bbox 326 2836 1909 2917; baseline 0.006 -26"><span class='ocrx_word' id='word_1_213' title='bbox 326 2839 500 2904; x_wconf 88' lang='lat' dir='ltr'><strong>tibus,</strong></span> <span class='ocrx_word' id='word_1_214' title='bbox 545 2839 596 2893; x_wconf 91' lang='lat' dir='ltr'><strong>in</strong></span> <span class='ocrx_word' id='word_1_215' title='bbox 636 2836 897 2909; x_wconf 74' lang='lat' dir='ltr'><strong>ejusmodi</strong></span> <span class='ocrx_word' id='word_1_216' title='bbox 936 2857 1098 2911; x_wconf 90' lang='lat' dir='ltr'><strong>opere</strong></span> <span class='ocrx_word' id='word_1_217' title='bbox 1138 2842 1429 2898; x_wconf 87' lang='lat' dir='ltr'><strong>humanum</strong></span> <span class='ocrx_word' id='word_1_218' title='bbox 1477 2844 1646 2901; x_wconf 85' lang='lat' dir='ltr'><strong>vitare</strong></span> <span class='ocrx_word' id='word_1_219' title='bbox 1681 2848 1909 2917; x_wconf 86' lang='lat' dir='ltr'><strong>conspe-</strong></span> 
     </span>
    </p>
   </div>
   <div class='ocr_carea' id='block_1_29' title="bbox 322 2933 1905 3006">
    <p class='ocr_par' dir='ltr' id='par_1_29' title="bbox 322 2933 1905 3006">
     <span class='ocr_line' id='line_1_29' title="bbox 322 2933 1905 3006; baseline 0.006 -23"><span class='ocrx_word' id='word_1_220' title='bbox 322 2934 504 2996; x_wconf 86' lang='lat' dir='ltr'><strong>ctum,</strong></span> <span class='ocrx_word' id='word_1_221' title='bbox 534 2941 692 3001; x_wconf 89' lang='lat' dir='ltr'><strong>atque</strong></span> <span class='ocrx_word' id='word_1_222' title='bbox 734 2933 804 2988; x_wconf 87' lang='lat' dir='ltr'><strong>ita</strong></span> <span class='ocrx_word' id='word_1_223' title='bbox 831 2933 1072 2989; x_wconf 83' lang='lat' dir='ltr'><strong>confiteri</strong></span> <span class='ocrx_word' id='word_1_224' title='bbox 1110 2935 1250 3006; x_wconf 87' lang='lat' dir='ltr'><strong>quod</strong></span> <span class='ocrx_word' id='word_1_225' title='bbox 1288 2936 1588 3005; x_wconf 86' lang='lat' dir='ltr'><strong>pudendum</strong></span> <span class='ocrx_word' id='word_1_226' title='bbox 1627 2946 1743 3001; x_wconf 92' lang='lat' dir='ltr'><strong>est,</strong></span> <span class='ocrx_word' id='word_1_227' title='bbox 1786 2954 1905 2993; x_wconf 87' lang='lat' dir='ltr'><strong>cum</strong></span> 
     </span>
    </p>
   </div>
   <div class='ocr_carea' id='block_1_30' title="bbox 322 3018 1902 3096">
    <p class='ocr_par' dir='ltr' id='par_1_30' title="bbox 322 3018 1902 3096">
     <span class='ocr_line' id='line_1_30' title="bbox 322 3018 1902 3096; baseline 0.006 -21"><span class='ocrx_word' id='word_1_228' title='bbox 322 3018 517 3076; x_wconf 83' lang='lat' dir='ltr'><strong>debeat</strong></span> <span class='ocrx_word' id='word_1_229' title='bbox 556 3023 819 3079; x_wconf 80' lang='lat' dir='ltr'><strong>neminem</strong></span> <span class='ocrx_word' id='word_1_230' title='bbox 860 3022 1056 3093; x_wconf 88' lang='lat' dir='ltr'><strong>pudere</strong></span> <span class='ocrx_word' id='word_1_231' title='bbox 1095 3025 1236 3096; x_wconf 90' lang='lat' dir='ltr'><strong>quod</strong></span> <span class='ocrx_word' id='word_1_232' title='bbox 1271 3025 1467 3081; x_wconf 88' lang='lat' dir='ltr'><strong>bonum</strong></span> <span class='ocrx_word' id='word_1_233' title='bbox 1507 3036 1607 3083; x_wconf 82' lang='lat' dir='ltr'><strong>est.</strong></span> <span class='ocrx_word' id='word_1_234' title='bbox 1640 3025 1730 3083; x_wconf 89' lang='lat' dir='ltr'><strong>Sic</strong></span> <span class='ocrx_word' id='word_1_235' title='bbox 1772 3030 1902 3085; x_wconf 81' lang='lat' dir='ltr'><strong>insi-</strong></span> 
     </span>
    </p>
   </div>
   <div class='ocr_carea' id='block_1_31' title="bbox 323 3111 1905 3188">
    <p class='ocr_par' dir='ltr' id='par_1_31' title="bbox 323 3111 1905 3188">
     <span class='ocr_line' id='line_1_31' title="bbox 323 3111 1905 3188; baseline 0.007 -26"><span class='ocrx_word' id='word_1_236' title='bbox 323 3111 696 3165; x_wconf 65' lang='lat' dir='ltr'><strong>nuanturita-c</strong></span> <span class='ocrx_word' id='word_1_237' title='bbox 719 3112 847 3179; x_wconf 89' lang='lat' dir='ltr'><strong>duo,</strong></span> <span class='ocrx_word' id='word_1_238' title='bbox 875 3122 930 3169; x_wconf 87' lang='lat' dir='ltr'><strong>et</strong></span> <span class='ocrx_word' id='word_1_239' title='bbox 955 3114 1147 3168; x_wconf 89' lang='lat' dir='ltr'><strong>bonum</strong></span> <span class='ocrx_word' id='word_1_240' title='bbox 1179 3114 1455 3171; x_wconf 72' lang='lat' dir='ltr'><strong>laudanda:</strong></span> <span class='ocrx_word' id='word_1_241' title='bbox 1478 3117 1870 3188; x_wconf 72' lang='lat' dir='ltr'><strong>coniunctionis</strong></span> <span class='ocrx_word' id='word_1_242' title='bbox 1886 3158 1905 3187; x_wconf 90' lang='lat'><strong>,</strong></span> 
     </span>
    </p>
   </div>
   <div class='ocr_carea' id='block_1_32' title="bbox 322 3198 1904 3277">
    <p class='ocr_par' dir='ltr' id='par_1_32' title="bbox 322 3198 1904 3277">
     <span class='ocr_line' id='line_1_32' title="bbox 322 3198 1904 3277; baseline 0.008 -25"><span class='ocrx_word' id='word_1_243' title='bbox 322 3198 465 3255; x_wconf 87' lang='lat' dir='ltr'><strong>unde</strong></span> <span class='ocrx_word' id='word_1_244' title='bbox 492 3200 583 3254; x_wconf 85' lang='lat' dir='ltr'><strong>filii</strong></span> <span class='ocrx_word' id='word_1_245' title='bbox 622 3210 975 3272; x_wconf 74' lang='lat' dir='ltr'><strong>generentur,</strong></span> <span class='ocrx_word' id='word_1_246' title='bbox 1007 3214 1062 3260; x_wconf 89' lang='lat' dir='ltr'><strong>et</strong></span> <span class='ocrx_word' id='word_1_247' title='bbox 1091 3206 1286 3260; x_wconf 82' lang='lat' dir='ltr'><strong>malum</strong></span> <span class='ocrx_word' id='word_1_248' title='bbox 1326 3205 1586 3277; x_wconf 82' lang='lat' dir='ltr'><strong>pudendae</strong></span> <span class='ocrx_word' id='word_1_249' title='bbox 1627 3208 1865 3264; x_wconf 86' lang='lat' dir='ltr'><strong>libidinis</strong></span> <span class='ocrx_word' id='word_1_250' title='bbox 1888 3252 1904 3277; x_wconf 94' lang='lat'><strong>,</strong></span> 
     </span>
    </p>
   </div>
   <div class='ocr_carea' id='block_1_33' title="bbox 321 3290 1906 3366">
    <p class='ocr_par' dir='ltr' id='par_1_33' title="bbox 321 3290 1906 3366">
     <span class='ocr_line' id='line_1_33' title="bbox 321 3290 1906 3366; baseline 0.008 -22"><span class='ocrx_word' id='word_1_251' title='bbox 321 3290 469 3345; x_wconf 86' lang='lat' dir='ltr'><strong>unde</strong></span> <span class='ocrx_word' id='word_1_252' title='bbox 493 3291 579 3361; x_wconf 88' lang='lat' dir='ltr'><strong>qui</strong></span> <span class='ocrx_word' id='word_1_253' title='bbox 617 3301 971 3362; x_wconf 76' lang='lat' dir='ltr'><strong>generantur,</strong></span> <span class='ocrx_word' id='word_1_254' title='bbox 1002 3297 1348 3366; x_wconf 77' lang='lat' dir='ltr'><strong>regenerandi</strong></span> <span class='ocrx_word' id='word_1_255' title='bbox 1388 3307 1509 3353; x_wconf 85' lang='lat' dir='ltr'><strong>sunt</strong></span> <span class='ocrx_word' id='word_1_256' title='bbox 1544 3313 1615 3355; x_wconf 75' lang='lat' dir='ltr'><strong>ne</strong></span> <span class='ocrx_word' id='word_1_257' title='bbox 1642 3299 1906 3356; x_wconf 84' lang='lat' dir='ltr'><strong>damnen-</strong></span> 
     </span>
    </p>
   </div>
   <div class='ocr_carea' id='block_1_34' title="bbox 322 3382 1903 3458">
    <p class='ocr_par' dir='ltr' id='par_1_34' title="bbox 322 3382 1903 3458">
     <span class='ocr_line' id='line_1_34' title="bbox 322 3382 1903 3458; baseline 0.006 -23"><span class='ocrx_word' id='word_1_258' title='bbox 322 3390 431 3435; x_wconf 85' lang='lat' dir='ltr'><strong>tur.</strong></span> <span class='ocrx_word' id='word_1_259' title='bbox 461 3382 691 3438; x_wconf 82' lang='lat' dir='ltr'><strong>Proinde</strong></span> <span class='ocrx_word' id='word_1_260' title='bbox 721 3384 960 3454; x_wconf 86' lang='lat' dir='ltr'><strong>pudenda</strong></span> <span class='ocrx_word' id='word_1_261' title='bbox 992 3385 1216 3442; x_wconf 80' lang='lat' dir='ltr'><strong>libidine</strong></span> <span class='ocrx_word' id='word_1_262' title='bbox 1249 3388 1339 3458; x_wconf 87' lang='lat' dir='ltr'><strong>qui</strong></span> <span class='ocrx_word' id='word_1_263' title='bbox 1381 3387 1524 3445; x_wconf 89' lang='lat' dir='ltr'><strong>licite</strong></span> <span class='ocrx_word' id='word_1_264' title='bbox 1561 3392 1865 3447; x_wconf 86' lang='lat' dir='ltr'><strong>concumbit</strong></span> <span class='ocrx_word' id='word_1_265' title='bbox 1888 3432 1903 3458; x_wconf 95' lang='lat'><strong>,</strong></span> 
     </span>
    </p>
   </div>
   <div class='ocr_carea' id='block_1_35' title="bbox 320 3473 1906 3548">
    <p class='ocr_par' dir='ltr' id='par_1_35' title="bbox 320 3473 1906 3548">
     <span class='ocr_line' id='line_1_35' title="bbox 320 3473 1906 3548; baseline 0.006 -19"><span class='ocrx_word' id='word_1_266' title='bbox 320 3473 469 3529; x_wconf 70' lang='lat' dir='ltr'><strong>male</strong></span> <span class='ocrx_word' id='word_1_267' title='bbox 506 3474 642 3531; x_wconf 88' lang='lat' dir='ltr'><strong>bene</strong></span> <span class='ocrx_word' id='word_1_268' title='bbox 672 3477 834 3530; x_wconf 88' lang='lat' dir='ltr'><strong>utitur</strong></span> <span class='ocrx_word' id='word_1_269' title='bbox 865 3495 876 3529; x_wconf 93' lang='lat'><strong>:</strong></span> <span class='ocrx_word' id='word_1_270' title='bbox 906 3477 993 3548; x_wconf 87' lang='lat' dir='ltr'><strong>qui</strong></span> <span class='ocrx_word' id='word_1_271' title='bbox 1023 3486 1200 3533; x_wconf 87' lang='lat' dir='ltr'><strong>autem</strong></span> <span class='ocrx_word' id='word_1_272' title='bbox 1231 3479 1432 3547; x_wconf 89' lang='lat' dir='ltr'><strong>illicite,</strong></span> <span class='ocrx_word' id='word_1_273' title='bbox 1462 3482 1605 3537; x_wconf 84' lang='lat' dir='ltr'><strong>malo</strong></span> <span class='ocrx_word' id='word_1_274' title='bbox 1633 3483 1770 3537; x_wconf 86' lang='lat' dir='ltr'><strong>male</strong></span> <span class='ocrx_word' id='word_1_275' title='bbox 1801 3484 1906 3538; x_wconf 90' lang='lat' dir='ltr'><strong>nti-</strong></span> 
     </span>
    </p>
   </div>
   <div class='ocr_carea' id='block_1_36' title="bbox 320 3565 1900 3646">
    <p class='ocr_par' dir='ltr' id='par_1_36' title="bbox 320 3565 1900 3646">
     <span class='ocr_line' id='line_1_36' title="bbox 320 3565 1900 3646; baseline 0.004 -25"><span class='ocrx_word' id='word_1_276' title='bbox 320 3573 433 3621; x_wconf 71' lang='grc' dir='ltr'><strong>ων.</strong></span> <span class='ocrx_word' id='word_1_277' title='bbox 461 3565 679 3622; x_wconf 83' lang='lat' dir='ltr'><strong>Rectius</strong></span> <span class='ocrx_word' id='word_1_278' title='bbox 716 3567 863 3624; x_wconf 86' lang='lat' dir='ltr'><strong>enim</strong></span> <span class='ocrx_word' id='word_1_279' title='bbox 888 3571 1079 3641; x_wconf 88' lang='lat' dir='ltr'><strong>accipit</strong></span> <span class='ocrx_word' id='word_1_280' title='bbox 1107 3572 1125 3605; x_wconf 75' lang='grc'><strong>⁸</strong></span> <span class='ocrx_word' id='word_1_281' title='bbox 1160 3580 1352 3628; x_wconf 66' lang='lat' dir='ltr'><strong>numen</strong></span> <span class='ocrx_word' id='word_1_282' title='bbox 1389 3572 1513 3628; x_wconf 86' lang='lat' dir='ltr'><strong>mali</strong></span> <span class='ocrx_word' id='word_1_283' title='bbox 1541 3587 1699 3646; x_wconf 87' lang='lat' dir='ltr'><strong>quam</strong></span> <span class='ocrx_word' id='word_1_284' title='bbox 1742 3577 1900 3642; x_wconf 82' lang='lat' dir='ltr'><strong>boni,</strong></span> 
     </span>
    </p>
   </div>
   <div class='ocr_carea' id='block_1_37' title="bbox 318 3655 1902 3735">
    <p class='ocr_par' dir='ltr' id='par_1_37' title="bbox 318 3655 1902 3735">
     <span class='ocr_line' id='line_1_37' title="bbox 318 3655 1902 3735; baseline 0.007 -24"><span class='ocrx_word' id='word_1_285' title='bbox 318 3655 469 3712; x_wconf 85' lang='lat' dir='ltr'><strong>unde</strong></span> <span class='ocrx_word' id='word_1_286' title='bbox 502 3658 823 3714; x_wconf 84' lang='lat' dir='ltr'><strong>erubescunt</strong></span> <span class='ocrx_word' id='word_1_287' title='bbox 859 3667 914 3714; x_wconf 88' lang='lat' dir='ltr'><strong>et</strong></span> <span class='ocrx_word' id='word_1_288' title='bbox 951 3661 1074 3716; x_wconf 84' lang='lat' dir='ltr'><strong>mali</strong></span> <span class='ocrx_word' id='word_1_289' title='bbox 1103 3669 1157 3716; x_wconf 92' lang='lat' dir='ltr'><strong>et</strong></span> <span class='ocrx_word' id='word_1_290' title='bbox 1194 3662 1317 3717; x_wconf 87' lang='lat' dir='ltr'><strong>boui</strong></span> <span class='ocrx_word' id='word_1_291' title='bbox 1350 3681 1362 3716; x_wconf 92' lang='lat'>:</span> <span class='ocrx_word' id='word_1_292' title='bbox 1391 3664 1688 3735; x_wconf 77' lang='lat' dir='ltr'><strong>meliusque</strong></span> <span class='ocrx_word' id='word_1_293' title='bbox 1726 3667 1902 3722; x_wconf 81' lang='lat' dir='ltr'><strong>credi-</strong></span> 
     </span>
    </p>
   </div>
   <div class='ocr_carea' id='block_1_38' title="bbox 319 3747 1905 3822">
    <p class='ocr_par' dir='ltr' id='par_1_38' title="bbox 319 3747 1905 3822">
     <span class='ocr_line' id='line_1_38' title="bbox 319 3747 1905 3822; baseline 0.007 -21"><span class='ocrx_word' id='word_1_294' title='bbox 319 3762 444 3802; x_wconf 85' lang='lat' dir='ltr'><strong>mus</strong></span> <span class='ocrx_word' id='word_1_295' title='bbox 466 3747 514 3802; x_wconf 89' lang='lat' dir='ltr'><strong>ei</strong></span> <span class='ocrx_word' id='word_1_296' title='bbox 540 3748 631 3819; x_wconf 88' lang='lat' dir='ltr'><strong>qui</strong></span> <span class='ocrx_word' id='word_1_297' title='bbox 660 3749 818 3816; x_wconf 88' lang='lat' dir='ltr'><strong>dicit,</strong></span> <span class='ocrx_word' id='word_1_298' title='bbox 849 3749 972 3805; x_wconf 85' lang='lat' dir='ltr'><strong>Scio</strong></span> <span class='ocrx_word' id='word_1_299' title='bbox 998 3753 1115 3821; x_wconf 83' lang='lat' dir='ltr'><strong>quia</strong></span> <span class='ocrx_word' id='word_1_300' title='bbox 1144 3769 1243 3807; x_wconf 79' lang='lat' dir='ltr'><strong>non</strong></span> <span class='ocrx_word' id='word_1_301' title='bbox 1273 3753 1463 3808; x_wconf 77' lang='lat' dir='ltr'><strong>habitat</strong></span> <span class='ocrx_word' id='word_1_302' title='bbox 1492 3755 1545 3809; x_wconf 84' lang='lat' dir='ltr'><strong>in</strong></span> <span class='ocrx_word' id='word_1_303' title='bbox 1572 3774 1677 3822; x_wconf 87' lang='lat' dir='ltr'><strong>me,</strong></span> <span class='ocrx_word' id='word_1_304' title='bbox 1712 3757 1807 3811; x_wconf 84' lang='lat' dir='ltr'><strong>hoc</strong></span> <span class='ocrx_word' id='word_1_305' title='bbox 1835 3768 1905 3812; x_wconf 60' lang='lat' dir='ltr'><strong>est</strong></span> 
     </span>
    </p>
   </div>
   <div class='ocr_carea' id='block_1_39' title="bbox 321 3837 1905 3918">
    <p class='ocr_par' dir='ltr' id='par_1_39' title="bbox 321 3837 1905 3918">
     <span class='ocr_line' id='line_1_39' title="bbox 321 3837 1905 3918; baseline 0.009 -29"><span class='ocrx_word' id='word_1_306' title='bbox 321 3837 377 3891; x_wconf 81' lang='lat' dir='ltr'><strong>in</strong></span> <span class='ocrx_word' id='word_1_307' title='bbox 399 3852 553 3893; x_wconf 82' lang='lat' dir='ltr'><strong>carne</strong></span> <span class='ocrx_word' id='word_1_308' title='bbox 575 3854 686 3892; x_wconf 80' lang='lat' dir='ltr'><strong>mea</strong></span> <span class='ocrx_word' id='word_1_309' title='bbox 707 3881 722 3907; x_wconf 93' lang='lat'><strong>,</strong></span> <span class='ocrx_word' id='word_1_310' title='bbox 753 3841 935 3894; x_wconf 85' lang='lat' dir='ltr'><strong>bonum</strong></span> <span class='ocrx_word' id='word_1_311' title='bbox 966 3840 1138 3910; x_wconf 81' lang='lat' dir='ltr'><strong>(Rom.</strong></span> <span class='ocrx_word' id='word_1_312' title='bbox 1178 3859 1280 3911; x_wconf 84' lang='lat' dir='ltr'><strong>vn,</strong></span> <span class='ocrx_word' id='word_1_313' title='bbox 1322 3844 1444 3917; x_wconf 68' lang='lat'><strong>18);</strong></span> <span class='ocrx_word' id='word_1_314' title='bbox 1472 3844 1635 3916; x_wconf 85' lang='lat' dir='ltr'><strong>quam</strong></span> <span class='ocrx_word' id='word_1_315' title='bbox 1657 3847 1778 3903; x_wconf 86' lang='lat' dir='ltr'><strong>huic</strong></span> <span class='ocrx_word' id='word_1_316' title='bbox 1815 3849 1905 3918; x_wconf 88' lang='lat' dir='ltr'><strong>qui</strong></span> 
     </span>
    </p>
   </div>
   <div class='ocr_carea' id='block_1_40' title="bbox 321 3924 1906 3997">
    <p class='ocr_par' dir='ltr' id='par_1_40' title="bbox 321 3924 1906 3997">
     <span class='ocr_line' id='line_1_40' title="bbox 321 3924 1906 3997; baseline 0.009 -18"><span class='ocrx_word' id='word_1_317' title='bbox 321 3924 453 3981; x_wconf 87' lang='lat' dir='ltr'><strong>dicit</strong></span> <span class='ocrx_word' id='word_1_318' title='bbox 482 3924 585 3982; x_wconf 89' lang='lat' dir='ltr'><strong>hoc</strong></span> <span class='ocrx_word' id='word_1_319' title='bbox 613 3929 829 3995; x_wconf 88' lang='lat' dir='ltr'><strong>bonum,</strong></span> <span class='ocrx_word' id='word_1_320' title='bbox 864 3932 1001 3986; x_wconf 81' lang='lat' dir='ltr'><strong>unde</strong></span> <span class='ocrx_word' id='word_1_321' title='bbox 1027 3932 1072 3986; x_wconf 88' lang='lat' dir='ltr'><strong>si</strong></span> <span class='ocrx_word' id='word_1_322' title='bbox 1094 3934 1463 3997; x_wconf 82' lang='lat' dir='ltr'><strong>confunditur,</strong></span> <span class='ocrx_word' id='word_1_323' title='bbox 1487 3937 1771 3992; x_wconf 84' lang='lat' dir='ltr'><strong>confitetur</strong></span> <span class='ocrx_word' id='word_1_324' title='bbox 1796 3938 1906 3993; x_wconf 79' lang='lat' dir='ltr'><strong>ma-</strong></span> 
     </span>
    </p>
   </div>
   <div class='ocr_carea' id='block_1_41' title="bbox 321 4016 1902 4098">
    <p class='ocr_par' dir='ltr' id='par_1_41' title="bbox 321 4016 1902 4098">
     <span class='ocr_line' id='line_1_41' title="bbox 321 4016 1902 4098; baseline 0.008 -25"><span class='ocrx_word' id='word_1_325' title='bbox 321 4016 469 4081; x_wconf 81' lang='lat' dir='ltr'><strong>lum;</strong></span> <span class='ocrx_word' id='word_1_326' title='bbox 500 4020 546 4074; x_wconf 92' lang='lat' dir='ltr'><strong>si</strong></span> <span class='ocrx_word' id='word_1_327' title='bbox 573 4029 749 4076; x_wconf 84' lang='lat' dir='ltr'><strong>autem</strong></span> <span class='ocrx_word' id='word_1_328' title='bbox 777 4037 881 4077; x_wconf 91' lang='lat' dir='ltr'><strong>non</strong></span> <span class='ocrx_word' id='word_1_329' title='bbox 908 4023 1272 4090; x_wconf 89' lang='lat' dir='ltr'><strong>confunditur,</strong></span> <span class='ocrx_word' id='word_1_330' title='bbox 1303 4026 1450 4081; x_wconf 86' lang='lat' dir='ltr'><strong>addit</strong></span> <span class='ocrx_word' id='word_1_331' title='bbox 1478 4028 1858 4098; x_wconf 88' lang='lat' dir='ltr'><strong>impudentiam</strong></span> <span class='ocrx_word' id='word_1_332' title='bbox 1886 4072 1902 4098; x_wconf 92' lang='lat'><strong>,</strong></span> 
     </span>
    </p>
   </div>
   <div class='ocr_carea' id='block_1_42' title="bbox 323 4110 1903 4193">
    <p class='ocr_par' dir='ltr' id='par_1_42' title="bbox 323 4110 1903 4193">
     <span class='ocr_line' id='line_1_42' title="bbox 323 4110 1903 4193; baseline 0.008 -30"><span class='ocrx_word' id='word_1_333' title='bbox 323 4110 476 4180; x_wconf 85' lang='lat' dir='ltr'><strong>pejus</strong></span> <span class='ocrx_word' id='word_1_334' title='bbox 500 4112 720 4166; x_wconf 90' lang='lat' dir='ltr'><strong>malum.</strong></span> <span class='ocrx_word' id='word_1_335' title='bbox 753 4113 918 4170; x_wconf 80' lang='lat' dir='ltr'><strong>Recte</strong></span> <span class='ocrx_word' id='word_1_336' title='bbox 961 4115 1118 4185; x_wconf 79' lang='lat' dir='ltr'><strong>igitur</strong></span> <span class='ocrx_word' id='word_1_337' title='bbox 1143 4116 1374 4172; x_wconf 81' lang='lat' dir='ltr'><strong>diximus</strong></span> <span class='ocrx_word' id='word_1_338' title='bbox 1394 4158 1409 4183; x_wconf 95' lang='lat'><strong>,</strong></span> <span class='ocrx_word' id='word_1_339' title='bbox 1443 4135 1461 4169; x_wconf 72' lang='grc' dir='ltr'>ι</span> <span class='ocrx_word' id='word_1_340' title='bbox 1499 4117 1573 4174; x_wconf 89' lang='lat' dir='ltr'><strong>Ita</strong></span> <span class='ocrx_word' id='word_1_341' title='bbox 1604 4122 1903 4193; x_wconf 80' lang='lat' dir='ltr'><strong>nuptiarum</strong></span> 
     </span>
    </p>
   </div>
   <div class='ocr_carea' id='block_1_43' title="bbox 320 4199 1905 4283">
    <p class='ocr_par' dir='ltr' id='par_1_43' title="bbox 320 4199 1905 4283">
     <span class='ocr_line' id='line_1_43' title="bbox 320 4199 1905 4283; baseline 0.009 -29"><span class='ocrx_word' id='word_1_342' title='bbox 320 4199 523 4256; x_wconf 85' lang='lat' dir='ltr'><strong>bonum</strong></span> <span class='ocrx_word' id='word_1_343' title='bbox 553 4202 694 4259; x_wconf 86' lang='lat' dir='ltr'><strong>maio</strong></span> <span class='ocrx_word' id='word_1_344' title='bbox 718 4206 960 4274; x_wconf 78' lang='lat' dir='ltr'><strong>originali</strong></span> <span class='ocrx_word' id='word_1_345' title='bbox 988 4248 1003 4272; x_wconf 94' lang='lat'><strong>,</strong></span> <span class='ocrx_word' id='word_1_346' title='bbox 1045 4207 1185 4277; x_wconf 89' lang='lat' dir='ltr'><strong>quod</strong></span> <span class='ocrx_word' id='word_1_347' title='bbox 1216 4208 1339 4263; x_wconf 87' lang='lat' dir='ltr'><strong>inde</strong></span> <span class='ocrx_word' id='word_1_348' title='bbox 1366 4208 1595 4264; x_wconf 88' lang='lat' dir='ltr'><strong>trahitur</strong></span> <span class='ocrx_word' id='word_1_349' title='bbox 1616 4250 1632 4274; x_wconf 89' lang='lat'><strong>,</strong></span> <span class='ocrx_word' id='word_1_350' title='bbox 1665 4226 1771 4266; x_wconf 91' lang='lat' dir='ltr'><strong>non</strong></span> <span class='ocrx_word' id='word_1_351' title='bbox 1809 4226 1905 4283; x_wconf 89' lang='lat' dir='ltr'><strong>po-</strong></span> 
     </span>
    </p>
   </div>
   <div class='ocr_carea' id='block_1_44' title="bbox 319 4294 1942 4359">
    <p class='ocr_par' dir='ltr' id='par_1_44' title="bbox 319 4294 1942 4359">
     <span class='ocr_line' id='line_1_44' title="bbox 319 4294 1942 4359; baseline 0.008 -15"><span class='ocrx_word' id='word_1_352' title='bbox 319 4294 430 4346; x_wconf 70' lang='lat' dir='ltr'><strong>test</strong></span> <span class='ocrx_word' id='word_1_353' title='bbox 457 4294 728 4359; x_wconf 88' lang='lat' dir='ltr'><strong>accusari;</strong></span> <span class='ocrx_word' id='word_1_354' title='bbox 755 4295 893 4350; x_wconf 85' lang='lat' dir='ltr'><strong>sicut</strong></span> <span class='ocrx_word' id='word_1_355' title='bbox 921 4297 1302 4352; x_wconf 87' lang='lat' dir='ltr'><strong>adulteriorum</strong></span> <span class='ocrx_word' id='word_1_356' title='bbox 1340 4299 1536 4353; x_wconf 83' lang='lat' dir='ltr'><strong>malum</strong></span> <span class='ocrx_word' id='word_1_357' title='bbox 1565 4299 1707 4355; x_wconf 87' lang='lat' dir='ltr'><strong>b0n0</strong></span> <span class='ocrx_word' id='word_1_358' title='bbox 1746 4312 1904 4357; x_wconf 86' lang='lat' dir='ltr'><strong>natu-</strong></span> <span class='ocrx_word' id='word_1_359' title='bbox 1937 4325 1942 4330; x_wconf 88' lang='grc'><strong>-</strong></span> 
     </span>
    </p>
   </div>
   <div class='ocr_carea' id='block_1_45' title="bbox 323 4383 1909 4463">
    <p class='ocr_par' dir='ltr' id='par_1_45' title="bbox 323 4383 1909 4463">
     <span class='ocr_line' id='line_1_45' title="bbox 323 4383 1909 4463; baseline 0.006 -26"><span class='ocrx_word' id='word_1_360' title='bbox 323 4383 445 4448; x_wconf 81' lang='lat' dir='ltr'><strong>rati,</strong></span> <span class='ocrx_word' id='word_1_361' title='bbox 474 4383 615 4454; x_wconf 90' lang='lat' dir='ltr'><strong>quod</strong></span> <span class='ocrx_word' id='word_1_362' title='bbox 643 4385 764 4440; x_wconf 92' lang='lat' dir='ltr'><strong>inde</strong></span> <span class='ocrx_word' id='word_1_363' title='bbox 793 4388 1043 4451; x_wconf 86' lang='lat' dir='ltr'><strong>nascitur,</strong></span> <span class='ocrx_word' id='word_1_364' title='bbox 1073 4402 1179 4443; x_wconf 91' lang='lat' dir='ltr'><strong>non</strong></span> <span class='ocrx_word' id='word_1_365' title='bbox 1205 4396 1377 4458; x_wconf 87' lang='lat' dir='ltr'><strong>potest</strong></span> <span class='ocrx_word' id='word_1_366' title='bbox 1401 4390 1642 4445; x_wconf 82' lang='lat' dir='ltr'><strong>excusari</strong></span> <span class='ocrx_word' id='word_1_367' title='bbox 1673 4408 1686 4445; x_wconf 90' lang='lat'><strong>:</strong></span> <span class='ocrx_word' id='word_1_368' title='bbox 1724 4411 1744 4444; x_wconf 72' lang='grc' dir='ltr'><strong>ι</strong></span> <span class='ocrx_word' id='word_1_369' title='bbox 1773 4406 1909 4463; x_wconf 83' lang='lat' dir='ltr'><strong>quo-</strong></span> 
     </span>
    </p>
   </div>
   <div class='ocr_carea' id='block_1_46' title="bbox 323 4473 1901 4554">
    <p class='ocr_par' dir='ltr' id='par_1_46' title="bbox 323 4473 1901 4554">
     <span class='ocr_line' id='line_1_46' title="bbox 323 4473 1901 4554; baseline 0.005 -25"><span class='ocrx_word' id='word_1_370' title='bbox 323 4473 469 4529; x_wconf 77' lang='lat' dir='ltr'><strong>niam</strong></span> <span class='ocrx_word' id='word_1_371' title='bbox 509 4480 697 4531; x_wconf 79' lang='lat' dir='ltr'><strong>natura</strong></span> <span class='ocrx_word' id='word_1_372' title='bbox 727 4476 956 4533; x_wconf 89' lang='lat' dir='ltr'><strong>humana</strong></span> <span class='ocrx_word' id='word_1_373' title='bbox 992 4494 1110 4549; x_wconf 76' lang='lat' dir='ltr'><strong>qua:</strong></span> <span class='ocrx_word' id='word_1_374' title='bbox 1141 4481 1375 4535; x_wconf 88' lang='lat' dir='ltr'><strong>nascitur</strong></span> <span class='ocrx_word' id='word_1_375' title='bbox 1411 4480 1491 4536; x_wconf 87' lang='lat' dir='ltr'><strong>vel</strong></span> <span class='ocrx_word' id='word_1_376' title='bbox 1532 4480 1598 4537; x_wconf 88' lang='lat' dir='ltr'><strong>de</strong></span> <span class='ocrx_word' id='word_1_377' title='bbox 1626 4482 1901 4554; x_wconf 74' lang='lat' dir='ltr'><strong>coniugio,</strong></span> 
     </span>
    </p>
   </div>
   <div class='ocr_carea' id='block_1_47' title="bbox 324 4568 1902 4644">
    <p class='ocr_par' dir='ltr' id='par_1_47' title="bbox 324 4568 1902 4644">
     <span class='ocr_line' id='line_1_47' title="bbox 324 4568 1902 4644; baseline 0.005 -23"><span class='ocrx_word' id='word_1_378' title='bbox 324 4568 411 4623; x_wconf 81' lang='lat' dir='ltr'><strong>vel</strong></span> <span class='ocrx_word' id='word_1_379' title='bbox 432 4568 499 4624; x_wconf 90' lang='lat' dir='ltr'><strong>de</strong></span> <span class='ocrx_word' id='word_1_380' title='bbox 525 4568 808 4635; x_wconf 82' lang='lat' dir='ltr'><strong>adulterio,</strong></span> <span class='ocrx_word' id='word_1_381' title='bbox 842 4571 936 4626; x_wconf 85' lang='lat' dir='ltr'><strong>Dei</strong></span> <span class='ocrx_word' id='word_1_382' title='bbox 966 4586 1103 4641; x_wconf 90' lang='lat' dir='ltr'><strong>opus</strong></span> <span class='ocrx_word' id='word_1_383' title='bbox 1130 4582 1231 4628; x_wconf 72' lang='grc' dir='ltr'><strong>εει.</strong></span> <span class='ocrx_word' id='word_1_384' title='bbox 1265 4571 1394 4640; x_wconf 76' lang='lat' dir='ltr'><strong>Qua:</strong></span> <span class='ocrx_word' id='word_1_385' title='bbox 1419 4573 1465 4629; x_wconf 90' lang='lat' dir='ltr'><strong>si</strong></span> <span class='ocrx_word' id='word_1_386' title='bbox 1492 4574 1690 4630; x_wconf 88' lang='lat' dir='ltr'><strong>malum</strong></span> <span class='ocrx_word' id='word_1_387' title='bbox 1720 4586 1902 4644; x_wconf 88' lang='lat' dir='ltr'><strong>esset,</strong></span> 
     </span>
    </p>
   </div>
   <div class='ocr_carea' id='block_1_48' title="bbox 322 4661 1906 4731">
    <p class='ocr_par' dir='ltr' id='par_1_48' title="bbox 322 4661 1906 4731">
     <span class='ocr_line' id='line_1_48' title="bbox 322 4661 1906 4731; baseline 0.006 -19"><span class='ocrx_word' id='word_1_388' title='bbox 322 4673 430 4713; x_wconf 88' lang='lat' dir='ltr'><strong>non</strong></span> <span class='ocrx_word' id='word_1_389' title='bbox 457 4668 600 4716; x_wconf 85' lang='lat' dir='ltr'><strong>esset</strong></span> <span class='ocrx_word' id='word_1_390' title='bbox 622 4661 960 4731; x_wconf 76' lang='lat' dir='ltr'><strong>generanda;</strong></span> <span class='ocrx_word' id='word_1_391' title='bbox 987 4663 1031 4717; x_wconf 85' lang='lat' dir='ltr'><strong>si</strong></span> <span class='ocrx_word' id='word_1_392' title='bbox 1060 4663 1255 4717; x_wconf 86' lang='lat' dir='ltr'><strong>malum</strong></span> <span class='ocrx_word' id='word_1_393' title='bbox 1279 4678 1383 4718; x_wconf 92' lang='lat' dir='ltr'><strong>non</strong></span> <span class='ocrx_word' id='word_1_394' title='bbox 1411 4663 1653 4731; x_wconf 86' lang='lat' dir='ltr'><strong>haberet,</strong></span> <span class='ocrx_word' id='word_1_395' title='bbox 1683 4682 1789 4721; x_wconf 90' lang='lat' dir='ltr'><strong>non</strong></span> <span class='ocrx_word' id='word_1_396' title='bbox 1817 4680 1906 4722; x_wconf 84' lang='lat' dir='ltr'><strong>es-</strong></span> 
     </span>
    </p>
   </div>
   <div class='ocr_carea' id='block_1_49' title="bbox 323 4750 1907 4824">
    <p class='ocr_par' dir='ltr' id='par_1_49' title="bbox 323 4750 1907 4824">
     <span class='ocr_line' id='line_1_49' title="bbox 323 4750 1907 4824; baseline 0.006 -21"><span class='ocrx_word' id='word_1_397' title='bbox 323 4757 410 4803; x_wconf 85' lang='lat' dir='ltr'><strong>set</strong></span> <span class='ocrx_word' id='word_1_398' title='bbox 435 4750 798 4820; x_wconf 70' lang='lat' dir='ltr'><strong>regeneranda</strong></span> <span class='ocrx_word' id='word_1_399' title='bbox 832 4771 846 4807; x_wconf 89' lang='lat'>:</span> <span class='ocrx_word' id='word_1_400' title='bbox 877 4762 1035 4824; x_wconf 82' lang='lat' dir='ltr'><strong>atque</strong></span> <span class='ocrx_word' id='word_1_401' title='bbox 1071 4761 1129 4807; x_wconf 85' lang='lat' dir='ltr'><strong>ut</strong></span> <span class='ocrx_word' id='word_1_402' title='bbox 1163 4752 1231 4808; x_wconf 86' lang='lat' dir='ltr'><strong>ad</strong></span> <span class='ocrx_word' id='word_1_403' title='bbox 1262 4769 1421 4808; x_wconf 90' lang='lat' dir='ltr'><strong>unum</strong></span> <span class='ocrx_word' id='word_1_404' title='bbox 1452 4755 1672 4811; x_wconf 85' lang='lat' dir='ltr'><strong>verbum</strong></span> <span class='ocrx_word' id='word_1_405' title='bbox 1703 4767 1907 4812; x_wconf 83' lang='lat' dir='ltr'><strong>utrum-</strong></span> 
     </span>
    </p>
   </div>
   <div class='ocr_carea' id='block_1_50' title="bbox 322 4842 1905 4923">
    <p class='ocr_par' dir='ltr' id='par_1_50' title="bbox 322 4842 1905 4923">
     <span class='ocr_line' id='line_1_50' title="bbox 322 4842 1905 4923; baseline 0.006 -29"><span class='ocrx_word' id='word_1_406' title='bbox 322 4854 429 4910; x_wconf 79' lang='lat' dir='ltr'><strong>que</strong></span> <span class='ocrx_word' id='word_1_407' title='bbox 453 4842 789 4910; x_wconf 83' lang='lat' dir='ltr'><strong>concludam,</strong></span> <span class='ocrx_word' id='word_1_408' title='bbox 816 4854 1004 4899; x_wconf 80' lang='lat' dir='ltr'><strong>natura</strong></span> <span class='ocrx_word' id='word_1_409' title='bbox 1035 4845 1263 4900; x_wconf 89' lang='lat' dir='ltr'><strong>humana</strong></span> <span class='ocrx_word' id='word_1_410' title='bbox 1290 4846 1333 4899; x_wconf 92' lang='lat' dir='ltr'><strong>si</strong></span> <span class='ocrx_word' id='word_1_411' title='bbox 1365 4846 1560 4901; x_wconf 87' lang='lat' dir='ltr'><strong>malum</strong></span> <span class='ocrx_word' id='word_1_412' title='bbox 1586 4856 1763 4923; x_wconf 80' lang='lat' dir='ltr'><strong>esset,</strong></span> <span class='ocrx_word' id='word_1_413' title='bbox 1796 4848 1905 4904; x_wconf 83' lang='lat' dir='ltr'><strong>sal-</strong></span> 
     </span>
    </p>
   </div>
   <div class='ocr_carea' id='block_1_51' title="bbox 321 4930 1906 5004">
    <p class='ocr_par' dir='ltr' id='par_1_51' title="bbox 321 4930 1906 5004">
     <span class='ocr_line' id='line_1_51' title="bbox 321 4930 1906 5004; baseline 0.008 -21"><span class='ocrx_word' id='word_1_414' title='bbox 321 4930 495 4986; x_wconf 71' lang='lat' dir='ltr'><strong>Vanda</strong></span> <span class='ocrx_word' id='word_1_415' title='bbox 522 4946 628 4988; x_wconf 90' lang='lat' dir='ltr'><strong>non</strong></span> <span class='ocrx_word' id='word_1_416' title='bbox 658 4944 839 4998; x_wconf 84' lang='lat' dir='ltr'><strong>esset;</strong></span> <span class='ocrx_word' id='word_1_417' title='bbox 885 4935 928 4989; x_wconf 88' lang='lat' dir='ltr'><strong>si</strong></span> <span class='ocrx_word' id='word_1_418' title='bbox 959 4934 1009 4989; x_wconf 88' lang='lat' dir='ltr'><strong>ei</strong></span> <span class='ocrx_word' id='word_1_419' title='bbox 1051 4937 1173 4990; x_wconf 82' lang='lat' dir='ltr'><strong>mali</strong></span> <span class='ocrx_word' id='word_1_420' title='bbox 1213 4936 1343 4991; x_wconf 90' lang='lat' dir='ltr'><strong>nihil</strong></span> <span class='ocrx_word' id='word_1_421' title='bbox 1374 4936 1610 5004; x_wconf 87' lang='lat' dir='ltr'><strong>inesset,</strong></span> <span class='ocrx_word' id='word_1_422' title='bbox 1656 4940 1906 4995; x_wconf 66' lang='lat' dir='ltr'><strong>salvanda</strong></span> 
     </span>
    </p>
   </div>
   <div class='ocr_carea' id='block_1_52' title="bbox 322 5023 1901 5096">
    <p class='ocr_par' dir='ltr' id='par_1_52' title="bbox 322 5023 1901 5096">
     <span class='ocr_line' id='line_1_52' title="bbox 322 5023 1901 5096; baseline 0.006 -21"><span class='ocrx_word' id='word_1_423' title='bbox 322 5033 429 5075; x_wconf 82' lang='lat' dir='ltr'><strong>non</strong></span> <span class='ocrx_word' id='word_1_424' title='bbox 453 5030 623 5079; x_wconf 82' lang='lat' dir='ltr'><strong>esset.</strong></span> <span class='ocrx_word' id='word_1_425' title='bbox 667 5023 767 5091; x_wconf 84' lang='lat' dir='ltr'><strong>Qui</strong></span> <span class='ocrx_word' id='word_1_426' title='bbox 803 5037 930 5096; x_wconf 78' lang='lat' dir='ltr'><strong>ergo</strong></span> <span class='ocrx_word' id='word_1_427' title='bbox 960 5026 1088 5080; x_wconf 89' lang='lat' dir='ltr'><strong>dicit</strong></span> <span class='ocrx_word' id='word_1_428' title='bbox 1114 5042 1230 5080; x_wconf 89' lang='lat' dir='ltr'><strong>eam</strong></span> <span class='ocrx_word' id='word_1_429' title='bbox 1260 5027 1454 5082; x_wconf 86' lang='lat' dir='ltr'><strong>bonum</strong></span> <span class='ocrx_word' id='word_1_430' title='bbox 1495 5044 1599 5084; x_wconf 91' lang='lat' dir='ltr'><strong>non</strong></span> <span class='ocrx_word' id='word_1_431' title='bbox 1627 5046 1745 5087; x_wconf 89' lang='lat' dir='ltr'><strong>esse</strong></span> <span class='ocrx_word' id='word_1_432' title='bbox 1765 5073 1780 5092; x_wconf 88' lang='lat'><strong>,</strong></span> <span class='ocrx_word' id='word_1_433' title='bbox 1811 5031 1901 5087; x_wconf 86' lang='lat' dir='ltr'><strong>bo-</strong></span> 
     </span>
    </p>
   </div>
   <div class='ocr_carea' id='block_1_53' title="bbox 323 5112 1909 5191">
    <p class='ocr_par' dir='ltr' id='par_1_53' title="bbox 323 5112 1909 5191">
     <span class='ocr_line' id='line_1_53' title="bbox 323 5112 1909 5191; baseline 0.008 -24"><span class='ocrx_word' id='word_1_434' title='bbox 323 5126 450 5167; x_wconf 83' lang='lat' dir='ltr'><strong>tmm</strong></span> <span class='ocrx_word' id='word_1_435' title='bbox 477 5125 633 5184; x_wconf 82' lang='lat' dir='ltr'><strong>negat</strong></span> <span class='ocrx_word' id='word_1_436' title='bbox 661 5112 889 5172; x_wconf 76' lang='lat' dir='ltr'><strong>condita.-</strong></span> <span class='ocrx_word' id='word_1_437' title='bbox 918 5129 1211 5173; x_wconf 84' lang='lat' dir='ltr'><strong>creatorem</strong></span> <span class='ocrx_word' id='word_1_438' title='bbox 1240 5119 1364 5190; x_wconf 85' lang='lat' dir='ltr'><strong>:qni</strong></span> <span class='ocrx_word' id='word_1_439' title='bbox 1394 5134 1521 5175; x_wconf 82' lang='lat' dir='ltr'><strong>vero</strong></span> <span class='ocrx_word' id='word_1_440' title='bbox 1548 5132 1703 5191; x_wconf 79' lang='lat' dir='ltr'><strong>negat</strong></span> <span class='ocrx_word' id='word_1_441' title='bbox 1726 5122 1773 5178; x_wconf 92' lang='lat' dir='ltr'><strong>ei</strong></span> <span class='ocrx_word' id='word_1_442' title='bbox 1797 5139 1909 5179; x_wconf 74' lang='lat' dir='ltr'><strong>ina-</strong></span> 
     </span>
    </p>
   </div>
   <div class='ocr_carea' id='block_1_54' title="bbox 317 5193 1903 5275">
    <p class='ocr_par' dir='ltr' id='par_1_54' title="bbox 317 5193 1903 5275">
     <span class='ocr_line' id='line_1_54' title="bbox 317 5193 1903 5275; baseline 0.006 -17"><span class='ocrx_word' id='word_1_443' title='bbox 317 5201 432 5258; x_wconf 72' lang='lat' dir='ltr'><strong>1m</strong></span> <span class='ocrx_word' id='word_1_444' title='bbox 462 5193 661 5275; x_wconf 80' lang='lat' dir='ltr'><strong>inesse,</strong></span> <span class='ocrx_word' id='word_1_445' title='bbox 692 5206 1091 5268; x_wconf 79' lang='lat' dir='ltr'><strong>misericordem</strong></span> <span class='ocrx_word' id='word_1_446' title='bbox 1115 5207 1309 5263; x_wconf 72' lang='lat' dir='ltr'><strong>vitiatae</strong></span> <span class='ocrx_word' id='word_1_447' title='bbox 1336 5208 1537 5265; x_wconf 82' lang='lat' dir='ltr'><strong>invidet</strong></span> <span class='ocrx_word' id='word_1_448' title='bbox 1558 5210 1903 5270; x_wconf 83' lang='lat' dir='ltr'><strong>salvatorem.</strong></span> 
     </span>
    </p>
   </div>
   <div class='ocr_carea' id='block_1_55' title="bbox 322 5290 1905 5372">
    <p class='ocr_par' dir='ltr' id='par_1_55' title="bbox 322 5290 1905 5372">
     <span class='ocr_line' id='line_1_55' title="bbox 322 5290 1905 5372; baseline 0.008 -25"><span class='ocrx_word' id='word_1_449' title='bbox 322 5290 658 5367; x_wconf 77' lang='lat' dir='ltr'><strong>Quapropter</strong></span> <span class='ocrx_word' id='word_1_450' title='bbox 693 5296 747 5353; x_wconf 87' lang='lat' dir='ltr'><strong>in</strong></span> <span class='ocrx_word' id='word_1_451' title='bbox 787 5297 1093 5354; x_wconf 86' lang='lat' dir='ltr'><strong>hominibus</strong></span> <span class='ocrx_word' id='word_1_452' title='bbox 1141 5301 1484 5357; x_wconf 88' lang='lat' dir='ltr'><strong>nascentibus</strong></span> <span class='ocrx_word' id='word_1_453' title='bbox 1524 5318 1695 5372; x_wconf 89' lang='lat' dir='ltr'><strong>neque</strong></span> <span class='ocrx_word' id='word_1_454' title='bbox 1740 5320 1905 5359; x_wconf 76' lang='lat' dir='ltr'><strong>excu-</strong></span> 
     </span>
    </p>
   </div>
   <div class='ocr_carea' id='block_1_56' title="bbox 322 5383 1904 5462">
    <p class='ocr_par' dir='ltr' id='par_1_56' title="bbox 322 5383 1904 5462">
     <span class='ocr_line' id='line_1_56' title="bbox 322 5383 1904 5462; baseline 0.008 -24"><span class='ocrx_word' id='word_1_455' title='bbox 322 5383 487 5440; x_wconf 76' lang='lat' dir='ltr'><strong>sanda</strong></span> <span class='ocrx_word' id='word_1_456' title='bbox 529 5396 654 5442; x_wconf 88' lang='lat' dir='ltr'><strong>sunt</strong></span> <span class='ocrx_word' id='word_1_457' title='bbox 691 5387 950 5444; x_wconf 84' lang='lat' dir='ltr'><strong>adulteria</strong></span> <span class='ocrx_word' id='word_1_458' title='bbox 978 5403 1075 5458; x_wconf 90' lang='lat' dir='ltr'><strong>per</strong></span> <span class='ocrx_word' id='word_1_459' title='bbox 1104 5389 1300 5446; x_wconf 88' lang='lat' dir='ltr'><strong>bonum</strong></span> <span class='ocrx_word' id='word_1_460' title='bbox 1328 5390 1471 5462; x_wconf 89' lang='lat' dir='ltr'><strong>quod</strong></span> <span class='ocrx_word' id='word_1_461' title='bbox 1512 5390 1635 5449; x_wconf 90' lang='lat' dir='ltr'><strong>inde</strong></span> <span class='ocrx_word' id='word_1_462' title='bbox 1658 5410 1687 5448; x_wconf 92' lang='lat' dir='ltr'><strong>a</strong></span> <span class='ocrx_word' id='word_1_463' title='bbox 1714 5396 1904 5451; x_wconf 90' lang='lat' dir='ltr'><strong>condi-</strong></span> 
     </span>
    </p>
   </div>
   <div class='ocr_carea' id='block_1_57' title="bbox 324 5477 1907 5555">
    <p class='ocr_par' dir='ltr' id='par_1_57' title="bbox 324 5477 1907 5555">
     <span class='ocr_line' id='line_1_57' title="bbox 324 5477 1907 5555; baseline 0.008 -25"><span class='ocrx_word' id='word_1_464' title='bbox 324 5486 441 5532; x_wconf 89' lang='lat' dir='ltr'><strong>tore</strong></span> <span class='ocrx_word' id='word_1_465' title='bbox 465 5477 608 5531; x_wconf 84' lang='lat' dir='ltr'><strong>bono</strong></span> <span class='ocrx_word' id='word_1_466' title='bbox 636 5487 876 5533; x_wconf 89' lang='lat' dir='ltr'><strong>creatum</strong></span> <span class='ocrx_word' id='word_1_467' title='bbox 906 5488 1025 5544; x_wconf 88' lang='lat' dir='ltr'><strong>est,</strong></span> <span class='ocrx_word' id='word_1_468' title='bbox 1070 5493 1168 5535; x_wconf 93' lang='lat' dir='ltr'><strong>nec</strong></span> <span class='ocrx_word' id='word_1_469' title='bbox 1196 5482 1495 5537; x_wconf 77' lang='lat' dir='ltr'><strong>accusanda</strong></span> <span class='ocrx_word' id='word_1_470' title='bbox 1526 5484 1770 5553; x_wconf 81' lang='lat' dir='ltr'><strong>conjugia</strong></span> <span class='ocrx_word' id='word_1_471' title='bbox 1812 5501 1907 5555; x_wconf 90' lang='lat' dir='ltr'><strong>per</strong></span> 
     </span>
    </p>
   </div>
   <div class='ocr_carea' id='block_1_58' title="bbox 324 5565 1903 5637">
    <p class='ocr_par' dir='ltr' id='par_1_58' title="bbox 324 5565 1903 5637">
     <span class='ocr_line' id='line_1_58' title="bbox 324 5565 1903 5637; baseline 0.009 -19"><span class='ocrx_word' id='word_1_472' title='bbox 324 5567 523 5637; x_wconf 80' lang='lat' dir='ltr'><strong>malum</strong></span> <span class='ocrx_word' id='word_1_473' title='bbox 566 5565 706 5636; x_wconf 85' lang='lat' dir='ltr'><strong>quod</strong></span> <span class='ocrx_word' id='word_1_474' title='bbox 747 5566 823 5620; x_wconf 86' lang='lat' dir='ltr'><strong>ibi</strong></span> <span class='ocrx_word' id='word_1_475' title='bbox 859 5581 889 5621; x_wconf 87' lang='lat' dir='ltr'><strong>a</strong></span> <span class='ocrx_word' id='word_1_476' title='bbox 933 5568 1276 5624; x_wconf 69' lang='lat' dir='ltr'><strong>misericm-dc</strong></span> <span class='ocrx_word' id='word_1_477' title='bbox 1310 5571 1573 5626; x_wconf 76' lang='lat' dir='ltr'><strong>salvatore</strong></span> <span class='ocrx_word' id='word_1_478' title='bbox 1610 5577 1903 5632; x_wconf 84' lang='lat' dir='ltr'><strong>sanandum</strong></span> 
     </span>
    </p>
   </div>
   <div class='ocr_carea' id='block_1_59' title="bbox 323 5665 423 5713">
    <p class='ocr_par' dir='ltr' id='par_1_59' title="bbox 323 5665 423 5713">
     <span class='ocr_line' id='line_1_59' title="bbox 323 5665 423 5713; baseline -0.02 0"><span class='ocrx_word' id='word_1_479' title='bbox 323 5665 423 5713; x_wconf 67' lang='grc' dir='ltr'><strong>εει.</strong></span> 
     </span>
    </p>
   </div>
   <div class='ocr_carea' id='block_1_60' title="bbox 390 5788 1181 5928">
    <p class='ocr_par' dir='ltr' id='par_1_60' title="bbox 390 5788 1181 5928">
     <span class='ocr_line' id='line_1_60' title="bbox 390 5788 1181 5928; baseline 0.014 -10"><span class='ocrx_word' id='word_1_480' title='bbox 390 5788 574 5850; x_wconf 75' lang='lat'><strong>&quot;“‘“’</strong></span> <span class='ocrx_word' id='word_1_481' title='bbox 592 5795 943 5924; x_wconf 55' lang='lat' dir='ltr'><strong>muas;</strong></span> <span class='ocrx_word' id='word_1_482' title='bbox 975 5796 1181 5928; x_wconf 59' lang='lat' dir='ltr'><strong>&quot;iiii</strong></span> 
     </span>
    </p>
   </div>
   <div class='ocr_carea' id='block_1_61' title="bbox 1602 324 2245 429">
    <p class='ocr_par' dir='ltr' id='par_1_61' title="bbox 1602 324 2245 429">
     <span class='ocr_line' id='line_1_61' title="bbox 1602 324 2245 429; baseline 0.003 -2"><span class='ocrx_word' id='word_1_483' title='bbox 1602 324 1832 427; x_wconf 60' lang='lat' dir='ltr'><strong>trusit</strong></span> <span class='ocrx_word' id='word_1_484' title='bbox 1872 350 2245 429; x_wconf 62' lang='lat' dir='ltr'><strong>S&#39;s‘cbxbus.</strong></span> 
     </span>
    </p>
   </div>
   <div class='ocr_carea' id='block_1_62' title="bbox 3478 374 3579 439">
    <p class='ocr_par' dir='ltr' id='par_1_62' title="bbox 3478 374 3579 439">
     <span class='ocr_line' id='line_1_62' title="bbox 3478 374 3579 439; baseline -0.03 1"><span class='ocrx_word' id='word_1_485' title='bbox 3478 374 3579 439; x_wconf 61' lang='lat' dir='ltr'><strong>iss</strong></span> 
     </span>
    </p>
   </div>
   <div class='ocr_carea' id='block_1_63' title="bbox 2077 470 3585 565">
    <p class='ocr_par' dir='ltr' id='par_1_63' title="bbox 2077 470 3585 565">
     <span class='ocr_line' id='line_1_63' title="bbox 2077 470 3585 565; baseline 0.008 -28"><span class='ocrx_word' id='word_1_486' title='bbox 2077 483 2301 540; x_wconf 75' lang='lat' dir='ltr'><strong>CAPUT</strong></span> <span class='ocrx_word' id='word_1_487' title='bbox 2342 470 2504 541; x_wconf 78' lang='lat' dir='ltr'><strong>xxtt.</strong></span> <span class='ocrx_word' id='word_1_488' title='bbox 2540 519 2607 528; x_wconf 88' lang='grc'><strong>-</strong></span> <span class='ocrx_word' id='word_1_489' title='bbox 2634 471 2723 544; x_wconf 66' lang='lat'><strong>37.</strong></span> <span class='ocrx_word' id='word_1_490' title='bbox 2763 512 2778 541; x_wconf 76' lang='grc' dir='ltr'>ι</span> <span class='ocrx_word' id='word_1_491' title='bbox 2818 493 3081 559; x_wconf 79' lang='lat' dir='ltr'><strong>Ostende,</strong></span> <span class='ocrx_word' id='word_1_492' title='bbox 3125 515 3140 547; x_wconf 77' lang='grc' dir='ltr'><strong>ι</strong></span> <span class='ocrx_word' id='word_1_493' title='bbox 3178 496 3375 565; x_wconf 88' lang='lat' dir='ltr'><strong>inquit,</strong></span> <span class='ocrx_word' id='word_1_494' title='bbox 3415 499 3434 550; x_wconf 66' lang='lat' dir='ltr'><strong>t</strong></span> <span class='ocrx_word' id='word_1_495' title='bbox 3470 502 3585 550; x_wconf 75' lang='lat' dir='ltr'><strong>sine</strong></span> 
     </span>
    </p>
   </div>
   <div class='ocr_carea' id='block_1_64' title="bbox 2003 574 3587 657">
    <p class='ocr_par' dir='ltr' id='par_1_64' title="bbox 2003 574 3587 657">
     <span class='ocr_line' id='line_1_64' title="bbox 2003 574 3587 657; baseline 0.011 -30"><span class='ocrx_word' id='word_1_496' title='bbox 2003 574 2380 631; x_wconf 74' lang='lat' dir='ltr'><strong>commixtione</strong></span> <span class='ocrx_word' id='word_1_497' title='bbox 2406 579 2614 646; x_wconf 78' lang='lat' dir='ltr'><strong>nuptias</strong></span> <span class='ocrx_word' id='word_1_498' title='bbox 2653 582 2977 651; x_wconf 76' lang='lat' dir='ltr'><strong>corporales.</strong></span> <span class='ocrx_word' id='word_1_499' title='bbox 3020 604 3037 636; x_wconf 73' lang='grc' dir='ltr'>ι</span> <span class='ocrx_word' id='word_1_500' title='bbox 3082 584 3197 639; x_wconf 86' lang='lat' dir='ltr'><strong>Non</strong></span> <span class='ocrx_word' id='word_1_501' title='bbox 3240 586 3465 642; x_wconf 88' lang='lat' dir='ltr'><strong>ostendo</strong></span> <span class='ocrx_word' id='word_1_502' title='bbox 3489 588 3587 657; x_wconf 75' lang='lat' dir='ltr'><strong>ego</strong></span> 
     </span>
    </p>
   </div>
   <div class='ocr_carea' id='block_1_65' title="bbox 2004 658 3588 749">
    <p class='ocr_par' dir='ltr' id='par_1_65' title="bbox 2004 658 3588 749">
     <span class='ocr_line' id='line_1_65' title="bbox 2004 658 3588 749; baseline 0.012 -33"><span class='ocrx_word' id='word_1_503' title='bbox 2004 658 2213 732; x_wconf 86' lang='lat' dir='ltr'><strong>nuptias</strong></span> <span class='ocrx_word' id='word_1_504' title='bbox 2250 667 2556 734; x_wconf 83' lang='lat' dir='ltr'><strong>corporales</strong></span> <span class='ocrx_word' id='word_1_505' title='bbox 2594 669 2711 727; x_wconf 87' lang='lat' dir='ltr'><strong>sine</strong></span> <span class='ocrx_word' id='word_1_506' title='bbox 2740 674 3161 741; x_wconf 73' lang='lat' dir='ltr'><strong>commixtione;</strong></span> <span class='ocrx_word' id='word_1_507' title='bbox 3202 677 3294 732; x_wconf 85' lang='lat' dir='ltr'><strong>sed</strong></span> <span class='ocrx_word' id='word_1_508' title='bbox 3342 695 3441 736; x_wconf 86' lang='lat' dir='ltr'><strong>nec</strong></span> <span class='ocrx_word' id='word_1_509' title='bbox 3474 681 3588 749; x_wconf 78' lang='lat' dir='ltr'><strong>ipse</strong></span> 
     </span>
    </p>
   </div>
   <div class='ocr_carea' id='block_1_66' title="bbox 1998 754 3578 827">
    <p class='ocr_par' dir='ltr' id='par_1_66' title="bbox 1998 754 3578 827">
     <span class='ocr_line' id='line_1_66' title="bbox 1998 754 3578 827; baseline 0.013 -20"><span class='ocrx_word' id='word_1_510' title='bbox 1998 754 2235 809; x_wconf 54' lang='lat' dir='ltr'><strong>ostendit</strong></span> <span class='ocrx_word' id='word_1_511' title='bbox 2268 757 2507 813; x_wconf 88' lang='lat' dir='ltr'><strong>eamdem</strong></span> <span class='ocrx_word' id='word_1_512' title='bbox 2543 762 2973 824; x_wconf 79' lang='lat' dir='ltr'><strong>commixtionem</strong></span> <span class='ocrx_word' id='word_1_513' title='bbox 2998 766 3116 823; x_wconf 86' lang='lat' dir='ltr'><strong>sine</strong></span> <span class='ocrx_word' id='word_1_514' title='bbox 3145 768 3477 826; x_wconf 81' lang='lat' dir='ltr'><strong>confusione.</strong></span> <span class='ocrx_word' id='word_1_515' title='bbox 3518 764 3578 827; x_wconf 72' lang='lat' dir='ltr'><strong>to</strong></span> 
     </span>
    </p>
   </div>
   <div class='ocr_carea' id='block_1_67' title="bbox 2008 845 3582 928">
    <p class='ocr_par' dir='ltr' id='par_1_67' title="bbox 2008 845 3582 928">
     <span class='ocr_line' id='line_1_67' title="bbox 2008 845 3582 928; baseline 0.012 -30"><span class='ocrx_word' id='word_1_516' title='bbox 2008 845 2250 913; x_wconf 85' lang='lat' dir='ltr'><strong>paradiso</strong></span> <span class='ocrx_word' id='word_1_517' title='bbox 2275 857 2452 903; x_wconf 88' lang='lat' dir='ltr'><strong>autem</strong></span> <span class='ocrx_word' id='word_1_518' title='bbox 2492 849 2536 904; x_wconf 88' lang='lat' dir='ltr'><strong>si</strong></span> <span class='ocrx_word' id='word_1_519' title='bbox 2573 862 2849 921; x_wconf 74' lang='lat' dir='ltr'><strong>peceatum</strong></span> <span class='ocrx_word' id='word_1_520' title='bbox 2887 863 2992 910; x_wconf 79' lang='lat' dir='ltr'><strong>nun</strong></span> <span class='ocrx_word' id='word_1_521' title='bbox 3031 861 3428 928; x_wconf 66' lang='lat' dir='ltr'><strong>pnecessisset,</strong></span> <span class='ocrx_word' id='word_1_522' title='bbox 3472 880 3582 918; x_wconf 86' lang='lat' dir='ltr'><strong>non</strong></span> 
     </span>
    </p>
   </div>
   <div class='ocr_carea' id='block_1_68' title="bbox 2005 935 3589 1022">
    <p class='ocr_par' dir='ltr' id='par_1_68' title="bbox 2005 935 3589 1022">
     <span class='ocr_line' id='line_1_68' title="bbox 2005 935 3589 1022; baseline 0.013 -35"><span class='ocrx_word' id='word_1_523' title='bbox 2005 944 2148 989; x_wconf 88' lang='lat' dir='ltr'><strong>esset</strong></span> <span class='ocrx_word' id='word_1_524' title='bbox 2169 935 2380 1006; x_wconf 84' lang='lat' dir='ltr'><strong>quidem</strong></span> <span class='ocrx_word' id='word_1_525' title='bbox 2407 939 2523 992; x_wconf 90' lang='lat' dir='ltr'><strong>sine</strong></span> <span class='ocrx_word' id='word_1_526' title='bbox 2548 939 2819 1011; x_wconf 81' lang='lat' dir='ltr'><strong>utriusque</strong></span> <span class='ocrx_word' id='word_1_527' title='bbox 2841 958 2998 1001; x_wconf 80' lang='lat' dir='ltr'><strong>sexus</strong></span> <span class='ocrx_word' id='word_1_528' title='bbox 3020 950 3398 1005; x_wconf 82' lang='lat' dir='ltr'><strong>commixtione</strong></span> <span class='ocrx_word' id='word_1_529' title='bbox 3422 960 3557 1022; x_wconf 80' lang='lat' dir='ltr'><strong>gene</strong></span> <span class='ocrx_word' id='word_1_530' title='bbox 3573 984 3589 993; x_wconf 92' lang='lat'><strong>-</strong></span> 
     </span>
    </p>
   </div>
   <div class='ocr_carea' id='block_1_69' title="bbox 2006 1026 3588 1096">
    <p class='ocr_par' dir='ltr' id='par_1_69' title="bbox 2006 1026 3588 1096">
     <span class='ocr_line' id='line_1_69' title="bbox 2006 1026 3588 1096; baseline 0.012 -19"><span class='ocrx_word' id='word_1_531' title='bbox 2006 1027 2178 1088; x_wconf 87' lang='lat' dir='ltr'><strong>ratio,</strong></span> <span class='ocrx_word' id='word_1_532' title='bbox 2227 1026 2322 1081; x_wconf 87' lang='lat' dir='ltr'><strong>sed</strong></span> <span class='ocrx_word' id='word_1_533' title='bbox 2359 1039 2504 1083; x_wconf 86' lang='lat' dir='ltr'><strong>esset</strong></span> <span class='ocrx_word' id='word_1_534' title='bbox 2543 1029 2658 1085; x_wconf 90' lang='lat' dir='ltr'><strong>sine</strong></span> <span class='ocrx_word' id='word_1_535' title='bbox 2700 1033 3010 1088; x_wconf 73' lang='lat' dir='ltr'><strong>confusiom</strong></span> <span class='ocrx_word' id='word_1_536' title='bbox 3049 1038 3378 1094; x_wconf 75' lang='lat' dir='ltr'><strong>commixtio.</strong></span> <span class='ocrx_word' id='word_1_537' title='bbox 3428 1040 3588 1096; x_wconf 73' lang='lat' dir='ltr'><strong>Esset</strong></span> 
     </span>
    </p>
   </div>
   <div class='ocr_carea' id='block_1_70' title="bbox 2007 1114 3583 1194">
    <p class='ocr_par' dir='ltr' id='par_1_70' title="bbox 2007 1114 3583 1194">
     <span class='ocr_line' id='line_1_70' title="bbox 2007 1114 3583 1194; baseline 0.011 -29"><span class='ocrx_word' id='word_1_538' title='bbox 2007 1114 2200 1185; x_wconf 86' lang='lat' dir='ltr'><strong>quippe</strong></span> <span class='ocrx_word' id='word_1_539' title='bbox 2224 1114 2276 1168; x_wconf 85' lang='lat' dir='ltr'><strong>in</strong></span> <span class='ocrx_word' id='word_1_540' title='bbox 2305 1117 2548 1172; x_wconf 89' lang='lat' dir='ltr'><strong>coeundo</strong></span> <span class='ocrx_word' id='word_1_541' title='bbox 2570 1122 2849 1189; x_wconf 83' lang='lat' dir='ltr'><strong>tranquilla</strong></span> <span class='ocrx_word' id='word_1_542' title='bbox 2876 1124 3232 1179; x_wconf 89' lang='lat' dir='ltr'><strong>membrorum</strong></span> <span class='ocrx_word' id='word_1_543' title='bbox 3259 1129 3583 1194; x_wconf 61' lang='lat' dir='ltr'><strong>obedienth,</strong></span> 
     </span>
    </p>
   </div>
   <div class='ocr_carea' id='block_1_71' title="bbox 2009 1202 3584 1291">
    <p class='ocr_par' dir='ltr' id='par_1_71' title="bbox 2009 1202 3584 1291">
     <span class='ocr_line' id='line_1_71' title="bbox 2009 1202 3584 1291; baseline 0.013 -35"><span class='ocrx_word' id='word_1_544' title='bbox 2009 1202 2116 1258; x_wconf 81' lang='lat' dir='ltr'><strong>non</strong></span> <span class='ocrx_word' id='word_1_545' title='bbox 2161 1206 2405 1275; x_wconf 88' lang='lat' dir='ltr'><strong>pudenda</strong></span> <span class='ocrx_word' id='word_1_546' title='bbox 2429 1210 2611 1265; x_wconf 84' lang='lat' dir='ltr'><strong>‘carnis</strong></span> <span class='ocrx_word' id='word_1_547' title='bbox 2641 1215 3091 1283; x_wconf 86' lang='lat' dir='ltr'><strong>concupiscentia.</strong></span> <span class='ocrx_word' id='word_1_548' title='bbox 3136 1218 3368 1275; x_wconf 84' lang='lat' dir='ltr'><strong>Proinde</strong></span> <span class='ocrx_word' id='word_1_549' title='bbox 3396 1223 3584 1291; x_wconf 88' lang='lat' dir='ltr'><strong>eonju-</strong></span> 
     </span>
    </p>
   </div>
   <div class='ocr_carea' id='block_1_72' title="bbox 2010 1298 3586 1369">
    <p class='ocr_par' dir='ltr' id='par_1_72' title="bbox 2010 1298 3586 1369">
     <span class='ocr_line' id='line_1_72' title="bbox 2010 1298 3586 1369; baseline 0.013 -20"><span class='ocrx_word' id='word_1_550' title='bbox 2010 1298 2152 1367; x_wconf 80' lang='lat' dir='ltr'><strong>gium</strong></span> <span class='ocrx_word' id='word_1_551' title='bbox 2182 1299 2377 1354; x_wconf 86' lang='lat' dir='ltr'><strong>bonum</strong></span> <span class='ocrx_word' id='word_1_552' title='bbox 2394 1310 2521 1369; x_wconf 86' lang='lat' dir='ltr'><strong>est,</strong></span> <span class='ocrx_word' id='word_1_553' title='bbox 2559 1304 2702 1360; x_wconf 91' lang='lat' dir='ltr'><strong>unde</strong></span> <span class='ocrx_word' id='word_1_554' title='bbox 2739 1307 2982 1361; x_wconf 84' lang='lat' dir='ltr'><strong>ordinate</strong></span> <span class='ocrx_word' id='word_1_555' title='bbox 3020 1311 3309 1365; x_wconf 83' lang='lat' dir='ltr'><strong>seminatus</strong></span> <span class='ocrx_word' id='word_1_556' title='bbox 3351 1315 3586 1369; x_wconf 89' lang='lat' dir='ltr'><strong>nascitur</strong></span> 
     </span>
    </p>
   </div>
   <div class='ocr_carea' id='block_1_73' title="bbox 2007 1388 3587 1476">
    <p class='ocr_par' dir='ltr' id='par_1_73' title="bbox 2007 1388 3587 1476">
     <span class='ocr_line' id='line_1_73' title="bbox 2007 1388 3587 1476; baseline 0.009 -31"><span class='ocrx_word' id='word_1_557' title='bbox 2007 1388 2202 1454; x_wconf 86' lang='lat' dir='ltr'><strong>homo;</strong></span> <span class='ocrx_word' id='word_1_558' title='bbox 2231 1403 2284 1448; x_wconf 90' lang='lat' dir='ltr'><strong>et</strong></span> <span class='ocrx_word' id='word_1_559' title='bbox 2316 1393 2519 1449; x_wconf 85' lang='lat' dir='ltr'><strong>fructus</strong></span> <span class='ocrx_word' id='word_1_560' title='bbox 2553 1396 2782 1468; x_wconf 74' lang='lat' dir='ltr'><strong>coniugii</strong></span> <span class='ocrx_word' id='word_1_561' title='bbox 2813 1392 2983 1453; x_wconf 82' lang='lat' dir='ltr'><strong>benns</strong></span> <span class='ocrx_word' id='word_1_562' title='bbox 3009 1442 3023 1464; x_wconf 96' lang='lat'><strong>,</strong></span> <span class='ocrx_word' id='word_1_563' title='bbox 3066 1403 3206 1472; x_wconf 87' lang='lat' dir='ltr'><strong>quod</strong></span> <span class='ocrx_word' id='word_1_564' title='bbox 3234 1412 3315 1459; x_wconf 88' lang='lat' dir='ltr'><strong>est</strong></span> <span class='ocrx_word' id='word_1_565' title='bbox 3357 1405 3469 1474; x_wconf 85' lang='lat' dir='ltr'><strong>ipse</strong></span> <span class='ocrx_word' id='word_1_566' title='bbox 3498 1407 3587 1476; x_wconf 87' lang='lat' dir='ltr'><strong>qui</strong></span> 
     </span>
    </p>
   </div>
   <div class='ocr_carea' id='block_1_74' title="bbox 2009 1478 3588 1560">
    <p class='ocr_par' dir='ltr' id='par_1_74' title="bbox 2009 1478 3588 1560">
     <span class='ocr_line' id='line_1_74' title="bbox 2009 1478 3588 1560; baseline 0.013 -27"><span class='ocrx_word' id='word_1_567' title='bbox 2009 1478 2079 1534; x_wconf 86' lang='lat' dir='ltr'><strong>ita</strong></span> <span class='ocrx_word' id='word_1_568' title='bbox 2123 1484 2357 1538; x_wconf 87' lang='lat' dir='ltr'><strong>nascitur</strong></span> <span class='ocrx_word' id='word_1_569' title='bbox 2393 1485 2551 1539; x_wconf 85' lang='lat' dir='ltr'><strong>homo</strong></span> <span class='ocrx_word' id='word_1_570' title='bbox 2584 1504 2596 1539; x_wconf 91' lang='lat'><strong>:</strong></span> <span class='ocrx_word' id='word_1_571' title='bbox 2626 1487 2721 1542; x_wconf 87' lang='lat' dir='ltr'><strong>sed</strong></span> <span class='ocrx_word' id='word_1_572' title='bbox 2754 1502 3024 1557; x_wconf 84' lang='lat' dir='ltr'><strong>peccatum</strong></span> <span class='ocrx_word' id='word_1_573' title='bbox 3069 1493 3262 1548; x_wconf 76' lang='lat' dir='ltr'><strong>malum</strong></span> <span class='ocrx_word' id='word_1_574' title='bbox 3304 1496 3386 1550; x_wconf 77' lang='lat' dir='ltr'><strong>est</strong></span> <span class='ocrx_word' id='word_1_575' title='bbox 3411 1538 3425 1560; x_wconf 95' lang='lat'><strong>,</strong></span> <span class='ocrx_word' id='word_1_576' title='bbox 3467 1513 3588 1553; x_wconf 84' lang='lat' dir='ltr'><strong>cum</strong></span> 
     </span>
    </p>
   </div>
   <div class='ocr_carea' id='block_1_75' title="bbox 2008 1572 3590 1650">
    <p class='ocr_par' dir='ltr' id='par_1_75' title="bbox 2008 1572 3590 1650">
     <span class='ocr_line' id='line_1_75' title="bbox 2008 1572 3590 1650; baseline 0.013 -30"><span class='ocrx_word' id='word_1_577' title='bbox 2008 1572 2116 1639; x_wconf 81' lang='lat' dir='ltr'><strong>&#39;qno</strong></span> <span class='ocrx_word' id='word_1_578' title='bbox 2154 1573 2589 1629; x_wconf 76' lang='lat' dir='ltr'><strong>nascitur&#39;omnis</strong></span> <span class='ocrx_word' id='word_1_579' title='bbox 2618 1576 2796 1631; x_wconf 89' lang='lat' dir='ltr'><strong>homo.</strong></span> <span class='ocrx_word' id='word_1_580' title='bbox 2830 1578 2970 1633; x_wconf 83' lang='lat' dir='ltr'><strong>Deus</strong></span> <span class='ocrx_word' id='word_1_581' title='bbox 3007 1581 3199 1650; x_wconf 85' lang='lat' dir='ltr'><strong>quippe</strong></span> <span class='ocrx_word' id='word_1_582' title='bbox 3227 1582 3352 1638; x_wconf 81' lang='lat' dir='ltr'><strong>fecit</strong></span> <span class='ocrx_word' id='word_1_583' title='bbox 3378 1594 3429 1639; x_wconf 92' lang='lat' dir='ltr'><strong>et</strong></span> <span class='ocrx_word' id='word_1_584' title='bbox 3466 1584 3590 1641; x_wconf 85' lang='lat' dir='ltr'><strong>facit</strong></span> 
     </span>
    </p>
   </div>
   <div class='ocr_carea' id='block_1_76' title="bbox 2010 1658 3592 1743">
    <p class='ocr_par' dir='ltr' id='par_1_76' title="bbox 2010 1658 3592 1743">
     <span class='ocr_line' id='line_1_76' title="bbox 2010 1658 3592 1743; baseline 0.011 -27"><span class='ocrx_word' id='word_1_585' title='bbox 2010 1658 2279 1718; x_wconf 80' lang='lat' dir='ltr'><strong>heminem</strong></span> <span class='ocrx_word' id='word_1_586' title='bbox 2314 1681 2328 1718; x_wconf 90' lang='lat'>:</span> <span class='ocrx_word' id='word_1_587' title='bbox 2361 1667 2453 1720; x_wconf 82' lang='lat' dir='ltr'><strong>sed</strong></span> <span class='ocrx_word' id='word_1_588' title='bbox 2490 1681 2584 1736; x_wconf 76' lang='lat' dir='ltr'><strong>per</strong></span> <span class='ocrx_word' id='word_1_589' title='bbox 2614 1681 2778 1721; x_wconf 75' lang='lat' dir='ltr'><strong>unum</strong></span> <span class='ocrx_word' id='word_1_590' title='bbox 2807 1670 3058 1725; x_wconf 70' lang='lat' dir='ltr'><strong>nemiuem</strong></span> <span class='ocrx_word' id='word_1_591' title='bbox 3094 1685 3354 1743; x_wconf 71' lang='lat' dir='ltr'><strong>peccatum</strong></span> <span class='ocrx_word' id='word_1_592' title='bbox 3389 1678 3592 1733; x_wconf 74' lang='lat' dir='ltr'><strong>intrarit</strong></span> 
     </span>
    </p>
   </div>
   <div class='ocr_carea' id='block_1_77' title="bbox 2004 1750 3675 1829">
    <p class='ocr_par' dir='ltr' id='par_1_77' title="bbox 2004 1750 3675 1829">
     <span class='ocr_line' id='line_1_77' title="bbox 2004 1750 3675 1829; baseline 0.013 -24"><span class='ocrx_word' id='word_1_593' title='bbox 2004 1750 2063 1806; x_wconf 72' lang='lat' dir='ltr'><strong>in</strong></span> <span class='ocrx_word' id='word_1_594' title='bbox 2094 1756 2357 1820; x_wconf 85' lang='lat' dir='ltr'><strong>mundum,</strong></span> <span class='ocrx_word' id='word_1_595' title='bbox 2383 1767 2433 1811; x_wconf 88' lang='lat' dir='ltr'><strong>et</strong></span> <span class='ocrx_word' id='word_1_596' title='bbox 2456 1774 2543 1826; x_wconf 78' lang='lat' dir='ltr'><strong>per</strong></span> <span class='ocrx_word' id='word_1_597' title='bbox 2568 1770 2823 1829; x_wconf 82' lang='lat' dir='ltr'><strong>peccatum</strong></span> <span class='ocrx_word' id='word_1_598' title='bbox 2855 1780 3023 1829; x_wconf 83' lang='lat' dir='ltr'><strong>mors;</strong></span> <span class='ocrx_word' id='word_1_599' title='bbox 3058 1776 3103 1820; x_wconf 82' lang='lat' dir='ltr'><strong>et</strong></span> <span class='ocrx_word' id='word_1_600' title='bbox 3132 1766 3202 1820; x_wconf 84' lang='lat' dir='ltr'><strong>ita</strong></span> <span class='ocrx_word' id='word_1_601' title='bbox 3228 1768 3278 1821; x_wconf 89' lang='lat' dir='ltr'><strong>in</strong></span> <span class='ocrx_word' id='word_1_602' title='bbox 3310 1785 3479 1824; x_wconf 79' lang='lat' dir='ltr'><strong>omnes</strong></span> <span class='ocrx_word' id='word_1_603' title='bbox 3501 1772 3591 1824; x_wconf 77' lang='lat' dir='ltr'><strong>Ito-</strong></span> <span class='ocrx_word' id='word_1_604' title='bbox 3670 1780 3675 1785; x_wconf 82' lang='lat'>&#39;</span> 
     </span>
    </p>
   </div>
   <div class='ocr_carea' id='block_1_78' title="bbox 2010 1844 3589 1929">
    <p class='ocr_par' dir='ltr' id='par_1_78' title="bbox 2010 1844 3589 1929">
     <span class='ocr_line' id='line_1_78' title="bbox 2010 1844 3589 1929; baseline 0.012 -33"><span class='ocrx_word' id='word_1_605' title='bbox 2010 1844 2171 1899; x_wconf 78' lang='lat' dir='ltr'><strong>mines</strong></span> <span class='ocrx_word' id='word_1_606' title='bbox 2208 1849 2536 1915; x_wconf 69' lang='lat' dir='ltr'><strong>pertransiit,</strong></span> <span class='ocrx_word' id='word_1_607' title='bbox 2585 1850 2636 1902; x_wconf 89' lang='lat' dir='ltr'><strong>in</strong></span> <span class='ocrx_word' id='word_1_608' title='bbox 2671 1868 2770 1922; x_wconf 86' lang='lat' dir='ltr'><strong>quo</strong></span> <span class='ocrx_word' id='word_1_609' title='bbox 2813 1868 2983 1908; x_wconf 73' lang='lat' dir='ltr'><strong>omnes</strong></span> <span class='ocrx_word' id='word_1_610' title='bbox 3034 1864 3363 1925; x_wconf 79' lang='lat' dir='ltr'><strong>peccaverunt</strong></span> <span class='ocrx_word' id='word_1_611' title='bbox 3412 1860 3589 1929; x_wconf 81' lang='lat' dir='ltr'><strong>(Rom.</strong></span> 
     </span>
    </p>
   </div>
   <div class='ocr_carea' id='block_1_79' title="bbox 2009 1933 3447 2007">
    <p class='ocr_par' dir='ltr' id='par_1_79' title="bbox 2009 1933 3447 2007">
     <span class='ocr_line' id='line_1_79' title="bbox 2009 1933 3447 2007; baseline 0.007 -20"><span class='ocrx_word' id='word_1_612' title='bbox 2009 1948 2043 1987; x_wconf 86' lang='lat' dir='ltr'><strong>v</strong></span> <span class='ocrx_word' id='word_1_613' title='bbox 2064 1977 2077 1996; x_wconf 87' lang='lat'><strong>,</strong></span> <span class='ocrx_word' id='word_1_614' title='bbox 2111 1933 2219 2000; x_wconf 71' lang='lat' dir='ltr'><strong>l2).</strong></span> <span class='ocrx_word' id='word_1_615' title='bbox 2988 1954 2997 1967; x_wconf 65' lang='grc' dir='ltr'><strong><em>ί</em></strong></span> <span class='ocrx_word' id='word_1_616' title='bbox 3438 2001 3447 2007; x_wconf 64' lang='grc'><strong><em>,</em></strong></span> 
     </span>
    </p>
   </div>
   <div class='ocr_carea' id='block_1_80' title="bbox 2081 2020 3593 2113">
    <p class='ocr_par' dir='ltr' id='par_1_80' title="bbox 2081 2020 3593 2113">
     <span class='ocr_line' id='line_1_80' title="bbox 2081 2020 3593 2113; baseline 0.014 -34"><span class='ocrx_word' id='word_1_617' title='bbox 2081 2023 2306 2081; x_wconf 80' lang='lat' dir='ltr'><strong>CAPUT</strong></span> <span class='ocrx_word' id='word_1_618' title='bbox 2347 2025 2532 2082; x_wconf 79' lang='lat' dir='ltr'><strong>XXIII.</strong></span> <span class='ocrx_word' id='word_1_619' title='bbox 2565 2061 2636 2070; x_wconf 95' lang='lat'><strong>—</strong></span> <span class='ocrx_word' id='word_1_620' title='bbox 2662 2020 2751 2087; x_wconf 81' lang='grc'><strong>58.</strong></span> <span class='ocrx_word' id='word_1_621' title='bbox 2789 2051 2806 2085; x_wconf 72' lang='grc' dir='ltr'>ι</span> <span class='ocrx_word' id='word_1_622' title='bbox 2839 2033 3008 2101; x_wconf 84' lang='lat' dir='ltr'><strong>Novo,</strong></span> <span class='ocrx_word' id='word_1_623' title='bbox 3049 2058 3066 2089; x_wconf 76' lang='grc' dir='ltr'><strong><em>ι</em></strong></span> <span class='ocrx_word' id='word_1_624' title='bbox 3103 2037 3310 2109; x_wconf 84' lang='lat' dir='ltr'><strong>inquit,</strong></span> <span class='ocrx_word' id='word_1_625' title='bbox 3348 2026 3368 2094; x_wconf 61' lang='grc' dir='ltr'><strong>ἶ</strong></span> <span class='ocrx_word' id='word_1_626' title='bbox 3399 2059 3593 2113; x_wconf 81' lang='lat' dir='ltr'><strong>genere</strong></span> 
     </span>
    </p>
   </div>
   <div class='ocr_carea' id='block_1_81' title="bbox 2009 2102 3592 2195">
    <p class='ocr_par' dir='ltr' id='par_1_81' title="bbox 2009 2102 3592 2195">
     <span class='ocr_line' id='line_1_81' title="bbox 2009 2102 3592 2195; baseline 0.015 -27"><span class='ocrx_word' id='word_1_627' title='bbox 2009 2102 2312 2170; x_wconf 86' lang='lat' dir='ltr'><strong>disserendi</strong></span> <span class='ocrx_word' id='word_1_628' title='bbox 2337 2158 2351 2175; x_wconf 91' lang='lat'><strong>.</strong></span> <span class='ocrx_word' id='word_1_629' title='bbox 2398 2128 2452 2172; x_wconf 90' lang='lat' dir='ltr'><strong>et</strong></span> <span class='ocrx_word' id='word_1_630' title='bbox 2482 2120 2797 2177; x_wconf 89' lang='lat' dir='ltr'><strong>catholicum</strong></span> <span class='ocrx_word' id='word_1_631' title='bbox 2831 2126 3096 2195; x_wconf 74' lang='lat' dir='ltr'><strong>profiteris</strong></span> <span class='ocrx_word' id='word_1_632' title='bbox 3126 2102 3191 2193; x_wconf 49' lang='grc'><strong>¹,’</strong></span> <span class='ocrx_word' id='word_1_633' title='bbox 3220 2143 3273 2187; x_wconf 87' lang='lat' dir='ltr'><strong>et</strong></span> <span class='ocrx_word' id='word_1_634' title='bbox 3299 2102 3592 2191; x_wconf 61' lang='lat' dir='ltr'><strong>Madiclnro</strong></span> 
     </span>
    </p>
   </div>
   <div class='ocr_carea' id='block_1_82' title="bbox 2010 2204 3595 2287">
    <p class='ocr_par' dir='ltr' id='par_1_82' title="bbox 2010 2204 3595 2287">
     <span class='ocr_line' id='line_1_82' title="bbox 2010 2204 3595 2287; baseline 0.016 -33"><span class='ocrx_word' id='word_1_635' title='bbox 2010 2204 2381 2272; x_wconf 88' lang='lat' dir='ltr'><strong>patrocinaris,</strong></span> <span class='ocrx_word' id='word_1_636' title='bbox 2411 2207 2637 2264; x_wconf 89' lang='lat' dir='ltr'><strong>dicendo</strong></span> <span class='ocrx_word' id='word_1_637' title='bbox 2667 2213 2876 2282; x_wconf 86' lang='lat' dir='ltr'><strong>nuptias</strong></span> <span class='ocrx_word' id='word_1_638' title='bbox 2899 2224 2952 2270; x_wconf 85' lang='lat' dir='ltr'><strong>et</strong></span> <span class='ocrx_word' id='word_1_639' title='bbox 2993 2234 3236 2287; x_wconf 79' lang='lat' dir='ltr'><strong>magnum</strong></span> <span class='ocrx_word' id='word_1_640' title='bbox 3271 2222 3467 2279; x_wconf 88' lang='lat' dir='ltr'><strong>bonum</strong></span> <span class='ocrx_word' id='word_1_641' title='bbox 3494 2267 3507 2286; x_wconf 93' lang='lat'><strong>,</strong></span> <span class='ocrx_word' id='word_1_642' title='bbox 3539 2237 3595 2280; x_wconf 91' lang='lat' dir='ltr'><strong>et</strong></span> 
     </span>
    </p>
   </div>
   <div class='ocr_carea' id='block_1_83' title="bbox 2012 2296 3589 2382">
    <p class='ocr_par' dir='ltr' id='par_1_83' title="bbox 2012 2296 3589 2382">
     <span class='ocr_line' id='line_1_83' title="bbox 2012 2296 3589 2382; baseline 0.015 -37"><span class='ocrx_word' id='word_1_643' title='bbox 2012 2302 2262 2362; x_wconf 79' lang='lat' dir='ltr'><strong>magnum</strong></span> <span class='ocrx_word' id='word_1_644' title='bbox 2309 2296 2526 2351; x_wconf 89' lang='lat' dir='ltr'><strong>malum.</strong></span> <span class='ocrx_word' id='word_1_645' title='bbox 2565 2312 2583 2351; x_wconf 75' lang='grc' dir='ltr'><strong><em>ι</em></strong></span> <span class='ocrx_word' id='word_1_646' title='bbox 2619 2299 2842 2356; x_wconf 76' lang='lat' dir='ltr'><strong>Prursus</strong></span> <span class='ocrx_word' id='word_1_647' title='bbox 2865 2305 2987 2373; x_wconf 88' lang='lat' dir='ltr'><strong>quid</strong></span> <span class='ocrx_word' id='word_1_648' title='bbox 3018 2309 3264 2379; x_wconf 79' lang='lat' dir='ltr'><strong>loquatur</strong></span> <span class='ocrx_word' id='word_1_649' title='bbox 3287 2354 3302 2377; x_wconf 94' lang='lat'><strong>,</strong></span> <span class='ocrx_word' id='word_1_650' title='bbox 3348 2313 3589 2382; x_wconf 80' lang='lat' dir='ltr'><strong>ignorat,</strong></span> 
     </span>
    </p>
   </div>
   <div class='ocr_carea' id='block_1_84' title="bbox 1973 2386 3594 2476">
    <p class='ocr_par' dir='ltr' id='par_1_84' title="bbox 1973 2386 3594 2476">
     <span class='ocr_line' id='line_1_84' title="bbox 1973 2386 3594 2476; baseline 0.014 -38"><span class='ocrx_word' id='word_1_651' title='bbox 1973 2391 1977 2395; x_wconf 84' lang='lat'>&#39;</span> <span class='ocrx_word' id='word_1_652' title='bbox 2013 2386 2125 2441; x_wconf 88' lang='lat' dir='ltr'><strong>sive</strong></span> <span class='ocrx_word' id='word_1_653' title='bbox 2152 2387 2399 2457; x_wconf 79' lang='lat' dir='ltr'><strong>ignorare</strong></span> <span class='ocrx_word' id='word_1_654' title='bbox 2425 2405 2484 2444; x_wconf 92' lang='lat' dir='ltr'><strong>se</strong></span> <span class='ocrx_word' id='word_1_655' title='bbox 2514 2392 2747 2447; x_wconf 88' lang='lat' dir='ltr'><strong>simulat.</strong></span> <span class='ocrx_word' id='word_1_656' title='bbox 2777 2395 2881 2449; x_wconf 87' lang='lat' dir='ltr'><strong>Aut</strong></span> <span class='ocrx_word' id='word_1_657' title='bbox 2904 2398 3046 2451; x_wconf 89' lang='lat' dir='ltr'><strong>enim</strong></span> <span class='ocrx_word' id='word_1_658' title='bbox 3076 2408 3178 2454; x_wconf 90' lang='lat' dir='ltr'><strong>u&#39;on</strong></span> <span class='ocrx_word' id='word_1_659' title='bbox 3208 2402 3477 2476; x_wconf 79' lang='lat' dir='ltr'><strong>intelligit,</strong></span> <span class='ocrx_word' id='word_1_660' title='bbox 3502 2415 3594 2461; x_wconf 86' lang='lat' dir='ltr'><strong>aut</strong></span> 
     </span>
    </p>
   </div>
   <div class='ocr_carea' id='block_1_85' title="bbox 2014 2479 3590 2553">
    <p class='ocr_par' dir='ltr' id='par_1_85' title="bbox 2014 2479 3590 2553">
     <span class='ocr_line' id='line_1_85' title="bbox 2014 2479 3590 2553; baseline 0.014 -24"><span class='ocrx_word' id='word_1_661' title='bbox 2014 2492 2118 2532; x_wconf 90' lang='lat' dir='ltr'><strong>non</strong></span> <span class='ocrx_word' id='word_1_662' title='bbox 2152 2479 2263 2532; x_wconf 84' lang='lat' dir='ltr'><strong>vult</strong></span> <span class='ocrx_word' id='word_1_663' title='bbox 2293 2479 2557 2551; x_wconf 62' lang='lat' dir='ltr'><strong>intelligi”</strong></span> <span class='ocrx_word' id='word_1_664' title='bbox 2584 2483 2709 2553; x_wconf 83' lang='lat' dir='ltr'><strong>quid</strong></span> <span class='ocrx_word' id='word_1_665' title='bbox 2745 2483 3005 2540; x_wconf 81' lang='lat' dir='ltr'><strong>dicamus.</strong></span> <span class='ocrx_word' id='word_1_666' title='bbox 3033 2489 3139 2545; x_wconf 85' lang='lat' dir='ltr'><strong>Sed</strong></span> <span class='ocrx_word' id='word_1_667' title='bbox 3179 2491 3224 2546; x_wconf 91' lang='lat' dir='ltr'><strong>si</strong></span> <span class='ocrx_word' id='word_1_668' title='bbox 3264 2509 3368 2548; x_wconf 89' lang='lat' dir='ltr'><strong>non</strong></span> <span class='ocrx_word' id='word_1_669' title='bbox 3402 2496 3590 2551; x_wconf 84' lang='lat' dir='ltr'><strong>intelli.</strong></span> 
     </span>
    </p>
   </div>
   <div class='ocr_carea' id='block_1_86' title="bbox 2011 2570 3592 2647">
    <p class='ocr_par' dir='ltr' id='par_1_86' title="bbox 2011 2570 3592 2647">
     <span class='ocr_line' id='line_1_86' title="bbox 2011 2570 3592 2647; baseline 0.014 -25"><span class='ocrx_word' id='word_1_670' title='bbox 2011 2570 2107 2642; x_wconf 75' lang='lat' dir='ltr'><strong>git,</strong></span> <span class='ocrx_word' id='word_1_671' title='bbox 2137 2577 2600 2643; x_wconf 65' lang='lat' dir='ltr'><strong>prmoccupatione</strong></span> <span class='ocrx_word' id='word_1_672' title='bbox 2630 2576 2916 2647; x_wconf 89' lang='lat' dir='ltr'><strong>impeditur</strong></span> <span class='ocrx_word' id='word_1_673' title='bbox 2942 2582 3139 2636; x_wconf 82' lang='lat' dir='ltr'><strong>erroris</strong></span> <span class='ocrx_word' id='word_1_674' title='bbox 3170 2601 3184 2638; x_wconf 90' lang='lat'>:</span> <span class='ocrx_word' id='word_1_675' title='bbox 3215 2585 3257 2639; x_wconf 92' lang='lat' dir='ltr'><strong>si</strong></span> <span class='ocrx_word' id='word_1_676' title='bbox 3289 2598 3463 2643; x_wconf 88' lang='lat' dir='ltr'><strong>autem</strong></span> <span class='ocrx_word' id='word_1_677' title='bbox 3487 2605 3592 2647; x_wconf 87' lang='lat' dir='ltr'><strong>non</strong></span> 
     </span>
    </p>
   </div>
   <div class='ocr_carea' id='block_1_87' title="bbox 2012 2660 3586 2744">
    <p class='ocr_par' dir='ltr' id='par_1_87' title="bbox 2012 2660 3586 2744">
     <span class='ocr_line' id='line_1_87' title="bbox 2012 2660 3586 2744; baseline 0.011 -28"><span class='ocrx_word' id='word_1_678' title='bbox 2012 2663 2123 2717; x_wconf 76' lang='lat' dir='ltr'><strong>vult</strong></span> <span class='ocrx_word' id='word_1_679' title='bbox 2161 2664 2286 2734; x_wconf 86' lang='lat' dir='ltr'><strong>quid</strong></span> <span class='ocrx_word' id='word_1_680' title='bbox 2324 2665 2563 2721; x_wconf 87' lang='lat' dir='ltr'><strong>dicamus</strong></span> <span class='ocrx_word' id='word_1_681' title='bbox 2598 2660 2854 2741; x_wconf 81' lang='lat' dir='ltr'><strong>intelligi,</strong></span> <span class='ocrx_word' id='word_1_682' title='bbox 2899 2670 3207 2741; x_wconf 75' lang='lat' dir='ltr'><strong>pervicacia:</strong></span> <span class='ocrx_word' id='word_1_683' title='bbox 3251 2677 3432 2732; x_wconf 89' lang='lat' dir='ltr'><strong>vitium</strong></span> <span class='ocrx_word' id='word_1_684' title='bbox 3472 2691 3586 2744; x_wconf 77' lang='lat' dir='ltr'><strong>est,</strong></span> 
     </span>
    </p>
   </div>
   <div class='ocr_carea' id='block_1_88' title="bbox 2012 2754 3585 2841">
    <p class='ocr_par' dir='ltr' id='par_1_88' title="bbox 2012 2754 3585 2841">
     <span class='ocr_line' id='line_1_88' title="bbox 2012 2754 3585 2841; baseline 0.012 -37"><span class='ocrx_word' id='word_1_685' title='bbox 2012 2767 2118 2821; x_wconf 91' lang='lat' dir='ltr'><strong>quo</strong></span> <span class='ocrx_word' id='word_1_686' title='bbox 2153 2767 2305 2807; x_wconf 88' lang='lat' dir='ltr'><strong>suum</strong></span> <span class='ocrx_word' id='word_1_687' title='bbox 2334 2754 2571 2810; x_wconf 87' lang='lat' dir='ltr'><strong>defendit</strong></span> <span class='ocrx_word' id='word_1_688' title='bbox 2598 2774 2854 2815; x_wconf 89' lang='lat' dir='ltr'><strong>errorem.</strong></span> <span class='ocrx_word' id='word_1_689' title='bbox 2887 2761 2954 2841; x_wconf 67' lang='lat' dir='ltr'><strong>Et</strong></span> <span class='ocrx_word' id='word_1_690' title='bbox 2977 2762 3309 2835; x_wconf 60' lang='lat' dir='ltr'><strong>Jovinianuc,</strong></span> <span class='ocrx_word' id='word_1_691' title='bbox 3340 2771 3428 2840; x_wconf 89' lang='lat' dir='ltr'><strong>qui</strong></span> <span class='ocrx_word' id='word_1_692' title='bbox 3459 2787 3585 2841; x_wconf 82' lang='lat' dir='ltr'><strong>pau-</strong></span> 
     </span>
    </p>
   </div>
   <div class='ocr_carea' id='block_1_89' title="bbox 2012 2848 3585 2914">
    <p class='ocr_par' dir='ltr' id='par_1_89' title="bbox 2012 2848 3585 2914">
     <span class='ocr_line' id='line_1_89' title="bbox 2012 2848 3585 2914; baseline 0.011 -16"><span class='ocrx_word' id='word_1_693' title='bbox 2012 2858 2104 2898; x_wconf 89' lang='lat' dir='ltr'><strong>cos</strong></span> <span class='ocrx_word' id='word_1_694' title='bbox 2130 2853 2252 2898; x_wconf 89' lang='lat' dir='ltr'><strong>ante</strong></span> <span class='ocrx_word' id='word_1_695' title='bbox 2281 2859 2449 2899; x_wconf 87' lang='lat' dir='ltr'><strong>annos</strong></span> <span class='ocrx_word' id='word_1_696' title='bbox 2487 2848 2748 2903; x_wconf 89' lang='lat' dir='ltr'><strong>novellam</strong></span> <span class='ocrx_word' id='word_1_697' title='bbox 2787 2862 3008 2907; x_wconf 83' lang='lat' dir='ltr'><strong>conatus</strong></span> <span class='ocrx_word' id='word_1_698' title='bbox 3040 2866 3129 2909; x_wconf 74' lang='lat' dir='ltr'><strong>est</strong></span> <span class='ocrx_word' id='word_1_699' title='bbox 3173 2855 3415 2914; x_wconf 69' lang='lat' dir='ltr'><strong>lucri-sim</strong></span> <span class='ocrx_word' id='word_1_700' title='bbox 3457 2877 3585 2914; x_wconf 85' lang='lat' dir='ltr'><strong>con-</strong></span> 
     </span>
    </p>
   </div>
   <div class='ocr_carea' id='block_1_90' title="bbox 1978 2932 3591 3021">
    <p class='ocr_par' dir='ltr' id='par_1_90' title="bbox 1978 2932 3591 3021">
     <span class='ocr_line' id='line_1_90' title="bbox 1978 2932 3591 3021; baseline 0.012 -34"><span class='ocrx_word' id='word_1_701' title='bbox 1978 3003 1993 3017; x_wconf 45' lang='lat'><strong>.</strong></span> <span class='ocrx_word' id='word_1_702' title='bbox 2012 2932 2161 2999; x_wconf 86' lang='lat' dir='ltr'><strong>dere,</strong></span> <span class='ocrx_word' id='word_1_703' title='bbox 2184 2933 2487 2990; x_wconf 84' lang='lat' dir='ltr'><strong>Manicha-is</strong></span> <span class='ocrx_word' id='word_1_704' title='bbox 2511 2938 2830 3007; x_wconf 78' lang='lat' dir='ltr'><strong>patrocinari</strong></span> <span class='ocrx_word' id='word_1_705' title='bbox 2859 2940 3068 2996; x_wconf 87' lang='lat' dir='ltr'><strong>dicebat</strong></span> <span class='ocrx_word' id='word_1_706' title='bbox 3096 2942 3419 3015; x_wconf 76' lang='lat' dir='ltr'><strong>Catltoiicos,</strong></span> <span class='ocrx_word' id='word_1_707' title='bbox 3447 2962 3591 3021; x_wconf 73' lang='lat' dir='ltr'><strong>quod</strong></span> 
     </span>
    </p>
   </div>
   <div class='ocr_carea' id='block_1_91' title="bbox 2011 3021 3592 3108">
    <p class='ocr_par' dir='ltr' id='par_1_91' title="bbox 2011 3021 3592 3108">
     <span class='ocr_line' id='line_1_91' title="bbox 2011 3021 3592 3108; baseline 0.013 -32"><span class='ocrx_word' id='word_1_708' title='bbox 2011 3021 2269 3078; x_wconf 82' lang='lat' dir='ltr'><strong>adversus</strong></span> <span class='ocrx_word' id='word_1_709' title='bbox 2299 3039 2421 3079; x_wconf 89' lang='lat' dir='ltr'><strong>eum</strong></span> <span class='ocrx_word' id='word_1_710' title='bbox 2450 3038 2691 3096; x_wconf 86' lang='lat' dir='ltr'><strong>sanctam</strong></span> <span class='ocrx_word' id='word_1_711' title='bbox 2719 3029 3074 3099; x_wconf 67' lang='lat' dir='ltr'><strong>virginitatem</strong></span> <span class='ocrx_word' id='word_1_712' title='bbox 3103 3037 3301 3105; x_wconf 85' lang='lat' dir='ltr'><strong>nuptiis</strong></span> <span class='ocrx_word' id='word_1_713' title='bbox 3338 3039 3592 3108; x_wconf 64' lang='lat' dir='ltr'><strong>prtefere-</strong></span> 
     </span>
    </p>
   </div>
   <div class='ocr_carea' id='block_1_92' title="bbox 2010 3116 3593 3197">
    <p class='ocr_par' dir='ltr' id='par_1_92' title="bbox 2010 3116 3593 3197">
     <span class='ocr_line' id='line_1_92' title="bbox 2010 3116 3593 3197; baseline 0.009 -24"><span class='ocrx_word' id='word_1_714' title='bbox 2010 3116 2158 3173; x_wconf 81' lang='lat' dir='ltr'><strong>bant.</strong></span> <span class='ocrx_word' id='word_1_715' title='bbox 2199 3116 2302 3173; x_wconf 85' lang='lat' dir='ltr'><strong>Sed</strong></span> <span class='ocrx_word' id='word_1_716' title='bbox 2333 3133 2681 3187; x_wconf 80' lang='lat' dir='ltr'><strong>reSponsurns</strong></span> <span class='ocrx_word' id='word_1_717' title='bbox 2710 3133 2792 3176; x_wconf 90' lang='lat' dir='ltr'><strong>est</strong></span> <span class='ocrx_word' id='word_1_718' title='bbox 2823 3123 2943 3188; x_wconf 90' lang='lat' dir='ltr'><strong>iste,</strong></span> <span class='ocrx_word' id='word_1_719' title='bbox 2968 3126 3080 3179; x_wconf 84' lang='lat' dir='ltr'><strong>&#39;non</strong></span> <span class='ocrx_word' id='word_1_720' title='bbox 3112 3143 3170 3182; x_wconf 89' lang='lat' dir='ltr'><strong>se</strong></span> <span class='ocrx_word' id='word_1_721' title='bbox 3194 3129 3334 3197; x_wconf 89' lang='lat' dir='ltr'><strong>quod</strong></span> <span class='ocrx_word' id='word_1_722' title='bbox 3359 3130 3593 3187; x_wconf 69' lang='lat' dir='ltr'><strong>Iovinia-</strong></span> 
     </span>
    </p>
   </div>
   <div class='ocr_carea' id='block_1_93' title="bbox 2012 3209 3590 3290">
    <p class='ocr_par' dir='ltr' id='par_1_93' title="bbox 2012 3209 3590 3290">
     <span class='ocr_line' id='line_1_93' title="bbox 2012 3209 3590 3290; baseline 0.01 -26"><span class='ocrx_word' id='word_1_723' title='bbox 2012 3225 2113 3265; x_wconf 90' lang='lat' dir='ltr'><strong>nus</strong></span> <span class='ocrx_word' id='word_1_724' title='bbox 2139 3209 2207 3265; x_wconf 88' lang='lat' dir='ltr'><strong>de</strong></span> <span class='ocrx_word' id='word_1_725' title='bbox 2249 3211 2602 3267; x_wconf 75' lang='lat' dir='ltr'><strong>inditierentia</strong></span> <span class='ocrx_word' id='word_1_726' title='bbox 2629 3216 2934 3282; x_wconf 84' lang='lat' dir='ltr'><strong>nuptiarum</strong></span> <span class='ocrx_word' id='word_1_727' title='bbox 2972 3217 3338 3290; x_wconf 78' lang='lat' dir='ltr'><strong>virginumque</strong></span> <span class='ocrx_word' id='word_1_728' title='bbox 3372 3225 3590 3281; x_wconf 89' lang='lat' dir='ltr'><strong>sentire.</strong></span> 
     </span>
    </p>
   </div>
   <div class='ocr_carea' id='block_1_94' title="bbox 2010 3298 3597 3372">
    <p class='ocr_par' dir='ltr' id='par_1_94' title="bbox 2010 3298 3597 3372">
     <span class='ocr_line' id='line_1_94' title="bbox 2010 3298 3597 3372; baseline 0.011 -18"><span class='ocrx_word' id='word_1_729' title='bbox 2010 3298 2120 3354; x_wconf 81' lang='lat' dir='ltr'><strong>Nec</strong></span> <span class='ocrx_word' id='word_1_730' title='bbox 2157 3313 2254 3371; x_wconf 72' lang='lat' dir='ltr'><strong>ego</strong></span> <span class='ocrx_word' id='word_1_731' title='bbox 2291 3300 2409 3354; x_wconf 89' lang='lat' dir='ltr'><strong>dico</strong></span> <span class='ocrx_word' id='word_1_732' title='bbox 2451 3302 2591 3372; x_wconf 85' lang='lat' dir='ltr'><strong>quod</strong></span> <span class='ocrx_word' id='word_1_733' title='bbox 2638 3303 2725 3357; x_wconf 86' lang='lat' dir='ltr'><strong>isti</strong></span> <span class='ocrx_word' id='word_1_734' title='bbox 2766 3302 2869 3361; x_wconf 86' lang='lat' dir='ltr'><strong>hoc</strong></span> <span class='ocrx_word' id='word_1_735' title='bbox 2904 3308 3137 3363; x_wconf 86' lang='lat' dir='ltr'><strong>sentiant</strong></span> <span class='ocrx_word' id='word_1_736' title='bbox 3168 3327 3180 3364; x_wconf 91' lang='lat'>:</span> <span class='ocrx_word' id='word_1_737' title='bbox 3224 3322 3597 3372; x_wconf 80' lang='lat' dir='ltr'><strong>verumtamen</strong></span> 
     </span>
    </p>
   </div>
   <div class='ocr_carea' id='block_1_95' title="bbox 2012 3382 3589 3474">
    <p class='ocr_par' dir='ltr' id='par_1_95' title="bbox 2012 3382 3589 3474">
     <span class='ocr_line' id='line_1_95' title="bbox 2012 3382 3589 3474; baseline 0.011 -30"><span class='ocrx_word' id='word_1_738' title='bbox 2012 3405 2106 3473; x_wconf 77' lang='lat' dir='ltr'><strong>per</strong></span> <span class='ocrx_word' id='word_1_739' title='bbox 2141 3390 2479 3447; x_wconf 69' lang='lat' dir='ltr'><strong>lavinianum</strong></span> <span class='ocrx_word' id='word_1_740' title='bbox 2517 3393 2806 3451; x_wconf 88' lang='lat' dir='ltr'><strong>Catholicis</strong></span> <span class='ocrx_word' id='word_1_741' title='bbox 2848 3382 3171 3455; x_wconf 57' lang='lat' dir='ltr'><strong>Hanichreos</strong></span> <span class='ocrx_word' id='word_1_742' title='bbox 3209 3403 3546 3473; x_wconf 86' lang='lat' dir='ltr'><strong>objicientem</strong></span> <span class='ocrx_word' id='word_1_743' title='bbox 3573 3449 3589 3474; x_wconf 91' lang='lat'><strong>,</strong></span> 
     </span>
    </p>
   </div>
   <div class='ocr_carea' id='block_1_96' title="bbox 2012 3466 3589 3566">
    <p class='ocr_par' dir='ltr' id='par_1_96' title="bbox 2012 3466 3589 3566">
     <span class='ocr_line' id='line_1_96' title="bbox 2012 3466 3589 3566; baseline 0.011 -31"><span class='ocrx_word' id='word_1_744' title='bbox 2012 3466 2116 3536; x_wconf 81' lang='lat' dir='ltr'><strong>non</strong></span> <span class='ocrx_word' id='word_1_745' title='bbox 2161 3497 2280 3537; x_wconf 87' lang='lat' dir='ltr'><strong>esse</strong></span> <span class='ocrx_word' id='word_1_746' title='bbox 2323 3483 2424 3538; x_wconf 82' lang='lat' dir='ltr'><strong>hoc</strong></span> <span class='ocrx_word' id='word_1_747' title='bbox 2467 3501 2703 3552; x_wconf 79' lang='lat' dir='ltr'><strong>novum,</strong></span> <span class='ocrx_word' id='word_1_748' title='bbox 2743 3490 2864 3541; x_wconf 80' lang='lat' dir='ltr'><strong>novi</strong></span> <span class='ocrx_word' id='word_1_749' title='bbox 2906 3488 3143 3547; x_wconf 76' lang='lat' dir='ltr'><strong>hzcretici</strong></span> <span class='ocrx_word' id='word_1_750' title='bbox 3187 3508 3589 3566; x_wconf 79' lang='lat' dir='ltr'><strong>recognoscant.</strong></span> 
     </span>
    </p>
   </div>
   <div class='ocr_carea' id='block_1_97' title="bbox 2010 3573 3591 3652">
    <p class='ocr_par' dir='ltr' id='par_1_97' title="bbox 2010 3573 3591 3652">
     <span class='ocr_line' id='line_1_97' title="bbox 2010 3573 3591 3652; baseline 0.012 -25"><span class='ocrx_word' id='word_1_751' title='bbox 2010 3573 2119 3628; x_wconf 85' lang='lat' dir='ltr'><strong>Nos</strong></span> <span class='ocrx_word' id='word_1_752' title='bbox 2148 3575 2322 3644; x_wconf 84' lang='lat' dir='ltr'><strong>itaque</strong></span> <span class='ocrx_word' id='word_1_753' title='bbox 2345 3576 2561 3646; x_wconf 75' lang='lat' dir='ltr'><strong>nuptias</strong></span> <span class='ocrx_word' id='word_1_754' title='bbox 2591 3576 2785 3632; x_wconf 88' lang='lat' dir='ltr'><strong>bonum</strong></span> <span class='ocrx_word' id='word_1_755' title='bbox 2815 3579 3039 3637; x_wconf 84' lang='lat' dir='ltr'><strong>dicimus</strong></span> <span class='ocrx_word' id='word_1_756' title='bbox 3064 3599 3205 3652; x_wconf 78' lang='lat' dir='ltr'><strong>esse,</strong></span> <span class='ocrx_word' id='word_1_757' title='bbox 3236 3603 3340 3641; x_wconf 84' lang='lat' dir='ltr'><strong>non</strong></span> <span class='ocrx_word' id='word_1_758' title='bbox 3371 3592 3591 3646; x_wconf 86' lang='lat' dir='ltr'><strong>malum.</strong></span> 
     </span>
    </p>
   </div>
   <div class='ocr_carea' id='block_1_98' title="bbox 2010 3662 3590 3747">
    <p class='ocr_par' dir='ltr' id='par_1_98' title="bbox 2010 3662 3590 3747">
     <span class='ocr_line' id='line_1_98' title="bbox 2010 3662 3590 3747; baseline 0.012 -28"><span class='ocrx_word' id='word_1_759' title='bbox 2010 3662 2116 3719; x_wconf 86' lang='lat' dir='ltr'><strong>Sed</strong></span> <span class='ocrx_word' id='word_1_760' title='bbox 2155 3663 2309 3719; x_wconf 87' lang='lat' dir='ltr'><strong>siculi</strong></span> <span class='ocrx_word' id='word_1_761' title='bbox 2342 3668 2518 3720; x_wconf 82' lang='lat' dir='ltr'><strong>Ariani</strong></span> <span class='ocrx_word' id='word_1_762' title='bbox 2550 3666 2880 3725; x_wconf 85' lang='lat' dir='ltr'><strong>Sabellianos</strong></span> <span class='ocrx_word' id='word_1_763' title='bbox 2908 3689 3003 3727; x_wconf 86' lang='lat' dir='ltr'><strong>nos</strong></span> <span class='ocrx_word' id='word_1_764' title='bbox 3049 3689 3169 3747; x_wconf 70' lang='lat' dir='ltr'><strong>esse</strong></span> <span class='ocrx_word' id='word_1_765' title='bbox 3204 3677 3590 3747; x_wconf 86' lang='lat' dir='ltr'><strong>criminantur,</strong></span> 
     </span>
    </p>
   </div>
   <div class='ocr_carea' id='block_1_99' title="bbox 2008 3744 3591 3834">
    <p class='ocr_par' dir='ltr' id='par_1_99' title="bbox 2008 3744 3591 3834">
     <span class='ocr_line' id='line_1_99' title="bbox 2008 3744 3591 3834; baseline 0.013 -29"><span class='ocrx_word' id='word_1_766' title='bbox 2008 3753 2250 3823; x_wconf 87' lang='lat' dir='ltr'><strong>quamvis</strong></span> <span class='ocrx_word' id='word_1_767' title='bbox 2281 3771 2386 3808; x_wconf 91' lang='lat' dir='ltr'><strong>non</strong></span> <span class='ocrx_word' id='word_1_768' title='bbox 2415 3756 2652 3813; x_wconf 85' lang='lat' dir='ltr'><strong>dicamus</strong></span> <span class='ocrx_word' id='word_1_769' title='bbox 2679 3776 2840 3814; x_wconf 90' lang='lat' dir='ltr'><strong>unum</strong></span> <span class='ocrx_word' id='word_1_770' title='bbox 2864 3744 3214 3834; x_wconf 77' lang='lat' dir='ltr'><strong>eamdemque</strong></span> <span class='ocrx_word' id='word_1_771' title='bbox 3232 3782 3354 3822; x_wconf 88' lang='lat' dir='ltr'><strong>esse</strong></span> <span class='ocrx_word' id='word_1_772' title='bbox 3382 3768 3591 3826; x_wconf 78' lang='lat' dir='ltr'><strong>Patrem</strong></span> 
     </span>
    </p>
   </div>
   <div class='ocr_carea' id='block_1_100' title="bbox 2006 3844 3585 3925">
    <p class='ocr_par' dir='ltr' id='par_1_100' title="bbox 2006 3844 3585 3925">
     <span class='ocr_line' id='line_1_100' title="bbox 2006 3844 3585 3925; baseline 0.01 -24"><span class='ocrx_word' id='word_1_773' title='bbox 2006 3853 2064 3901; x_wconf 81' lang='lat' dir='ltr'><strong>et</strong></span> <span class='ocrx_word' id='word_1_774' title='bbox 2090 3844 2282 3901; x_wconf 76' lang='lat' dir='ltr'><strong>Filium</strong></span> <span class='ocrx_word' id='word_1_775' title='bbox 2323 3857 2374 3903; x_wconf 90' lang='lat' dir='ltr'><strong>et</strong></span> <span class='ocrx_word' id='word_1_776' title='bbox 2401 3848 2654 3920; x_wconf 88' lang='lat' dir='ltr'><strong>Spiritum</strong></span> <span class='ocrx_word' id='word_1_777' title='bbox 2683 3863 2923 3907; x_wconf 81' lang='lat' dir='ltr'><strong>sanctum</strong></span> <span class='ocrx_word' id='word_1_778' title='bbox 2949 3897 2963 3916; x_wconf 90' lang='lat'><strong>,</strong></span> <span class='ocrx_word' id='word_1_779' title='bbox 3008 3855 3148 3925; x_wconf 90' lang='lat' dir='ltr'><strong>quod</strong></span> <span class='ocrx_word' id='word_1_780' title='bbox 3191 3856 3480 3916; x_wconf 83' lang='lat' dir='ltr'><strong>Sabelliani</strong></span> <span class='ocrx_word' id='word_1_781' title='bbox 3510 3863 3585 3916; x_wconf 85' lang='lat' dir='ltr'><strong>di-</strong></span> 
     </span>
    </p>
   </div>
   <div class='ocr_carea' id='block_1_101' title="bbox 2010 3938 3589 4017">
    <p class='ocr_par' dir='ltr' id='par_1_101' title="bbox 2010 3938 3589 4017">
     <span class='ocr_line' id='line_1_101' title="bbox 2010 3938 3589 4017; baseline 0.011 -28"><span class='ocrx_word' id='word_1_782' title='bbox 2010 3946 2171 4001; x_wconf 83' lang='lat' dir='ltr'><strong>cunt;</strong></span> <span class='ocrx_word' id='word_1_783' title='bbox 2218 3938 2311 3992; x_wconf 89' lang='lat' dir='ltr'><strong>sed</strong></span> <span class='ocrx_word' id='word_1_784' title='bbox 2356 3940 2596 3995; x_wconf 88' lang='lat' dir='ltr'><strong>dicamus</strong></span> <span class='ocrx_word' id='word_1_785' title='bbox 2625 3958 2784 3998; x_wconf 84' lang='lat' dir='ltr'><strong>unam</strong></span> <span class='ocrx_word' id='word_1_786' title='bbox 2812 3945 3160 4017; x_wconf 78' lang='lat' dir='ltr'><strong>eamdemque</strong></span> <span class='ocrx_word' id='word_1_787' title='bbox 3187 3963 3307 4005; x_wconf 87' lang='lat' dir='ltr'><strong>esse</strong></span> <span class='ocrx_word' id='word_1_788' title='bbox 3348 3963 3589 4006; x_wconf 88' lang='lat' dir='ltr'><strong>naturam</strong></span> 
     </span>
    </p>
   </div>
   <div class='ocr_carea' id='block_1_102' title="bbox 2010 4026 3593 4108">
    <p class='ocr_par' dir='ltr' id='par_1_102' title="bbox 2010 4026 3593 4108">
     <span class='ocr_line' id='line_1_102' title="bbox 2010 4026 3593 4108; baseline 0.01 -27"><span class='ocrx_word' id='word_1_789' title='bbox 2010 4026 2183 4082; x_wconf 84' lang='lat' dir='ltr'><strong>Patris</strong></span> <span class='ocrx_word' id='word_1_790' title='bbox 2213 4039 2266 4084; x_wconf 90' lang='lat' dir='ltr'><strong>et</strong></span> <span class='ocrx_word' id='word_1_791' title='bbox 2304 4029 2419 4085; x_wconf 84' lang='lat' dir='ltr'><strong>Filii</strong></span> <span class='ocrx_word' id='word_1_792' title='bbox 2461 4044 2515 4086; x_wconf 88' lang='lat' dir='ltr'><strong>et</strong></span> <span class='ocrx_word' id='word_1_793' title='bbox 2542 4032 2770 4103; x_wconf 85' lang='lat' dir='ltr'><strong>Spiritus</strong></span> <span class='ocrx_word' id='word_1_794' title='bbox 2796 4036 2962 4091; x_wconf 83' lang='lat' dir='ltr'><strong>sancti</strong></span> <span class='ocrx_word' id='word_1_795' title='bbox 2987 4080 3003 4103; x_wconf 87' lang='lat'><strong>,</strong></span> <span class='ocrx_word' id='word_1_796' title='bbox 3030 4028 3190 4108; x_wconf 83' lang='lat' dir='ltr'><strong>quod</strong></span> <span class='ocrx_word' id='word_1_797' title='bbox 3224 4039 3483 4099; x_wconf 88' lang='lat' dir='ltr'><strong>Catholici</strong></span> <span class='ocrx_word' id='word_1_798' title='bbox 3512 4047 3593 4101; x_wconf 72' lang='lat' dir='ltr'><strong>di-</strong></span> 
     </span>
    </p>
   </div>
   <div class='ocr_carea' id='block_1_103' title="bbox 2010 4120 3591 4207">
    <p class='ocr_par' dir='ltr' id='par_1_103' title="bbox 2010 4120 3591 4207">
     <span class='ocr_line' id='line_1_103' title="bbox 2010 4120 3591 4207; baseline 0.013 -35"><span class='ocrx_word' id='word_1_799' title='bbox 2010 4129 2137 4173; x_wconf 83' lang='lat' dir='ltr'><strong>eunt</strong></span> <span class='ocrx_word' id='word_1_800' title='bbox 2168 4139 2182 4174; x_wconf 92' lang='lat'><strong>:</strong></span> <span class='ocrx_word' id='word_1_801' title='bbox 2212 4120 2281 4174; x_wconf 90' lang='lat' dir='ltr'><strong>ita</strong></span> <span class='ocrx_word' id='word_1_802' title='bbox 2306 4121 2571 4193; x_wconf 79' lang='lat' dir='ltr'><strong>Pelagiani</strong></span> <span class='ocrx_word' id='word_1_803' title='bbox 2595 4126 2747 4181; x_wconf 91' lang='lat' dir='ltr'><strong>nobis</strong></span> <span class='ocrx_word' id='word_1_804' title='bbox 2767 4127 3084 4184; x_wconf 80' lang='lat' dir='ltr'><strong>Maniclt.eos</strong></span> <span class='ocrx_word' id='word_1_805' title='bbox 3104 4130 3378 4202; x_wconf 81' lang='lat' dir='ltr'><strong>objiciunt,</strong></span> <span class='ocrx_word' id='word_1_806' title='bbox 3402 4152 3591 4207; x_wconf 54' lang='lat' dir='ltr'><strong>quam-</strong></span> 
     </span>
    </p>
   </div>
   <div class='ocr_carea' id='block_1_104' title="bbox 2011 4209 3594 4294">
    <p class='ocr_par' dir='ltr' id='par_1_104' title="bbox 2011 4209 3594 4294">
     <span class='ocr_line' id='line_1_104' title="bbox 2011 4209 3594 4294; baseline 0.015 -33"><span class='ocrx_word' id='word_1_807' title='bbox 2011 4209 2091 4262; x_wconf 76' lang='lat' dir='ltr'><strong>ris</strong></span> <span class='ocrx_word' id='word_1_808' title='bbox 2133 4224 2240 4264; x_wconf 90' lang='lat' dir='ltr'><strong>non</strong></span> <span class='ocrx_word' id='word_1_809' title='bbox 2269 4212 2507 4267; x_wconf 87' lang='lat' dir='ltr'><strong>dicamus</strong></span> <span class='ocrx_word' id='word_1_810' title='bbox 2544 4227 2663 4269; x_wconf 88' lang='lat' dir='ltr'><strong>esse</strong></span> <span class='ocrx_word' id='word_1_811' title='bbox 2708 4217 2903 4271; x_wconf 90' lang='lat' dir='ltr'><strong>malum</strong></span> <span class='ocrx_word' id='word_1_812' title='bbox 2944 4221 3152 4288; x_wconf 89' lang='lat' dir='ltr'><strong>nuptias</strong></span> <span class='ocrx_word' id='word_1_813' title='bbox 3177 4264 3193 4286; x_wconf 93' lang='lat'><strong>,</strong></span> <span class='ocrx_word' id='word_1_814' title='bbox 3229 4224 3371 4294; x_wconf 88' lang='lat' dir='ltr'><strong>quod</strong></span> <span class='ocrx_word' id='word_1_815' title='bbox 3410 4228 3594 4284; x_wconf 91' lang='lat' dir='ltr'><strong>dicunt</strong></span> 
     </span>
    </p>
   </div>
   <div class='ocr_carea' id='block_1_105' title="bbox 2011 4298 3591 4386">
    <p class='ocr_par' dir='ltr' id='par_1_105' title="bbox 2011 4298 3591 4386">
     <span class='ocr_line' id='line_1_105' title="bbox 2011 4298 3591 4386; baseline 0.015 -33"><span class='ocrx_word' id='word_1_816' title='bbox 2011 4298 2319 4368; x_wconf 75' lang='lat' dir='ltr'><strong>Manicbzri;</strong></span> <span class='ocrx_word' id='word_1_817' title='bbox 2352 4303 2444 4357; x_wconf 90' lang='lat' dir='ltr'><strong>sed</strong></span> <span class='ocrx_word' id='word_1_818' title='bbox 2469 4303 2709 4360; x_wconf 89' lang='lat' dir='ltr'><strong>dicamus</strong></span> <span class='ocrx_word' id='word_1_819' title='bbox 2737 4298 3144 4380; x_wconf 37' lang='lat' dir='ltr'><strong>malum&#39;primis</strong></span> <span class='ocrx_word' id='word_1_820' title='bbox 3175 4313 3500 4386; x_wconf 84' lang='lat' dir='ltr'><strong>hominibus,</strong></span> <span class='ocrx_word' id='word_1_821' title='bbox 3539 4325 3591 4377; x_wconf 80' lang='lat' dir='ltr'><strong>id</strong></span> 
     </span>
    </p>
   </div>
   <div class='ocr_carea' id='block_1_106' title="bbox 2011 4391 3593 4470">
    <p class='ocr_par' dir='ltr' id='par_1_106' title="bbox 2011 4391 3593 4470">
     <span class='ocr_line' id='line_1_106' title="bbox 2011 4391 3593 4470; baseline 0.016 -27"><span class='ocrx_word' id='word_1_822' title='bbox 2011 4400 2115 4455; x_wconf 89' lang='lat' dir='ltr'><strong>est,</strong></span> <span class='ocrx_word' id='word_1_823' title='bbox 2148 4391 2333 4461; x_wconf 88' lang='lat' dir='ltr'><strong>primis</strong></span> <span class='ocrx_word' id='word_1_824' title='bbox 2367 4393 2681 4465; x_wconf 80' lang='lat' dir='ltr'><strong>conjugibus</strong></span> <span class='ocrx_word' id='word_1_825' title='bbox 2704 4398 2961 4455; x_wconf 83' lang='lat' dir='ltr'><strong>accidisse</strong></span> <span class='ocrx_word' id='word_1_826' title='bbox 2991 4400 3045 4467; x_wconf 86' lang='grc'>³,</span> <span class='ocrx_word' id='word_1_827' title='bbox 3086 4414 3141 4457; x_wconf 87' lang='lat' dir='ltr'><strong>et</strong></span> <span class='ocrx_word' id='word_1_828' title='bbox 3172 4404 3293 4462; x_wconf 91' lang='lat' dir='ltr'><strong>inde</strong></span> <span class='ocrx_word' id='word_1_829' title='bbox 3322 4409 3372 4463; x_wconf 95' lang='lat' dir='ltr'><strong>in</strong></span> <span class='ocrx_word' id='word_1_830' title='bbox 3404 4426 3593 4470; x_wconf 75' lang='lat' dir='ltr'><strong>onttres</strong></span> 
     </span>
    </p>
   </div>
   <div class='ocr_carea' id='block_1_107' title="bbox 2014 4479 3592 4561">
    <p class='ocr_par' dir='ltr' id='par_1_107' title="bbox 2014 4479 3592 4561">
     <span class='ocr_line' id='line_1_107' title="bbox 2014 4479 3592 4561; baseline 0.018 -28"><span class='ocrx_word' id='word_1_831' title='bbox 2014 4479 2258 4535; x_wconf 88' lang='lat' dir='ltr'><strong>homines</strong></span> <span class='ocrx_word' id='word_1_832' title='bbox 2282 4483 2656 4551; x_wconf 86' lang='lat' dir='ltr'><strong>pertransisse,</strong></span> <span class='ocrx_word' id='word_1_833' title='bbox 2678 4487 2815 4558; x_wconf 90' lang='lat' dir='ltr'><strong>quod</strong></span> <span class='ocrx_word' id='word_1_834' title='bbox 2843 4487 3026 4546; x_wconf 90' lang='lat' dir='ltr'><strong>dicunt</strong></span> <span class='ocrx_word' id='word_1_835' title='bbox 3056 4490 3335 4553; x_wconf 84' lang='lat' dir='ltr'><strong>Catholici.</strong></span> <span class='ocrx_word' id='word_1_836' title='bbox 3358 4499 3461 4558; x_wconf 88' lang='lat' dir='ltr'><strong>Sed</strong></span> <span class='ocrx_word' id='word_1_837' title='bbox 3486 4508 3592 4561; x_wconf 78' lang='lat' dir='ltr'><strong>sic-</strong></span> 
     </span>
    </p>
   </div>
   <div class='ocr_carea' id='block_1_108' title="bbox 2013 4566 3588 4665">
    <p class='ocr_par' dir='ltr' id='par_1_108' title="bbox 2013 4566 3588 4665">
     <span class='ocr_line' id='line_1_108' title="bbox 2013 4566 3588 4665; baseline 0.017 -42"><span class='ocrx_word' id='word_1_838' title='bbox 2013 4566 2271 4625; x_wconf 84' lang='lat' dir='ltr'><strong>utAriani</strong></span> <span class='ocrx_word' id='word_1_839' title='bbox 2297 4572 2422 4627; x_wconf 87' lang='lat' dir='ltr'><strong>dum</strong></span> <span class='ocrx_word' id='word_1_840' title='bbox 2450 4571 2782 4636; x_wconf 87' lang='lat' dir='ltr'><strong>Sabelllanos</strong></span> <span class='ocrx_word' id='word_1_841' title='bbox 2821 4580 3060 4652; x_wconf 80' lang='lat' dir='ltr'><strong>fugiunt,</strong></span> <span class='ocrx_word' id='word_1_842' title='bbox 3104 4588 3153 4641; x_wconf 93' lang='lat' dir='ltr'><strong>in</strong></span> <span class='ocrx_word' id='word_1_843' title='bbox 3197 4592 3349 4659; x_wconf 85' lang='lat' dir='ltr'><strong>pejus</strong></span> <span class='ocrx_word' id='word_1_844' title='bbox 3392 4597 3588 4665; x_wconf 82' lang='lat' dir='ltr'><strong>aliquid</strong></span> 
     </span>
    </p>
   </div>
   <div class='ocr_carea' id='block_1_109' title="bbox 2015 4663 3591 4754">
    <p class='ocr_par' dir='ltr' id='par_1_109' title="bbox 2015 4663 3591 4754">
     <span class='ocr_line' id='line_1_109' title="bbox 2015 4663 3591 4754; baseline 0.016 -37"><span class='ocrx_word' id='word_1_845' title='bbox 2015 4663 2347 4730; x_wconf 86' lang='lat' dir='ltr'><strong>inciderunt;</strong></span> <span class='ocrx_word' id='word_1_846' title='bbox 2392 4668 2513 4737; x_wconf 90' lang='lat' dir='ltr'><strong>quia</strong></span> <span class='ocrx_word' id='word_1_847' title='bbox 2545 4666 2821 4728; x_wconf 82' lang='lat' dir='ltr'><strong>Trinitatis</strong></span> <span class='ocrx_word' id='word_1_848' title='bbox 2859 4676 2973 4730; x_wconf 89' lang='lat' dir='ltr'><strong>ausi</strong></span> <span class='ocrx_word' id='word_1_849' title='bbox 3016 4689 3139 4733; x_wconf 93' lang='lat' dir='ltr'><strong>sunt</strong></span> <span class='ocrx_word' id='word_1_850' title='bbox 3181 4697 3284 4736; x_wconf 91' lang='lat' dir='ltr'><strong>non</strong></span> <span class='ocrx_word' id='word_1_851' title='bbox 3334 4663 3591 4754; x_wconf 83' lang='lat' dir='ltr'><strong>personas</strong></span> 
     </span>
    </p>
   </div>
   <div class='ocr_carea' id='block_1_110' title="bbox 2010 4752 3594 4848">
    <p class='ocr_par' dir='ltr' id='par_1_110' title="bbox 2010 4752 3594 4848">
     <span class='ocr_line' id='line_1_110' title="bbox 2010 4752 3594 4848; baseline 0.015 -43"><span class='ocrx_word' id='word_1_852' title='bbox 2010 4752 2335 4821; x_wconf 85' lang='lat' dir='ltr'><strong>discernere,</strong></span> <span class='ocrx_word' id='word_1_853' title='bbox 2357 4756 2449 4811; x_wconf 88' lang='lat' dir='ltr'><strong>sed</strong></span> <span class='ocrx_word' id='word_1_854' title='bbox 2474 4767 2689 4815; x_wconf 86' lang='lat' dir='ltr'><strong>naturas</strong></span> <span class='ocrx_word' id='word_1_855' title='bbox 2715 4780 2727 4816; x_wconf 91' lang='lat'><strong>:</strong></span> <span class='ocrx_word' id='word_1_856' title='bbox 2753 4763 3104 4841; x_wconf 78' lang='lat' dir='ltr'><strong>ital’clagiani</strong></span> <span class='ocrx_word' id='word_1_857' title='bbox 3128 4769 3250 4823; x_wconf 90' lang='lat' dir='ltr'><strong>dum</strong></span> <span class='ocrx_word' id='word_1_858' title='bbox 3277 4752 3594 4848; x_wconf 58' lang='lat' dir='ltr'><strong>Manichae-</strong></span> 
     </span>
    </p>
   </div>
   <div class='ocr_carea' id='block_1_111' title="bbox 2014 4849 3592 4936">
    <p class='ocr_par' dir='ltr' id='par_1_111' title="bbox 2014 4849 3592 4936">
     <span class='ocr_line' id='line_1_111' title="bbox 2014 4849 3592 4936; baseline 0.014 -38"><span class='ocrx_word' id='word_1_859' title='bbox 2014 4861 2128 4898; x_wconf 89' lang='lat' dir='ltr'><strong>rum</strong></span> <span class='ocrx_word' id='word_1_860' title='bbox 2157 4855 2358 4916; x_wconf 80' lang='lat' dir='ltr'><strong>pestem</strong></span> <span class='ocrx_word' id='word_1_861' title='bbox 2382 4849 2434 4902; x_wconf 90' lang='lat' dir='ltr'><strong>in</strong></span> <span class='ocrx_word' id='word_1_862' title='bbox 2462 4866 2771 4920; x_wconf 77' lang='lat' dir='ltr'><strong>perversum</strong></span> <span class='ocrx_word' id='word_1_863' title='bbox 2795 4855 2963 4912; x_wconf 77' lang='lat' dir='ltr'><strong>vitare</strong></span> <span class='ocrx_word' id='word_1_864' title='bbox 2983 4871 3260 4926; x_wconf 88' lang='lat' dir='ltr'><strong>conantur,</strong></span> <span class='ocrx_word' id='word_1_865' title='bbox 3288 4864 3354 4918; x_wconf 86' lang='lat' dir='ltr'><strong>de</strong></span> <span class='ocrx_word' id='word_1_866' title='bbox 3382 4870 3592 4936; x_wconf 84' lang='lat' dir='ltr'><strong>nuptia-</strong></span> 
     </span>
    </p>
   </div>
   <div class='ocr_carea' id='block_1_112' title="bbox 2013 4936 3558 5021">
    <p class='ocr_par' dir='ltr' id='par_1_112' title="bbox 2013 4936 3558 5021">
     <span class='ocr_line' id='line_1_112' title="bbox 2013 4936 3558 5021; baseline 0.014 -32"><span class='ocrx_word' id='word_1_867' title='bbox 2013 4950 2129 4989; x_wconf 88' lang='lat' dir='ltr'><strong>rum</strong></span> <span class='ocrx_word' id='word_1_868' title='bbox 2179 4936 2350 4992; x_wconf 90' lang='lat' dir='ltr'><strong>fructu</strong></span> <span class='ocrx_word' id='word_1_869' title='bbox 2396 4939 2525 5007; x_wconf 83' lang='lat' dir='ltr'><strong>ipsis</strong></span> <span class='ocrx_word' id='word_1_870' title='bbox 2555 4941 2858 4998; x_wconf 73' lang='lat' dir='ltr'><strong>Manicltmis</strong></span> <span class='ocrx_word' id='word_1_871' title='bbox 2891 4948 3277 5004; x_wconf 88' lang='lat' dir='ltr'><strong>convincuntur</strong></span> <span class='ocrx_word' id='word_1_872' title='bbox 3324 4954 3558 5021; x_wconf 84' lang='lat' dir='ltr'><strong>pernicie</strong></span> 
     </span>
    </p>
   </div>
   <div class='ocr_carea' id='block_1_113' title="bbox 2013 5024 3585 5117">
    <p class='ocr_par' dir='ltr' id='par_1_113' title="bbox 2013 5024 3585 5117">
     <span class='ocr_line' id='line_1_113' title="bbox 2013 5024 3585 5117; baseline 0.015 -39"><span class='ocrx_word' id='word_1_873' title='bbox 2013 5024 2153 5080; x_wconf 83' lang='lat' dir='ltr'><strong>siora</strong></span> <span class='ocrx_word' id='word_1_874' title='bbox 2181 5027 2401 5095; x_wconf 83' lang='lat' dir='ltr'><strong>sentire,</strong></span> <span class='ocrx_word' id='word_1_875' title='bbox 2433 5030 2700 5088; x_wconf 85' lang='lat' dir='ltr'><strong>credendo</strong></span> <span class='ocrx_word' id='word_1_876' title='bbox 2731 5036 2979 5103; x_wconf 87' lang='lat' dir='ltr'><strong>parvulos</strong></span> <span class='ocrx_word' id='word_1_877' title='bbox 3005 5036 3214 5111; x_wconf 84' lang='lat' dir='ltr'><strong>Christo</strong></span> <span class='ocrx_word' id='word_1_878' title='bbox 3241 5043 3449 5099; x_wconf 88' lang='lat' dir='ltr'><strong>medico</strong></span> <span class='ocrx_word' id='word_1_879' title='bbox 3478 5062 3585 5117; x_wconf 84' lang='lat' dir='ltr'><strong>non</strong></span> 
     </span>
    </p>
   </div>
   <div class='ocr_carea' id='block_1_114' title="bbox 2013 5130 2481 5185">
    <p class='ocr_par' dir='ltr' id='par_1_114' title="bbox 2013 5130 2481 5185">
     <span class='ocr_line' id='line_1_114' title="bbox 2013 5130 2481 5185; baseline 0.006 -17"><span class='ocrx_word' id='word_1_880' title='bbox 2013 5130 2187 5185; x_wconf 81' lang='lat' dir='ltr'><strong>egere.</strong></span> <span class='ocrx_word' id='word_1_881' title='bbox 2476 5132 2481 5136; x_wconf 80' lang='lat'><strong><em>&#39;</em></strong></span> 
     </span>
    </p>
   </div>
   <div class='ocr_carea' id='block_1_115' title="bbox 2082 5206 3593 5290">
    <p class='ocr_par' dir='ltr' id='par_1_115' title="bbox 2082 5206 3593 5290">
     <span class='ocr_line' id='line_1_115' title="bbox 2082 5206 3593 5290; baseline 0.015 -30"><span class='ocrx_word' id='word_1_882' title='bbox 2082 5206 2310 5263; x_wconf 75' lang='lat' dir='ltr'><strong>CAPUT</strong></span> <span class='ocrx_word' id='word_1_883' title='bbox 2350 5209 2537 5265; x_wconf 79' lang='lat' dir='ltr'><strong>XXlV.</strong></span> <span class='ocrx_word' id='word_1_884' title='bbox 2566 5243 2636 5254; x_wconf 88' lang='lat'><strong>—-</strong></span> <span class='ocrx_word' id='word_1_885' title='bbox 2662 5214 2752 5270; x_wconf 79' lang='lat'><strong>59.</strong></span> <span class='ocrx_word' id='word_1_886' title='bbox 2790 5234 2809 5267; x_wconf 71' lang='grc' dir='ltr'>ι</span> <span class='ocrx_word' id='word_1_887' title='bbox 2844 5215 3076 5284; x_wconf 83' lang='lat' dir='ltr'><strong>Delinis,</strong></span> <span class='ocrx_word' id='word_1_888' title='bbox 3117 5239 3135 5269; x_wconf 72' lang='grc' dir='ltr'><strong>ι</strong></span> <span class='ocrx_word' id='word_1_889' title='bbox 3182 5220 3381 5290; x_wconf 89' lang='lat' dir='ltr'><strong>inquit,</strong></span> <span class='ocrx_word' id='word_1_890' title='bbox 3431 5245 3450 5279; x_wconf 73' lang='grc' dir='ltr'>ι</span> <span class='ocrx_word' id='word_1_891' title='bbox 3490 5228 3593 5285; x_wconf 85' lang='lat' dir='ltr'><strong>ho-</strong></span> 
     </span>
    </p>
   </div>
   <div class='ocr_carea' id='block_1_116' title="bbox 2015 5298 3623 5383">
    <p class='ocr_par' dir='ltr' id='par_1_116' title="bbox 2015 5298 3623 5383">
     <span class='ocr_line' id='line_1_116' title="bbox 2015 5298 3623 5383; baseline 0.015 -34"><span class='ocrx_word' id='word_1_892' title='bbox 2015 5298 2234 5362; x_wconf 85' lang='lat' dir='ltr'><strong>minem,</strong></span> <span class='ocrx_word' id='word_1_893' title='bbox 2263 5299 2306 5353; x_wconf 89' lang='lat' dir='ltr'><strong>si</strong></span> <span class='ocrx_word' id='word_1_894' title='bbox 2336 5299 2402 5354; x_wconf 91' lang='lat' dir='ltr'><strong>de</strong></span> <span class='ocrx_word' id='word_1_895' title='bbox 2428 5299 2773 5358; x_wconf 79' lang='lat' dir='ltr'><strong>fornicatione</strong></span> <span class='ocrx_word' id='word_1_896' title='bbox 2803 5313 3052 5361; x_wconf 90' lang='lat' dir='ltr'><strong>nascatur</strong></span> <span class='ocrx_word' id='word_1_897' title='bbox 3074 5349 3089 5371; x_wconf 91' lang='lat'><strong>,</strong></span> <span class='ocrx_word' id='word_1_898' title='bbox 3115 5325 3267 5367; x_wconf 84' lang='lat' dir='ltr'><strong>reum</strong></span> <span class='ocrx_word' id='word_1_899' title='bbox 3295 5328 3399 5368; x_wconf 92' lang='lat' dir='ltr'><strong>non</strong></span> <span class='ocrx_word' id='word_1_900' title='bbox 3430 5331 3549 5372; x_wconf 84' lang='lat' dir='ltr'><strong>esse</strong></span> <span class='ocrx_word' id='word_1_901' title='bbox 3573 5336 3588 5382; x_wconf 86' lang='lat'><strong>;</strong></span> <span class='ocrx_word' id='word_1_902' title='bbox 3618 5378 3623 5383; x_wconf 11' lang='grc' dir='ltr'><strong>ἢ</strong></span> 
     </span>
    </p>
   </div>
   <div class='ocr_carea' id='block_1_117' title="bbox 2013 5384 3592 5479">
    <p class='ocr_par' dir='ltr' id='par_1_117' title="bbox 2013 5384 3592 5479">
     <span class='ocr_line' id='line_1_117' title="bbox 2013 5384 3592 5479; baseline 0.015 -39"><span class='ocrx_word' id='word_1_903' title='bbox 2013 5386 2057 5440; x_wconf 89' lang='lat' dir='ltr'><strong>si</strong></span> <span class='ocrx_word' id='word_1_904' title='bbox 2084 5384 2150 5442; x_wconf 91' lang='lat' dir='ltr'><strong>de</strong></span> <span class='ocrx_word' id='word_1_905' title='bbox 2174 5389 2418 5460; x_wconf 67' lang='lat' dir='ltr'><strong>coniugio</strong></span> <span class='ocrx_word' id='word_1_906' title='bbox 2439 5429 2456 5455; x_wconf 95' lang='lat'><strong>,</strong></span> <span class='ocrx_word' id='word_1_907' title='bbox 2490 5389 2825 5448; x_wconf 82' lang='lat' dir='ltr'><strong>innocentem</strong></span> <span class='ocrx_word' id='word_1_908' title='bbox 2853 5408 2958 5450; x_wconf 90' lang='lat' dir='ltr'><strong>non</strong></span> <span class='ocrx_word' id='word_1_909' title='bbox 2993 5411 3131 5454; x_wconf 79' lang='lat' dir='ltr'><strong>esse.</strong></span> <span class='ocrx_word' id='word_1_910' title='bbox 3164 5400 3275 5456; x_wconf 85' lang='lat' dir='ltr'><strong>Huc</strong></span> <span class='ocrx_word' id='word_1_911' title='bbox 3300 5404 3441 5461; x_wconf 88' lang='lat' dir='ltr'><strong>enim</strong></span> <span class='ocrx_word' id='word_1_912' title='bbox 3470 5422 3592 5479; x_wconf 54' lang='lat' dir='ltr'><strong>per-</strong></span> 
     </span>
    </p>
   </div>
   <div class='ocr_carea' id='block_1_118' title="bbox 2076 5559 3472 5642">
    <p class='ocr_par' dir='ltr' id='par_1_118' title="bbox 2076 5559 3472 5642">
     <span class='ocr_line' id='line_1_118' title="bbox 2076 5559 3472 5642; baseline 0.007 0"><span class='ocrx_word' id='word_1_913' title='bbox 2076 5559 2100 5642; x_wconf 71' lang='grc' dir='ltr'><strong>ἱ</strong></span> <span class='ocrx_word' id='word_1_914' title='bbox 2128 5560 2662 5642; x_wconf 50' lang='grc' dir='ltr'><strong>’ἔξεὶρείέἓιίῆετέἀξψεν</strong></span> <span class='ocrx_word' id='word_1_915' title='bbox 2685 5573 2748 5642; x_wconf 69' lang='lat' dir='ltr'><strong>te;</strong></span> <span class='ocrx_word' id='word_1_916' title='bbox 2777 5568 2950 5642; x_wconf 59' lang='lat' dir='ltr'><strong>abest.</strong></span> <span class='ocrx_word' id='word_1_917' title='bbox 2973 5576 3048 5642; x_wconf 64' lang='grc' dir='ltr'><strong>ιρι</strong></span> <span class='ocrx_word' id='word_1_918' title='bbox 3068 5585 3098 5623; x_wconf 71' lang='grc' dir='ltr'><strong><em>ι</em></strong></span> <span class='ocrx_word' id='word_1_919' title='bbox 3120 5581 3472 5642; x_wconf 52' lang='lat' dir='ltr'><strong>memerita“-</strong></span> 
     </span>
    </p>
   </div>
   <div class='ocr_carea' id='block_1_119' title="bbox 2014 5621 3589 5743">
    <p class='ocr_par' dir='ltr' id='par_1_119' title="bbox 2014 5621 3589 5743">
     <span class='ocr_line' id='line_1_119' title="bbox 2046 5621 3589 5703; baseline 0.017 -38"><span class='ocrx_word' id='word_1_920' title='bbox 2046 5623 2051 5630; x_wconf 92' lang='lat'>&#39;</span> <span class='ocrx_word' id='word_1_921' title='bbox 2074 5621 2257 5692; x_wconf 58' lang='lat' dir='ltr'><strong>Mtpud</strong></span> <span class='ocrx_word' id='word_1_922' title='bbox 2278 5630 2408 5695; x_wconf 59' lang='lat' dir='ltr'><strong>tom,</strong></span> <span class='ocrx_word' id='word_1_923' title='bbox 2433 5636 2524 5674; x_wconf 80' lang='lat' dir='ltr'><strong>non</strong></span> <span class='ocrx_word' id='word_1_924' title='bbox 2553 5621 2658 5676; x_wconf 77' lang='lat' dir='ltr'><strong>vult</strong></span> <span class='ocrx_word' id='word_1_925' title='bbox 2680 5621 2960 5697; x_wconf 59' lang='lat' dir='ltr'><strong>intelligere.</strong></span> <span class='ocrx_word' id='word_1_926' title='bbox 2976 5621 3105 5684; x_wconf 68' lang='lat' dir='ltr'><strong>item</strong></span> <span class='ocrx_word' id='word_1_927' title='bbox 3124 5621 3589 5703; x_wconf 46' lang='lat' dir='ltr'><strong>&#39;tﬁtiifoiiiii&#39;itm</strong></span> 
     </span>
     <span class='ocr_line' id='line_1_120' title="bbox 2014 5681 2419 5743; baseline 0 -14"><span class='ocrx_word' id='word_1_928' title='bbox 2014 5691 2120 5743; x_wconf 61' lang='lat' dir='ltr'><strong>usus</strong></span> <span class='ocrx_word' id='word_1_929' title='bbox 2139 5681 2419 5743; x_wconf 65' lang='lat' dir='ltr'><strong>adaugere.</strong></span> 
     </span>
    </p>
   </div>
   <div class='ocr_carea' id='block_1_120' title="bbox 2072 5742 3585 5823">
    <p class='ocr_par' dir='ltr' id='par_1_120' title="bbox 2072 5742 3585 5823">
     <span class='ocr_line' id='line_1_121' title="bbox 2072 5742 3585 5823; baseline 0.017 -38"><span class='ocrx_word' id='word_1_930' title='bbox 2133 5742 2348 5823; x_wconf 27' lang='lat' dir='ltr'><strong>sinit-.31</strong></span> <span class='ocrx_word' id='word_1_931' title='bbox 2353 5751 2413 5823; x_wconf 54' lang='lat' dir='ltr'><strong>et</strong></span> <span class='ocrx_word' id='word_1_932' title='bbox 2433 5759 2605 5823; x_wconf 50' lang='lat' dir='ltr'><strong>omnes</strong></span> <span class='ocrx_word' id='word_1_933' title='bbox 2627 5758 2753 5811; x_wconf 66' lang='lat' dir='ltr'><strong>uss,</strong></span> <span class='ocrx_word' id='word_1_934' title='bbox 2775 5751 2954 5803; x_wconf 80' lang='lat' dir='ltr'><strong>malum</strong></span> <span class='ocrx_word' id='word_1_935' title='bbox 2977 5768 3184 5818; x_wconf 70' lang='lat' dir='ltr'><strong>mnium</strong></span> <span class='ocrx_word' id='word_1_936' title='bbox 3207 5760 3447 5810; x_wconf 59' lang='lat' dir='ltr'><strong>hominm)</strong></span> <span class='ocrx_word' id='word_1_937' title='bbox 3485 5774 3585 5823; x_wconf 75' lang='grc' dir='ltr'><strong>ρη-</strong></span> 
     </span>
    </p>
   </div>
   <div class='ocr_carea' id='block_1_121' title="bbox 2015 5803 2677 5868">
    <p class='ocr_par' dir='ltr' id='par_1_121' title="bbox 2015 5803 2677 5868">
     <span class='ocr_line' id='line_1_122' title="bbox 2015 5803 2677 5868; baseline 0.015 -17"><span class='ocrx_word' id='word_1_938' title='bbox 2015 5803 2106 5852; x_wconf 75' lang='lat' dir='ltr'><strong>mis</strong></span> <span class='ocrx_word' id='word_1_939' title='bbox 2127 5803 2404 5868; x_wconf 60' lang='lat' dir='ltr'><strong>(maugitus</strong></span> <span class='ocrx_word' id='word_1_940' title='bbox 2426 5808 2677 5861; x_wconf 69' lang='lat' dir='ltr'><strong>accidisse.</strong></span> 
     </span>
    </p>
   </div>
  </div>
