4010 6186
398 305 504 364 359

405 421 549 477 venit
572 416 712 490 quoii
736 412 937 478 dixisti,
965 411 1069 464 bon
1095 423 1160 462 .m
1187 404 1423 459 naturale
1444 401 1512 454 ile
1533 391 1808 452 adulteriis
1830 402 1988 490 posse

409 472 939 573 stilisisiere,‘malum
961 496 1216 568 originale
1239 495 1397 549 etiam
1420 490 1487 544 de
1506 483 1754 557 coniugio
1775 472 1932 535 trahi.
1957 494 1980 529 ο

412 603 626 657 l'tustra
651 595 868 652 omnino
888 598 1111 648 cnnatttr
1137 585 1276 658 apud
1306 582 1686 651 intelligentem
1709 575 1984 635 lectorem,

407 708 527 763 (nec
553 696 678 745 sunt
702 694 847 742 recta
880 688 1200 753 pervertere.
1243 674 1394 730 Absit
1430 670 1572 727 enim
1612 675 1672 722 ut
1709 664 1984 725 dicamus,

412 780 705 843 hominem,
728 776 771 831 si
799 773 866 829 de
887 768 1238 827 fornicatione
1255 769 1520 826 nascatur,
1549 771 1697 813 reum
1721 769 1826 809 non
1847 764 1987 807 esse.

406 870 511 927 Sed
539 868 787 933 dicimus,
812 863 1103 925 hominem,
1125 859 1238 915 sive
1262 857 1330 912 de
1349 850 1618 923 coningio,
1648 848 1760 903 sive
1787 844 1855 900 de
1884 843 1988 897 lor-

409 959 672 1016 nizatione
696 963 966 1018 nascatur,
995 950 1193 1006 bonum
1224 943 1425 1016 aliquid
1454 957 1575 998 esse
1592 970 1611 1005 ,ν
1651 944 1869 1009 propter
1897 946 1992 985 au-

415 1062 613 1105 ctorem
647 1055 850 1103 natura:
881 1044 1087 1107 Deum;
1117 1039 1315 1105 malum
1351 1031 1548 1104 aliquid
1577 1030 1820 1092 trahere,
1864 1038 1990 1095 pro-

411 1154 527 1213 pter
545 1138 802 1212 originale
821 1143 1116 1207 peccatum.
1143 1129 1295 1202 Quod
1318 1142 1445 1201 ergo
1470 1125 1716 1205 dicimus,
1744 1139 1763 1173 ι
1794 1119 1990 1174 bonum

412 1210 652 1287 naturale
676 1230 836 1286 etiam
865 1227 933 1283 de
961 1225 1236 1281 adulteriis
1265 1235 1424 1292 posse
1450 1218 1765 1279 subsistere,
1795 1210 1990 1267 malum

407 1335 587 1380 autem
614 1319 873 1392 originale
899 1317 1059 1373 etiam
1090 1314 1159 1371 de
1195 1311 1442 1382 coningio
1479 1307 1645 1370 trahi,
1679 1323 1699 1356 ι
1741 1317 1848 1392 non
1887 1300 1993 1355 huc

411 1411 672 1482 pervenit,
703 1391 809 1481 quo
839 1408 928 1463 ille
957 1415 1181 1462 conatur
1207 1402 1494 1464 adducere,
1532 1411 1636 1451 non
1666 1391 1812 1449 nasci
1839 1404 1992 1445 reum

410 1478 480 1560 de
520 1478 837 1563 adulteriis,
881 1511 983 1552 nec
1024 1496 1360 1550 innocentem
1399 1489 1468 1543 de
1514 1484 1756 1555 nuptiis:
1785 1478 1878 1536 sed
1925 1493 1994 1533 ex

415 1604 643 1663 utroque
671 1602 823 1646 reum
848 1585 1193 1659 generatione
1228 1580 1423 1637 factum
1449 1620 1463 1644 ,
1495 1585 1710 1648 propter
1733 1568 1992 1643 originale

410 1661 705 1746 delictum;
732 1689 786 1734 et
808 1687 1090 1746 utrumque
1123 1670 1525 1746 regeneratione
1562 1661 1948 1721 absolvendum
1972 1698 1992 1728 ,

416 1782 630 1844 propter
658 1780 859 1825 natura:
886 1769 1104 1824 bonum.

484 1863 710 1921 CAPUT
746 1856 915 1918 XXV.
955 1890 1029 1901 --
1064 1853 1151 1914 10.
1190 1876 1209 1910 ‹
1246 1848 1421 1913 Unum
1467 1869 1529 1909 ex
1569 1850 1691 1917 bis,
1736 1868 1755 1903 ι
1790 1846 1997 1919 inquit,

421 1980 440 2011 ι
478 1974 667 2014 verum
689 1965 804 2022 est,
844 1955 1071 2010 alterum
1116 1950 1324 2006 falsum.
1364 1967 1382 2001 ι
1430 1946 1562 2001 lluic
1588 1943 1776 2000 eadem
1817 1940 1998 1996 brevi-

425 2062 532 2106 tsatc
562 2046 859 2119 respondeo
887 2064 901 2101 :
936 2045 1045 2100 lmo
1070 2052 1353 2111 utrumque
1382 2053 1564 2094 verum
1591 2044 1675 2092 est
1695 2075 1711 2101 ,
1754 2044 1999 2089 neutrum

424 2145 634 2198 falsum.
671 2159 691 2192 ι
726 2134 920 2195 Verum
945 2146 1062 2202 est,
1096 2153 1115 2187 ι
1151 2135 1362 2205 inquit,
1397 2150 1415 2183 ι
1453 2128 1593 2201 quod
1618 2127 1999 2184 adulteriorum

422 2236 631 2305 culpam
662 2228 823 2285 homo
859 2229 949 2299 qui
996 2226 1119 2281 inde
1157 2223 1390 2305 nascitur
1412 2263 1430 2288 ,
1471 2235 1578 2275 non
1618 2226 1793 2288 potest
1836 2229 2002 2271 excu-

423 2341 543 2379 sare
574 2343 589 2379 :
618 2322 740 2394 quia
766 2318 907 2391 quod
931 2316 1157 2374 adulteri
1188 2315 1446 2374 iecerunt,
1474 2309 1541 2365 ad
1565 2310 1746 2363 vitium
1774 2305 2004 2377 pertinet

426 2392 711 2468 voluntatis
724 2427 749 2476 3
778 2406 919 2481 quod
958 2416 1134 2462 autem
1173 2402 1474 2474 genuerunt
1495 2439 1511 2463 ,
1542 2398 1609 2454 ad
1637 2392 1848 2453 laudem
1876 2409 2004 2465 spe-

414 2500 529 2559 ctat
558 2497 936 2558 fecunditatis:
965 2495 1085 2568 quia
1128 2495 1171 2548 si
1207 2493 1324 2563 quis
1367 2489 1615 2545 furtivum
1655 2487 1885 2542 triticum
1915 2496 2003 2539 se.

430 2606 534 2660 rat,
563 2606 670 2647 non
698 2588 933 2646 nascitur
957 2585 1149 2641 messis
1175 2574 1426 2638 obnoxia.
1458 2578 1713 2648 Vitupero
1739 2575 1915 2646 itaque
1936 2614 1953 2642 ,
1978 2583 2000 2627 δ

427 2685 617 2758 inquit,
647 2700 665 2736 ι
703 2680 894 2745 furem,
921 2678 1015 2734 sed
1037 2675 1194 2732 laudo
1219 2683 1475 2745 segetem.
1508 2670 1850 2727 lnnocentem
1878 2683 2005 2739 pro-

432 2756 617 2834 innitio
641 2775 730 2847 qni
761 2769 993 2827 nascitur
1014 2786 1083 2824 cx-
1107 2769 1461 2839 generositate
1487 2764 1775 2831 seminum,
1796 2756 2008 2817 dicente

430 2874 468 2924 Α
480 2867 684 2939 postolo
706 2905 722 2931 ,
750 2861 887 2918 Deus
915 2859 992 2916 illi
1018 2860 1105 2913 dat
1134 2873 1318 2930 corpus
1348 2865 1493 2927 prout
1518 2855 1643 2919 vult,
1671 2862 1719 2908 et
1742 2852 2010 2924 unicuique

431 2961 677 3019 seminum
708 2957 968 3027 praprium
991 2968 1172 3024 corpus
1191 2969 1209 3002 ι
1235 2950 1276 3020 (1
1292 2949 1409 3004 Cor.
1426 2939 1623 3018 v.38)
1640 2964 1653 3001 :
1673 2963 1691 2998 ι
1712 2944 2022 3001 condemno

433 3068 557 3111 vero
587 3050 937 3121 ﬂagitiosum,
969 3046 1058 3116 qui
1103 3059 1172 3100 ex
1210 3040 1467 3113 propositi
1509 3038 1854 3109 perversitate
1882 3050 2011 3106 pec-

430 3144 586 3197 cavit.
627 3160 646 3194 ι

500 3226 729 3287 CAPUT
765 3224 958 3282 XXVI.
986 3254 1057 3265 —
1084 3222 1174 3277 41.
1204 3219 1284 3277 Ad
1318 3220 1431 3275 hate
1459 3218 1715 3290 arljungit,
1752 3224 1809 3273 et
1834 3213 1963 3273 dicit
1994 3230 2009 3270 :

448 3343 467 3373 1
492 3320 728 3376 Ρτοτειιε
749 3325 929 3372 autem
964 3330 1009 3370 Si
1040 3328 1244 3369 marum
1270 3322 1340 3368 de
1361 3319 1569 3380 nuptns
1614 3319 1875 3373 lfalllllll‘,
1912 3322 1980 3362 ac

446 3410 628 3467 (διιδετί
661 3414 916 3479 possunt,
952 3402 1205 3460 excusari
1234 3416 1343 3457 non
1371 3407 1625 3472 possunt;
1651 3407 1704 3454 et
1729 3398 1782 3452 in
1809 3396 2009 3452 diaboli

441 3505 568 3572 jure
589 3514 736 3571 opus
757 3512 944 3554 earum
970 3495 1314 3565 fructumque
1332 3492 1626 3549 constituis
1649 3508 1663 3546 :
1688 3489 1815 3561 quia
1832 3487 2007 3543 omnis

445 3605 613 3648 causa
637 3588 788 3653 mali,
813 3600 1010 3659 expers
1032 3586 1160 3643 boni
1182 3593 1286 3640 est.
1310 3583 1483 3639 Homo
1526 3590 1733 3645 autem,
1764 3599 1783 3633 ι
1810 3577 2011 3650 inquit,

453 3702 472 3737 ι
502 3682 593 3751 qui
622 3682 688 3737 de
705 3679 912 3748 nuptiis
936 3677 1204 3740 nascitur,
1224 3691 1334 3730 non
1361 3673 1708 3735 criminibus.
1732 3668 1826 3725 sed
1850 3667 2017 3725 semi-

438 3777 591 3832 nibus
626 3782 932 3846 tmpntatur.
960 3770 1235 3826 Sentinum
1265 3784 1393 3825 vero
1429 3782 1589 3825 causa
1629 3767 1683 3823 in
1714 3768 2020 3823 conditione

437 3879 722 3938 corporum
770 3871 855 3919 est
881 3879 895 3914 :
926 3860 1119 3931 quibus
1154 3857 1465 3928 corporibus
1503 3858 1592 3927 qui
1640 3857 1778 3911 male
1816 3857 2014 3923 utitur,

440 3959 560 4014 boni
602 3942 846 4011 meritum
872 3993 887 4019 ,
920 3966 1025 4005 non
1048 3964 1216 4021 genus
1241 3948 1461 4002 sauciat.
1508 3946 1732 4017 Liquido
1762 3948 1919 4018 igitur
1939 3987 1956 4011 ,
1994 3965 2014 4001 ι

441 4052 639 4123 inquit,
673 4066 692 4102 ι
729 4047 929 4114 claret,
960 4045 1156 4101 bonum
1189 4045 1204 4076 ¹
1236 4058 1341 4099 non
1385 4058 1505 4099 esse
1533 4057 1748 4098 causam
1775 4041 1920 4096 mali.
1962 4041 2020 4097 Si

439 4160 586 4216 ergo,
628 4161 643 4195 ι
679 4140 884 4210 inquit,
920 4156 940 4190 ι
975 4137 1201 4192 trahitur
1227 4143 1281 4191 et
1307 4130 1376 4191 de
1406 4134 1604 4204 nuptiis
1628 4131 1885 4205 originale
1911 4144 2022 4188 ma.

443 4236 572 4300 lmn,
599 4245 757 4290 causa
790 4228 913 4286 mali
939 4236 1024 4284 est
1050 4228 1332 4282 conventio
1356 4224 1657 4296 nuptiarum
1682 4241 1697 4278 :
1724 4233 1777 4279 et
1803 4236 2023 4279 necesse

441 4336 524 4383 est
547 4322 742 4381 malum
772 4336 925 4385 esse,
964 4334 1062 4391 per
1096 4313 1238 4389 quod
1275 4324 1331 4374 et
1361 4331 1425 4381 ex
1455 4331 1561 4386 quo
1599 4309 1774 4371 malus
1816 4312 2022 4370 fructus

443 4415 720 4487 apparuit,
751 4410 959 4468 dicente
985 4409 1214 4465 Domino
1239 4405 1636 4481 iurEvangelio,
1670 4405 1753 4461 Es
1778 4405 2023 4476 fructibus

444 4506 1036 4576 suisarboragnoscitun
1061 4497 1270 4573 (Matth.
1285 4498 1506 4569 vtt,i6).
1530 4516 1549 4550 ι
1572 4496 1849 4566 Quomodo
1883 4516 1903 4550 ι
1939 4496 2023 4551 in-

445 4600 593 4671 quit,
633 4615 652 4649 ι
688 4604 743 4651 tu
768 4592 1061 4649 audiendus
1088 4590 1291 4660 putaris
1315 4630 1331 4657 ,
1375 4590 1463 4660 qui
1503 4588 1635 4643 dicis
1664 4587 1863 4643 bonum
1898 4602 2024 4644 esse

447 4687 745 4757 conjuginm
771 4727 785 4753 ,
817 4684 882 4739 de
924 4697 1031 4753 quo
1068 4679 1198 4735 nihil
1234 4678 1373 4733 aliud
1401 4693 1560 4749 quam
1586 4678 1782 4733 malum
1809 4676 2023 4748 prodire

447 4777 685 4838 deﬁnis'l
711 4776 933 4833 Constat
968 4773 1126 4845 igitur
1151 4786 1240 4827 rea
1270 4772 1290 4802 ²
1317 4785 1436 4826 esse
1464 4769 1733 4841 coniugia,
1767 4770 1811 4824 si
1838 4783 2027 4838 pecca-

450 4884 562 4928 tum
592 4870 716 4927 inde
739 4867 998 4939 originale
1021 4863 1333 4928 deducitur;
1360 4877 1458 4917 nec
1480 4876 1635 4932 posse
1658 4860 1892 4928 defendi,
1923 4860 2025 4915 nisi

451 4966 651 5022 fructus
678 4976 863 5017 eorum
893 4958 1149 5014 innocens
1172 4955 1514 5026 approbctur.
1544 4953 1907 5009 Defenduntur
1930 4969 2027 5010 au-

447 5066 554 5111 tem
574 5096 591 5123 ,
627 5061 683 5108 et
711 5052 845 5107 bona
873 5047 1284 5121 pronuntiantur
1314 5063 1329 5100 :
1363 5045 1563 5100 fructus
1590 5060 1718 5116 ergo
1758 5045 2024 5117 approba-

446 5159 534 5203 tur
562 5148 838 5209 innoeuns.
873 5158 894 5193 ι

519 5233 609 5292 12.
641 5233 720 5289 Ad
749 5233 863 5287 lucc
891 5242 1263 5301 responsurus,
1283 5227 1429 5298 prius
1455 5226 1576 5281 volo
1607 5239 1727 5280 esse
1765 5224 2023 5280 intentum

452 5330 705 5383 lectorem
726 5365 741 5390 ,
775 5323 904 5378 nihil
934 5336 1094 5392 agere
1133 5321 1293 5386 istos,
1323 5319 1422 5373 nisi
1468 5326 1526 5372 ut
1565 5318 1795 5373 salvator
1822 5333 1929 5373 non
1956 5317 2027 5373 sit

452 5416 685 5483 parvulis
714 5413 1043 5470 necessarius
1065 5451 1081 5478 ,
1113 5424 1246 5481 quos
1287 5416 1498 5479 peccata
1537 5422 1751 5478 prorsus
1777 5423 1807 5462 a
1836 5407 2027 5480 quibus

514 5573 528 5603 ί
563 5568 733 5619 Plures
754 5573 888 5623 ttss.,
915 5563 1101 5615 bonam.

512 5633 533 5664 ί
563 5633 634 5681 sic
654 5620 960 5689 manuscripti
983 5659 998 5682 ,
1036 5626 1112 5675 hic
1136 5631 1187 5674 et
1224 5624 1271 5689 in
1297 5620 1422 5674 libro
1444 5624 1614 5688 quinto
1635 5625 1805 5687 Operis
1850 5632 2029 5689 ιηηιαι-

448 5695 560 5746 καί
578 5728 594 5754 ,
615 5703 719 5752 cap.
754 5689 830 5739 25.
854 5685 969 5736 aliti
998 5699 1132 5745 vero,
1157 5685 1303 5735 mala.

1205 279 1305 346 ’[ιε
1340 279 1611 345 NUPTIIS
1646 280 1735 335 nr
1771 270 2373 339 CONCUPISCENTIA,
2413 272 2469 330 s.
2511 252 2872 327 incusum

3571 244 3676 314 3'60

2097 382 2371 440 salventur
2415 395 2606 456 negant
2655 384 2871 440 habere.
2902 381 3027 438 Haec
3064 388 3208 435 tanta
3252 379 3574 451 perversitas
3614 382 3676 435 "et

2097 484 2255 531 tantae
2295 477 2507 532 inimica
2548 477 2737 547 gratich
2762 475 2881 542 Dei,
2929 489 3048 547 qure
3089 472 3211 530 data
3253 481 3335 529 est
3374 482 3470 544 per
3496 472 3674 528 .lesum

2093 568 2361 624 Christum
2397 569 2680 624 Dominum
2710 576 2979 636 nostrmn,
3026 567 3117 638 qui
3156 566 3300 621 venit
3341 568 3581 637 (tumere
3624 560 3681 622 et

2093 659 2300 716 salvare
2342 657 2483 730 quod
2527 656 2759 729 perierat
2783 647 2947 730 (inc.
2982 673 3068 712 ιιι
3095 699 3111 723 ,
3146 647 3288 730 i0),
3322 656 3591 711 insinuare
3620 671 3679 712 se

2096 753 2282 808 nititur
2307 753 2558 808 cordibus
2594 767 2780 822 parum
2803 748 3202 821 in‘telligentium
3222 791 3236 812 ,
3275 732 3431 804 laude
3454 746 3677 820 Oper-um

2094 844 2392 921 divinorum
2417 838 2568 909 ,‘hoc
2592 853 2710 910 est,
2756 842 2919 897 laude
2957 851 3159 896 natura:
3202 840 3480 905 humanm,
3524 838 3679 895 laude

2096 934 2356 1001 seminis,
2404 934 2561 990 laude
2616 933 2952 1006 nuptiarum,
3003 932 3160 988 laude
3201 928 3476 1001 utriusque
3518 943 3680 984 sexus

2095 1025 2522 1092 commixtionis,
2565 1024 2722 1079 laude
2759 1022 3139 1079 fecunditatis:
3180 1035 3298 1092 qua:
3337 1020 3509 1075 omnia
3542 1021 3681 1075 bona

2091 1125 2240 1173 sunt.
2289 1113 2430 1172 Nolo
2474 1115 2616 1171 enim
2660 1115 2876 1182 dicere,
2908 1113 3062 1171 laude
3098 1112 3334 1168 libidinis
3371 1130 3384 1165 :
3414 1112 3534 1183 quia
3559 1111 3683 1166 eam

2097 1215 2154 1266 et
2189 1209 2303 1281 ipse
2327 1208 2604 1263 nominare
2640 1205 3018 1272 confunditur,
3049 1212 3107 1259 ut
3128 1196 3270 1259 aliud
3295 1201 3527 1273 aliquid,
3571 1216 3684 1257 non

2100 1299 2268 1373 ipsam
2297 1341 2314 1368 ,
2346 1299 2562 1354 laudare
2592 1297 2855 1353 videatur.
2887 1298 2963 1353 Ac
3001 1312 3095 1366 per
3123 1295 3224 1351 hoc
3265 1296 3401 1350 mala
3433 1302 3556 1365 qua;
3589 1302 3683 1349 ac;

2099 1392 2345 1449 cideruttt
2371 1400 2574 1447 natura:
2595 1433 2613 1460 ,
2645 1406 2750 1446 non
2781 1388 3134 1445 diseernendo
3158 1388 3225 1442 ab
3254 1388 3417 1458 ipsius
3446 1387 3686 1442 bonitate

2099 1496 2305 1541 natura:
2327 1527 2343 1554 ,
2376 1499 2481 1541 non
2506 1499 2623 1539 eam
2650 1483 2811 1555 (quia
2840 1482 3030 1537 falsum
3060 1477 3183 1553 est)
3214 1479 3447 1535 ostendit
3473 1493 3681 1543 sanam,

2100 1575 2195 1631 sed
2219 1575 2395 1631 sanari
2420 1588 2524 1629 non
2551 1572 2810 1644 permittit
2832 1580 3107 1643 :egrotam.
3139 1571 3203 1623 Et
3232 1567 3352 1641 ideo
3384 1566 3512 1622 illud
3538 1565 3684 1637 quod

2100 1668 2368 1736 diximus,
2408 1665 2548 1738 quod
2582 1684 2601 1718 ι
2634 1664 3014 1721 adulteriorum
3043 1662 3275 1732 culpam,
3305 1660 3500 1715 bonum
3539 1654 3684 1730 quod

2103 1758 2227 1815 inde
2266 1758 2504 1814 nascitur
2524 1798 2542 1826 ,
2576 1775 2597 1811 ι
2640 1756 2692 1812 id
2734 1765 2848 1824 est,
2879 1775 2899 1810 ι
2933 1754 3092 1810 homo
3121 1768 3226 1808 non
3256 1761 3428 1822 potest
3455 1766 3686 1808 excusa—

2102 1865 2163 1906 re
2184 1888 2200 1918 ,
2237 1867 2258 1904 ›
2283 1864 2467 1906 verum
2494 1862 2613 1904 esse
2652 1845 2934 1903 concedit:
2961 1856 3012 1901 et
3044 1848 3144 1900 hoc
3165 1886 3181 1911 ,
3213 1844 3354 1900 unde
3378 1843 3520 1899 nulla
3547 1843 3689 1900 inter

2103 1957 2203 1998 nos
2246 1941 2470 2012 quaestio
2506 1947 2626 2004 est,
2676 1939 2835 1995 etiam
2877 1935 3223 1999 similitudine
3261 1934 3391 1989 furis
3431 1931 3688 1988 furtivum

2106 2033 2338 2088 triticum
2368 2032 2714 2094 seminantis,
2746 2029 2813 2085 de
2840 2044 2945 2100 quo
2971 2027 3107 2082 bona
3150 2027 3330 2096 utique
3358 2023 3548 2080 messis
3591 2038 3689 2077 na-

2105 2124 2290 2191 scitur,
2321 2124 2513 2178 astruit
2548 2131 2604 2177 et
2631 2121 2912 2176 conﬁrmat
2936 2129 2992 2174 ut
3017 2128 3213 2199 pmest.
3248 2115 3378 2172 Illud
3400 2124 3578 2169 autem
3608 2115 3693 2168 al-

2108 2223 2278 2270 terum
2303 2213 2445 2285 quod
2483 2211 2752 2284 diximus,
2787 2229 2807 2263 «
2841 2210 3147 2281 Nuptiarum
3174 2207 3370 2264 bonum
3397 2207 3537 2261 malo
3575 2206 3692 2260 ori-

2105 2305 2265 2376 ginali
2290 2346 2305 2371 ,
2334 2303 2475 2375 quod
2522 2301 2643 2357 inde
2674 2298 2939 2367 trahitur,
2984 2314 3087 2355 non
3132 2306 3305 2370 potest
3344 2295 3622 2359 accusari,
3665 2310 3687 2348 ι

2111 2410 2214 2452 non
2245 2396 2359 2450 vult
2386 2395 2689 2450 consentire
2716 2392 2855 2464 quod
2885 2406 3071 2448 verum
3098 2390 3168 2445 sit
3199 2406 3212 2444 :
3242 2388 3363 2459 quia
3388 2386 3432 2442 si
3462 2399 3696 2442 consen-

2109 2488 2273 2550 serit,
2321 2501 2424 2541 non
2471 2485 2784 2556 Pelagiauus
2841 2480 3160 2547 haereticus,
3214 2478 3311 2535 sed
3357 2472 3698 2532 Christianus

2109 2579 2401 2634 catholicus
2438 2576 2559 2632 erit.
2600 2595 2618 2628 ι
2651 2576 2909 2641 Prorsus,
2946 2593 2967 2628 ι
2998 2572 3203 2643 inqttit,
3255 2589 3275 2624 ι
3311 2571 3355 2625 si
3387 2569 3581 2624 malum
3623 2567 3698 2622 de

2100 2671 2308 2743 nuptiis
2339 2668 2583 2733 trahitur,
2614 2667 2850 2723 accusari
2880 2681 2987 2736 pos.
3005 2674 3118 2731 unt,
3151 2663 3393 2720 excusari
3425 2678 3531 2717 non
3560 2676 3696 2731 pos-

2111 2774 2233 2819 sunt
2261 2781 2276 2829 ;
2309 2774 2361 2819 et
2389 2763 2441 2817 in
2471 2761 2665 2816 diaboli
2687 2759 2807 2830 jure
2827 2773 2961 2830 opus
2990 2772 3169 2814 carum
3203 2750 3535 2824 fructumque
3560 2767 3700 2808 con-

2112 2855 2288 2910 stituis
2333 2870 2347 2906 :
2380 2851 2498 2924 quia
2531 2853 2703 2906 omnis
2732 2865 2891 2904 causa
2932 2848 3086 2913 mali,
3127 2861 3327 2918 expers
3367 2844 3491 2923 boni
3526 2854 3628 2899 est.
3672 2856 3694 2896 ι

2114 2941 2180 3000 Et
2207 2944 2273 2999 ad
2303 2944 2403 3000 hoc
2428 2950 2617 2998 cmtcra
2646 2940 2828 2995 attein
2851 2982 2864 3004 ,
2898 2949 2953 2993 ut
2982 2940 3168 3009 probet
3199 2952 3412 2992 causam
3443 2937 3563 2989 mali
3601 2938 3702 2990 ho-

2116 3043 2241 3091 tium
2273 3050 2393 3092 esse
2422 3047 2526 3089 non
2560 3047 2717 3103 posse
2747 3032 2763 3063 ³
2797 3047 2812 3096 ;
2841 3041 2892 3087 et
2924 3030 3043 3084 ideo
3070 3028 3306 3097 nuptias,
3337 3027 3458 3097 quia
3497 3027 3699 3079 bontnn

2115 3138 2260 3191 sunt,
2292 3140 2507 3183 musam
2538 3124 2662 3206 mali
2687 3139 2790 3178 non
2817 3137 2937 3180 esse
2967 3137 2984 3186 ;
3012 3136 3073 3176 ac
3099 3135 3193 3190 per
3223 3120 3324 3175 hoc
3352 3119 3418 3174 de
3444 3114 3544 3173 illis
3571 3132 3706 3186 pec-

2115 3230 2386 3282 caturem,
2433 3217 2521 3289 qui
2573 3215 2931 3272 necessarium
2962 3211 3153 3267 habeat
3182 3210 3517 3271 salvatorem,
3550 3206 3705 3261 nasci

2118 3310 2338 3366 omnino
2376 3324 2481 3363 non
2514 3322 2670 3379 posse
2697 3324 2710 3361 :
2743 3305 2893 3376 quasi
2938 3318 3038 3359 nos
3068 3302 3278 3373 nuptias
3304 3316 3519 3356 causam
3546 3299 3704 3354 dicas

2118 3417 2239 3458 mus
2254 3415 2383 3458 esse
2425 3399 2625 3471 peccati
2654 3416 2670 3466 ;
2700 3396 2939 3469 quamvis
2970 3395 3132 3451 homo
3159 3394 3247 3465 qui
3276 3408 3340 3449 ex
3376 3391 3481 3448 illis
3519 3389 3707 3447 nasci-

2122 3504 2225 3559 tur,
2281 3507 2387 3548 non
2437 3501 2685 3546 nascatur
2731 3491 2849 3546 sine
2898 3496 3134 3559 peccato.
3190 3485 3397 3556 Nuptize
3444 3484 3709 3539 instituta!

2120 3592 2244 3638 sunt
2285 3596 2443 3638 causa
2472 3580 2801 3652 generandi,
2842 3595 2946 3635 non
2974 3577 3267 3649 peccandi:
3296 3583 3517 3647 propter
3558 3575 3709 3645 quod

2122 3675 2209 3730 illa
2239 3681 2321 3730 est
2353 3688 2382 3728 a
2416 3673 2641 3729 Domino
2674 3670 2972 3727 benedictio
3000 3670 3336 3741 nuptiarum,
3369 3667 3615 3732 Crescite,
3657 3673 3713 3722 et

2123 3764 2544 3836 multiplicamini,
2573 3773 2621 3818 et
2651 3762 2842 3832 replete
2870 3772 3053 3817 (errant
3084 3764 3102 3834 ί
3125 3760 3252 3819 (ἔθη.
3280 3775 3319 3826 t,
3346 3758 3417 3816 28
3436 3765 3478 3830 ).
3512 3758 3713 3814 Pecca-

2124 3866 2233 3909 tum
2273 3865 2449 3911 antem
2480 3853 2621 3924 quod
2649 3853 2773 3908 inde
2801 3868 2832 3907 a
2861 3851 3198 3907 nascentibus
3230 3849 3475 3916 trahitur,
3504 3862 3609 3904 non
3636 3847 3712 3904 ad

2125 3947 2335 4017 nuptias
2358 3945 2621 4016 pertinet,
2650 3944 2744 4025 sed
2774 3944 2839 3998 ad
2869 3944 3064 3999 malum
3092 3942 3231 4014 quod
3258 3943 3448 3999 accidit
3475 3941 3712 3997 homini;

2124 4039 2243 4102 bus,
2284 4052 2509 4108 quorum
2539 4037 2915 4108 conjunctione
2940 4044 3064 4091 sunt
3089 4037 3304 4107 nuptias.
3334 4034 3466 4090 Nam
3507 4035 3712 4091 malum

2125 4126 2388 4200 pudenda:
2425 4126 2659 4183 libidinis
2688 4135 2742 4182 ct
2770 4135 2944 4197 potest
2969 4141 3088 4182 esse
3115 4126 3233 4182 sine
3273 4127 3574 4201 nuptiis,‘et
3603 4142 3710 4197 po-

2127 4227 2341 4274 tuerunt
2365 4232 2485 4274 esse
2511 4218 2705 4288 nuptis:
2734 4218 2849 4274 sine
2881 4218 2971 4273 illo
3003 4236 3017 4273 :
3047 4216 3115 4272 ad
3141 4217 3500 4273 conditionem
3526 4227 3710 4275 autem

2127 4309 2360 4381 pertinet
2389 4309 2658 4379 corporis,
2692 4325 2795 4364 non
2823 4310 2943 4365 vita:
2970 4308 3108 4365 illius
3126 4350 3142 4376 ,
3167 4308 3263 4364 sed
3291 4309 3479 4365 mortis
3516 4308 3712 4380 hujus,

2128 4410 2187 4455 ut
2206 4415 2346 4455 nunc
2366 4415 2471 4454 non
2498 4398 2703 4470 pOSsint
2727 4414 2847 4455 esse
2872 4398 3070 4469 nuptize
3093 4400 3210 4455 sine
3230 4399 3341 4467 illo,
3366 4400 3608 4470 quamvis
3631 4401 3715 4471 ip-

2127 4506 2243 4547 sum
2286 4489 2453 4562 possit
2481 4504 2600 4546 esse
2619 4490 2737 4546 sine
2763 4490 2887 4545 illis.
2910 4489 3040 4545 Nam
3062 4490 3242 4561 utique
3261 4489 3376 4545 sine
3403 4490 3604 4561 nuptiis
3627 4502 3715 4546 est

2130 4580 2374 4653 pudenda
2414 4582 2589 4635 carnis
2615 4579 3043 4651 concupiscentia
3067 4620 3083 4645 ,
3122 4580 3335 4651 quando
3362 4581 3619 4637 adulteria
3658 4591 3717 4638 et

2129 4686 2353 4742 qumque
2368 4679 2553 4741 stupra
2580 4679 2737 4741 atque
2763 4671 3034 4726 immunda
3062 4670 3368 4734 committit,
3396 4671 3553 4743 longe
3580 4687 3716 4729 con-

2134 4762 2292 4816 traria
2337 4761 2603 4832 pudicitia:
2646 4762 2989 4831 nuptiarum;
3033 4771 3125 4817 aut
3158 4762 3373 4834 quando
3421 4762 3566 4819 nulla
3612 4763 3717 4818 ista

2131 4853 2436 4915 committit,
2467 4852 2590 4922 quia
2618 4851 2779 4907 homo
2804 4852 2947 4908 nulla
2974 4854 3330 4909 consensione
3358 4853 3634 4922 permittit,
3660 4863 3721 4909 et

2135 4954 2310 4998 tamen
2340 4943 2509 5013 surgit
2551 4953 2603 4997 et
2633 4952 2882 4999 movetur
2906 4952 2960 4998 et
2987 4950 3204 5011 movet,
3235 4951 3289 4998 et
3319 4942 3629 5012 plerumque
3657 4944 3719 4998 in

2133 5033 2337 5089 somnis
2363 5032 2429 5086 ad
2470 5032 2632 5103 ipsius
2658 5033 2834 5104 cperis
2860 5032 3259 5089 similitudinem
3289 5041 3344 5089 et
3370 5048 3482 5089 sua:
3525 5034 3724 5088 motio-

2134 5126 2220 5180 nis
2244 5125 2482 5198 pervenit
2509 5124 2686 5178 linem.
2728 5121 2841 5179 Hoc
2866 5139 2995 5195 ergo
3028 5125 3225 5179 malum
3250 5138 3350 5180 nec
3373 5124 3429 5179 in
3468 5123 3598 5193 ipsis
3622 5138 3723 5178 nuo

2137 5218 2258 5287 ptiis
2283 5216 2479 5271 malum
2515 5226 2596 5270 est
2637 5217 2935 5286 nuptiarum
2967 5235 2982 5271 :
3013 5217 3108 5273 sed
3140 5215 3338 5272 habent
3360 5215 3491 5274 illud
3520 5216 3573 5271 in
3600 5230 3713 5271 cor-

2136 5324 2266 5380 pore
2289 5309 2476 5363 mortis
2501 5305 2658 5379 hujus
2684 5319 2925 5378 paratum
2941 5349 2959 5376 ,
2990 5309 3198 5365 etiamsi
3215 5308 3411 5364 nolunt
3434 5349 3451 5375 ,
3474 5310 3590 5364 sine
3614 5323 3721 5378 quo

2138 5418 2243 5457 non
2266 5409 2486 5472 possunt
2512 5400 2730 5473 implere
2749 5400 2887 5471 quod
2910 5401 3113 5456 volunt.
3136 5400 3250 5457 Non
3270 5401 3429 5471 igitur
3447 5400 3515 5455 ab
3534 5416 3721 5455 earum

2138 5492 2487 5557 institutione,
2510 5508 2628 5564 qua:
2646 5491 2922 5549 benedicta
2949 5501 3028 5548 est
3048 5535 3066 5558 ,
3097 5491 3163 5548 ad
3190 5506 3283 5548 eas
3305 5494 3453 5549 venit
3484 5510 3499 5546 :
3531 5510 3625 5549 seu
3651 5492 3721 5545 ab

2141 5627 2354 5747 puum.
2380 5631 2455 5674 ετ.
2484 5631 2532 5673 et
2552 5622 2773 5687 plerique
2797 5629 2926 5684 ms,
2945 5634 3143 5672 causam
3163 5619 3282 5675 mali
3314 5619 3485 5674 bonum
3506 5634 3610 5673 esse
3630 5632 3722 5671 nat
