4034 6182
369 360 472 418 δτιῧ

371 477 542 543 ipsum
567 479 739 524 autem
763 464 1026 520 Christum
1055 461 1168 515 sine
1193 458 1293 511 (ine
1321 454 1510 509 victuri
1535 459 1656 504 sunt
1680 449 1702 502 ’ἶ
1729 445 1796 501 Et
1829 461 1952 510 non,

374 531 578 636 inquit,
618 562 743 617 sicut
779 574 866 629 per
901 570 1055 609 unum
1086 557 1402 624 peccantem,
1442 547 1511 599 ita
1547 553 1616 597 est
1655 549 1701 595 et
1742 531 1950 594 donum.

378 657 515 712 Nam
533 653 781 724 judicium
810 647 1009 714 quidem
1035 661 1095 698 ea:
1126 659 1224 696 uno
1249 641 1300 695 in
1325 635 1806 695 condemnationem,
1833 644 1952 701 gra.

378 748 445 799 tia
472 719 634 798 autem
665 756 726 794 ea:
755 739 924 792 multis
953 734 1144 788 delictis
1173 733 1223 786 in
1259 727 1694 801 justi/icationcm.
1733 719 1812 775 Ea:
1857 733 1957 772 uno

377 851 523 904 ergo,
551 831 695 903 quid,
730 829 826 883 nisi
857 823 1086 880 delicto?
1101 821 1222 891 quia
1245 819 1502 889 sequitur,
1525 813 1688 883 gratia
1710 817 1878 864 autem
1897 823 1960 862 ea:

380 903 549 980 muttis
578 923 792 978 delictis.
827 920 1015 974 Dicant
1054 914 1140 970 isti
1171 956 1185 978 ,
1217 910 1486 984 quomodo
1525 923 1591 962 ιιι
1617 921 1721 960 uno
1765 903 1960 957 delicto

379 1021 427 1074 iu
476 1013 994 1071 condemnationem,
1029 1007 1127 1060 uisi
1157 1005 1276 1074 quia
1308 1000 1504 1056 sufﬁcit
1542 997 1608 1050 ad
1637 993 1961 1050 condcmua.

380 1113 580 1164 tionem
609 1103 770 1161 etiam
797 1115 958 1154 unum
983 1095 1236 1167 originale
1266 1099 1561 1164 peccatum,
1597 1085 1734 1155 quod
1761 1083 1812 1136 iu
1843 1096 1962 1133 0m-

383 1217 480 1254 nos
511 1196 753 1252 homines
782 1187 1132 1263 pertransiit?
1175 1183 1353 1240 Gratia
1385 1195 1512 1234 vero
1544 1177 1663 1232 ideo
1692 1191 1757 1230 ex
1787 1171 1965 1226 multis

387 1289 596 1344 tit-iictis
621 1287 672 1341 in
692 1282 1147 1355 justiticationcm,
1177 1275 1299 1346 quia
1329 1290 1432 1328 non
1464 1268 1632 1325 solum
1659 1265 1781 1321 ill-nd
1806 1278 1967 1318 unum

371 1383 542 1454 .sulxit
567 1423 582 1440 ,
612 1375 750 1448 quod
781 1373 1106 1444 originalitcr
1135 1367 1361 1422 trahitur
1389 1361 1527 1428 “sed
1558 1359 1716 1415 etiam
1745 1364 1934 1411 caetera
1953 1395 1968 1420 ,

389 1487 507 1541 qum.
539 1471 592 1523 in
629 1444 953 1535 unoquoque
990 1459 1203 1514 homine
1233 1464 1378 1510 motu
1419 1444 1644 1522 prppria:
1688 1445 1973 1502 voluntatis

391 1563 676 1618 adduntur.
725 1556 782 1610 Si
824 1555 952 1608 enim
1006 1552 1065 1604 ob
1101 1549 1249 1602 unius
1295 1544 1534 1600 delictum
1579 1555 1712 1593 mors
1753 1535 1974 1608 regnavit

394 1671 481 1722 per
512 1665 665 1703 unum
685 1689 699 1710 ,
731 1645 884 1698 mulso
918 1641 1076 1712 magis
1104 1639 1188 1708 qui
1207 1632 1567 1690 abundantiam
1595 1627 1772 1701 gratia:
1810 1634 1857 1680 et
1883 1624 1977 1694 ju-

393 1745 542 1800 stitiw
563 1740 834 1808 accipiunt,
860 1737 911 1788 in
941 1735 1040 1785 rita
1063 1729 1337 1800 regnabant
1365 1739 1624 1796 perunum
1637 1719 1813 1774 Iesum
1832 1714 1980 1771 Chri-
2015 1749 2024 1756 -

395 1823 548 1886 διιιηῖ.
581 1830 756 1899 Itaque
781 1827 905 1880 sicut
931 1841 1018 1894 per
1043 1822 1189 1875 unius
1217 1818 1449 1871 delictum
1481 1816 1530 1866 in
1565 1827 1736 1865 omnes
1756 1806 1980 1862 homines

399 1925 466 1976 ad
491 1915 955 1974 condemnationem
979 1955 993 1977 ,
1021 1913 1091 1964 ita
1119 1921 1165 1963 et
1206 1925 1291 1976 per
1318 1906 1466 1959 unius
1488 1905 1550 1974 ju
1581 1900 1900 1967 tiﬁcationem
1928 1896 1980 1977 in

401 2027 570 2067 omnes
595 2009 817 2064 homines
847 2004 912 2058 ad
945 1999 1360 2075 jnstiﬁcationem
1390 1995 1523 2048 vittc.
1555 1989 1739 2046 Adhuc
1767 1971 1982 2059 perma-

403 2112 563 2160 neant
588 2103 641 2156 in
671 2099 900 2153 vanitate
927 2093 1120 2148 mentis
1145 2105 1254 2144 sua:
1278 2129 1293 2154 ,
1321 2096 1374 2141 et
1402 2086 1582 2140 dicant
1624 2084 1782 2136 unum
1811 2075 1983 2131 homi—

405 2211 524 2250 nem
555 2207 658 2246 non
685 2183 1026 2261 propaginem
1059 2179 1332 2251 trajecissc
1352 2219 1366 2243 .
1397 2175 1492 2231 sed
1515 2171 1816 2240 exetnplum
1848 2183 1985 2236 prm-

404 2286 581 2340 Ιιιιὶεεε
619 2257 840 2352 peccati.
869 2271 1150 2344 Quomodo
1191 2283 1318 2340 ergo
1357 2282 1444 2338 per
1473 2265 1620 2319 unius
1662 2261 1898 2314 delictum
1937 2257 1989 2308 in

405 2391 576 2430 omnes
602 2350 825 2426 homines
857 2367 925 2420 ad
949 2361 1415 2420 condemnationem
1436 2397 1451 2420 ,
1483 2364 1662 2412 etnon
1695 2350 1870 2422 potius
1899 2360 1992 2417 per

411 2467 570 2522 multa
607 2478 698 2518 sua
739 2459 995 2530 cujusque
1032 2453 1227 2510 delicta
1256 2469 1270 2505 :
1301 2449 1400 2504 nisi
1430 2446 1551 2517 quia
1591 2443 1749 2499 etiam
1788 2440 1834 2494 si
1864 2437 1992 2494 illud

411 2574 572 2616 unum
595 2558 663 2611 sit
685 2562 886 2610 tantum
911 2591 930 2616 ,
955 2549 1201 2603 idoneum
1247 2551 1329 2598 est
1369 2538 1662 2613 perducere
1701 2533 1768 2588 ad
1801 2530 1996 2588 conde-

411 2650 753 2706 mnationem.
777 2644 938 2699 etiam
970 2638 1132 2692 nullis
1157 2634 1348 2690 additis
1369 2629 1605 2694 caeteris;
1635 2626 1771 2682 sicut
1797 2622 1994 2694 perdu-

411 2749 484 2796 cit
514 2737 761 2810 parvulos
792 2748 907 2787 tuor
929 2738 1079 2786 entes
1107 2728 1194 2798 qui
1225 2741 1290 2779 es
1319 2721 1487 2777 Adam
1514 2726 1804 2774 nascuntur
1827 2757 1842 2781 ,
1872 2714 1915 2770 si
1942 2713 1998 2768 in

415 2807 626 2885 Christo
651 2841 757 2881 non
791 2816 1181 2879 renascantur?
1217 2813 1354 2884 Quid
1389 2825 1522 2883 ergo
1562 2825 1592 2864 a
1632 2809 1782 2864 nobis
1810 2807 2002 2878 qumri‘t

417 2925 518 2978 iste
543 2963 557 2986 ,
579 2919 720 2991 quod
751 2918 765 2948 ‘
796 2931 900 2970 nou
932 2911 1041 2966 vult
1060 2910 1126 2964 ad
1154 2906 1413 2978 Apostolo
1439 2903 1622 2958 audire
1641 2943 1656 2967 ,
1693 2916 1714 2952 ι
1755 2915 1849 2969 per
1876 2897 2002 2970 quid

419 2988 693 3083 peccat—um
723 3004 1022 3063 inveniatur
1045 3004 1096 3056 lu
1127 2997 1350 3070 parvulo
1378 3011 1394 3062 ;
1427 3003 1604 3049 utrum
1635 2988 1728 3061 per
1756 2989 2002 3046 volunta-

421 3077 526 3158 tem
549 3144 565 3171 ,
586 3117 650 3155 au
680 3113 776 3170 per
804 3095 1012 3166 nuptias
1031 3131 1048 3158 ,
1071 3105 1136 3144 an
1165 3104 1258 3159 per
1285 3094 1536 3158 parentes
1563 3083 1587 3138 τ
1619 3102 1637 3135 ι
1670 3081 1808 3137 Ecce
1827 3077 2007 3156 audiat

425 3209 520 3262 per
545 3169 669 3262 quid
691 3228 706 3252 ,
735 3185 914 3241 audiat
938 3192 993 3238 et
1018 3187 1188 3234 taceat
1211 3219 1225 3240 ,
1257 3193 1350 3247 per
1380 3174 1504 3246 quid
1541 3181 1815 3244 peceatum
1854 3169 2005 3224 inve-

423 3261 599 3338 itiatur
645 3279 698 3332 in
739 3273 958 3348 parvulo
987 3290 1002 3326 :
1034 3267 1136 3324 Per
1175 3269 1324 3321 unius
1353 3266 1622 3326 delictum,
1652 3261 1822 3332 inquit
1862 3261 2009 3327 Apo-

426 3373 598 3430 stolus
621 3411 635 3434 ,
669 3369 722 3422 in
755 3381 922 3420 omnes
955 3361 1179 3416 homines
1208 3358 1274 3411 ad
1303 3353 1784 3410 condemnationem.
1812 3349 2011 3406 Omnes

428 3467 606 3520 autem
634 3461 768 3516 dixit
789 3455 853 3512 ad
881 3451 1376 3510 condemnationem
1405 3461 1500 3518 per
1531 3444 1719 3508 Adam.
1745 3451 1798 3498 ct
1826 3457 2012 3496 omnes

431 3553 494 3608 ad
540 3547 975 3622 justitiaationcm
1021 3555 1116 3614 per
1154 3540 1469 3603 Christum;
1513 3551 1633 3591 cum
1675 3534 1857 3604 utique
1906 3547 2012 3586 non

432 3641 620 3700 omnes
649 3655 742 3695 eos
769 3637 859 3709 qui
899 3635 1191 3691 moriuntur
1221 3631 1273 3685 in
1303 3629 1470 3686 Adam
1492 3669 1508 3693 ,
1541 3623 1827 3682 transferat
1851 3621 2018 3679 Citri-

432 3743 546 3790 stus
574 3732 639 3788 ad
668 3731 826 3785 vitam
863 3745 877 3782 :
919 3725 1013 3782 sed
1047 3737 1234 3779 omnes
1262 3720 1390 3776 dixit
1431 3731 1588 3790 atque
1626 3731 1812 3772 omnes
1837 3758 1851 3781 ,
1893 3715 2016 3785 quia

433 3829 565 3884 sicut
593 3825 720 3878 sine?
743 3819 910 3878 Adam
938 3817 1116 3872 nullus
1150 3813 1216 3869 ad
1246 3819 1470 3868 mortem
1495 3853 1510 3875 ,
1544 3809 1614 3864 ita
1653 3808 1769 3864 sine
1803 3805 2019 3863 Christo

437 3915 611 3969 nullus
628 3909 690 3966 ad
714 3911 896 3964 vitam].
923 3907 1072 3962 Sicut
1090 3903 1312 3959 dicimus
1341 3900 1408 3956 de
1429 3901 1718 3956 litterarum
1745 3893 2019 3966 magistra,

437 4009 482 4062 si
527 4007 581 4060 in
627 4004 840 4059 civitate
891 3998 1038 4054 solus
1067 4005 1185 4060 est,
1225 3994 1424 4049 Omnes
1454 3991 1556 4047 iste
1589 3991 1674 4045 hic
1698 3989 1902 4044 litteras
1926 3986 2024 4042 do-

440 4107 526 4152 cet
559 4115 572 4148 :
605 4112 709 4150 non
736 4093 858 4164 quia
887 4106 1074 4146 omnes
1101 4087 1345 4149 discunt,
1386 4084 1478 4138 sed
1503 4082 1623 4153 quia
1649 4095 1806 4136 nemo
1829 4079 1932 4134 nisi
1957 4077 2025 4134 ab

441 4191 575 4268 ipso.
609 4185 845 4255 Denique
861 4195 996 4252 quos
1025 4187 1148 4233 ante
1177 4189 1366 4231 omnes
1399 4173 1624 4236 dixerat,
1653 4171 1850 4226 multos
1876 4176 2024 4240 post-

443 4255 700 4343 eaiiixit,
731 4272 948 4328 eosdem
983 4271 1126 4340 ipsos
1154 4277 1331 4321 tamen
1371 4277 1560 4320 omnes
1601 4263 1901 4331 multosque
1953 4255 2026 4312 8i-

445 4369 721 4444 gniticans.
757 4365 900 4420 Sicut
928 4362 1059 4416 enim
1083 4401 1101 4427 ,
1125 4359 1294 4429 inquit
1317 4401 1332 4422 ,
1363 4373 1450 4427 per
1473 4353 1858 4410 inobedientiam
1877 4354 2028 4406 unius

448 4461 663 4518 hominis
692 4465 976 4528 peccatores
999 4450 1252 4508 constituti
1273 4458 1388 4504 sunt
1409 4447 1574 4509 multi,
1602 4447 1672 4500 ita
1697 4454 1744 4501 et
1766 4461 1852 4515 per
1878 4444 2030 4497 unius

449 4549 776 4608 obedientiam
799 4549 925 4617 justi.
957 4541 1322 4598 constituentur
1353 4539 1494 4591 multi
1519 4533 1692 4608 (Rom.
1722 4551 1786 4601 γ,
1819 4529 2027 4611 1249).

520 4645 610 4701 47.
639 4637 826 4696 Adhuc
853 4643 1075 4706 qua-rat,
1107 4651 1126 4684 ι
1159 4647 1254 4702 per
1277 4629 1402 4699 quid
1434 4639 1705 4698 peccatum
1737 4625 2034 4680 inveniatur

453 4741 506 4792 in
553 4729 794 4806 parvulo.
823 4749 841 4782 ι
885 4723 1266 4795 ιιεειιοιιάειιιιι
1302 4721 1350 4775 ei
1391 4720 1595 4792 paginae
1631 4725 1835 4771 sancta:
1870 4734 1883 4769 :
1933 4712 2036 4768 Per

457 4843 610 4900 unum
639 4821 888 4878 hominem
918 4824 1173 4888 peccatum
1208 4811 1260 4866 in
1289 4811 1422 4865 hunc
1451 4808 1692 4863 mundum
1726 4807 1957 4871 intravit,
1991 4817 2038 4860 et

457 4936 543 4990 pcr
561 4896 828 4985 peccatum
855 4923 1025 4974 mors;
1048 4914 1093 4960 et
1121 4904 1190 4958 ita
1213 4904 1263 4956 in
1290 4915 1460 4956 omnes
1480 4900 1702 4954 homines
1727 4896 2033 4968 pertransiit,

457 4987 508 5068 in
546 5023 645 5080 quo
683 5017 852 5059 omnes
899 5005 1243 5071 peccaverunt.
1301 4991 1376 5047 0b
1420 4993 1567 5046 unius
1614 4990 1850 5044 delictum
1895 4987 2040 5042 inuiti

460 5097 644 5153 ‘nortui
671 5103 786 5150 sunt
808 5108 828 5148 :
853 5088 1116 5146 Iudicium
1142 5102 1202 5142 ea:
1232 5101 1332 5138 uno
1362 5083 1412 5137 in
1433 5079 1934 5136 condemnationem:
1960 5075 2042 5133 ’οὺ

463 5189 610 5242 unius
639 5185 873 5239 delictum
899 5197 1033 5234 mors
1063 5185 1284 5248 regnavit
1311 5190 1399 5245 per
1425 5187 1578 5225 unum
1601 5187 1620 5224 :
1656 5169 1754 5223 I’er
1781 5169 1932 5222 unius
1959 5170 2045 5222 de-

463 5280 636 5331 lictum
662 5278 714 5328 in
735 5288 905 5328 omnes
925 5270 1150 5325 homines
1173 5267 1238 5320 ad
1258 5261 1751 5319 condemnationem:
1773 5257 1876 5313 Per
1899 5259 2048 5312 unius

462 5366 846 5424 svobcdientiam
872 5371 1154 5433 peccatores
1175 5355 1437 5412 constituti
1457 5362 1572 5410 sunt
1599 5353 1763 5406 multi.
1794 5349 1926 5405 Ecce
1953 5367 2048 5422 ραι·

466 5459 590 5530 quid
621 5457 870 5512 delictum
895 5453 1164 5508 invenitur
1185 5451 1236 5505 in
1265 5447 1504 5520 parvulo.
1538 5443 1654 5500 Jam
1681 5443 1862 5500 credat
1885 5439 2046 5512 origi-

470 5549 588 5607 nale
618 5556 895 5617 peccatum
921 5560 934 5597 :
970 5545 1111 5601 sinat
1137 5540 1320 5596 venire
1350 5537 1628 5610 parvulos,
1669 5545 1723 5589 ut
1753 5533 2048 5600 salvcutur,

471 5639 536 5695 ad
563 5631 850 5689 Christum.

539 5774 559 5801 ⁸
593 5767 734 5827 anu,
754 5763 851 5827 qui.
879 5771 1008 5822 nam,
1029 5765 1172 5820 quod.

1173 341 1265 400 DE
1296 340 1564 399 NL'PTHS
1604 339 1686 392 ΕΤ
1727 327 2322 393 ΟΟΝΟΕΡΙΞΕΕΝΤΗ,
2361 325 2418 380 S.
2462 313 2823 380 ειυυυετικι

3535 307 3646 374 ιιι

2133 437 2358 495 CAPUT
2391 431 2834 502 XXVlll.——Quid
2858 443 2938 489 est
2960 431 3098 503 quod
3124 427 3426 495 ilicil,rNon
3453 443 3646 504 peccat

2063 535 2162 590 iste
2191 531 2281 604 qui
2307 530 2561 594 nascitur,
2592 543 2695 583 non
2719 537 2901 596 peccat
2925 525 3014 580 ille
3041 525 3128 596 qui
3159 523 3358 594 genuit,
3384 540 3488 579 non
3517 539 3654 594 pee-

2062 634 2149 679 eat
2177 627 2276 679 iste
2300 623 2386 693 qui
2414 619 2652 676 condidit
2677 636 2689 672 :
2721 633 2815 690 per
2843 633 2975 689 quas
3001 619 3164 672 rimas
3193 618 3332 671 inter
3356 623 3435 671 tut
3461 616 3654 686 praesto

2064 716 2149 770 dia
2177 714 2525 779 innocentiae,
2573 721 2843 782 peceatum
2888 710 3043 781 ﬁngis
3081 709 3417 779 ingressum?
3446 728 3463 761 ι
3503 707 3655 775 Quid

2065 806 2254 877 quaerit
2297 804 2548 858 latentem
2587 801 2806 864 rimam,
2849 815 2968 854 cum
3025 797 3216 854 habeat
3257 797 3654 867 apertissimam

2064 895 2319 966 ianuam?
2342 892 2444 947 Per
2461 908 2618 947 unum
2642 891 2892 946 hominem
2907 933 2921 955 ,
2953 890 3028 944 ait
3056 890 3371 959 Apostolus;
3397 890 3654 959 perunius

2068 987 2306 1041 delictum
2325 1027 2339 1048 .
2369 984 2444 1039 ait
2469 982 2786 1054 Apostolus;
2821 998 2910 1051 per
2945 980 3330 1035 inobedientiam
3375 981 3523 1033 unius
3554 981 3646 1033 Ito-

2069 1077 2248 1142 ininis,
2275 1075 2347 1130 ait
2373 1074 2678 1145 Apostolus.
2703 1070 2842 1140 Quid
2866 1069 3050 1143 qutcrit
3072 1069 3334 1140 ampiius?
3359 1071 3484 1140 quid
3503 1083 3654 1140 quie-

2071 1169 2140 1224 rit
2168 1166 2440 1238 apertius?
2469 1165 2593 1236 quid
2619 1165 2806 1236 qumrit
2831 1161 3175 1217 inculcatius?

2145 1283 2233 1338 48.
2272 1280 2355 1336 «δί
2383 1289 2676 1351 peccatum,
2703 1296 2722 1331 ι
2749 1276 2938 1346 inquit,
2972 1295 2991 1328 ι
3014 1291 3078 1330 ex
3101 1274 3372 1340 voluntate
3393 1282 3494 1338 est,
3517 1273 3667 1327 mala

2075 1375 2318 1430 voluntas
2361 1387 2481 1444 qua:
2522 1381 2796 1441 peccatum
2841 1367 2968 1423 facit
3012 1386 3024 1420 :
3066 1367 3110 1420 si
3145 1383 3212 1422 ex
3252 1375 3466 1428 natura.
3516 1367 3668 1420 mala

2077 1477 2286 1523 natura.
2313 1483 2332 1518 ι
2356 1463 2474 1520 Cito
2503 1460 2821 1532 respondeo,
2848 1460 2925 1516 Es
2956 1459 3226 1514 voluntate
3251 1466 3522 1527 peccatum
3551 1466 3664 1510 est.

2078 1557 2282 1625 Qnmrit
2303 1551 2470 1618 forte,
2513 1563 2690 1607 utrum
2721 1561 2773 1606 et
2801 1549 3058 1620 originale
3088 1557 3384 1618 peccatum.
3415 1547 3668 1616 ltespon-

2080 1649 2184 1704 deo
2204 1688 2220 1714 ,
2253 1630 2480 1702 Prorsus
2515 1653 2568 1699 et
2596 1641 2853 1713 originale
2885 1648 3156 1710 peccatum
3181 1655 3194 1691 :
3237 1638 3358 1709 quia
3387 1649 3439 1691 et
3470 1640 3568 1691 hoc
3591 1651 3670 1691 ex

2082 1740 2354 1794 voluntate
2393 1735 2548 1806 primi
2579 1733 2809 1789 hominis
2834 1732 3150 1788 seminatum
3181 1739 3282 1792 est,
3313 1738 3446 1785 utet
3485 1728 3538 1783 in
3568 1729 3680 1782 illo

2083 1840 2244 1897 esset,
2277 1839 2331 1886 et
2377 1829 2432 1884 in
2470 1841 2657 1884 omnes
2700 1825 2976 1880 transiret.
3015 1822 3120 1878 Sed
3158 1821 3299 1892 quod
3329 1831 3542 1876 secutus
3564 1819 3673 1874 ad-

2079 1923 2273 1994 junsit,
2307 1939 2326 1972 ι
2351 1920 2406 1976 Si
2432 1934 2496 1974 ex
2524 1927 2708 1972 natura
2728 1958 2744 1981 ,
2773 1915 2912 1969 mala
2933 1926 3159 1970 natura:
3193 1933 3211 1965 ι
3243 1928 3424 1983 qnmro
3449 1912 3515 1967 ab
3541 1912 3678 1977 illo,

2084 2023 2164 2079 ιιι,
2197 2014 2242 2068 si
2271 2019 2473 2082 potest.
2512 2007 2867 2077 respondeat,
2904 2004 3052 2083 Sicut
3096 2003 3431 2057 manifestum
3455 2011 3570 2067 εει,
3599 2016 3679 2056 ει

2089 2105 2363 2162 voluntate
2390 2101 2522 2156 mala
2565 2108 2814 2170 tanquam
2840 2113 2908 2152 ex
2933 2097 3123 2151 arbore
3149 2095 3305 2158 mala,
3331 2093 3529 2150 fruetus
3553 2093 3685 2162 ejus

2091 2196 2206 2252 ﬁeri
2228 2195 2404 2250 omnia
2426 2208 2589 2262 opera
2618 2191 2791 2255 mala;
2819 2189 2896 2244 sic
2919 2189 3086 2258 ipsam
3109 2187 3432 2241 voluntatem
3454 2186 3686 2246 tnalam,
3771 2224 3786 2230 -

2093 2286 2144 2341 id
2189 2298 2267 2340 est
2291 2326 2308 2351 ,
2347 2284 2554 2355 ipsam‘
2601 2283 2864 2337 fructuum
2897 2280 3157 2334 malorum
3195 2277 3440 2332 arborem
3480 2277 3684 2332 malam

2095 2375 2235 2432 unde
2263 2373 2406 2428 dicat
2438 2381 2700 2428 exortam.
2730 2370 2788 2426 Si
2815 2386 2878 2425 es
2906 2368 3123 2437 angelo;
3151 2367 3275 2438 quid
3304 2376 3416 2421 erat
3442 2366 3554 2437 ipse
3580 2381 3689 2420 an-

2096 2465 2266 2535 gelus,
2299 2463 2400 2518 nisi
2419 2463 2616 2518 bonum
2643 2477 2778 2532 opus
2805 2460 2935 2516 Dei?
2960 2458 3014 2514 Si
3039 2473 3103 2514 es
3133 2457 3382 2513 homine:
3413 2456 3536 2528 quid
3562 2467 3686 2513 erat

2099 2556 2212 2625 ipse
2239 2553 2422 2618 homo,
2455 2552 2555 2608 nisi
2587 2553 2781 2607 bonum
2811 2565 2944 2622 opus
2976 2549 3104 2604 Dei?
3134 2549 3246 2604 lmn
3283 2549 3401 2616 quia
3432 2547 3696 2603 voluntas

2100 2645 2236 2698 maia
2269 2643 2458 2712 angelo
2485 2658 2549 2698 es
2575 2640 2764 2712 angelo
2783 2641 2824 2705 ',
2858 2655 2921 2694 ex
2952 2639 3168 2694 homine
3199 2637 3396 2691 homini
3421 2648 3534 2692 orta
3565 2648 3684 2702 est;

2101 2733 2225 2800 quid
2255 2742 2405 2788 erant
2431 2734 2545 2787 lucc
2573 2731 2973 2795 duoauthuam
2998 2729 3048 2783 in
3070 2730 3148 2784 eis
3175 2729 3272 2783 ista
3306 2728 3440 2782 mala
3467 2729 3686 2781 oriren-

2104 2834 2218 2888 tur.
2269 2823 2368 2878 nisi
2413 2823 2610 2879 bonum
2637 2837 2770 2891 opus
2815 2821 2946 2886 Dei,
2974 2829 3029 2876 et
3057 2820 3194 2874 bona
3237 2827 3395 2889 atque
3425 2820 3690 2874 laudanda

2105 2913 2324 2970 natura?
2369 2911 2510 2969 Ecce
2551 2927 2678 2983 ergo
2715 2926 2780 2967 ex
2819 2910 2958 2964 bono
2999 2911 3166 2964 oritur
3197 2910 3424 2976 malum,
3466 2925 3561 2964 nec
3589 2909 3692 2965 fuit

2106 3009 2325 3062 omnino
2367 3003 2506 3060 unde
2533 3002 2663 3058 oriri
2691 3009 2887 3073 posset,
2924 2999 3023 3054 nisi
3053 3016 3116 3056 ex
3149 3001 3288 3054 bono
3317 3018 3331 3054 :
3373 3000 3537 3069 ipsam
3566 2999 3701 3054 dico

2108 3097 2432 3153 voluntatem
2461 3094 2653 3150 malam
2677 3135 2691 3158 ,
2730 3107 2887 3163 quam
2921 3091 3123 3146 nullum
3155 3093 3426 3160 praeee<sit
3454 3090 3694 3149 malum;

2112 3203 2219 3243 non
2241 3201 2404 3256 Opera
2433 3185 2594 3251 mala,
2617 3200 2734 3253 ιιιιιε
2759 3198 2862 3238 non
2889 3193 3012 3238 sunt
3029 3182 3132 3238 nisi
3150 3199 3212 3237 es
3241 3183 3505 3238 voluntate.
3529 3181 3695 3245 mala,

2111 3289 2362 3348 tanquam
2402 3292 2468 3332 es
2495 3277 2685 3330 arbore
2725 3275 2887 3329 maia.
2930 3274 3039 3330 Nec
3068 3273 3191 3332 ideo
3217 3285 3396 3328 tamen
3437 3290 3502 3330 ex
3552 3275 3704 3343 boup

2109 3369 2286 3441 potuit
2326 3367 2452 3420 oriri
2495 3366 2742 3422 voluntas
2771 3365 2912 3420 maia
2940 3365 3060 3434 quia
3094 3365 3290 3419 bonum
3321 3362 3512 3418 factum
3551 3376 3628 3418 est
3664 3379 3706 3418 α

2115 3457 2256 3512 bono
2279 3457 2422 3523 Deo;
2454 3455 2548 3510 sed
2575 3455 2698 3526 quia
2719 3454 2786 3510 de
2811 3453 2980 3508 nihilo
3007 3453 3199 3508 factum
3221 3463 3322 3514 est.
3339 3454 3538 3508 nonde
3562 3455 3702 3510 Deo.

2118 3543 2257 3616 Quid
2299 3559 2428 3617 ergo
2455 3555 2538 3601 est
2568 3543 2710 3617 quod
2750 3544 2908 3612 dicit,
2953 3562 2971 3595 ι
2993 3543 3050 3600 Si
3081 3555 3264 3598 natura
3293 3558 3432 3613 opus
3459 3553 3540 3597 est
3571 3545 3704 3607 Dei,

2121 3655 2214 3710 per
2231 3651 2364 3710 opus
2387 3637 2477 3692 Dei
2501 3651 2634 3704 Opus
2646 3635 2840 3690 diaboli
2865 3635 3089 3691 transire
3107 3649 3211 3688 non
3231 3633 3456 3688 sinitur?
3473 3652 3490 3684 ι
3514 3633 3714 3688 Nonne

2119 3742 2255 3796 opus
2280 3726 2501 3791 diaboli,
2525 3725 2736 3796 quando
2763 3724 2988 3794 primum
3023 3724 3072 3778 io
3099 3719 3310 3793 angelo,
3340 3725 3428 3795 qui
3458 3724 3716 3778 diabolus

2125 3819 2294 3878 factus
2335 3827 2437 3882 est,
2463 3826 2638 3872 ortum
2665 3825 2768 3882 est,
2798 3816 2849 3869 in
2880 3831 3042 3885 Opere
3073 3815 3165 3870 Dei
3192 3824 3364 3870 ortum
3397 3815 3517 3870 est?
3554 3813 3710 3881 Qua-

2125 3919 2340 3982 pr0pter
2365 3910 2409 3971 si
2443 3909 2636 3964 malum
2667 3907 2808 3979 quod
2834 3908 3052 3963 omnino
3079 3905 3335 3978 nusquam
3365 3916 3500 3972 erat,
3529 3907 3582 3962 in
3606 3907 3714 3964 Dei

2125 4018 2289 4075 opere
2316 4003 2442 4057 oriri
2471 4001 2672 4071 potuit;
2695 4016 2792 4058 cur
2820 3999 3016 4056 malum
3047 3999 3189 4068 quod
3215 3998 3406 4054 alicubi
3431 3999 3537 4066 jam
3566 4007 3712 4063 erat.

2127 4111 2224 4167 per
2248 4109 2382 4164 opus
2406 4092 2502 4148 Dei
2525 4092 2754 4148 transire
2780 4105 2886 4144 non
2915 4090 3104 4160 potuit,
3129 4089 3422 4158 prasertim
3445 4104 3567 4144 eum
3588 4091 3720 4157 ipso

2129 4185 2293 4242 verbo
2330 4192 2512 4240 utatur
2549 4181 2832 4252 Apostolus
2851 4223 2868 4245 ,
2899 4181 3115 4246 dicens,
3146 4179 3213 4235 Et
3238 4181 3308 4234 ita
3336 4180 3390 4234 in
3417 4195 3586 4236 omnes
3608 4179 3718 4234 Ito-

2129 4279 2288 4332 mines
2315 4274 2648 4346 pertransiit?
2683 4272 2947 4343 Numquid
2987 4269 3232 4328 homines
3274 4287 3381 4328 non
3418 4281 3540 4328 sunt
3574 4286 3723 4342 opus

2134 4369 2262 4424 Dei?
2290 4366 2600 4423 Pertransiit
2623 4379 2750 4435 ergo
2771 4373 3046 4434 peccatum
3069 4377 3164 4433 per
3185 4362 3449 4429 homines,
3479 4363 3580 4418 hoc
3603 4373 3720 4424 est.

2133 4473 2270 4530 opus
2289 4457 2483 4514 diaboli
2503 4471 2598 4526 per
2624 4469 2757 4525 opus
2779 4455 2906 4511 Dei:
2927 4463 3084 4525 atque
3101 4464 3156 4508 ut
3174 4453 3280 4508 alio
3305 4452 3464 4508 modo
3483 4453 3725 4523 idipsum

2136 4549 2310 4615 dicam
2327 4588 2342 4612 ,
2386 4560 2521 4615 opus
2547 4545 2725 4614 operis
2745 4544 2837 4601 Dei
2867 4559 2963 4614 per
2989 4559 3122 4612 opus
3147 4542 3240 4598 Dei
3263 4542 3299 4596 ⁸.
3336 4541 3405 4597 Et
3429 4542 3547 4598 ideo
3573 4542 3727 4597 Dens

2137 4649 2219 4696 est
2242 4638 2389 4693 solus
2427 4634 2770 4690 immutabilis
2799 4642 2854 4690 et
2884 4633 3263 4703 potentissima:
3301 4630 3550 4688 bonitatis
3579 4648 3594 4685 :
3625 4634 3732 4702 qui

2139 4739 2193 4787 et
2229 4739 2514 4797 antequam
2561 4734 2706 4781 esset
2740 4724 2906 4778 ullum
2947 4723 3180 4788 malum,
3224 4722 3361 4776 bona
3386 4737 3548 4792 opera
3595 4722 3730 4777 fecit

2140 4821 2352 4883 omnia.
2393 4827 2450 4873 et
2473 4817 2540 4873 de
2568 4816 2719 4871 malis
2757 4830 2876 4883 qua:
2906 4814 2958 4868 in
2998 4813 3151 4868 bonis
3190 4813 3258 4867 ab
3303 4827 3368 4870 eo
3412 4811 3567 4868 laetis
3604 4824 3730 4869 orta

2142 4921 2286 4976 ειιιιι.
2319 4911 2455 4966 bene
2484 4917 2733 4980 operatur
2765 4923 2859 4978 per
2883 4907 3082 4962 omnia.

2214 5021 2438 5080 CAPUT
2476 5019 2855 5076 XXlX.——-49.
2893 5037 2916 5072 ε
2938 5017 2995 5072 In
3028 5033 3155 5083 uno,
3185 5036 3204 5066 ι
3239 5017 3430 5088 inquit,
3469 5036 3488 5068 ι
3509 5016 3734 5072 homine

2143 5117 2262 5188 jure
2286 5115 2610 5183 vituperatur
2635 5111 2883 5174 intentio.
2911 5119 2966 5164 et
2996 5111 3146 5179 origo
3177 5107 3438 5172 laudatur,
3468 5109 3591 5178 quia
3617 5106 3735 5161 duo

2217 5269 2235 5336 ξ
2268 5266 2404 5336 gdjti,
2417 5264 2470 5315 id
2480 5264 2842 5336 εειερηιτιιηιιη,
2863 5265 3058 5336 omisso,
3074 5261 3524 5336 ipsagnmddidimus
3545 5274 3606 5311 ex
3615 5267 3737 5336 μείς.

2213 5329 2237 5398 ξ
2267 5320 2402 5398 mw;
2426 5320 2591 5398 Maeli
2603 5335 2667 5398 c-r.
2686 5320 2856 5398 απςνςιὸ
2895 5320 3220 5398 "euenire;
3237 5321 3421 5398 and?
3437 5320 3712 5398 semet?-

2218 5335 2239 5422 ξ
2267 5335 2401 5386 anu,
2426 5335 2581 5390 angeli
2603 5335 2667 5398 ea:
2686 5335 2856 5389 angelo
2895 5335 3220 5386 manuscripts,
3246 5335 3418 5395 augete
3437 5335 3502 5373 ea;
3616 5335 3712 5372 cro.

2248 5395 2321 5462 ,ιιι
2350 5395 2728 5462 squama.
2751 5391 2896 5462 μαίνει
3317 5335 3741 5462 regiius:

2156 5449 2291 5514 (quia
2328 5447 2509 5518 άίιιυοιί
2525 5460 2642 5518 om
2661 5483 2676 5507 ν
2711 5447 2764 5498 id
2796 5443 2898 5518 ξαν
2937 5453 3186 5518 peceatum
3205 5458 3292 5510 ρετ
3314 5443 3473 5518 ius"?!
3492 5443 3740 5518 άέαοοέυεη

2156 5504 2394 5582 emortum,
2429 5509 2509 5580 qui
2531 5504 2719 5582 ﬁtcmra
2736 5507 2808 5558 vet
2829 5504 2949 5582 opus
2964 5514 3034 5557 est
3068 5505 3170 5562 Dei,
3194 5504 3282 5577 per
3303 5504 3438 5578 aliud
3459 5517 3578 5570 opus
3613 5507 3742 5576 Dei,

2157 5572 2211 5642 id
2228 5579 2317 5630 est,
2343 5565 2578 5620 [rotantem
2602 5565 2916 5642 pertransiit),
2947 5580 3068 5642 opus
3087 5565 3246 5642 omnia
3269 5565 3358 5619 Dei
3377 5580 3464 5631 per
3483 5565 3742 5640 upupa".

2159 5628 2400 5682 ιιιοεεειιιιι
2444 5628 2740 5693 removimus
3119 5628 3334 5693 quatuor
3357 5628 3744 5693 g'nianoscripto-

2162 5709 2267 5770 rum
2284 5728 2302 5751 ,
2319 5695 2497 5767 (utilius
2521 5691 2816 5753 exeuiplai-ia
2846 5695 3016 5754 oleris
3039 5691 3326 5756 nuperi'ecti,
3351 5691 3474 5743 litim
3514 5696 3564 5756 ὅ,
3597 5705 3748 5758 app.

2165 5757 2226 5804 εδ
2244 5762 2296 5805 ct
2317 5767 2377 5803 to
2391 5753 2730 5814 sudragamur.
