4034 6182
367 419 379 426 ,
411 363 514 419 48⁸1

412 477 590 535 etesia:
620 474 952 532 traditionem
971 472 1072 527 isto
1094 469 1298 527 nefario
1325 467 1549 537 crimine
1572 471 1854 534 aspergat,
1885 473 1988 530 qua

421 571 829 634 extircizantur,
860 575 917 622 ιιι
940 565 1083 630 dixi,
1109 574 1165 620 et
1195 560 1543 619 exsolllaotur
1569 555 1808 628 parvuli,
1856 565 1908 608 ut
1942 552 1995 608 in

417 677 636 730 regnum
668 657 862 714 Christi
884 673 914 711 a
943 664 1204 728 potestate
1231 651 1570 716 tenebrarum
1589 688 1606 716 ,
1647 647 1752 715 hoc
1775 656 1858 700 est
1885 645 1999 699 dia-

413 751 519 806 boli
549 762 604 806 et
629 750 940 821 angelorum
968 748 1084 819 ejus
1102 787 1117 812 ,
1149 745 1286 806 eruti
1325 741 1730 800 transferantur.
1767 737 1876 794 Nos
1899 753 1995 792 au-

413 850 518 896 tem
544 841 834 910 paratiores
855 853 1039 894 sumus
1061 851 1180 894 cum
1209 835 1324 892 istis
1355 833 1480 889 viris
1500 872 1516 898 ,
1539 841 1594 886 et
1617 845 1737 885 cum
1761 827 1997 884 Ecclesia

419 930 612 985 libriin
658 931 710 985 in
746 927 902 999 hujus
949 928 1070 984 lidei
1119 917 1432 995 antiquitate
1477 922 1716 988 (innata,
1748 919 2000 991 qumlibet

416 1021 696 1076 inaledicta
722 1033 777 1076 et
818 1019 1169 1077 contumelias
1195 1015 1433 1088 perpeti,
1470 1028 1627 1084 quant
1677 1027 1799 1066 cum
1845 1009 1998 1066 Pela-

414 1112 584 1181 gianis
611 1111 894 1180 cujuslibet
921 1111 936 1142 ί
969 1109 1165 1180 eloquii
1197 1107 1572 1179 praedicatione
1599 1102 1840 1158 laudari;

488 1205 714 1263 CAPUT
747 1203 914 1261 XXX.
943 1233 1015 1245 —-
1036 1203 1125 1259 5‘2.
1163 1221 1182 1254 ι
1219 1202 1310 1256 Ais
1336 1201 1564 1261 iterum,
1603 1218 1624 1252 ι
1656 1197 1824 1266 inquit
1847 1237 1860 1260 ,
1891 1213 1909 1246 ι
1947 1204 2003 1249 et

419 1299 598 1354 dicis:
635 1296 785 1351 Nulla
833 1304 978 1352 esset
1027 1291 1490 1362 ceucupiseeutia,
1542 1289 1641 1344 nisi
1691 1287 1852 1345 homo
1877 1296 2002 1340 ante

419 1397 729 1458 peccasset;
761 1387 959 1456 nuptis:
988 1401 1117 1446 vero
1161 1393 1344 1440 essent
1370 1423 1384 1446 ,
1430 1379 1639 1434 etiamsi
1671 1392 1828 1432 nemo
1875 1390 2001 1446 pec-

419 1488 612 1534 eassct.
649 1495 667 1534 ι
704 1475 815 1531 Non
841 1475 990 1539 dixi,
1033 1493 1052 1526 ι
1096 1471 1251 1528 Nullo
1278 1481 1417 1527 esset
1444 1467 1920 1546 concupiscentia;
1977 1485 1996 1519 ι

423 1570 546 1640 quia
571 1579 654 1624 est
679 1578 736 1624 et
759 1567 1033 1639 glorianda
1058 1563 1490 1636 concupiscentia
1545 1561 1872 1631 spiritualis,
1901 1575 2002 1630 qua

421 1659 816 1730 concupiscitur
862 1657 1120 1728 sapientia
1169 1655 1324 1728 (Sap.
1377 1670 1463 1720 vt,
1509 1651 1654 1722 el):
1697 1651 1792 1707 sed
1834 1651 1941 1706 dixi
1986 1693 2001 1716 ,

429 1773 448 1804 ι
482 1751 638 1810 Nulla
663 1760 806 1814 esset
831 1749 1075 1822 pudenda
1104 1745 1532 1818 concupiscentia
1553 1764 1573 1799 ι
1595 1744 1812 1816 (Supra,
1835 1743 1922 1798 tib.
1953 1743 2002 1807 l,

423 1862 476 1898 n.
504 1843 581 1916 ι).
634 1842 956 1913 Relcgantnr
1005 1841 1164 1896 verba
1212 1853 1331 1899 mea
1355 1877 1370 1904 ,
1394 1853 1514 1908 qua:
1559 1836 1720 1894 etiam
1764 1833 1878 1905 ipse
1909 1849 2004 1904 po-

423 1935 562 2001 suit,
591 1942 649 1990 ut
671 1943 865 2004 quanta
893 1933 962 1987 ab
984 1932 1076 1994 illo
1098 1929 1284 1985 fraude
1328 1935 1818 1984 commemorentur
1843 1940 2008 1996 amnt-

426 2035 563 2083 reat.
597 2024 705 2088 Sed
729 2039 834 2094 quo
858 2023 1084 2081 voluerit
1106 2037 1224 2077 eam
1253 2020 1471 2077 nomine
1487 2017 1745 2098 appellet.
1779 2016 1869 2072 Illa
1899 2016 2007 2072 dixi

419 2113 566 2185 quod
594 2129 700 2179 non
727 2123 906 2180 esset,
943 2111 1046 2170 nisi
1094 2110 1257 2166 homo
1293 2116 1420 2166 ante
1461 2116 1773 2178 peccasset,
1811 2105 1882 2161 de
1905 2121 2008 2176 qua

424 2205 754 2265 erubuerunt
777 2205 830 2260 in
855 2202 1100 2274 paradiso
1119 2243 1134 2269 ,
1153 2201 1244 2272 qui
1270 2199 1512 2270 pudenda
1541 2206 1826 2264 texerunt,
1848 2211 2006 2268 quam

429 2311 590 2356 nemo
623 2305 810 2378 negat,
844 2295 1094 2366 quoniam
1140 2302 1416 2364 peccatum
1468 2289 1841 2346 inobedientim
1873 2285 2009 2358 prte-

429 2397 698 2456 eesserat,
727 2387 847 2448 ideo
871 2387 1235 2447 subsecutum.
1263 2384 1364 2452 Qui
1383 2391 1561 2439 autem
1585 2381 1696 2437 vult
1717 2381 2012 2452 intelligere

414 2483 556 2562 quid
586 2483 889 2550 senserint,
919 2482 1081 2539 debet
1105 2481 1446 2538 considerare
1462 2479 1586 2548 quid
1605 2480 1851 2534 texerint.
1873 2477 2010 2534 Suc-

432 2576 686 2632 rinctoria
717 2573 1042 2647 quippesibi
1087 2573 1156 2630 de
1185 2572 1325 2628 l'oliis
1370 2571 1644 2639 ﬁculneis,
1693 2586 1800 2626 non
1849 2569 2012 2624 vesti-

431 2677 611 2723 menta
637 2667 876 2733 fecerunt
903 2663 1056 2734 (Gen.
1081 2680 1135 2720 ιιι
1160 2705 1176 2731 ,
1199 2663 1292 2736 7);
1323 2677 1444 2734 qua:
1466 2661 1819 2719 succinctoria
1840 2673 2015 2733 graece

433 2769 747 2832 amcam
770 2768 1158 2832 nuncupantur.
1187 2756 1324 2828 Quid
1351 2765 1529 2812 autem
1581 2756 1892 2826 cooperient
1917 2771 2012 2824 pe-

433 2854 686 2918 rizomata
709 2893 726 2918 ,
757 2852 1005 2909 omnibus
1045 2860 1230 2908 notum
1251 2857 1340 2906 est
1369 2866 1383 2903 :
1410 2863 1529 2920 qua:
1572 2847 1808 2902 nonnulli
1837 2846 2016 2902 Latini

413 2945 753 3016 'campestria
782 2953 908 3000 sunt
931 2943 1283 3013 interpretati.
1308 2940 1438 3010 Quis
1462 2950 1639 2996 autem
1694 2940 1899 3010 ignorat
1925 2939 2014 3007 qui

435 3044 864 3106 campestrantur
884 3076 899 3098 ,
922 3048 1058 3105 quas
1084 3025 1262 3104 partes
1291 3031 1528 3102 corporis
1547 3029 1874 3102 conlegam?
1913 3029 2019 3084 llas

437 3127 582 3183 enim
608 3126 856 3198 tegebant
876 3124 1098 3180 Romani
1123 3125 1380 3193 juvenes,
1410 3121 1624 3192 quando
1649 3121 1773 3176 nudi
1801 3135 2019 3178 exerce-

439 3217 637 3293 bantur
659 3215 711 3270 in
732 3229 952 3286 campo,
981 3213 1122 3268 unde
1148 3212 1248 3267 hoc
1275 3227 1443 3282 genus
1492 3213 1738 3282 tegminis
1791 3214 1896 3269 tale
1925 3229 2022 3293 no-

440 3286 564 3362 men
593 3284 920 3378 accepit
1555 3298 1558 3301 ’
1819 3319 1826 3326 ·
1935 3284 1941 3294 ι

511 3395 952 3454 ΩΑΡΠΤΧΧΧΙ.
979 3425 1050 3437 -
1083 3396 1173 3453 5'5.
1231 3395 1378 3452 «illa:
1417 3411 1542 3466 ergo
1587 3397 1815 3466 nuptiaz,
1884 3416 1904 3451 ι
1938 3398 2024 3452 in-

443 3490 594 3558 quit,
623 3507 644 3542 ι
672 3504 792 3564 quae
831 3489 948 3549 sine
989 3488 1450 3558 concupiscentia,
1481 3488 1598 3542 sine
1643 3497 1790 3543 motu
1831 3501 2022 3559 corpo-

443 3595 596 3646 rum,
625 3579 742 3634 sine
769 3580 1087 3636 necessitate
1110 3592 1331 3632 sexuum
1354 3619 1368 3642 ,
1399 3586 1457 3631 ut
1484 3577 1616 3631 dicis
1641 3617 1656 3642 ,
1688 3591 1810 3633 esse
1832 3587 2020 3647 potue-

445 3679 568 3728 runt
586 3711 602 3736 ,
625 3684 654 3724 a
671 3679 724 3725 te
739 3671 1148 3740 pronuntiantur
1164 3667 1456 3723 laudabiles
1480 3685 1493 3722 :
1519 3668 1618 3724 ista
1637 3683 1762 3723 vero
1779 3671 2024 3740 conjugia

443 3779 564 3834 qua:
607 3779 747 3819 nunc
786 3774 1053 3834 agumur,
1103 3777 1134 3816 a
1185 3761 1398 3817 diabolo
1443 3761 1656 3817 inventa
1683 3761 1892 3818 detinis.
1932 3761 2024 3819 Illa

446 3857 622 3926 itaque
646 3897 660 3919 ,
699 3874 719 3908 ι
755 3853 957 3924 inquit,
992 3871 1014 3921 ι
1063 3868 1182 3923 qua:
1211 3852 1410 3907 institui
1464 3853 1700 3921 potuisse
1745 3853 1983 3914 somnias
2008 3895 2026 3922 ,

446 3949 588 4002 bona
606 3946 872 4002 deliberas
901 3964 916 4002 :
946 3945 1044 3998 ista
1068 3958 1196 3999 vero
1233 3943 1303 3998 de
1351 3941 1546 4012 quibus
1582 3941 1707 4012 dicit
1751 3943 2025 4012 Scriptura

446 4037 650 4102 divina,
683 4035 950 4107 ltelinquet
974 4035 1125 4089 homo
1149 4043 1342 4102 patrem
1361 4043 1406 4086 et
1423 4041 1662 4098 matrem,
1693 4043 1739 4088 et
1754 4033 2028 4090 adliwrebit

448 4129 596 4188 uxori
625 4143 736 4190 sua
753 4143 774 4193 ;
799 4136 847 4182 et
873 4125 1140 4180 emittduo
1185 4125 1239 4178 in
1265 4140 1418 4178 carae
1442 4140 1544 4177 una
1582 4120 1736 4195 (Gen.
1791 4139 1827 4178 ιι
1846 4167 1858 4188 ,
1889 4124 1982 4198 24)
2011 4141 2027 4193 ;

449 4218 716 4290 proﬁteris
735 4217 876 4280 mala
901 4216 1161 4272 diabolica
1179 4257 1196 4282 ,
1221 4214 1466 4270 morbum
1487 4223 1761 4284 postremo
1791 4214 1989 4270 debere
2013 4257 2030 4282 ,

454 4327 560 4370 non
580 4309 885 4380 coniugium
914 4305 1226 4376 nuncupari.
1257 4324 1278 4358 ι
1310 4305 1424 4362 Non
1452 4314 1534 4361 est
1576 4305 1768 4361 mirum
1797 4307 1842 4361 si
1881 4307 2032 4364 Pela-

455 4401 598 4472 giani
620 4401 764 4455 dicta
791 4410 974 4461 nostra
1012 4400 1064 4453 in
1093 4413 1286 4454 sensus
1325 4413 1460 4469 quos
1483 4397 1670 4452 volunt
1712 4397 2033 4470 detorquere

455 4499 748 4563 conantur;
774 4489 987 4560 quando
1011 4488 1158 4544 etde
1193 4487 1485 4560 Scripturis
1525 4487 1725 4544 sanctis
1746 4529 1761 4552 ,
1808 4505 1914 4544 non
1943 4489 2032 4544 ubi

457 4580 683 4648 obscure
707 4577 907 4653 aliquid
932 4577 1132 4649 dictum
1157 4585 1240 4632 est
1263 4615 1280 4643 ,
1329 4575 1425 4631 sed
1455 4575 1544 4632 ubi
1573 4575 1716 4631 clara
1765 4586 1822 4633 et
1849 4589 2035 4648 aperta

454 4681 582 4728 sunt
603 4669 900 4727 testimonia
925 4711 943 4750 ,
971 4668 1021 4724 id
1047 4666 1225 4725 facere
1247 4678 1674 4735 consueverunt,
1719 4684 1868 4725 more
1914 4671 2033 4746 qui-

454 4766 580 4822 dem
607 4743 977 4820 haecetieorum
1002 4760 1162 4817 etiam
1187 4768 1524 4817 czetcrorum.
1549 4760 1681 4838 Quis
1705 4761 1845 4816 enim
1886 4741 2034 4817 dice-

455 4868 572 4924 ret,
595 4875 616 4913 ι
643 4857 762 4921 sine
787 4861 935 4912 motu
981 4867 1265 4923 corporum
1284 4894 1299 4920 ,
1329 4852 1447 4908 siue
1473 4853 1788 4909 necessitate
1813 4869 2035 4928 sexuum

455 4952 676 5024 nuptias
698 4964 820 5008 esse
847 4945 1120 5018 potuisse?
1148 4963 1168 4998 ι
1202 4945 1345 5003 Deus
1362 4945 1502 5006 enim
1550 4945 1669 5000 l‘ecit
1696 4960 1887 5008 sexus,
1915 4946 2036 5014 quia

457 5041 739 5105 malum
786 5048 835 5094 et
883 5037 1125 5109 feminam
1172 5035 1290 5108 fecit
1331 5049 1416 5089 eos
1463 5032 1576 5104 (Id.
1623 5050 1676 5100 ι,
1721 5033 1848 5105 27),
1903 5035 2042 5090 sicut

457 5137 714 5206 scriptum
741 5141 846 5195 est.
875 5131 1032 5195 Unde
1053 5138 1232 5188 autem
1261 5127 1376 5184 ﬁeri
1415 5136 1596 5198 posset
1620 5111 1678 5182 ut
1699 5127 1788 5196 qui
1831 5125 2043 5182 fuerant

459 5223 852 5297 conjungendi,
898 5231 952 5278 et
982 5222 1094 5293 ipsa
1133 5219 1519 5290 conjunctione
1551 5218 1853 5289 generaturi
1877 5257 1892 5283 ,
1943 5233 2039 5274 sua

460 5334 686 5390 corpora
713 5333 818 5384 non
847 5323 1154 5379 numerent;
1182 5310 1612 5385 quandoquidem
1655 5310 1832 5388 nullus
1860 5309 1917 5365 lit
1944 5309 2044 5389 bo-

462 5397 623 5466 minis
649 5408 715 5464 ad
744 5405 1014 5462 hominem
1041 5404 1333 5476 corporalis
1357 5416 1606 5461 accessus
1624 5444 1639 5469 ,
1683 5401 1727 5468 si
1753 5401 1892 5458 desit
1915 5415 2039 5474 coro

463 5501 611 5578 poris
635 5497 849 5554 motus?
873 5495 988 5552 Non
1017 5511 1146 5567 ergo
1168 5496 1254 5550 hic
1276 5495 1502 5566 quaestio
1525 5502 1609 5550 est
1634 5494 1704 5550 de
1729 5502 1874 5548 moto
1917 5508 2038 5548 cor-

466 5607 687 5672 porum,
714 5589 833 5644 sine
860 5603 966 5657 quo
997 5602 1100 5652 non
1125 5595 1346 5659 possent
1391 5586 1610 5654 omnino
1655 5585 1901 5656 misceri;
1947 5583 2040 5640 sed

537 5725 556 5791 ξ
588 5732 690 5791 ᾼιιιἶ
713 5725 880 5791 ett-gn,
895 5733 1049 5791 quam
1060 5718 1311 5791 fciam
1331 5718 1594 5791 cujuslibet
1604 5719 1795 5784 eloquii.

535 5781 610 5844 tu)
644 5782 759 5834 \‘ide
783 5779 867 5836 lib.
892 5779 942 5832 ll
970 5781 1035 5830 de
1052 5779 1253 5838 civitate
1285 5779 1393 5842 Dei,
1413 5795 1516 5843 cap.
1543 5781 1614 5840 l7.

1205 353 1293 410 DE
1329 348 1598 428 NUPTiIS
1635 348 1724 404 ET
1761 339 2364 405 CONCUMSCENTIA,
2405 339 2464 394 S.
2504 335 2874 407 Αυευδτιθιι

3584 331 3705 390 ιω

2107 451 2174 510 de
2197 449 2442 522 pudendo
2467 460 2613 514 motu
2637 441 2942 520 genitalium
2965 489 2982 514 ,
3009 447 3101 518 qui
3128 445 3362 518 proiecto
3385 459 3492 506 non
3517 459 3698 506 esset.

2099 555 2155 600 et
2184 553 2360 597 ttutmn
2385 541 2695 596 seminatrix
2725 539 3034 594 commixtio
3063 553 3168 592 non
3187 537 3433 601 deesset,
3471 537 3517 590 si
3542 538 3702 606 geni-

2112 636 2234 691 talia
2256 651 2362 690 nou
2389 633 2629 700 libidini,
2655 631 2751 688 sed
2781 629 3038 686 voluntati
3063 630 3200 684 sicut
3226 635 3419 684 caetera
3449 626 3698 683 membra

2107 731 2392 786 servirent.
2421 730 2614 783 Annon
2644 726 2805 780 etiam
2823 738 2963 779 nunc
2985 724 3037 777 in
3067 735 3294 792 corpore
3319 721 3504 775 mortis
3529 719 3702 788 hujus

2111 824 2404 894 imperatur
2434 819 2592 891 pedi,
2635 816 2890 881 brachio,
2911 814 3106 886 digito,
3146 813 3329 876 labro,
3377 811 3602 880 linguae,
3629 819 3700 866 et

2099 913 2167 968 ad
2218 924 2402 968 notum
2453 920 2691 966 nostrum
2750 907 3006 961 continuo
3057 902 3431 975 porriguntur!
3468 901 3694 964 [iuniori

2102 1005 2364 1076 denique.
2394 1002 2534 1074 quod
2562 1011 2644 1057 est
2666 998 2992 1061 mirabilius,
3028 997 3079 1050 in
3110 999 3286 1050 vesica
3317 993 3456 1048 intus
3480 993 3654 1060 posito
3689 1033 3703 1054 ,

2101 1113 2223 1153 cum
2249 1096 2414 1161 libet,
2441 1104 2495 1149 et
2522 1091 2739 1163 quando
2769 1093 2785 1123 ¹
2809 1090 2926 1160 ejus
2954 1089 3105 1158 copia
3137 1100 3240 1140 non
3269 1098 3520 1152 urgemur
3538 1124 3554 1146 ,
3595 1083 3704 1136 im-

2106 1197 2324 1258 peratur
2349 1195 2406 1240 ut
2435 1183 2692 1256 proﬂuat,
2723 1191 2778 1237 et
2803 1181 3136 1247 obtemperat
3163 1195 3175 1229 :
3209 1177 3315 1230 imo
3345 1173 3474 1244 ipsis
3501 1172 3704 1230 abditis

2104 1279 2399 1334 visceribus
2419 1287 2473 1331 et
2504 1275 2708 1338 nervis,
2741 1271 2935 1344 quibus
2961 1269 3100 1328 idem
3131 1267 3324 1325 humor
3345 1265 3650 1321 continetur
3684 1305 3704 1326 ,

2105 1371 2398 1438 imperatur
2427 1377 2484 1421 ut
2520 1381 2644 1421 eum
2689 1363 2983 1438 propellant
3005 1401 3022 1426 ,
3051 1359 3351 1428 exprimant
3370 1397 3387 1422 ,
3439 1355 3657 1422 ejiciant
3685 1393 3702 1412 ,

2104 1471 2159 1516 et
2177 1437 2222 1514 si
2240 1459 2436 1512 sanitas
2455 1457 2607 1510 adest
2628 1496 2644 1521 ,
2675 1455 2792 1510 sine
2819 1437 3128 1520 dil'licultnte
3145 1447 3384 1502 serviunt
3417 1445 3704 1512 Voluntati.

2103 1553 2312 1619 Quanto
2339 1564 2467 1620 ergo
2492 1547 2696 1602 facilius
2731 1554 2891 1614 atque
2919 1539 3289 1612 tranquillius,
3328 1537 3709 1592 obedientibus

2103 1643 2426 1715 genitalibus
2471 1639 2710 1710 corporis
2761 1635 3032 1707 partibus,
3079 1643 3137 1688 et
3179 1631 3350 1704 ipsum
3401 1629 3706 1684 membrum

2108 1735 2470 1805 porrigeretur
2491 1773 2506 1795 ,
2533 1739 2588 1787 et
2633 1730 2799 1785 homo
2839 1725 3227 1796 seminantur,
3258 1722 3358 1776 nisi
3389 1720 3704 1784 hominibus

2107 1824 2216 1880 illis
2237 1820 2664 1878 iuobedientibus
2697 1817 3058 1873 membrorum
3085 1814 3308 1869 istorum
3337 1811 3704 1867 lnobedicntia

2101 1917 2248 1988 justo
2289 1913 2552 1986 supplicio
2601 1907 2946 1967 reddentur?
2985 1905 3140 1974 Quod
3191 1903 3508 1974 supplicium
3563 1902 3705 1957 casti

2107 2009 2382 2072 sentiunt,
2415 2003 2504 2075 qui
2535 2001 2718 2074 procul
2764 1998 2930 2062 dubio
2950 1997 3173 2053 mallent
3194 2037 3210 2062 ,
3239 1995 3285 2050 si
3325 2001 3570 2064 possent,
3609 1991 3711 2060 ju-

2077 2091 2084 2095 ’
2109 2097 2270 2154 bentc
2289 2095 2554 2151 voluntate
2580 2105 2740 2162 quam
2772 2088 3043 2160 pruriente
3062 2084 3332 2156 voluptate
3358 2083 3497 2138 tilias
3537 2083 3710 2153 cerni.

2110 2201 2262 2243 nare.
2303 2181 2566 2240 lmmundi
2592 2190 2768 2258 autem
2797 2178 2890 2250 qui
2940 2183 3160 2248 propter
3202 2175 3361 2240 istum
3406 2171 3650 2237 morbum
3684 2212 3703 2250 ε

2110 2294 2217 2334 non
2242 2277 2414 2332 solum
2443 2272 2786 2336 meretrices,
2813 2283 3000 2325 verum
3025 2265 3188 2326 etiam
3213 2267 3468 2335 coniuges
3484 2275 3666 2319 amant
3689 2305 3708 2326 ,

2111 2369 2180 2424 de
2227 2367 2329 2424 hoc
2372 2364 2634 2438 supplicio
2681 2361 2861 2418 carnis
2907 2359 3154 2432 graviore
3195 2356 3458 2428 Simplicio
3503 2361 3709 2420 mentis

2112 2459 2402 2516 exsultant.

2183 2546 2408 2606 CAPUT
2433 2545 2650 2603 XXXII.
2671 2574 2743 2586 —
2768 2544 2860 2600 56.
2889 2541 3040 2598 Absit
3051 2555 3181 2612 ergo
3197 2551 3251 2595 ut
3272 2539 3530 2606 dicamus,
3559 2539 3711 2609 quod

2113 2655 2214 2696 nos
2241 2639 2422 2694 dicere
2469 2638 2569 2692 iste
2597 2633 2887 2705 contingit,
2921 2651 2941 2684 ε
2979 2633 3080 2687 ista
3109 2630 3354 2701 coniugia
3397 2645 3518 2701 qua:
3563 2645 3716 2684 tione

2113 2739 2376 2801 aguntur,
2405 2742 2435 2782 a
2461 2725 2678 2784 diabolo
2691 2727 2926 2780 inventa.
2961 2741 2982 2776 ι
3007 2722 3234 2780 Prorsus
3271 2723 3400 2791 ipsa:
3443 2730 3571 2776 sunt
3603 2735 3713 2775 un-

2115 2820 2264 2893 ptite,
2291 2833 2424 2888 quas
2449 2817 2520 2874 ab
2556 2816 2706 2872 initio
2727 2815 2868 2870 Deus
2896 2812 3144 2868 instituit.
3173 2811 3288 2868 Hoc
3315 2812 3461 2868 enim
3507 2812 3712 2867 bonum

2116 2927 2272 2969 suum
2313 2910 2382 2966 ad
2431 2909 2704 2965 hominum
2751 2893 3152 2978 generationem
3198 2902 3494 2958 institutum
3543 2902 3713 2976 etiam

2117 3003 2384 3059 damnastis
2411 2999 2715 3056 hominibus
2739 3012 2848 3053 non
2875 2995 3127 3060 detraxit,
3145 2993 3338 3064 quibus
3351 3007 3459 3047 non
3477 2991 3716 3048 detraxit

2118 3095 2279 3150 etiam
2305 3107 2497 3148 sensus
2521 3089 2697 3146 carnis
2723 3097 2780 3144 et
2803 3087 3071 3152 membra,
3099 3083 3464 3156 proculdubio
3488 3097 3714 3140 munera

2119 3200 2214 3240 sua
2231 3227 2248 3251 ,
2275 3183 2517 3256 quamVis
2537 3181 2646 3252 jam
2669 3181 2843 3236 debita
2869 3177 3209 3234 damnatione
3233 3176 3510 3232 moritura.
3539 3175 3660 3231 Ista:
3695 3216 3714 3237 ,

2121 3279 2335 3350 inquam
2358 3318 2376 3344 ,
2407 3285 2530 3332 sunt
2556 3273 2786 3344 nuptias,
2813 3271 2882 3328 de
2909 3270 3100 3342 quibus
3113 3269 3311 3324 dictum
3331 3276 3414 3323 est
3441 3265 3715 3344 (excepto,

2121 3369 2264 3440 quod
2287 3367 2374 3424 hic
2393 3369 2414 3400 '
2445 3367 2726 3438 ﬁguratum
2750 3373 2862 3430 est,
2887 3377 3078 3433 magno
3102 3361 3194 3416 illo
3216 3357 3411 3416 Christi
3431 3367 3487 3414 et
3530 3357 3718 3412 Eccle-

2123 3461 2217 3516 sia:
2239 3455 2598 3522 sacramento)
2622 3497 2638 3522 ,
2669 3453 2948 3524 Propterea
2969 3452 3217 3522 relinquet
3250 3451 3403 3504 homo
3432 3457 3627 3521 patrem
3668 3461 3719 3501 et

2123 3561 2364 3615 ntatrem,
2393 3557 2440 3602 et
2463 3545 2736 3605 adhtrrebit
2767 3544 2915 3600 uxori
2936 3557 3080 3607 suc;
3099 3552 3145 3598 et
3170 3551 3320 3596 erunt
3345 3541 3448 3595 duo
3472 3541 3526 3594 in
3560 3555 3722 3594 came

2126 3657 2249 3695 una.
2283 3639 2395 3694 lloc
2422 3637 2565 3694 enim
2591 3645 2716 3692 ante
2733 3644 3008 3704 peccatum
3027 3632 3226 3691 dictum
3252 3642 3335 3687 est
3364 3649 3376 3684 :
3408 3641 3465 3687 et
3487 3633 3530 3686 si
3556 3646 3722 3685 nemo

2127 3737 2436 3802 peccasset,
2479 3727 2598 3782 sine
2638 3723 2883 3796 pudenda
2931 3723 3152 3778 libidine
3197 3730 3376 3792 posset
3415 3721 3529 3776 lieri
3571 3721 3615 3776 ⁸.
3648 3721 3724 3776 Et

2127 3835 2272 3876 nunc
2285 3817 2530 3890 quamvis
2550 3817 2670 3872 sine
2699 3817 2788 3870 illa
2818 3830 2926 3870 non
2952 3815 3040 3870 tiat
3065 3815 3118 3869 in
3149 3828 3374 3882 corpore
3397 3813 3588 3866 mortis
3613 3810 3724 3876 bus,

2127 3910 2238 3981 jus,
2271 3911 2444 3980 ipsum
2469 3917 2553 3967 est
2581 3918 2756 3962 tamen
2781 3905 2926 3976 quod
2952 3920 3058 3975 non
3087 3914 3264 3960 cessat
3292 3903 3436 3969 ﬁeri,
3465 3901 3723 3966 utadlize-

2132 4012 2246 4060 reat
2276 4001 2437 4058 homo
2465 4000 2614 4060 uxori
2639 4013 2772 4066 suae,
2791 4007 2844 4054 et
2867 3997 3096 4054 sintduo
3123 3997 3174 4051 in
3190 4011 3351 4051 carne
3375 4011 3498 4053 una.
3517 3995 3723 4064 Quam-

2130 4093 2312 4150 obrem
2353 4092 2455 4148 etsi
2497 4089 2690 4146 dicitur
2708 4130 2726 4156 ,
2767 4103 2907 4144 nunc
2943 4087 3078 4142 alias
3120 4101 3241 4143 esse
3283 4085 3496 4156 nuptias
3514 4125 3530 4150 ,
3585 4087 3726 4140 alias

2131 4201 2260 4242 vero
2287 4185 2334 4239 si
2360 4197 2517 4240 nemo
2543 4191 2815 4252 peccasset
2840 4195 2962 4236 esse
2983 4180 3217 4250 potuisse
3233 4221 3250 4244 ,
3289 4194 3395 4234 non
3423 4179 3724 4236 secundum

2131 4290 2316 4332 earum
2339 4284 2614 4341 naturam,
2643 4271 2738 4328 sed
2759 4269 3052 4328 secundum
3071 4269 3354 4342 quamdam
3383 4271 3437 4326 iu
3481 4270 3726 4327 deterius

2133 4375 2389 4423 utatam
2406 4364 2600 4420 dicitur
2615 4363 2942 4434 qualitatem.
2961 4363 3108 4418 Sicut
3127 4362 3268 4417 alius
3289 4361 3512 4427 dicitur,
3533 4379 3729 4434 quam-

2135 4456 2218 4512 vis
2242 4456 2382 4512 idem
2404 4455 2519 4524 ipse
2541 4454 2609 4510 sit
2649 4453 2844 4519 homo,
2875 4453 2967 4524 qui
2993 4453 3278 4508 mutaverit
3318 4454 3481 4508 vitam
3524 4453 3640 4510 sive
3671 4456 3727 4510 iu

2139 4547 2332 4602 melius
2355 4589 2368 4609 ,
2397 4546 2512 4601 sive
2539 4547 2592 4600 in
2621 4544 2860 4600 deterius
2883 4562 2898 4599 :
2925 4545 3070 4600 aliud
3089 4555 3174 4600 est
3194 4545 3340 4601 enim
3363 4547 3560 4616 justus,
3581 4547 3729 4603 aliud

2139 4646 2412 4706 peccator;
2435 4635 2674 4705 quamvis
2695 4635 2834 4689 idem
2853 4635 2969 4706 ipse
2987 4635 3056 4690 sit
3077 4635 3257 4689 homo.
3283 4635 3372 4691 Sic
3387 4636 3508 4692 alia:
3526 4638 3732 4707 nuptias

2138 4729 2254 4791 sine
2281 4726 2522 4798 pudenda
2566 4725 2817 4790 libidine,
2845 4726 2964 4780 alia:
3007 4740 3128 4780 cum
3173 4725 3417 4796 pudenda
3461 4726 3731 4783 libidine:

2138 4835 2259 4880 cum
2288 4831 2462 4875 tamen
2488 4819 2780 4874 secundum
2803 4819 3235 4876 constitutionem
3283 4836 3434 4876 suam
3456 4862 3472 4886 ,
3501 4835 3606 4891 qua
3647 4821 3734 4876 le-

2138 4910 2324 4982 gitime
2345 4909 2682 4980 conjungitur
2709 4911 2899 4972 mulier
2919 4911 3070 4978 viro,
3101 4922 3156 4967 et
3195 4911 3328 4968 ﬁdes
3372 4901 3603 4968 catiialls
3635 4914 3737 4970 de-

2139 5000 2235 5056 biti
2262 4999 2331 5060 ab
2355 4998 2736 5056 adulteriorum
2767 5010 2986 5070 peccato
3018 5000 3041 5032 ⁸
3074 5012 3320 5062 servatur
3343 5004 3630 5071 immunis,
3679 5017 3739 5060 et

2143 5089 2246 5152 hoc
2273 5106 2423 5146 more
2441 5090 2675 5160 legitimo
2701 5091 2792 5146 lilii
2815 5091 3402 5156 seminantur,ea:dem
3446 5093 3577 5163 ipsa:
3607 5105 3740 5149 sunt

2143 5185 2370 5252 nuptiae,
2392 5196 2526 5252 quas
2573 5181 2714 5236 Deus
2739 5181 3004 5248 instituit,
3045 5183 3290 5254 quamvis
3327 5183 3574 5240 diabolus
3624 5199 3735 5238 non

2206 5291 2407 5368 2"?!in
2430 5291 2559 5368 iter
2764 5292 3152 5368 (μέρειναιξηάοο
3189 5295 3277 5346 νει
3315 5295 3734 5368 sumendum

2141 5355 2246 5462 qui;
2268 5355 2410 5402 abest
2447 5355 2576 5402 enim
2607 5365 2638 5402 a
2657 5355 3070 5426 trihusyaticauis
3089 5355 3455 5428 manuscriptis;
3487 5355 3585 5420 'vel
3625 5358 3739 5418 ejus

2162 5428 2250 5462 oco
2290 5411 2592 5462 legendum.
2656 5427 2766 5462 cum
2799 5414 2943 5462 libet.
2981 5425 3035 5462 ιιι
3075 5417 3388 5462 emendatum
3427 5426 3504 5462 mn
3540 5419 3739 5462 amiuua

2162 5414 2250 5464 eeo
2290 5414 2592 5487 legendum,
2656 5427 2766 5487 cum
2799 5414 2943 5478 libet,
2981 5414 3035 5486 ut
3075 5414 3388 5467 emendatum
3427 5414 3521 5468 est
3540 5414 3743 5482 autitiua

2144 5487 2290 5527 manu
2314 5477 2375 5536 in,
2392 5476 2686 5536 Beuigniano
2704 5476 2846 5528 libro.

2207 5539 2228 5569 ²
2260 5535 2459 5593 Quidam
2607 5570 2622 5595 ,
2647 5536 2780 5588 hinc.

2210 5597 2235 5670 ξ
2265 5598 2366 5670 Hic,
2392 5605 2516 5670 post,
2540 5595 2670 5661 ﬁeri,
2693 5599 2789 5670 duo
2811 5599 3118 5670 manuscripti
3145 5609 3197 5654 et
3231 5600 3474 5657 nonnullae
3496 5601 3744 5664 editiones

2148 5657 2326 5728 addunt
2337 5694 2350 5714 .
2385 5657 2438 5708 t'u
2451 5657 2670 5728 ror'pore'
2681 5659 2788 5728 tft'ttc
2809 5661 2958 5728 illius.

2155 5725 2365 5840 pc:
2416 5727 2466 5769 θί
2509 5726 2614 5786 ﬂ":
2657 5722 2719 5771 ab
2759 5722 3088 5783 adulterortmt
3121 5732 3306 5788 peccat:
3358 5727 3611 5805 «emensis
3632 5732 3741 5801 bis,
