4034 6182
321 358 418 416 £69

317 477 455 546 ipsa:
477 520 489 539 ,
520 458 613 530 sed
638 471 879 528 homines
906 488 969 527 ex
1010 471 1201 541 quibus
1246 471 1442 541 nuptia:
1471 471 1637 535 fiunt,
1688 472 1904 540 antiqua

318 564 518 636 ρεταιιὶ
550 563 894 633 persuasione
922 561 1258 622 sauciaverit,
1285 561 1656 615 iuobrdicntia:
1684 574 1905 629 persua-

315 656 489 711 dendo
522 665 830 725 peccatum,
880 653 965 706 cui
1018 668 1113 720 per
1153 652 1389 707 divinum
1426 650 1683 721 judicium
1724 650 1908 704 iuobe-

313 749 511 803 rlientia
536 746 894 802 membrorum
917 745 1185 813 reciproca
1204 744 1545 810 redderetur;
1576 744 1627 797 in
1645 758 1745 812 qua
1771 758 1904 796 con-

309 842 475 911 jugali
501 880 517 904 ,
550 839 792 908 quamvis
817 836 1123 892 erubuerint
1152 836 1440 891 nuditatem
1463 851 1612 890 suam
1630 877 1649 902 ,
1691 834 1903 903 nuptia-

313 950 431 988 rum
456 940 631 987 tamen
661 946 689 983 a
712 930 821 984 Deo
849 928 1138 984 institutam
1161 942 1269 983 nou
1294 926 1601 982 omnimodo
1619 931 1905 996 potuerunt

315 1023 557 1076 amittere
587 1018 896 1073 bonitatem.

384 1110 606 1170 CAPUT
637 1109 876 1167 XXXIII.
901 1138 973 1148 —
1001 1109 1103 1177 55.7
1122 1108 1253 1162 llinc
1280 1106 1380 1162 istc
1404 1107 1574 1179 pergit
1598 1108 1666 1161 ab
1698 1107 1776 1163 eis
1812 1107 1900 1176 qui

310 1203 745 1272 coniunguntur,
777 1199 845 1254 ad
886 1214 981 1254 eos
1024 1200 1112 1269 qui
1153 1198 1470 1269 gignuntur,
1515 1208 1729 1268 propter
1767 1212 1900 1268 quos

312 1292 371 1351 in
431 1293 529 1349 hac
573 1290 866 1362 quazstione
910 1291 1069 1346 tantis
1106 1289 1361 1344 adversus
1410 1304 1578 1345 novos
1622 1289 1901 1349 historicos

310 1382 758 1454 disputationibus
791 1382 1093 1437 laboramus
1121 1399 1134 1435 :
1165 1390 1218 1435 et
1237 1381 1447 1436 occulto
1481 1381 1570 1437 Dei
1591 1381 1900 1451 compulsus

307 1473 562 1529 instinctu
592 1472 717 1527 dicit
750 1471 987 1542 aliquid,
1017 1469 1109 1526 ubi
1141 1480 1307 1528 totum
1355 1469 1513 1526 istum
1561 1470 1759 1530 nodum
1803 1486 1898 1527 sua

308 1562 647 1619 confessione
672 1561 936 1617 dissolvit.
974 1561 1169 1617 Valens
1194 1561 1336 1617 enim
1363 1561 1514 1620 nobis
1539 1561 1794 1639 majorem
1813 1562 1897 1616 in-

309 1655 505 1709 vidiam
530 1667 869 1711 commovere
889 1695 902 1717 ,
926 1653 1045 1724 quia
1090 1653 1316 1708 dicimus
1355 1655 1514 1709 etiam
1554 1653 1621 1712 de
1650 1655 1898 1725 legitimis

308 1744 510 1814 nuptiis
535 1743 637 1798 sub
663 1754 881 1813 peccato
918 1743 1162 1813 parvulos
1211 1744 1361 1801 nasci
1386 1762 1452 1805 :1
1494 1743 1616 1799 Illos
1661 1760 1790 1816 ergo
1821 1786 1835 1808 ,
1870 1764 1891 1800 ι

309 1834 511 1904 inquit,
541 1852 560 1886 ι
597 1834 684 1904 qui
712 1848 980 1904 nunquam
1007 1834 1114 1888 nati
1135 1843 1295 1900 sunt,
1320 1835 1490 1891 bonos
1513 1836 1750 1914 potuisse
1777 1852 1897 1893 esse

309 1923 446 1979 dicis
473 1942 488 1978 :
518 1923 649 1979 istos
681 1938 810 1978 vero
835 1924 924 1994 qui
954 1922 1207 1979 mundum
1232 1925 1582 1994 impleverunt
1607 1967 1623 1991 ,
1649 1941 1744 1996 pro
1773 1926 1894 1999 qui-

310 2013 411 2069 bus
428 2013 674 2089 Christus
695 2021 933 2068 mortuus
958 2021 1038 2068 est
1055 2054 1074 2081 ,
1101 2012 1297 2069 diaboli
1326 2029 1469 2089 opus
1500 2024 1555 2071 et
1592 2015 1659 2071 de
1707 2015 1895 2071 morbo

309 2115 464 2160 natos
482 2145 498 2169 ,
523 2113 578 2160 et
605 2088 671 2158 ab
692 2101 913 2158 exordio
948 2118 1068 2158 reos
1089 2103 1299 2160 detinis.
1342 2103 1570 2159 Probavi
1618 2105 1792 2176 itaque
1813 2145 1829 2170 ,
1868 2123 1888 2157 ι

312 2195 511 2266 inquit,
542 2214 561 2246 ι
602 2195 728 2250 nihil
763 2205 813 2249 te
834 2193 974 2249 aliud
1014 2209 1209 2264 agere,
1232 2210 1391 2273 quam
1415 2204 1471 2248 ut
1520 2194 1685 2251 Deum
1734 2210 1894 2266 neges

309 2287 498 2343 horum
522 2328 538 2351 ,
568 2287 658 2357 qui
701 2295 858 2346 sunt.
889 2285 1164 2342 hominum
1193 2286 1544 2343 conditorem.
1582 2304 1603 2339 ι
1638 2286 1753 2357 Ego
1777 2287 1894 2358 qui-

306 2377 429 2435 dem
457 2376 787 2432 conditorem
821 2375 1094 2435 hominum
1122 2375 1394 2444 Omnium,
1431 2378 1672 2447 quamvis
1706 2392 1893 2433 omnes

306 2468 408 2522 sub
433 2477 653 2538 peccato
675 2476 962 2528 nascantur
981 2507 995 2530 ,
1025 2476 1085 2524 et
1106 2476 1323 2536 pereant
1360 2466 1460 2522 nisi
1504 2477 1853 2523 renascantur
1874 2508 1890 2533 ,

307 2572 415 2614 non
441 2557 560 2613 dico
580 2556 678 2612 nisi
703 2555 1115 2618 Deum..Vitium
1153 2556 1350 2626 quippe
1390 2555 1763 2611 inseminatam
1811 2565 1894 2612 est

307 2647 654 2717 persuasione
681 2647 911 2711 diaboli,
935 2662 1031 2717 per
1059 2646 1200 2716 quod
1223 2634 1323 2701 sub
1345 2658 1562 2717 peccato
1592 2649 1700 2702 nati
1721 2658 1848 2703 sunt
1871 2690 1888 2717 ,

305 2753 416 2793 non
439 2748 625 2795 natura
653 2737 864 2794 condita
886 2752 989 2807 qua
1036 2736 1280 2792 homines
1315 2747 1459 2792 sunt.
1501 2737 1688 2793 Libido
1713 2748 1890 2799 autem

304 2826 552 2902 pudenda
578 2843 682 2882 non
704 2836 912 2883 moveat
938 2826 1174 2882 membra
1196 2869 1211 2893 ,
1244 2826 1346 2881 nisi
1367 2826 1577 2897 quando
1600 2827 1846 2885 volumus
1873 2870 1889 2896 ,

301 2927 362 2973 et
388 2932 493 2972 non
516 2928 597 2973 est
616 2917 855 2973 morbus.
880 2916 996 2973 Non
1016 2916 1083 2973 de
1113 2917 1198 2972 illa
1227 2915 1505 2975 erubescat
1531 2917 1689 2973 etiam
1719 2917 1892 2973 licitas

300 3017 358 3063 et
397 3006 654 3062 honestus
691 3006 1093 3078 coniugatorum
1133 3005 1446 3065 concubitus
1468 3047 1485 3073 ,
1514 3006 1727 3061 vitando
1762 3022 1891 3063 con-

301 3109 545 3168 spectum
567 3108 619 3151 et
651 3098 949 3168 appetendo
983 3107 1269 3162 secretum,
1298 3107 1352 3153 et
1393 3112 1497 3152 non
1542 3106 1624 3152 est
1650 3096 1886 3152 morbus.

300 3189 418 3244 Non
446 3189 725 3259 prohibeat
746 3189 1031 3257 Apostolus
1061 3189 1112 3242 in
1138 3188 1239 3243 hoc
1266 3188 1450 3242 morbo
1468 3188 1728 3258 possideri
1760 3206 1890 3242 ιικο-

302 3294 428 3341 res,
472 3288 665 3332 etnon
703 3289 784 3331 est
822 3276 1041 3332 morbus
1082 3276 1233 3345 Quod
1274 3278 1416 3332 enim
1457 3294 1660 3349 grwcus
1689 3279 1885 3346 habet,

295 3374 345 3421 ιν
376 3374 517 3421 πάθει
560 3372 845 3436 ὄπιθυμίας,
899 3367 988 3422 alii
1028 3367 1187 3422 latine
1235 3368 1566 3437 interpretati
1624 3379 1786 3436 sunt,
1834 3371 1888 3434 in

298 3458 474 3511 morbo
502 3458 738 3512 desiderii
760 3498 774 3525 ,
798 3459 877 3512 vel
906 3458 1361 3529 concupiscentia;
1390 3459 1479 3512 alii
1507 3475 1671 3523 vero,
1703 3461 1754 3514 in
1772 3476 1891 3530 pas-

298 3549 440 3603 sione
466 3547 889 3617 concupiscentia:
916 3547 958 3621 (I
993 3546 1168 3602 Thess.
1198 3564 1248 3602 tv
1272 3590 1288 3614 ,
1320 3549 1405 3618 5),
1434 3548 1531 3611 νει,
1558 3548 1605 3604 si
1631 3565 1737 3619 quo
1779 3542 1887 3605 alio

300 3638 462 3699 modo
512 3638 567 3692 iu
613 3638 732 3693 aliis
779 3647 939 3709 atque
989 3637 1108 3693 aliis
1154 3638 1423 3703 codicibus
1451 3640 1719 3703 invenitur
1746 3659 1762 3696 ;
1792 3640 1888 3706 sed

300 3737 481 3805 passio
508 3736 560 3790 in
584 3734 757 3805 lingua
787 3735 946 3789 latina
971 3776 987 3801 ,
1016 3734 1244 3798 maxime
1271 3750 1373 3799 usu
1407 3733 1655 3808 loquendi
1709 3735 1886 3797 eccle:

298 3826 518 3880 siastieo
541 3866 558 3891 ,
595 3840 702 3881 non
727 3826 827 3881 nisi
859 3826 875 3857 ³
903 3827 968 3881 ad
1016 3826 1453 3902 vituperatioiietn
1483 3824 1760 3885 consuevit
1803 3824 1885 3895 in:

299 3918 483 3988 teliigi.

371 4008 462 4063 56.
503 4007 792 4076 Quodlibet
842 4016 1031 4066 autem
1054 4007 1124 4064 de
1173 4007 1413 4079 pudenda
1454 4008 1886 4078 concupiscentia

296 4102 475 4159 carnis
503 4103 608 4157 iste
648 4102 862 4166 sentiat,
888 4100 956 4157 de
1006 4100 1260 4169 parvulis.
1307 4116 1403 4170 pro
1431 4100 1621 4170 quibus
1672 4100 1885 4164 labora-

297 4207 438 4258 mus,
473 4201 533 4247 ut
559 4192 825 4247 salvatore
867 4191 1104 4261 indigere
1132 4191 1436 4255 credantur,
1467 4206 1532 4246 ne
1560 4191 1676 4245 sine
1716 4189 1891 4251 salute

297 4286 616 4348 moriantur,
642 4283 858 4340 attende
899 4283 1025 4355 quid
1066 4283 1301 4339 dixerit:
1336 4282 1494 4338 verba
1524 4283 1641 4352 ejus
1679 4290 1882 4356 repeto.

303 4376 429 4432 illos
455 4394 599 4448 ergo,
631 4376 832 4446 inquit,
859 4375 947 4446 qui
989 4390 1248 4447 nunquam
1291 4374 1398 4428 nati
1436 4373 1762 4444 suntLbonos
1790 4388 1884 4443 po-

300 4468 452 4523 tuisse
493 4483 602 4520 esse
642 4467 771 4522 dicis
792 4481 811 4519 :
837 4467 960 4520 istos
993 4481 1108 4519 vero
1148 4465 1235 4536 qui
1262 4462 1880 4536 mundumimpleverunt,

303 4575 393 4627 pro
424 4552 605 4629 quibus
644 4556 872 4612 Christus
918 4566 1142 4611 mortuus
1186 4566 1280 4623 est,
1329 4556 1516 4610 diaboli
1557 4573 1703 4627 opus,
1733 4566 1781 4610 et
1822 4555 1886 4607 de

300 4650 473 4704 morbo
515 4659 685 4715 natos,
729 4658 775 4704 et
818 4648 880 4703 ab
904 4648 1110 4703 exordio
1138 4664 1251 4703 reos
1289 4648 1489 4717 deﬁnis.
1515 4646 1559 4701 Ο
1588 4644 1632 4701 si
1683 4646 1880 4701 nodum

298 4739 502 4793 solvat'
553 4739 713 4793 etiam
760 4738 1137 4803 contentionis,
1178 4737 1462 4807 quomon
1488 4735 1684 4799 nodum
1728 4736 1887 4793 solvit

295 4829 451 4884 istius
476 4827 828 4901 quaestionis!
860 4827 1128 4898 Numquid
1157 4827 1299 4883 enim
1329 4842 1387 4882 se
1424 4826 1603 4885 modo.
1621 4826 1687 4881 de
1712 4825 1883 4897 majo-

293 4921 445 4977 ribus
493 4921 596 4974 ἰδίει
644 4918 883 4973 locutum
926 4933 1046 4973 esse
1087 4917 1472 4974 dicturusest?
1517 4917 1595 4980 De
1646 4917 1885 4987 parvulis

286 5012 490 5082 agitur,
524 5011 593 5064 de
618 5008 960 5063 nascentibus
984 5007 1175 5079 agitur,
1212 5008 1279 5063 de
1315 5008 1399 5067 his
1426 5006 1633 5074 nobis”,
1663 5008 1783 5077 quia
1806 5006 1883 5068 rei

285 5102 363 5157 ob
390 5100 618 5157 exordio
647 5100 971 5156 deﬁniuntur
1011 5115 1041 5154 a
1072 5100 1243 5164 nobis,
1285 5100 1352 5154 ab
1382 5100 1472 5159 illo
1507 5099 1702 5155 invidia
1732 5115 1883 5155 com-

283 5203 565 5257 movetur,
595 5193 716 5264 quia
744 5208 837 5247 eos
866 5191 1091 5247 dicimus
1130 5205 1269 5258 reos,
1298 5207 1395 5267 pro
1423 5191 1615 5262 quibus
1639 5189 1884 5259 Christus

282 5293 541 5340 mortuus
563 5290 665 5337 est.
699 5279 805 5335 Cur
831 5296 960 5350 ergo
991 5296 1085 5351 pro
1114 5280 1218 5335 illis
1244 5279 1486 5336 Christus
1516 5292 1756 5335 mortuus
1777 5292 1880 5349 cst,

278 5375 339 5431 si
387 5391 495 5429 non
545 5382 671 5428 sunt
718 5370 839 5428 rei?
881 5370 1008 5427 lude
1057 5386 1317 5442 prorsus,
1354 5372 1475 5428 inde
1524 5373 1882 5429 obtinebimus

274 5482 538 5534 ausam,
561 5464 703 5520 unde
743 5464 1078 5520 excitandam
1105 5464 1306 5535 putavit
1334 5464 1608 5520 invidiam.
1650 5465 1767 5537 Ipse
1800 5465 1879 5522 di-

360 5605 386 5671 s_
413 5609 514 5650 ω,
543 5606 612 5671 ὀμ
860 5601 1334 5671 ωψηεαιῑριί-,ῌποη
1365 5601 1431 5653 ad
1465 5602 1875 5671 tjtuperationem,

275 5662 630 5730 anissomisi;
649 5663 777 5725 quod
794 5662 1118 5730 lovanienses
1136 5662 1198 5730 ab
1222 5668 1411 5717 [ει-εδειιο
1433 5662 1669 5729 adjectum
1691 5662 1879 5730 putant.

360 5725 380 5754 ³
414 5722 585 5772 Plures
601 5719 732 5780 ass,
748 5730 788 5773 Ο
804 5719 875 5774 sic
896 5722 1078 5773 nodum
1100 5722 1262 5774 solvat.

354 5785 385 5817 ³
412 5793 515 5833 Am.
541 5791 614 5833 Er.
645 5791 693 5832 et
712 5783 926 5833 nonnulli
953 5791 1081 5846 Mss,
1107 5784 1252 5836 noris.

1618 355 1820 411 LIBER
1858 354 2229 411 SECUNDUS.

3496 363 3606 417 ιτα

2014 470 2105 535 cit,
2152 469 2413 536 Quomodo
2458 471 2529 524 rei
2570 482 2682 526 sunt
2735 473 2949 544 parvuli,
2999 489 3094 547 pro
3143 475 3320 547 quibus
3366 475 3597 534 Christus

2011 568 2237 614 mortuus
2276 561 2387 615 est?
2428 561 2535 616 Nos
2576 560 3002 632 respondemus:
3049 564 3161 620 imo
3213 567 3416 637 parvuli
3461 584 3599 638 quc-

2009 651 2169 706 modo
2199 652 2274 707 rei
2306 669 2409 707 non
2437 662 2581 721 sunt,
2612 670 2707 724 pro
2731 655 2920 726 quibus
2940 656 3182 714 Christus
3213 668 3454 718 mortuus
3475 661 3600 715 est?

2008 738 2112 797 Ista
2170 743 2536 800 controversia
2593 744 2835 814 judiccm,
2888 748 3131 816 qumrit‘.
3197 748 3410 809 ludicet
3460 766 3590 822 erg)

2007 828 2267 895 Christus,
2297 842 2350 889 et
2376 834 2459 891 cui
2499 834 2587 891 rei.
2611 849 2759 890 mors
2779 836 2895 905 ejus
2940 838 3242 908 profecerit,
3272 840 3386 910 ipse
3423 840 3589 896 dicat.

2007 917 2109 975 Hic
2138 933 2230 990 est,
2263 924 2451 994 inquit,
2486 927 2694 997 sanguis
2722 944 2885 995 meus,
2919 930 3006 997 qui
3044 948 3135 1001 pro
3160 933 3332 990 multis
3359 932 3591 999 effunde-

2007 1019 2089 1063 tur
2119 1012 2172 1066 in
2201 1014 2544 1069 remissionem
2582 1026 2897 1084 peccatorum
2923 1017 3131 1088 (Matth.
3164 1037 3315 1087 xxvi,
3350 1023 3466 1095 28).
3494 1024 3592 1078 Ju-

2005 1100 2145 1155 dieet
2170 1117 2290 1156 cum
2318 1103 2411 1157 illo
2438 1113 2491 1158 et
2528 1105 2835 1174 Apostolus,
2866 1108 2988 1178 quia
3027 1117 3083 1163 et
3107 1110 3158 1164 in
3190 1113 3444 1181 Apostolo
3474 1115 3587 1184 ipse

2002 1190 2237 1261 loquitur
2261 1192 2525 1251 Christus.
2553 1194 2757 1250 Clamat
2786 1206 2840 1252 et
2866 1197 2994 1252 dicit
3028 1197 3094 1260 de
3130 1200 3239 1254 Deo
3276 1200 3452 1267 Patre,
3486 1202 3587 1270 Qui

2003 1280 2211 1351 proprio
2241 1279 2383 1343 Filio
2412 1298 2513 1349 non
2548 1284 2909 1359 peperi-iga“!
2931 1302 3024 1356 pro
3051 1288 3194 1347 nobis
3222 1288 3452 1353 ontnibas
3483 1300 3587 1343 tra-

2004 1369 2132 1425 didit
2167 1387 2279 1424 eum
2306 1369 2480 1444 (Rom.
2515 1389 2625 1440 vtu,
2655 1372 2768 1447 32).
2808 1376 2942 1433 Puto
2980 1378 3122 1451 quod
3161 1378 3233 1439 ita
3262 1381 3401 1439 dicat
3428 1381 3588 1441 Chri-

2001 1469 2142 1517 stum
2175 1460 2424 1520 traditum
2472 1478 2569 1533 pro
2595 1464 2842 1521 omnibus
2886 1467 3060 1534 nobis,
3089 1479 3145 1523 ut
3188 1471 3239 1526 in
3285 1471 3385 1531 hac
3426 1487 3584 1531 causa

2001 1553 2206 1633 parvuli
2249 1570 2353 1611 non
2398 1565 2712 1626 separentur
2738 1572 2768 1612 a
2797 1559 2970 1621 nobis.
3021 1559 3124 1617 Sed
3164 1562 3288 1634 quid
3329 1578 3462 1636 opus
3504 1575 3587 1619 est

2002 1631 2126 1701 hinc
2154 1654 2414 1717 satagere,
2450 1647 2589 1703 unde
2610 1646 2721 1719 jam
2750 1665 2850 1705 nec
2876 1650 2976 1706 iste
2999 1631 3307 1715 contendit:
3340 1631 3584 1725 quando-

2001 1736 2216 1807 quidem
2261 1752 2369 1791 non
2410 1739 2584 1795 solum
2623 1740 2903 1803 confitetur
2939 1751 3210 1810 mortuum
3237 1744 3397 1807 fuisse
3424 1748 3585 1801 etiam

1999 1840 2098 1896 pro
2121 1827 2356 1897 parvulis
2383 1826 2678 1898 Christum,
2707 1845 2891 1886 verum
2918 1830 3077 1887 etiam
3108 1832 3233 1893 inde
3264 1850 3360 1889 nos
3386 1835 3582 1905 arguit,

2000 1917 2140 1987 quod
2165 1917 2383 1973 eosdem
2412 1921 2659 1989 parvulos
2685 1934 2805 1975 reos
2826 1920 3071 1988 dicimus,
3101 1937 3198 1993 pro
3226 1924 3417 1995 quibus
3440 1940 3579 1980 mor-

2001 2018 2121 2065 tuus
2148 2018 2229 2064 est
2253 2007 2531 2066 Christus?
2572 2010 2689 2066 iam
2739 2012 2919 2082 itaque
2963 2013 3251 2083 Apostolus
3290 2014 3382 2084 qui
3422 2012 3575 2082 dixit,

1997 2113 2097 2169 pro
2139 2097 2294 2154 nobis
2330 2098 2577 2155 omnibus
2620 2099 2876 2156 traditum
2907 2101 3201 2172 Christum,
3229 2102 3373 2160 dicat
3416 2105 3579 2162 etiam

1997 2204 2163 2260 quare
2204 2190 2275 2246 sit
2315 2204 2413 2260 pro
2456 2190 2611 2246 nobis
2657 2191 2880 2248 traditus
2903 2191 3169 2250 Christus.
3220 2194 3462 2260 Traditus
3489 2206 3578 2263 est,

1998 2277 2201 2349 inquit,
2244 2289 2447 2351 prapter
2493 2266 2677 2336 delicta
2720 2290 2915 2350 nostra,
2969 2292 3018 2338 et
3063 2285 3335 2340 resurrexit
3377 2295 3585 2357 propter

1988 2368 2404 2440 justiﬁcationem
2442 2380 2666 2427 nostram
2708 2370 2823 2444 (Id.
2852 2390 2925 2442 tv,
2957 2373 3076 2447 25).
3121 2374 3177 2432 Si
3223 2375 3402 2447 igitur,
3448 2379 3587 2433 sicut

1999 2459 2099 2514 iste
2123 2467 2178 2514 et
2200 2460 2502 2528 conﬁtetur,
2532 2468 2589 2520 et
2609 2462 2943 2532 proﬁtetur’,
2972 2475 3031 2523 et
3052 2466 3202 2535 diclt,
3224 2477 3277 2526 et
3297 2468 3500 2538 objicit,
3530 2470 3583 2528 in

1998 2548 2078 2604 eis
2105 2557 2230 2603 sunt
2269 2559 2324 2605 et
2367 2551 2570 2621 parvuli
2602 2567 2700 2622 pro
2725 2554 2917 2626 quibus
2947 2555 3171 2614 traditus
3198 2567 3281 2614 est
3315 2539 3581 2623 Christus.

1996 2650 2052 2699 et
2096 2650 2316 2714 propter
2344 2640 2534 2697 delicta
2586 2652 2766 2698 nostra
2815 2645 3039 2703 traditus
3069 2653 3155 2703 est
3177 2646 3454 2713 Christus;
3485 2649 3583 2704 ha—

1995 2728 2122 2785 bent
2147 2730 2469 2801 prot'cctoct
2494 2733 2699 2803 parvuli
2724 2734 2915 2793 delicta
2940 2737 3236 2808 originalia,
3270 2754 3367 2808 pro
3390 2740 3582 2811 quibus

1996 2821 2220 2879 traditus
2262 2830 2344 2877 est
2369 2823 2610 2885 Christus
2644 2842 2658 2878 :
2695 2824 2854 2885 habet
2881 2827 3023 2897 quod
3058 2827 3113 2891 in
3143 2828 3221 2889 eis
3262 2839 3435 2897 sanet,
3461 2831 3576 2900 qui,

1996 2912 2135 2965 sicut
2176 2911 2288 2982 ipse
2329 2913 2429 2979 ait,
2456 2929 2560 2968 non
2596 2922 2676 2975 est,
2709 2932 2855 2987 opus.
2877 2916 3022 2978 sanis
3056 2918 3301 2986 medicus,
3325 2918 3414 2974 sed
3450 2921 3584 2975 atate

1995 2999 2289 3056 habentibus
2322 3002 2532 3074 (Matth.
2562 3019 2641 3071 ix,
2673 3005 2765 3076 12)
2794 3022 2807 3061 :
2840 3005 3003 3071 habet
3036 3022 3134 3067 cur
3170 3023 3267 3065 eos
3290 3008 3465 3066 salvos
3501 3008 3582 3065 fa-

1993 3092 2119 3160 ciat,
2139 3094 2228 3171 qui
2253 3095 2381 3148 venit
2401 3095 2457 3149 in
2478 3096 2740 3162 mundum,
2761 3098 2898 3154 sicut
2917 3098 3045 3154 dicit
3063 3101 3333 3175 apostolus
3360 3101 3577 3169 Paulus,

1995 3194 2278 3261 peccatores
2306 3186 2471 3249 salvos
2499 3190 2665 3258 facere
2692 3188 2748 3260 (l
2782 3188 2923 3250 Tim,
2944 3206 2980 3256 ι,
3014 3193 3101 3264 15)
3127 3211 3139 3243 :
3172 3193 3331 3252 habet
3355 3193 3495 3265 quod
3522 3194 3579 3249 in

1993 3275 2073 3337 eis
2108 3274 2366 3342 remittat,
2391 3277 2481 3348 qui
2511 3277 2903 3351 sanguinemse
2931 3281 3128 3340 fudisse
3154 3292 3378 3339 testatur
3403 3284 3457 3338 in
3492 3300 3581 3338 rs-

1996 3366 2286 3431 missionem
2309 3378 2672 3439 peccatorum:
2716 3370 3117 3444 habetpropter
3142 3376 3285 3445 quod
3309 3390 3403 3433 eos
3430 3391 3579 3448 qua:-

1993 3467 2097 3525 rat,
2127 3458 2221 3529 qui
2249 3461 2402 3526 venit,
2432 3470 2489 3524 ut
2525 3460 2927 3532 dicit,,qu¢rere
2950 3474 2998 3518 et
3021 3465 3216 3519 saluum
3242 3470 3409 3537 facere
3443 3468 3579 3538 quod

1993 3547 2207 3618 perierat
2234 3547 2381 3619 (Luc.
2415 3564 2525 3615 xu,
2558 3549 2648 3621 10)
2668 3567 2689 3613 ,ε
2722 3551 2885 3608 habet
2915 3554 3057 3623 quod
3087 3555 3140 3609 in
3180 3554 3259 3611 eis
3283 3557 3455 3612 solvat
3484 3556 3576 3612 Fi-

1993 3637 2096 3692 lius
2140 3637 2254 3705 Dei,
2293 3640 2390 3709 qui,
2425 3647 2701 3710 prepterea
2744 3642 2918 3707 venit,
2947 3643 3085 3700 sicut
3128 3643 3259 3700 dicit
3301 3646 3576 3716 apostolus

1991 3727 2244 3795 Joannes,
2278 3739 2332 3784 ut
2360 3731 2521 3795 soluat
2543 3748 2700 3802 opera
2729 3732 2918 3789 diaboli
2959 3734 3010 3806 (1
3037 3734 3196 3791 Joan.
3227 3753 3305 3804 ut,
3334 3736 3410 3811 8).
3440 3738 3574 3802 Huic

1991 3834 2118 3891 ergo
2148 3820 2486 3892 parvulorum
2513 3823 2668 3878 saluti
2711 3823 2956 3881 inimicus
2997 3835 3101 3893 est,
3136 3826 3226 3897 qui
3264 3841 3448 3883 eorum
3496 3828 3577 3891 sic

1991 3914 2183 3977 asserit
2223 3914 2612 3985 innocentiam,
2642 3924 2701 3971 ut
2729 3917 2979 3973 sauciatis
3019 3927 3074 3973 et
3098 3919 3576 3992 vulneratisnpget

1992 4005 2352 4063 necessariam
2379 4005 2719 4061 medicinam.

2063 4094 2286 4157 CAPUT
2323 4095 2647 4151 XXXIV.-—-
2674 4099 2763 4152 57.
2800 4097 2921 4162 Jam
2956 4098 3097 4169 quod
3126 4101 3574 4174 sequitur.etad-

1985 4188 2178 4260 jungit,
2207 4188 2443 4245 attende.
2470 4188 2534 4244 Si
2571 4190 2719 4249 ante.’
2757 4200 3035 4264 peccatum,
3073 4192 3264 4263 inquit,
3294 4193 3574 4263 per,Deum

1990 4287 2210 4333 creatum
2257 4288 2327 4334 est
2364 4279 2498 4334 unde
2524 4280 2750 4338 homines
2795 4292 3136 4351 nascerentur,
3185 4302 3275 4356 per
3315 4284 3572 4349 diabolum

1989 4378 2155 4423 autem
2191 4371 2327 4426 unde
2366 4378 2601 4440 parentes
2633 4382 3082 4438 amumoaerentur,
3110 4374 3422 4436 adscribetur
3466 4377 3576 4433 sine

1989 4458 2139 4513 dubio
2166 4460 2404 4518 sanctitas
2433 4460 2749 4521 nascentibus
2773 4462 2996 4532 etculpa
3023 4465 3397 4534 generantibus.
3423 4465 3571 4540 Quod

1987 4549 2105 4619 quia
2142 4548 2542 4621 manifestissime
2567 4550 2767 4620 nuptias
2788 4550 3023 4621 damnat,
3049 4565 3271 4617 anteacta
3296 4556 3429 4619 hunc
3455 4573 3576 4612 sen~

1988 4654 2121 4702 sunt,
2151 4654 2347 4708 precor,
2371 4644 2436 4695 de
2459 4637 2803 4699 Ecclesiarum
2820 4641 3017 4708 medio,
3044 4658 3090 4698 et
3117 4659 3228 4705 vere
3246 4646 3440 4708 credita
3457 4647 3576 4717 quia

1990 4726 2276 4799 pendentm
2312 4726 2570 4791 Christum
2611 4734 2747 4803 [acta
2786 4744 2904 4792 sunt
2926 4749 3116 4801 omnia,
3148 4746 3195 4788 et
3217 4736 3325 4795 sine
3347 4740 3458 4808 ipso
3495 4738 3577 4805 [a-

1987 4830 2123 4874 ctum
2165 4829 2241 4878 est
2279 4822 2405 4875 nihil
2435 4822 2610 4893 (Joan.
2644 4839 2683 4890 ι,
2715 4824 2791 4895 5).
2835 4824 2906 4880 ita
2952 4827 3056 4892 hoc
3094 4827 3243 4894 dicit,
3283 4830 3432 4899 quasi
3474 4843 3574 4884 nos

1989 4909 2253 4975 dicamus,
2281 4926 2379 4987 per
2433 4911 2701 4974 diabolum
2741 4915 2938 4989 aliquid
2981 4917 3291 4979 substantia:
3335 4931 3572 4975 creatum

1988 5001 2041 5058 iu
2094 5002 2415 5058 hominibus.
2468 5003 2741 5061 Persuasit
2788 5006 2986 5071 malum
3034 5008 3275 5064 diabolus
3322 5018 3572 5081 tanquam

1990 5104 2285 5164 peccatum,
2318 5108 2421 5148 non
2452 5097 2653 5150 creavit
2694 5105 2944 5166 tanquam
2975 5107 3237 5154 naturam.
3268 5101 3371 5156 Sed
3417 5103 3575 5171 plane

1989 5185 2226 5247 naturai“
2255 5185 2536 5255 persuasit,
2554 5187 2677 5263 quia
2706 5185 2866 5242 homo
2893 5196 3077 5243 natura
3104 5200 3209 5257 est,
3229 5199 3283 5246 et
3308 5190 3429 5248 ideo
3450 5208 3572 5250 eam

1991 5275 2358 5346 persuadendo
2388 5276 2607 5331 vitiavit.
2653 5276 2753 5343 Qui
2792 5278 2932 5332 enim
2978 5280 3240 5348 vulnerat,
3282 5296 3387 5338 non
3425 5296 3575 5340 creat

1990 5366 2247 5430 membra,
2277 5365 2375 5423 sed
2399 5367 2606 5421 vexat”.
2639 5365 2741 5421 Sed
2766 5367 2979 5423 vulnera
3000 5385 3117 5440 qua:
3145 5374 3457 5444 corporibus
3492 5377 3577 5446 in:

2053 5549 2071 5581 ι
2104 5550 2284 5593 omnes
2304 5550 2434 5601 Mss,
2457 5547 2660 5603 quierat.

2051 5607 2072 5670 ξ
2105 5606 2303 5667 Benign.
2321 5611 2403 5653 Ms.
2432 5607 2668 5670 (steterit,
2689 5612 2736 5656 et
2761 5603 3029 5670 proﬁtetur.

2052 5668 2073 5700 ³
2106 5674 2204 5728 Am.
2234 5674 2304 5715 Er.
2331 5673 2383 5715 et
2405 5668 2573 5728 plures
2594 5673 2722 5727 1155.,
2740 5668 2780 5719 si
2806 5668 2982 5727 autem.

2052 5728 2072 5788 ἑ
2107 5727 2274 5779 Plures
2292 5727 2420 5788 uss,
2446 5735 2688 5779 naturam.
2734 5742 2735 5747 η

2056 5787 2077 5820 ⁵
2110 5792 2302 5846 quidam
2326 5797 2430 5849 ΜΞ..
2454 5794 2536 5842 sed
2563 5790 2696 5843 litim
