4034 6182
433 311 532 367 671

439 424 742 494 lliguutnr‘,
769 422 1006 494 membra
1041 418 1236 472 faciunt
1262 415 1584 483 claudicare,
1609 413 1690 467 vel
1732 427 1872 483 :egre
1900 427 2018 466 mo-

435 519 569 583 veri,
607 531 710 571 non
741 529 858 570 eam
889 487 1135 566 v‘n-tutem
1175 524 1278 580 qua
1305 507 1512 578 jusms'
1554 516 1638 560 est
1667 505 1863 559 homo:
1896 505 2018 557 vul-.

439 623 538 663 nus
562 616 759 669 autem,
783 603 921 674 quod
950 610 1224 672 peceatum
1247 607 1486 661 vocatur,
1521 591 1687 675 Ipsam
1719 596 1877 656 vitam
1906 593 2020 647 vnl-

437 707 607 763 ncrat,
648 710 749 766 qua
790 703 933 750 recte
974 692 1265 748 vivebatur.
1298 688 1409 744 Hoc
1451 697 1627 742 autem
1671 684 1856 740 valdc’
1895 697 2020 740 tunc

439 787 606 857 majus
649 795 810 856 atque
851 785 1007 839 altius
1051 783 1292 837 diabolus
1331 777 1540 842 inﬂixit,
1567 792 1722 846 quam
1755 785 1875 830 sunt
1920 775 2019 830 ista

440 877 745 932 hominibus
785 887 906 930 nota
953 883 1187 945 peccata.
1217 871 1367 928 Unde
1394 871 1484 924 illo
1517 883 1710 938 magno
1740 867 1892 936 primi
1926 868 2021 922 l.o-

440 971 597 1022 minis
625 976 864 1038 peccato,
895 977 1079 1028 natura
1120 965 1187 1022 ibi
1230 971 1406 1017 nostra
1438 962 1489 1014 in
1518 960 1751 1014 deterius
1781 973 2020 1010 t'OlltllItl-

441 1069 574 1123 tata,
624 1073 727 1112 non
777 1059 948 1113 solum
995 1055 1128 1110 facta
1174 1063 1256 1108 est
1302 1051 1586 1122 peccatrix,
1636 1063 1816 1102 verum
1861 1051 2020 1100 etiam

439 1149 690 1218 generat‘
719 1156 1055 1219 peceatores;
1093 1155 1148 1200 et
1175 1155 1348 1199 tamen
1371 1143 1484 1210 ipse
1510 1141 1732 1208 languor
1757 1151 1860 1206 quo
1887 1138 2022 1190 bene

432 1238 650 1294 vivendi
683 1239 848 1292 virtus
879 1237 1054 1306 periit,
1085 1250 1188 1288 non
1230 1244 1312 1287 est
1349 1232 1529 1301 utique
1571 1241 1776 1292 natura,
1811 1229 1904 1282 sed
1947 1229 2018 1280 vi-

429 1330 569 1382 tium
604 1345 618 1383 :
660 1329 796 1383 sicut
836 1337 983 1384 certe
1013 1325 1148 1378 mala
1181 1324 1232 1377 in
1260 1338 1484 1394 cuipore
1511 1321 1777 1383 valetudo,
1813 1336 1916 1373 non
1943 1327 2024 1374 οπι

441 1421 547 1474 ulla
589 1419 881 1474 substantia
911 1417 992 1470 vel
1022 1427 1229 1480 natura,
1257 1413 1350 1468 sed
1399 1411 1622 1480 tilium;
1665 1421 1719 1466 et
1761 1411 1880 1464 licet
1917 1425 2021 1463 non

437 1523 669 1579 semper,
715 1519 891 1564 tamen
926 1509 1235 1577 plerumque
1265 1504 1416 1558 malae
1458 1501 1789 1558 valetudines
1830 1514 2016 1570 part-n-

443 1613 551 1664 tum
594 1603 971 1671 ingenerantur
1001 1595 1416 1668 quodaunnodo,
1444 1602 1498 1650 ct
1523 1585 1780 1669 apparent
1819 1593 1872 1646 in
1901 1606 2021 1656 cor-

445 1692 658 1746 noribns
689 1691 938 1745 ﬁliorum.

514 1783 602 1838 ‘18.
645 1782 754 1836 lloc
787 1791 962 1836 autem
1007 1787 1300 1849 peccatum,
1344 1775 1487 1846 quod
1533 1774 1706 1848 ipsum
1754 1775 2026 1836 hominem

441 1875 497 1926 in
523 1872 768 1942 paradiso
799 1873 850 1926 in
877 1872 1027 1944 pejus
1058 1869 1298 1936 mutavit,
1324 1868 1444 1938 quia
1477 1868 1642 1921 multo
1671 1875 1750 1921 est
1773 1865 2026 1936 grandius

441 1983 598 2034 quam
646 1965 887 2034 judicare
942 1980 1038 2020 nos
1097 1974 1398 2032 possontns,
1451 1959 1518 2014 ab
1577 1959 1722 2014 eunti
1775 1969 2026 2012 nascente

441 2041 690 2121 trahitur,
728 2069 827 2110 nec
875 2055 971 2107 nisi
1020 2054 1072 2106 in
1125 2061 1436 2107 renascente
1484 2050 1804 2115 remittitur;
1857 2049 1925 2102 ita
1970 2058 2028 2106 ut

442 2133 600 2204 etiam
627 2147 694 2202 de
724 2147 1030 2216 parentibus
1051 2146 1160 2214 jam
1193 2144 1410 2207 renatis,
1441 2142 1492 2196 in
1517 2141 1708 2213 quibus
1745 2141 2025 2197 remissum

443 2249 602 2308 atque
647 2247 841 2295 tectum
890 2248 999 2300 est,
1045 2235 1284 2291 trahatur
1335 2233 1388 2288 in
1436 2242 1640 2288 reatum
1695 2231 2026 2297 nascentium

447 2330 698 2395 ﬁliorum,
727 2330 827 2384 nisi
864 2338 920 2384 et
961 2329 1126 2400 ipsos,
1157 2341 1293 2396 quos
1321 2325 1487 2395 prima
1523 2323 1752 2378 carnalis
1780 2321 2028 2379 uativitas

445 2419 716 2490 obligavit,
749 2417 980 2474 secunda
1010 2414 1298 2487 spiritualis
1337 2413 1600 2468 absolvat.
1633 2409 1796 2480 Cujus
1823 2413 1899 2466 rei
1927 2410 2031 2471 mi-

441 2503 646 2584 rabilis,
688 2509 931 2575 mirabile
972 2505 1194 2566 Creator
1233 2506 1286 2584 in
1343 2504 1481 2561 oliva
1527 2511 1582 2558 et
1622 2501 1854 2558 oleastro
1901 2517 2027 2572 pro-

440 2599 594 2657 duxit
623 2600 944 2668 exemplum,
974 2597 1060 2652 ubi
1104 2612 1209 2660 non
1253 2583 1426 2650 solum
1474 2609 1538 2648 ex
1565 2593 1802 2658 oleastri,
1845 2608 2028 2656 verum

447 2691 606 2745 etiam
645 2704 710 2743 ex
759 2689 914 2742 oliva:
963 2688 1167 2742 semine
1219 2683 1430 2741 nonnisi
1491 2683 1722 2738 oleaster
1771 2683 2026 2738 exoritur.

441 2784 779 2858 Quapropter
803 2779 1044 2850 quamvis
1073 2787 1128 2834 et
1173 2777 1226 2832 in
1275 2775 1580 2831 hominibus
1627 2784 1814 2829 natura
1863 2790 2029 2846 gene-

444 2874 596 2936 ratis,
644 2872 811 2942 gratia
859 2869 1214 2942 regeneratis,
1257 2867 1328 2922 sit
1375 2867 1473 2921 ista
1515 2866 1745 2921 carnalis
1771 2867 2029 2936 concupi-

447 2963 648 3020 scentia
675 2976 976 3033 repugnans
1015 2958 1120 3030 legi
1155 2958 1387 3014 mentis:
1419 2966 1596 3010 tamen
1640 2956 1764 3026 quia
1809 2956 2032 3012 remissa

440 3053 530 3109 ’cs't
555 3052 608 3106 in
637 3051 951 3116 remissione
979 3056 1338 3122 peccatorum,
1371 3062 1475 3099 non
1501 3047 1612 3116 jam
1660 3046 1762 3101 illis
1806 3047 1858 3100 in
1901 3061 2030 3116 pec:

446 3154 626 3206 catum
657 3150 952 3212 reputatur,
971 3155 1070 3195 nec
1099 3147 1256 3194 nocet
1283 3135 1500 3207 aliquid,
1531 3137 1630 3192 nisi
1656 3137 1772 3207 ejus
1802 3138 2033 3194 lllOllbllS

447 3233 517 3297 ad
545 3233 720 3288 illicita
757 3231 1139 3290 consentiatur.
1174 3228 1360 3284 Proles
1385 3241 1514 3282 vero
1537 3241 1745 3292 eorum,
1774 3227 1896 3297 quia
1926 3242 2030 3290 non

453 3329 548 3392 per
589 3323 942 3393 spiritualem,
971 3319 1066 3374 sed
1117 3334 1211 3389 per
1250 3317 1517 3374 carnalem
1547 3316 2030 3386 concupiscentiam

449 3413 760 3477 seminatur,
783 3413 933 3466 velut
958 3427 1023 3466 ex
1051 3411 1138 3473 illa
1181 3408 1318 3480 oliva
1348 3407 1560 3480 quidam
1607 3407 1774 3464 nostri
1821 3409 2034 3478 generis

449 3505 701 3579 oleaster,
728 3502 804 3558 sic
829 3501 952 3556 inde
991 3511 1194 3564 reatum
1222 3498 1492 3567 nascendo
1517 3497 1696 3562 trahit,
1731 3507 1787 3560 ut
1819 3500 1916 3552 nisi
1949 3514 2032 3556 re-

453 3595 721 3653 nascendo
747 3594 960 3658 liberari
999 3593 1066 3648 ab
1091 3593 1180 3658 illa
1207 3600 1358 3664 peste
1395 3603 1500 3646 non
1531 3591 1718 3662 possit.
1755 3591 2034 3661 Quomodo

449 3699 578 3758 ergo
599 3685 831 3740 at‘llrmat
860 3683 960 3740 iste
987 3696 1082 3738 nos
1117 3681 1424 3738 adscribere
1451 3681 1782 3737 sanctitatem
1811 3697 2034 3738 nascen-

451 3777 606 3841 tibus,
643 3786 699 3832 et
743 3775 950 3846 culpam
1001 3772 1406 3844 generantibus;
1447 3785 1568 3828 cum
1619 3772 1794 3842 potius
1840 3773 2035 3828 veritas

452 3875 726 3928 monstret,
765 3865 864 3920 etsi
895 3863 1086 3920 fuerit'
1116 3862 1372 3918 sanctitas
1411 3861 1463 3916 in
1506 3862 1901 3932 generantibus,
1927 3865 2036 3918 ori-

450 3957 678 4026 ginalem
711 3955 918 4024 culpam
947 3954 1122 4009 inesse
1152 3951 1514 4018 nascentibus,
1542 3966 1662 4022 quae
1689 3967 1792 4006 non
1820 3951 2034 4008 abolea-

453 4059 536 4102 tur
563 4047 662 4102 nisi
695 4046 746 4100 in
776 4041 1218 4100 retntseentibns?

519 4134 746 4198 CAPUT
766 4131 1060 4202 XXXV.—-
1074 4132 1166 4188 ὅθ.
1185 4131 1317 4202 Quae
1337 4147 1457 4186 cum
1476 4132 1546 4186 ita
1567 4133 1694 4194 sint,
1713 4131 1780 4187 de
1801 4132 1900 4186 ista
1927 4148 2037 4190 car-

451 4229 534 4296 nis
552 4224 980 4301 concupiscentia
1001 4233 1055 4278 et
1080 4221 1148 4278 de
1173 4219 1390 4278 libidine
1416 4221 1696 4292 imperiosa
1729 4221 2032 4298 impudicis,

451 4316 712 4373 domanda
744 4315 962 4386 pudicis,
1004 4313 1245 4384 pudenda
1273 4319 1452 4368 tamen
1482 4323 1537 4368 et
1565 4312 1766 4384 pudicis
1788 4323 1842 4368 et
1867 4314 2037 4386 impu-

451 4409 608 4476 dicis,
625 4406 822 4466 sentiat
841 4406 941 4460 iste
957 4405 1094 4475 quod
1119 4405 1245 4460 libet
1263 4422 1280 4470 ;
1308 4405 1432 4474 quia
1447 4404 1516 4468 ei,
1541 4405 1680 4460 sicut
1703 4406 1878 4470 video,
1900 4406 2037 4460 tuui-

453 4507 564 4554 tum
608 4497 782 4568 placet
813 4513 827 4549 :
860 4509 966 4556 non
1006 4509 1124 4550 eam
1165 4493 1380 4549 laudare
1420 4504 1720 4556 cunctetur.
1750 4510 1908 4566 quam
1940 4513 2036 4550 no-

451 4589 658 4653 minare
699 4585 1074 4654 confunditur;
1115 4585 1348 4657 appellet
1372 4600 1513 4654 eam,
1551 4587 1689 4642 sicut
1725 4587 2030 4658 appellavit,

451 4680 814 4742 membrorum
834 4678 1092 4750 vigorem,
1122 4692 1222 4736 nec
1251 4686 1518 4735 castarum
1543 4679 1751 4734 aurium
1791 4694 2036 4735 reverea-

452 4784 538 4830 tur
565 4773 878 4836 horrorem;
909 4769 1142 4841 appellet
1179 4768 1543 4825 u‘tembrorum
1585 4771 1898 4840 potentiam,
1937 4786 2036 4827 nec

449 4877 636 4927 caveat
658 4866 1068 4941 impudentiam.‘
1109 4867 1278 4930 Dicat,
1315 4865 1360 4920 si
1402 4879 1505 4920 nou
1538 4863 1822 4934 erubescit,
1851 4863 1901 4916 in
1945 4879 2037 4933 pa-

453 4959 630 5017 radiso
669 4959 714 5017 si
757 4973 916 5014 nemo
963 4965 1254 5028 peccasset,
1301 4957 1441 5010 hunc
1489 4954 1558 5008 ibi
1608 4954 1842 5024 vigorem
1893 4955 2036 5010 velut

451 5053 640 5109 ﬂorem
686 5051 893 5108 virere'
937 5052 1202 5120 petuisse;
1237 5065 1333 5104 nec
1363 5063 1497 5118 opus
1527 5046 1689 5102 fuisse
1732 5056 1787 5100 ut
1831 5056 2037 5117 tegere.

515 5169 532 5201 ¹
569 5165 786 5240 tfonnulli
808 5173 936 5238 Mss,
954 5162 1219 5280 inﬂantur.
1239 5175 1257 5213 :
1274 5169 1328 5222 et
1348 5160 1490 5234 paulo
1513 5167 1638 5226 post,
1655 5157 2037 5232 altius..diabolus

515 5225 630 5280 lixa.
655 5231 888 5280 Habetur.
915 5225 1002 5280 rufi
1083 5260 1096 5280 .
1117 5227 1167 5275 in
1191 5225 1314 5274 libro
1333 5230 1476 5273 etiam
1497 5230 1643 5272 sexto
1663 5231 1834 5280 Oper-ts
1859 5228 2036 5280 lmper:

451 5225 630 5299 inﬁcit.
655 5231 888 5299 uallatur,
915 5225 1096 5291 infuit,
1117 5227 1167 5275 in
1191 5225 1314 5274 libro
1333 5225 1476 5273 etiam
1497 5230 1643 5272 sexto
1663 5225 1834 5294 aperis
1859 5228 2036 5285 lmper:

453 5291 587 5350 lecti,
610 5304 718 5358 cap.
739 5292 788 5341 7.

515 5355 537 5385 ί
563 5359 694 5402 Unus
715 5351 998 5411 ettaticauis
1015 5358 1142 5411 Mss,
1167 5353 1342 5400 rertus.

515 5414 540 5446 ³
569 5407 885 5486 "eadem
912 5403 1163 5486 υαιάςςιρξ
1185 5405 1731 5486 maestamaesta
1759 5403 2033 5486 laesere]

456 5484 568 5548 Am;
578 5481 749 5548 ett-1n,
769 5469 972 5537 legitur,
998 5471 1186 5522 uallata.
1212 5470 1326 5520 \‘ide
1351 5469 1524 5532 librum
1539 5475 1735 5533 sextum
1758 5469 1927 5536 Operis
1949 5473 2034 5530 lttl°

452 5536 674 5606 perfecti.
833 5536 842 5537 ί
972 5594 984 5604 ,

515 5599 538 5628 δ
571 5603 622 5645 tn
645 5595 788 5644 editis
804 5629 820 5654 ,
842 5599 1020 5656 gemat.

516 5659 539 5690 ι
577 5656 877 5690 Δηιίηιιιηιιιις
902 5662 1020 5690 una.

518 5659 539 5690 ⁸
573 5654 877 5717 antiquior-th
901 5662 1026 5712 nas.,
1051 5654 1228 5716 fixerat.

518 5718 541 5748 ι
573 5713 740 5764 vlurcs
763 5721 888 5776 $135.,
908 5711 1082 5776 rigere.
1107 5709 1342 5772 Nonnulli,
1364 5723 1534 5765 mttere.

893 306 979 360 ΒΕ
1017 299 1284 360 NUPTIIS
1323 299 1410 354 ET
1447 293 2047 363 CONCUPISCENTM,
2086 295 2145 354 S.
2185 293 2553 352 AUGUSTINI
2592 293 2792 350 LIBER
2832 295 3208 367 SECUNDUS.

3600 303 3716 358 473

2129 421 2234 479 tur,
2263 410 2404 484 quod
2449 413 2518 467 ita
2567 427 2887 481 moveretur,
2921 425 2979 470 ut
3023 415 3146 472 inde
3172 430 3328 472 nemo
3355 415 3714 476 confundere-

2127 511 2242 570 tur;
2295 503 2390 560 sed
2439 515 2619 573 parata
2660 505 2885 576 conjuge
2927 521 3140 576 semper
3183 517 3538 574 exerceretur,
3573 525 3715 562 nun-

2125 608 2284 664 quam
2332 595 2732 665 reprimeretur,
2784 612 2850 650 ne
2899 596 3184 664 aliquando
3241 597 3510 668 voluptas'
3563 610 3713 654 tanta

2127 695 2286 740 tantze
2329 679 2564 742 felicitati
2611 700 2912 758 negaretur.
2952 689 3102 743 Absit
3143 687 3284 742 enim
3325 700 3384 743 ut
3411 689 3493 743 illa
3541 690 3713 744 beati-

2129 776 2256 830 tudo
2288 787 2466 847 posset
2494 786 2584 830 aut
2615 777 2664 831 in
2698 780 2816 831 loco
2857 777 2948 830 illo
2976 793 3078 831 non
3112 776 3311 833 habere
3343 779 3482 848 quod
3525 781 3708 842 vellet,

2127 877 2218 920 aut
2249 867 2299 920 in
2327 882 2423 922 suo
2449 882 2674 936 corpore
2698 869 2776 922 vel
2804 869 2982 922 animo
3023 867 3222 923 sentire
3248 869 3388 937 quod
3418 869 3583 924 nollet
3607 885 3621 921 :
3649 885 3715 924 ac

2129 973 2222 1028 per
2249 957 2350 1012 hoc
2373 957 2416 1012 si
2447 967 2623 1012 motus
2653 956 2890 1012 libidinis
2912 958 3233 1013 voluntatem
3273 957 3544 1012 hominum
3575 973 3713 1029 pne-

2128 1051 2364 1112 veniret.
2412 1050 2657 1104 voluntas
2699 1049 2954 1105 continuo
2998 1059 3344 1119 sequeretur;
3393 1055 3545 1116 uxor,
3590 1065 3718 1121 quae

2129 1151 2345 1210 propter
2373 1141 2473 1197 hoc
2503 1156 2770 1211 nunquam
2797 1142 2992 1196 absens
3015 1157 3136 1196 esse
3159 1141 3406 1206 debebat.
3437 1142 3550 1198 sive
3577 1157 3717 1197 con—

2127 1233 2401 1301 ceptura’,
2434 1233 2546 1286 sive
2589 1231 2699 1302 jam
2729 1231 2966 1300 gravida,
2994 1227 3160 1286 illico
3204 1232 3606 1298 admoveretur;
3657 1244 3720 1288 et

2127 1334 2218 1378 aut
2260 1323 2438 1394 proles
2491 1323 2868 1388 seminaretur,
2914 1331 3005 1376 aut
3053 1324 3296 1394 voluptas
3351 1324 3610 1380 naturalis
3657 1337 3718 1380 et

2127 1413 2406 1471 laudabilis
2451 1414 2785 1483 expleretur;
2814 1424 2868 1468 et
2911 1419 3107 1484 periret
3135 1429 3315 1470 scinen
3363 1415 3613 1482 hominis,
3645 1433 3720 1473 ne

2127 1505 2393 1576 appetitus
2415 1513 2520 1558 tam
2548 1505 2701 1558 home
2721 1506 3165 1574 concupiscenti:c
3196 1506 3564 1564 fraudaretur:
3597 1515 3720 1562 tan-

2130 1606 2240 1656 tum
2267 1609 2370 1650 non
2409 1609 2469 1648 se
2505 1603 2883 1648 converterent
2909 1582 3162 1664 conjuges
3188 1595 3240 1650 in
3263 1611 3383 1670 eum
3411 1612 3584 1663 usum,
3621 1597 3718 1666 qui

2129 1693 2214 1745 est
2239 1695 2424 1741 eontra
2455 1693 2718 1751 naturam,
2752 1685 2844 1739 sed
2883 1686 3092 1755 quoties
3116 1685 3425 1752 delectaret,
3455 1687 3716 1742 membris

2125 1777 2194 1830 ad
2222 1775 2322 1829 hoc
2351 1775 2544 1830 creatis
2571 1785 2624 1838 et
2653 1775 2973 1847 genitalibus
3002 1787 3300 1832 uterentur.
3329 1777 3713 1834 Verumtamen

2130 1868 2254 1937 quid
2286 1868 2330 1922 si
2358 1878 2411 1922 et
2449 1867 2538 1923 ille
2569 1882 2696 1922 usus
2719 1877 2904 1922 contra
2946 1880 3188 1922 naturam
3227 1855 3444 1924 forsitan
3475 1869 3712 1928 delecta-

2132 1967 2230 2023 ret,
2255 1958 2378 2028 quid
2401 1958 2444 2013 si
2465 1967 2520 2014 et
2550 1957 2600 2011 in
2629 1957 2767 2012 bane
2794 1957 3118 2028 voluptatem
3145 1957 3420 2014 laudabilis
3443 1961 3525 2014 illa
3548 1961 3717 2016 libido

2129 2048 2472 2104 adhinniret?
2508 2058 2682 2102 utrum
2712 2058 3060 2118 sequerentur
3089 2065 3228 2112 eam,
3259 2050 3506 2120 quoniam
3537 2053 3720 2106 suavis

2131 2151 2312 2207 esset;
2357 2157 2424 2197 au
2471 2149 2862 2212 repugnarent,
2915 2143 3166 2212 quoniam
3221 2142 3388 2212 turpis
3435 2143 3625 2214 eSscti
3653 2142 3724 2202 Si

2131 2246 2502 2304 sequerentur,
2530 2234 2615 2286 ubi
2669 2243 2752 2288 est
2801 2233 3050 2302 cegitatio
3101 2235 3503 2307 qualiscumque
3545 2235 3721 2290 bone-

2131 2325 2323 2380 statis?
2361 2324 2416 2378 Si
2448 2332 2822 2394 repugnarent,
2849 2324 2938 2380 ttbi
2967 2334 3050 2379 est
3093 2313 3192 2402 pax
3222 2334 3384 2380 tanta:
3415 2327 3722 2382 felicitatis!

2135 2414 2232 2483 llic
2261 2414 2304 2468 si
2343 2411 2480 2468 forte
2503 2414 2795 2480 erubuerit,
2827 2423 2881 2470 et
2908 2413 3104 2470 dixerit
3130 2425 3330 2470 tantam
3369 2433 3551 2487 pacem
3597 2417 3726 2478 felie

2129 2506 2310 2560 citatis
2355 2505 2518 2570 illius,
2551 2514 2861 2577 tantumque
2905 2506 3146 2565 ordinem
3182 2506 3234 2562 in
3275 2505 3360 2562 bis
3404 2504 3560 2562 rebus
3596 2523 3725 2564 esse

2135 2596 2395 2672 potuisse,
2419 2598 2484 2649 'ut
2524 2613 2794 2668 nunquam
2837 2595 3015 2651 carnis
3056 2597 3483 2668 concupiscentia
3529 2597 3727 2652 volun-

2132 2696 2296 2744 tatem
2346 2687 2557 2743 illornm
2607 2689 2880 2743 [nominum
2929 2689 3281 2760 prmveniret;
3329 2688 3422 2744 sed
3449 2705 3568 2744 cum
3615 2689 3725 2760 ipsi

2135 2777 2352 2844 vellent,
2391 2788 2516 2834 tunc
2555 2779 2644 2836 illa
2687 2788 3075 2850 consurgeret:
3109 2787 3233 2834 tunc
3276 2788 3453 2834 autem
3496 2778 3721 2851 vellent,

2135 2869 2352 2940 quando
2393 2869 2460 2924 ad
2486 2868 2830 2924 seminandus
2858 2868 2994 2925 lilios
3030 2883 3166 2940 opus
3203 2879 3380 2933 esset;
3410 2869 3478 2923 ita
3511 2878 3568 2922 ut
3592 2869 3722 2924 nul-

2135 2961 2217 3018 lus
2236 2960 2451 3031 seminis
2477 2969 2618 3016 esset
2652 2961 2831 3016 irritus
2849 2960 3044 3030 jactus,
3069 2957 3246 3014 nullus
3273 2960 3424 3016 licret
3451 2959 3716 3014 concubi-

2139 3037 2222 3106 tus
2247 3067 2406 3124 quem
2434 3065 2538 3106 non
2565 3059 2882 3123 sequeretur
2904 3061 3194 3121 conceptus
3219 3059 3274 3104 et
3299 3059 3502 3120 partus,
3525 3049 3723 3106 adnuo

2137 3153 2246 3198 tum
2264 3142 2530 3198 serviente
2554 3158 2736 3208 carne,
2755 3142 2820 3198 ad
2843 3152 3025 3198 nutum
3051 3141 3315 3201 serviente
3336 3141 3584 3196 libidine:
3611 3143 3718 3198 hoc

2135 3236 2182 3294 si
2211 3235 2360 3302 dicit,
2405 3237 2592 3292 saltem
2623 3233 2928 3302 consideret
2974 3248 3115 3288 nunc
3159 3234 3215 3291 in
3262 3232 3562 3287 hominibus
3613 3249 3729 3300 non

2137 3340 2255 3380 esse
2276 3325 2416 3398 quod
2445 3325 2592 3381 dicit.
2625 3325 2690 3380 Et
2719 3325 2763 3378 si
2795 3340 2900 3380 non
2923 3324 3032 3378 vult
3058 3323 3350 3380 concedere
3376 3323 3560 3379 vitium
3599 3339 3728 3392 esse

2136 3415 2448 3472 libidinem:
2477 3414 2619 3471 dicat
2643 3415 2832 3470 saltem
2863 3429 2959 3484 per
2987 3415 3197 3469 illorum
3226 3413 3497 3468 hominum
3534 3414 3728 3473 inubce

2137 3505 2388 3560 dientiam
2425 3505 2585 3562 etiam
2617 3505 2784 3574 ipsam
2815 3503 3050 3559 vitiatam
3088 3518 3208 3560 esse
3248 3503 3423 3560 carnis
3463 3506 3727 3575 concupi-

2137 3597 2425 3662 scentiam;
2473 3607 2530 3652 ut
2569 3597 2656 3652 illa
2682 3613 2800 3668 qua:
2841 3595 3150 3652 obedienter
3177 3607 3230 3657 et
3259 3595 3501 3651 ordinate
3539 3611 3729 3651 move-

2139 3701 2305 3756 retur,
2347 3704 2489 3747 nunc
2529 3689 2897 3747 inobcdienter
2949 3687 3356 3760 inordinateque
3401 3699 3723 3744 moveatur:

2140 3782 2211 3837 ita
2251 3791 2308 3838 ut
2333 3783 2462 3856 ipsis
2489 3796 2702 3854 quoque
2741 3779 2948 3854 pudicis
2987 3779 3054 3836 ad
3085 3790 3270 3836 nutum
3303 3795 3406 3835 non
3446 3779 3730 3852 obtempe-

2139 3882 2222 3928 ret
2268 3871 2586 3943 conjugatis,
2629 3871 2724 3928 sed
2773 3879 2830 3928 et
2869 3871 3084 3943 quando
3133 3887 3240 3927 non
3285 3880 3368 3928 est
3419 3875 3728 3934 necessaria

2141 3973 2436 4026 moveatur,
2469 3973 2523 4027 et
2567 3962 2780 4034 quando
2827 3963 3125 4019 necessaria
3171 3971 3274 4032 est,
3317 3962 3606 4033 aliquando
3647 3966 3728 4018 ci-

2141 4056 2264 4121 tius,
2297 4054 2580 4124 aliquando
2609 4053 2831 4115 tardius,
2867 4053 3008 4107 non’
3045 4068 3230 4108 eorum
3261 4066 3512 4123 sequatur
3537 4063 3724 4124 nutus,

2138 4146 2234 4200 sed
2299 4161 2426 4200 suos
2488 4155 2699 4200 exserat
2751 4153 2946 4199 tnotus.
2997 4143 3145 4200 llanc
3191 4159 3319 4215 ergo
3367 4143 3483 4214 ejus
3540 4144 3728 4198 inobc-

2139 4237 2391 4292 dientiam
2431 4235 2795 4303 inobcdieutcs
2829 4235 2900 4288 illi
2932 4242 3055 4292 tunc
3097 4233 3340 4288 homines
3383 4241 3722 4302 receperunt,

2139 4336 2190 4382 et
2233 4327 2284 4380 in
2330 4341 2428 4380 nos
2463 4323 2751 4396 propagine
2794 4322 3210 4378 trans-fuderunt.
3253 4323 3434 4395 Neqte
3475 4325 3618 4378 enim
3657 4325 3724 4380 ad

2139 4432 2324 4472 eorum
2386 4425 2603 4482 nutum,
2653 4416 2746 4471 sed
2805 4415 2985 4485 utique
3037 4414 3337 4470 inordinate
3388 4415 3722 4486 movebatur,

2139 4507 2352 4579 quando
2397 4507 2634 4562 membra
2672 4498 2816 4576 prius
2844 4504 3138 4577 glorianda,
3169 4513 3293 4560 tunc
3324 4505 3432 4576 jam
3479 4505 3724 4576 pudenda

2140 4606 2409 4671 texerunt.

2209 4691 2299 4752 60.
2341 4689 2468 4757 Sed,
2498 4699 2557 4748 ut
2574 4689 2709 4758 dixi,
2737 4689 2932 4744 sentiat
2969 4687 3038 4743 de
3067 4687 3169 4744 ista
3209 4687 3428 4742 libidine
3455 4687 3554 4743 iste
3583 4686 3725 4756 quod

2139 4782 2292 4850 libet,
2325 4781 2576 4854 praedicet
2603 4788 2661 4841 ut
2702 4779 2850 4845 libet,
2879 4778 3062 4834 laudet
3095 4787 3350 4848 quantum
3390 4777 3520 4833 libet
3559 4777 3724 4848 (sicut

2138 4873 2280 4928 enim
2323 4872 2508 4928 multis
2542 4871 2672 4928 locis
2701 4869 2982 4943 signiﬁcat,
3011 4869 3234 4924 multum
3283 4867 3465 4941 libet),
3511 4879 3566 4924 ut
3611 4868 3726 4940 ejus

2138 4963 2184 5021 si
2234 4979 2336 5016 non
2381 4961 2595 5029 usibus,
2625 4961 2813 5016 saltem
2846 4959 3092 5016 laudibus
3135 4959 3404 5032 Pelagiani
3448 4959 3724 5015 oblecten-

2141 5061 2244 5118 tur,
2273 5052 2594 5124 quicumque
2619 5065 2803 5108 eorum
2847 5051 3127 5123 proposito
3152 5050 3494 5107 continentia:
3525 5050 3724 5107 carnali

2138 5145 2386 5218 conjugio
2415 5160 2520 5203 non
2547 5141 2824 5206 fruuntur‘
2859 5161 2871 5196 :
2915 5153 3122 5213 tantum
3164 5143 3398 5214 parvulis
3437 5155 3640 5215 parcat,
3671 5155 3724 5199 ut

2139 5255 2245 5293 non
2293 5251 2388 5293 eos
2431 5236 2609 5292 laudet
2668 5225 2947 5304 inutiliter,
2994 5235 3350 5308 defendatquc
3401 5236 3722 5302 crudeliter;

2139 5329 2316 5394 salvos
2342 5345 2461 5391 esse
2488 5345 2592 5384 non
2613 5327 2786 5406 dicat,
2819 5343 2924 5383 non
2951 5325 3017 5382 ad
3059 5327 3388 5385 laudatorem
3432 5327 3720 5400 Pelagium,

2203 5467 2220 5498 ι
2255 5465 2328 5515 sic
2343 5461 2528 5526 aliquot
2549 5469 2656 5512 uss.
2683 5471 2738 5513 Αι
2759 5463 2906 5526 eum,
2921 5461 3152 5512 uoluntas.

2203 5528 2226 5558 ³
2257 5525 2372 5591 sunt
2387 5559 2404 5591 ι
2426 5517 2642 5586 uxorque
2668 5532 2862 5591 propter
2883 5517 2978 5591 hoc
2997 5535 3241 5591 nunquam
3260 5522 3436 5591 absens
3447 5533 3550 5572 esse
3571 5517 3716 5571 debo-

2142 5586 2239 5648 bgt.
2255 5587 2340 5638 sed
2355 5585 2454 5638 sive
2473 5584 2778 5644 concentum.
2797 5585 3097 5648 castigantur
3119 5584 3178 5648 ad
3203 5585 3566 5646 mima-

2185 5643 2234 5681 ’³⁷
2256 5656 2432 5697 Omnes
2447 5661 2596 5710 prepe
2619 5643 3026 5708 ntanuwipti'ltic
3048 5647 3297 5710 omittunt,
3319 5657 3429 5696 tum.

2205 5711 2226 5744 ⁵
2259 5716 2306 5775 In
2334 5706 2459 5772 atas,
2484 5706 2626 5777 crint:
2649 5706 2900 5784 (QNleth
2919 5719 3011 5776 non
3030 5706 3275 5780 [ruma-tr.
