4034 6182
338 321 440 378 473

337 433 428 488 sed
468 433 534 487 ad
567 433 882 486 salvatorem
921 431 1192 488 Christum
1232 432 1414 488 venire
1456 432 1750 501 permittat.
1795 430 1926 482 Nam

341 537 393 580 ut
418 527 526 593 jam
560 525 696 580 liber
735 525 836 579 iste
865 524 1162 588 claudatur,
1191 525 1442 593 quoniam
1481 524 1552 578 ita
1579 539 1758 577 sermo
1789 523 1928 576 illius

341 616 652 670 terminatus
673 623 777 677 est,
810 615 898 684 qui
934 615 984 668 in
1008 615 1246 670 chartula
1277 631 1433 684 quam
1458 614 1668 678 misisti,
1701 615 1930 684 scriptus

338 716 437 768 cst,
465 714 522 758 ut
549 705 786 769 diceret,
826 703 949 757 Vere
973 706 1161 758 credito
1183 705 1300 771 quia
1329 721 1416 774 per
1441 703 1616 758 Iesum
1648 705 1784 774 facta
1811 713 1928 756 sunt

337 795 528 860 onuiia,
551 805 602 848 et
631 795 744 846 sine
767 793 877 862 ipso
907 797 1100 864 factum
1140 805 1212 850 cst
1251 795 1379 850 nihil
1397 809 1417 860 ;
1455 794 1716 850 concedat
1745 793 1926 848 Jesum

337 885 498 938 etiam
525 883 758 952 parvulis
775 897 896 937 esse
919 881 1104 942 Jcsum
1125 903 1138 938 :
1163 893 1216 940 et
1245 893 1300 939 ut
1327 899 1420 952 per
1441 899 1562 938 eum
1589 881 1726 937 facta
1748 886 1926 938 omnia

1325 313 1696 370 ADMONlTIO
1739 315 1802 370 IN
1840 313 2380 381 SUBSEQUENTES
2417 315 2686 372 LIBROS.

3511 322 3622 376 ιτι

2031 430 2290 499 scriptum
2329 440 2414 486 est
2453 432 2505 485 in
2555 430 2866 502 Evangelia,
2901 430 2968 484 Et
3014 435 3258 488 vocabunt
3284 451 3464 488 nomen
3509 445 3620 503 ejus

2031 519 2244 583 luam;
2275 523 2382 589 ipse
2417 521 2548 573 enim
2577 521 2771 574 atticum
2815 522 2964 590 faciet
3006 524 3249 592 populum
3275 541 3421 578 suum
3447 541 3478 576 α
3503 541 3619 592 pec-

2033 623 2160 666 cans
2184 628 2356 666 eorum
2385 611 2598 683 (Matth.
2629 627 2667 678 t,
2690 610 2806 684 21).
2843 611 2964 667 Ideo
2991 628 3118 687 ergo
3142 613 3345 678 Jesum,
3371 629 3626 684 quamam.

2031 700 2186 755 Jesus
2213 701 2378 754 latine
2402 699 2648 755 Salvator
2677 709 2776 754 cst.
2810 699 2835 752 1
2845 717 2931 768 pse
2959 701 3090 755 enim
3117 703 3310 756 salvum
3335 703 3486 774 faciti
3523 719 3624 774 po-

2034 794 2209 862 pulum
2255 810 2424 870 suum,
2467 793 2518 846 in
2559 807 2664 861 quo
2711 791 2906 862 populo
2943 801 3068 846 sunt
3105 794 3284 863 utique
3314 801 3368 848 et
3397 796 3620 861 parvuli.

2034 883 2244 938 Salvum
2278 897 2456 938 autem
2502 883 2650 955 faciet
2680 901 2712 935 α
2739 884 2956 954 peccatis
2995 899 3165 937 eorum
3194 899 3213 937 :
3261 893 3384 938 sunt
3412 897 3538 952 ergo
3566 893 3622 939 et

339 976 538 1030 tutetur
583 991 680 1044 per
735 975 784 1028 id
832 975 972 1044 quod
1025 984 1108 1028 est
1149 975 1381 1029 Verbum
1433 975 1606 1040 Deus;
1653 975 1722 1028 ita
1769 975 1926 1028 etiam

341 1067 590 1138 parvulos
615 1068 766 1121 abeo
783 1067 958 1120 salvos
991 1067 1102 1120 ﬂeri
1135 1066 1356 1120 fateatur
1379 1082 1472 1136 per
1499 1066 1552 1120 id
1567 1066 1706 1136 quod
1734 1075 1816 1120 est
1835 1065 1928 1119 Je-

339 1171 462 1222 sus,
515 1157 558 1209 si
605 1157 716 1210 vult
759 1156 1051 1210 catholicas
1096 1171 1216 1210 esse
1262 1155 1612 1210 Christianus.
1657 1155 1748 1210 Sic
1781 1157 1928 1210 enim
2021 1173 2028 1178 '

1461 1251 2482 1476 isseme

827 1531 916 1590 IN
981 1531 1580 1608 SUBSEQUENTES
1621 1536 1906 1598 LIBROS
1946 1537 2052 1598 DE
2099 1532 2360 1594 ANIMA
2407 1531 2512 1592 ΕΤ
2559 1529 2744 1592 EJUS
2789 1528 3144 1590 ORIGINE.

1736 1657 2239 1735 mam

413 1775 508 1832 llis
543 1785 772 1845 quatuor
815 1775 962 1830 libris
1001 1777 1275 1830 materiam
1317 1777 1735 1832 subministravit
1771 1778 2081 1832 Vincentius
2125 1776 2337 1842 Victor,
2366 1775 2577 1844 juvenis
2618 1774 2674 1830 in
2713 1773 3025 1828 Mauritania
3067 1771 3392 1828 Ca-sareensi
3431 1779 3590 1823 natus
3614 1809 3628 1834 ,

341 1877 396 1921 et
421 1881 484 1921 ex
515 1865 908 1934 liogatistarum
935 1865 1164 1920 factione
1191 1865 1334 1936 (quae
1365 1867 1763 1924 Donatistarum
1787 1870 2020 1925 scissura
2047 1877 2181 1927 erat,
2212 1877 2416 1936 partem
2447 1865 2730 1937 quamdam
2764 1865 3090 1918 Mauritania:
3114 1864 3256 1917 circa
3283 1861 3468 1916 urbem
3497 1861 3629 1915 Car-

347 1967 560 2010 tennam
591 1954 876 2024 occupans)
899 1956 964 2008 ad
992 1955 1310 2012 catholicam
1335 1957 1627 2014 Ecclesium
1649 1974 1976 2016 conversus:
2005 1975 2162 2030 quem
2185 1959 2454 2014 Victorem
2487 1955 2746 2020 ferebant,
2782 1953 3038 2009 Vincentii
3061 1955 3222 2021 illius,
3253 1953 3342 2022 qui
3375 1961 3490 2021 post
3519 1951 3631 2004 Ro-

344 2057 520 2118 gatum
549 2047 760 2100 factioni
791 2045 1310 2118 eidem-pra-fuerat,
1344 2064 1588 2120 magnam
1629 2051 2076 2104 existimationem
2123 2051 2380 2104 hactenus
2415 2049 2592 2102 animo
2624 2057 2808 2102 tenere
2829 2088 2842 2110 ,
2873 2056 2930 2100 ut
2967 2062 3083 2100 eam
3113 2046 3181 2098 ob
3209 2059 3420 2098 causam
3467 2041 3634 2112 ipsius

347 2153 562 2202 nomen,
595 2154 748 2192 suum
783 2139 1004 2192 voluerit
1037 2154 1158 2194 esse
1189 2154 1484 2210 Cognomcn
1518 2139 1612 2212 (α).
1642 2141 1738 2200 Hic
1763 2142 1920 2210 igitur
1955 2141 2132 2196 Victor
2155 2157 2274 2194 cum
2307 2141 2358 2194 in
2389 2139 2671 2210 quamdam
2703 2139 2982 2208 Augustini
3030 2137 3371 2207 seriptionem
3414 2134 3634 2187 incidis-

346 2237 448 2294 set,
473 2245 576 2298 qua
607 2229 694 2306 ille
720 2244 778 2280 se
802 2229 1016 2298 quidem
1047 2229 1291 2298 igitur-are
1313 2230 1594 2294 fatebatur,
1625 2246 1694 2284 an
1721 2245 1908 2288 omnes
1933 2231 2122 2288 anima:
2149 2247 2214 2284 ex
2237 2245 2340 2285 una
2363 2229 2550 2286 Adami
2575 2229 2750 2282 anima
2777 2237 3154 2300 propagentur,
3185 2243 3250 2281 au
3273 2227 3496 2294 singulis
3517 2225 3634 2293 qui-

347 2323 550 2392 busque
582 2319 886 2374 hominibus
916 2321 1135 2389 singula:
1165 2339 1194 2374 ιι
1227 2322 1358 2382 Deo,
1389 2322 1526 2376 sicut
1551 2322 1652 2390 ipsi
1693 2322 1918 2386 Adamn,
1943 2322 2058 2376 sine
2089 2323 2470 2390 propagatione
2494 2320 2716 2382 dentur;
2747 2319 2838 2372 St'd
2871 2329 3046 2371 tamen
3075 2319 3216 2372 scire
3255 2317 3487 2379 dicebat,
3518 2315 3634 2368 ani-

347 2429 490 2468 mant
521 2423 707 2468 natura
738 2412 980 2480 spiritum
1011 2427 1150 2476 esse,
1183 2428 1286 2466 non
1318 2427 1512 2482 corpus
1537 2429 1550 2466 :
1583 2421 1866 2482 utrumque
1893 2411 2162 2480 diSplieuit
2191 2427 2256 2465 ex
2287 2427 2440 2478 a'qun
2473 2409 2695 2472 Victori,
2725 2419 2780 2462 et
2819 2408 2962 2476 quod
2989 2407 3308 2476 Augustinus
3347 2406 3420 2457 vir
3451 2411 3630 2456 tantus

345 2507 416 2563 de
436 2509 628 2560 animae
655 2506 858 2575 origine
883 2503 1008 2576 quid
1037 2505 1322 2562 tenendum
1351 2504 1420 2560 sit
1450 2521 1556 2560 non
1583 2505 1700 2560 sine
1724 2505 2062 2560 cunctatione
2097 2503 2336 2565 doceret,
2371 2501 2666 2571 praesertim
2701 2500 3136 2571 propagationcm
3165 2497 3462 2550 animarum
3494 2495 3632 2548 veri-

346 2599 576 2653 similem
607 2613 724 2654 essc
755 2598 976 2662 ducens,
1000 2605 1054 2652 et
1081 2597 1222 2666 quod
1250 2597 1442 2650 animm
1465 2605 1710 2650 naturam
1729 2606 2101 2654 asseveranter
2123 2595 2486 2662 prommtiaret
2513 2594 2904 2660 incorporeum.
2937 2591 3074 2657 Ergo
3099 2588 3354 2642 adversus
3385 2587 3637 2654 Augusti-

350 2707 476 2745 num
503 2691 600 2743 Iiac
629 2688 695 2746 de
727 2705 784 2742 re
815 2687 1146 2755 conscriptos
1169 2688 1302 2744 duos
1323 2688 1485 2742 libros
1515 2687 1674 2742 Petro
1701 2687 1937 2756 Hispano
1963 2686 2276 2756 presbytero
2313 2683 2666 2751 nuncupavit,
2696 2682 2886 2751 placita
2909 2679 3284 2734 tia-reticerem
3320 2676 3634 2743 Pelagiano-

349 2799 468 2854 rum
491 2781 764 2846 nonnulla,
793 2790 848 2834 et
873 2781 972 2834 alia
1005 2781 1068 2834 iis
1097 2780 1274 2854 pejora
1302 2781 1656 2834 continentes.

423 2875 658 2930 chatus
701 2871 992 2926 monachus
1013 2913 1030 2936 ,
1053 2871 1142 2940 qui
1183 2869 1441 2926 Caesarea:
1483 2879 1608 2924 tunc
1634 2878 1768 2932 erat,
1797 2869 1938 2922 idetn
1985 2867 2094 2928 ille,
2125 2876 2179 2918 ut
2219 2864 2446 2930 videtur,
2473 2863 2564 2931 qui
2603 2861 2899 2930 Augustino
2927 2859 2979 2912 in
3007 2857 3190 2912 eadem
3223 2854 3354 2910 urbe
3382 2863 3638 2907 autumno

353 2968 474 3022 anni
503 2967 606 3020 418
635 2957 902 3026 existeuti,
937 2961 1110 3032 Optati
1144 2962 1380 3030 episcopi
1408 2961 1474 3014 de
1503 2960 1694 3014 anima:
1732 2960 1936 3028 origine
1967 2957 2298 3012 consulentis
2335 2955 2614 3025 epistolam
2641 2953 2955 3008 exhibuerat
2981 2950 3054 3020 (ὁ)
3081 2966 3094 3002 :
3127 2949 3212 3002 hic
3249 2947 3424 3016 itaque
3451 2959 3516 2997 ex
3545 2959 3638 2998 or-

350 3055 476 3110 dine
519 3053 730 3122 quidem
765 3053 1041 3117 laicorum,
1076 3051 1170 3106 sed
1217 3051 1319 3106 fide
1346 3051 1630 3105 admodum
1676 3050 1970 3102 orthodoxa
1994 3090 2008 3114 ,
2039 3047 2336 3116 descriptos
2365 3046 2652 3114 diligenter
2679 3043 2895 3098 eosdem
2945 3041 3106 3094 libros
3137 3033 3364 3092 Victoris
3397 3033 3639 3089 Caesarea

355 3147 648 3216 Hipponem
679 3146 965 3200 transmisit
995 3143 1174 3198 avstiva
1206 3153 1521 3218 tempestate
1547 3160 1560 3196 :
1591 3158 1724 3212 quos
1769 3153 1942 3196 tamen
1985 3150 2214 3197 exeunte
2257 3149 2458 3194 tantum
2495 3147 2752 3192 autumno
2789 3137 2994 3204 accepit
3023 3133 3349 3204 Augustinus
3371 3174 3385 3197 ,
3414 3147 3554 3184 anno
3581 3138 3642 3186 ut

357 3247 538 3308 putant
570 3237 694 3296 4l9.
733 3237 846 3290 Mox
879 3245 930 3288 ut
963 3235 1077 3288 illos
1109 3235 1234 3304 legit
1261 3244 1474 3290 sanctus
1519 3235 1734 3299 Doctor,
1785 3235 2012 3304 primum
2055 3249 2120 3289 ex
2161 3243 2388 3302 quatuor
2421 3231 2870 3300 subsequentibus
2901 3231 3050 3284 libris
3087 3229 3202 3288 sine
3242 3227 3344 3282 ulla
3388 3225 3642 3280 dilatione

354 3325 674 3394 conscripsit
704 3325 767 3377 ad
797 3324 1058 3382 [tentatum
1087 3325 1408 3382 monachum
1435 3341 1446 3375 :
1478 3325 1768 3378 secundum
1801 3323 2014 3389 deinde,
2043 3324 2282 3392 epistola:
2309 3323 2476 3376 forma
2495 3363 2509 3388 ,
2540 3323 2605 3376 ad
2637 3323 2847 3376 l‘etrum
2895 3321 3262 3393 presbyterum
3302 3336 3316 3372 :
3353 3319 3490 3372 duos
3513 3331 3643 3371 vero

357 3427 654 3484 po>lr0ltt05
683 3414 748 3468 ad
776 3415 946 3484 ipsum
975 3414 1262 3480 Victorem,
1291 3415 1384 3470 sed
1412 3416 1680 3484 aliquanto
1711 3425 1826 3484 post
1853 3424 2112 3484 tempore,
2146 3425 2200 3468 ut
2223 3431 2288 3470 ex
2321 3415 2424 3470 illis
2451 3415 2762 3488 intelligitur
2797 3415 2976 3468 verbis
3005 3413 3124 3468 libri
3152 3412 3208 3478 2,
3242 3428 3297 3466 ιι.
3327 3413 3380 3473 7,
3433 3409 3494 3465 Si
3544 3425 3641 3460 au-

357 3517 452 3574 tem
485 3504 732 3559 Dominus
777 3505 1008 3568 voluerit,
1041 3514 1094 3558 ut
1129 3505 1196 3558 ad
1220 3505 1364 3558 illum
1391 3506 1557 3573 ipsum
1577 3507 1812 3572 jureuem
1847 3504 2083 3570 scribam,
2115 3507 2245 3559 sicut
2273 3505 2521 3559 desidero.
2571 3505 2624 3558 In
2665 3491 3148 3560 lietractationibus
3199 3505 3315 3557 haec
3363 3498 3642 3570 Augustini

357 3597 656 3652 lucubratio
681 3597 926 3668 proxime
949 3599 1048 3652 sub
1073 3598 1342 3670 opusculis
1369 3599 1494 3664 anni
1539 3599 1645 3656 “9
1675 3605 2002 3664 recensetur,
2041 3598 2228 3667 quinto
2272 3597 2522 3652 videlicet
2562 3597 2680 3650 loco
2717 3605 2836 3666 post
2878 3595 3037 3650 Gesta
3065 3611 3186 3649 cum
3218 3593 3456 3648 Emerita
3476 3633 3492 3656 ,
3519 3606 3640 3659 qua:

361 3687 500 3760 apud
529 3685 829 3754 Czesaream
856 3703 997 3756 anno
1020 3689 1145 3756 418,
1175 3704 1362 3756 mense
1389 3689 1682 3758 septembri
1707 3687 1951 3746 cOnfecta
1973 3697 2098 3744 sunt
2127 3706 2140 3740 :
2175 3689 2406 3756 pertinet
2431 3689 2606 3758 itaque
2627 3687 2692 3742 ad
2724 3687 2883 3741 finem
2915 3687 3041 3741 nni
3062 3686 3188 3750 H9,
3219 3701 3313 3740 seu
3339 3685 3404 3738 ad
3433 3683 3640 3738 initium

355 3778 484 3850 ιιι),
507 3779 704 3850 scripta
732 3790 849 3850 post
873 3779 1188 3851 Pelagianos
1216 3781 1564 3836 conciliorum
1590 3781 1972 3840 catholicorum
1998 3793 2054 3838 et
2087 3783 2240 3840 Sedis
2269 3783 2592 3854 Apostolica:
2617 3783 2930 3837 auctoritate
2949 3782 3059 3852 jam
3091 3781 3305 3851 quidem
3337 3781 3639 3844 damnatos,

359 3871 450 3926 sed
480 3873 793 3941 nuperrime
819 3875 891 3946 (ε)
927 3893 940 3929 :
973 3875 1112 3946 quod
1139 3891 1281 3932 anno
1311 3875 1508 3930 ChriSti
1531 3877 1636 3932 418
1663 3875 1892 3934 feliciter
1919 3880 2232 3950 contigerat.
3293 3875 3302 3882 ’

431 3963 484 4016 In
512 3965 686 4034 primo
715 3965 850 4018 libro
877 3965 942 4019 ad
971 3965 1233 4022 Renatum
1261 3968 1482 4036 scripto,
1513 3968 1846 4026 demonstrat
1871 3985 2020 4024 suam
2047 3971 2116 4026 de
2141 3973 2332 4025 animae
2373 3981 2556 4026 natura
2587 3973 2904 4027 sententiam
2931 4015 2946 4038 ,
2975 3981 3028 4026 et
3063 3971 3129 4024 de
3173 3967 3409 4038 ejusdem
3437 3965 3642 4036 origine

359 4057 748 4110 cunctationem
779 4056 968 4128 injuria
1001 4058 1316 4127 reprehendi
1348 4073 1378 4112 a
1413 4058 1643 4116 Victore.
1675 4060 1972 4116 Juvenilem
2007 4073 2223 4119 coercet
2253 4064 2483 4119 hominis
2507 4065 2866 4134 arrogantiam
2891 4107 2904 4128 ,
2933 4077 3091 4133 quem
3125 4063 3175 4116 iu
3217 4077 3426 4116 errores
3453 4071 3644 4129 graves

360 4159 420 4200 ac
447 4145 734 4212 inauditos,
759 4147 884 4202 dum
917 4149 1264 4218 quaestionem
1314 4149 1622 4204 solvendam
1663 4165 1786 4206 suas
1813 4153 1952 4206 vires
1977 4153 2323 4217 excedentem
2352 4155 2622 4222 suscipere
2649 4154 2830 4218 audet,
2862 4153 3166 4222 prolapsum
3195 4149 3453 4212 ostendit;
3487 4157 3646 4214 atque

361 4239 550 4306 ipsum,
587 4247 644 4292 ut
670 4249 864 4294 statuat
893 4242 1096 4298 animas
1122 4257 1226 4296 non
1255 4257 1318 4297 ex
1351 4244 1640 4314 propagine
1657 4243 1796 4309 ﬁeri,
1821 4244 1916 4298 sed
1945 4259 2112 4300 novas
2131 4245 2352 4316 singulis
2373 4245 2711 4299 nascentibus
2735 4259 2763 4297 a
2797 4244 2906 4299 Deo
2933 4243 3214 4307 insul‘llari,
3245 4239 3642 4310 Scripturarum

364 4329 662 4383 testimonia
691 4331 935 4388 conferre
961 4333 1225 4406 ambigua,
1261 4349 1362 4390 nec
1381 4335 1446 4390 ad
1471 4317 1592 4394 eam
1619 4350 1734 4392 rem
1755 4338 1886 4390 satis
1913 4335 2124 4390 idonea.

431 4423 486 4478 in
514 4423 770 4488 secundo,
803 4423 1018 4482 Petrum
1039 4427 1313 4492 admonet,
1341 4441 1408 4482 ne
1432 4427 1752 4490 committat,
1783 4435 1840 4482 ut
1865 4427 2032 4482 libros
2051 4426 2118 4482 de
2142 4426 2334 4482 anima:
2358 4425 2562 4497 origine
2582 4441 2612 4480 a
2643 4425 2856 4480 Victore
2881 4425 2945 4479 ad
2975 4426 3146 4494 ipsum
3171 4425 3396 4494 scriptos
3422 4419 3644 4476 laudan-

365 4515 430 4571 do
452 4517 802 4588 approbasse,
835 4527 928 4572 aut
949 4533 1068 4591 qua:
1098 4528 1302 4574 temere
1325 4521 1538 4588 juvenis
1562 4521 1650 4575 ille
1689 4519 2050 4590 pronuntiavit
2079 4519 2200 4574 ﬁdei
2231 4520 2536 4574 christiana:
2563 4519 2851 4584 contraria,
2881 4533 2979 4588 pro
3002 4517 3338 4587 dogmatibus
3372 4513 3648 4570 catholicis

365 4606 558 4664 habere
585 4607 940 4662 existimetur.
973 4608 1196 4676 Errorcs
1221 4611 1446 4666 Victoris
1471 4611 1672 4680 varios,
1695 4625 1894 4680 eosque
1923 4611 2266 4680 gravissimos
2287 4617 2455 4679 notat,
2481 4621 2534 4667 et
2554 4611 2732 4667 verbis
2757 4609 2998 4666 confutat
3021 4609 3223 4680 paucis.
3253 4609 3409 4663 Petro
3429 4607 3646 4662 demum

367 4697 458 4774 ipsi
481 4698 692 4764 suadet,
727 4707 782 4752 ut
809 4697 1076 4772 Victorem
1102 4699 1168 4752 ad
1190 4715 1284 4754 eos
1311 4702 1660 4772 corrigendos
1693 4701 1945 4768 adducat.

433 4789 488 4844 ιιι
513 4791 694 4856 tertio,
717 4791 782 4846 ad
811 4791 984 4860 ipsum
1012 4790 1284 4848 Victorem
1313 4793 1534 4863 scriptu,
1561 4804 1824 4852 monstrat
1841 4813 2086 4866 quasnam
2113 4797 2166 4850 in
2194 4797 2305 4852 suis
2331 4797 2514 4852 Victor
2534 4797 2684 4854 libris
2702 4797 2992 4853 emendare
3013 4796 3224 4861 debeat,
3246 4795 3288 4848 si
3311 4793 3435 4848 velit
3463 4791 3645 4848 haberi

361 4881 658 4938 catholicus
690 4899 704 4936 :
739 4891 905 4954 caq'ue
931 4883 1096 4954 ipsius
1126 4883 1315 4954 placita
1354 4893 1404 4938 et
1439 4885 1702 4952 paradoxa
1723 4927 1740 4950 ,
1769 4887 1822 4940 iu
1849 4887 2214 4958 superioribus
2239 4887 2304 4941 ad
2337 4887 2599 4942 “citatum
2626 4898 2681 4944 et
2713 4887 2778 4946 ad
2806 4887 3023 4946 Petrum
3049 4883 3198 4940 libris
3217 4885 3328 4954 jam
3350 4879 3643 4944 confutata,

363 4972 463 5025 hoc
487 4973 646 5026 tertio
673 4972 807 5026 libro
838 4973 1146 5042 perstringit
1174 4973 1426 5038 breviter,
1454 4985 1506 5030 et
1531 4975 1596 5032 ad
1629 4977 1873 5032 undecim
1903 4993 2148 5034 ert-orum
2169 4979 2338 5047 capita
2362 4987 2598 5033 revocat.

433 5063 488 5118 1η
519 5073 714 5134 quarto
739 5064 806 5132 ad
834 5066 1080 5120 eumdem
1113 5065 1377 5120 Victorem
1405 5066 1562 5131 libro,
1587 5067 1814 5138 primum
1841 5071 2234 5126 cunctationem
2261 5083 2410 5124 suam
2445 5069 2512 5125 de
2533 5070 2831 5125 animarum
2859 5067 3066 5138 origine
3095 5065 3364 5121 immerito
3409 5061 3642 5133 culpari,

357 5170 525 5225 seque
553 5156 624 5210 ab
651 5156 796 5224 ipso,
827 5156 950 5225 quia
980 5156 1110 5210 nihil
1153 5156 1274 5216 hinc
1313 5155 1536 5211 delinire
1565 5171 1728 5214 ausus
1757 5159 1845 5222 sit,
1873 5158 2066 5229 injuria
2095 5161 2380 5230 pecoribus
2405 5159 2706 5231 comparari
2734 5159 3088 5214 demonstrat.
3123 5155 3320 5210 Deinde
3349 5169 3474 5208 vero
3503 5151 3644 5222 quod

357 5247 734 5302 incunctanter
752 5247 1096 5312 asseveravit,
1127 5249 1356 5306 animam
1381 5247 1626 5317 spiritum
1654 5265 1793 5314 esse,
1817 5266 1920 5304 non
1949 5267 2162 5322 corpus,
2185 5252 2286 5308 hoc
2308 5261 2507 5307 temere
2528 5253 2685 5306 etiam
2710 5249 2992 5320 improbari
3016 5261 3046 5302 a
3069 5247 3302 5310 Victore,
3331 5254 3389 5300 ut
3412 5243 3648 5318 animum

355 5353 676 5410 corpoream
707 5349 890 5396 natura
917 5355 1034 5408 sua,
1063 5350 1118 5396 et
1141 5341 1386 5411 spiritum
1412 5342 1480 5396 ab
1511 5343 1620 5412 ipsa
1649 5343 1828 5396 anima
1857 5345 1910 5398 in
1937 5345 2154 5400 homine
2175 5346 2480 5402 distinctum
2510 5360 2652 5410 esse,
2685 5343 2825 5398 inani
2855 5351 3049 5397 conatu
3077 5349 3392 5411 propnguet.

447 5431 755 5516 μιλίρνοε
785 5439 1076 5516 quatuor;
1117 5432 1194 5516 d_e
1237 5433 1467 5494 Anima
1487 5439 1550 5494 et
1601 5433 1740 5513 ejus
1769 5434 2055 5516 Origine,
2086 5436 2356 5516 eiderlib.
2387 5437 2450 5510 2,
2503 5449 2636 5516 cap.
2668 5435 2769 5506 56,
2799 5433 3374 5516 Retractationum,
3405 5440 3552 5492 tom.
3590 5429 3646 5504 ι,

359 5510 485 5595 col.
517 5511 660 5582 653,
710 5532 747 5572 a
775 5510 996 5581 uerbis,
1029 5511 1267 5573 Eodem
1299 5517 1608 5590 tempore,
1637 5510 1852 5594 'usquc
1877 5510 1956 5576 6d
1984 5515 2186 5590 verba,
2225 5510 2642 5592 Scribi-udum
2679 5513 2923 5596 putavi.
3009 5513 3093 5574 M.

431 5631 504 5758 (ag
536 5633 653 5682 vide
679 5631 820 5692 infra,
841 5633 926 5682 lib.
951 5633 1002 5690 5,
1027 5647 1077 5682 ιι.
1105 5631 1153 5682 2.

431 5695 482 5758 (tv
537 5695 650 5758 \‘ide
675 5695 920 5758 augustini
953 5693 1153 5758 epistola

431 5693 502 5758 (tv)
537 5695 650 5758 \‘ide
675 5695 920 5758 augustini
953 5693 1205 5758 epistolam
1245 5693 1348 5758 Illi),
1381 5707 1430 5758 ιι.
1459 5695 1500 5742 l.

434 5753 500 5812 lc)
539 5756 648 5806 \ile
673 5753 814 5826 iulia,
841 5758 924 5806 lib.
945 5753 998 5820 ἦ
1020 5769 1066 5804 ιι.
1099 5756 1170 5818 Π,
1199 5763 1250 5805 ct
1273 5757 1358 5804 tib.
1391 5755 1432 5816 ι,
1456 5768 1504 5805 ιι.
1531 5754 1610 5820 54.

2035 977 2084 1030 in
2113 977 2344 1045 parvulis
2387 988 2603 1046 peccata
2647 976 2944 1046 originalia,
2979 985 3196 1046 propter
3220 993 3336 1046 qua:
3363 977 3538 1042 Jcsus,
3565 977 3620 1029 id

2035 1077 2134 1134 est,
2165 1069 2606 1138 Salvator,possit
2632 1083 2750 1124 esse
2777 1077 2830 1124 et
2861 1069 3120 1138 ipsorum.

699 1251 1046 1259 _.__—_~_—

2482 1241 3618 1294 w
2727 1246 3242 1290 ‘________
3026 1245 3060 1252 "
3077 1243 3492 1289 '__.—__
