4010 6186
487 289 492 293 ι
941 282 994 293 ορ
1016 283 1032 290 τι
1112 288 1135 296 -
1503 271 1982 285 mw.“
2001 273 2168 282 ..ι’-
2215 273 2438 284 ~~H~¢<

573 327 578 331 .
608 323 686 332 ...ι
853 322 940 331 -..ο-λ
959 322 977 330 -
994 321 1010 328 ..
1039 323 1054 328 -
1131 324 1136 328 .
1203 321 1272 332 ...ι
1331 316 1555 328 -.—~_—.——
1575 315 1638 322 ——
1695 311 1828 322 ——-o--
2109 313 2120 320 ο

941 282 1005 296 ροῐ
1014 283 1032 296 L‘
1038 282 1104 296 γ’.
1112 288 1135 296 ο

853 322 940 331 -.ι-,ιλ
959 321 1010 330 ο..
1039 321 1060 328 ..›
1079 321 1136 330 na.

1545 550 2054 615 HIPPONENSIS’
2093 547 2448 612 EPISCOPI
2541 543 2550 554 ’

404 703 726 859 DE
821 695 1960 867 ANIMA-ET
2018 692 2618 854 EJUS
2668 647 3669 852 ORIGINE

1475 954 1784 1057 LIBRI
1858 952 2446 1062 QUATUOR
2478 939 2589 1014 (α).

1721 1091 2357 1146 -ο-ὓοεεΙΦΙΦοΕ-ο·

1443 1183 1912 1297 LIBER
1945 1182 2592 1294 PRIMUS.

1583 1367 1677 1424 an
1715 1341 2049 1425 neuneu
2089 1368 2492 1426 MONACHUM.

448 1490 666 1552 Acceptis
680 1500 708 1537 a
732 1493 909 1552 ttenato
922 1485 1112 1552 duobus
1126 1482 1264 1534 libris
1279 1482 1513 1552 iﬁincentii
1532 1481 1746 1552 victoris,
1763 1482 1848 1545 qui
1869 1480 2115 1544 Augustmi
2139 1481 2434 1552 sententiam
2446 1481 2510 1552 de
2525 1484 2698 1534 animm
2717 1490 2902 1552 natura,
2922 1494 2977 1537 et
2997 1485 3220 1552 ejusdem
3233 1487 3300 1538 de
3321 1488 3473 1552 Ipsius
3486 1491 3682 1552 origine

393 1543 750 1601 cunctationem
773 1547 1086 1608 improbabat,
1129 1545 1346 1608 ostendit
1373 1544 1692 1608 Augustinus,
1712 1543 1957 1608 juvenem
1995 1551 2280 1608 arroganter
2325 1543 2389 1592 de
2404 1558 2468 1608 se
2501 1547 2604 1608 ipso
2624 1543 2938 1608 sentientem,
2964 1543 3112 1598 ut'de
3141 1560 3199 1597 re
3231 1553 3328 1598 tam
3340 1543 3520 1600 'abdita
3541 1543 3681 1602 deci-

393 1611 558 1666 deret.
583 1611 632 1658 in
669 1602 867 1659 errores
905 1602 1234 1672 intolerandus
1277 1602 1556 1672 incurrisse.
1587 1602 1921 1672 'mm'deimle
1935 1602 2280 1672 scripturarum
2301 1602 2599 1672 testimmiia,
2616 1607 2795 1668 quibus
2825 1602 3032 1672 probare
3060 1620 3119 1657 se
3155 1609 3310 1659 Victor
3351 1610 3681 1672 existimabat,

395 1663 580 1735 animas
609 1682 640 1720 a
678 1677 795 1735 beo,
833 1681 928 1719 non
945 1682 1009 1735 εδ
1034 1668 1298 1735 propagine
1313 1665 1437 1735 heri,
1469 1667 1557 1735 sed
1576 1678 1726 1715 novas
1745 1663 1952 1730 singulis
1968 1663 2280 1720 nascentibus
2301 1665 2552 1728 insutﬂari,
2570 1663 2870 1718 demonstrat
2883 1668 3109 1732 unbigua
3131 1681 3269 1730 esse,
3287 1677 3440 1735 atque
3461 1672 3523 1723 ad
3555 1663 3684 1724 hanc

397 1733 550 1794 lpslm
577 1727 854 1794 opinionem
872 1727 1240 1781 conﬁrmandam
1262 1727 1466 1778 minime
1483 1727 1674 1777 idonea.

1862 1791 2234 1847 m

469 1895 696 1952 CAPUT
737 1894 1018 1950 PRIMUM.
1049 1922 1124 1934 -
1151 1894 1202 1948 l.
1243 1891 1614 1948 Sinceritatem
1663 1899 1808 1946 tuam
1859 1902 1987 1958 erga

401 2001 522 2051 nos,
547 1986 753 2042 Renate
794 1986 957 2042 frater
981 1985 1316 2051 charissime,
1347 1994 1400 2039 et
1431 1983 1718 2038 fraternum
1751 1983 1988 2037 benevo-

402 2077 648 2143 lentiam,
671 2093 735 2132 ac
755 2086 952 2133 mutua:
971 2077 1274 2132 dilectionis
1296 2075 1542 2130 allectum
1573 2073 1848 2144 probatura
1869 2070 1988 2141 qui-

401 2169 525 2226 dem
565 2179 620 2226 et
663 2179 820 2226 antea
865 2169 1218 2226 tenebamus:
1245 2183 1429 2223 verum
1461 2181 1600 2221 nunc
1624 2165 1985 2238 probatiorem

404 2259 558 2314 nobis
583 2260 754 2314 amica
784 2259 1054 2329 diligentia
1078 2257 1491 2323 demonstrasti,
1521 2256 1663 2326 quod
1696 2255 1822 2310 mihi
1853 2255 1988 2309 duos

403 2349 589 2414 libros,
611 2351 730 2420 ejus
751 2351 966 2420 quidem
989 2350 1220 2404 hominis
1235 2365 1396 2424 quem
1419 2350 1630 2419 penitus
1654 2347 1984 2420 ignorabam,

401 2457 501 2498 nec
531 2451 705 2497 tamen
737 2442 856 2498 ideo
883 2441 1281 2509 contemnendi,
1309 2441 1570 2496 Vincentii
1603 2439 1828 2494 Victoris
1861 2437 1880 2511 (
1909 2439 1988 2494 sic

401 2534 543 2586 enim
573 2540 920 2600 prxnutatum
963 2531 1032 2586 ibi
1075 2547 1269 2586 nomen
1315 2531 1432 2602 ejus
1479 2528 1718 2603 inveni),
1745 2529 1988 2600 proxime

405 2623 672 2690 pra-terim
725 2632 914 2678 testate
963 2622 1196 2688 misisti;
1245 2624 1486 2693 quamvis
1529 2621 1656 2674 mihi
1680 2659 1696 2683 ,
1737 2635 1803 2676 eo
1842 2621 1988 2690 quod

401 2713 598 2768 absens
642 2712 886 2781 fuissem,
917 2713 970 2768 in
1000 2714 1240 2768 autumni
1290 2713 1396 2768 line
1442 2713 1551 2768 sint
1595 2709 1808 2767 redditi.
1839 2709 1987 2780 Quo-

402 2803 563 2858 modo
581 2805 724 2861 enim
749 2813 803 2860 tu
829 2804 1175 2861 charissimus
1195 2817 1347 2860 meus
1373 2819 1558 2892 posses
1578 2803 1661 2860 vel
1682 2803 1912 2860 deberes
1932 2803 1988 2858 in

403 2910 574 2950 meam
603 2911 706 2950 non
733 2896 970 2966 perferre
993 2897 1254 2958 notitiam,
1283 2911 1406 2950 cum
1444 2895 1498 2950 in
1533 2909 1723 2949 manus
1755 2903 1871 2948 tuas
1895 2908 1988 2949 ve-

403 2987 611 3040 ltissent
633 2985 916 3054 cujuslibet
941 2985 1174 3040 hominis
1192 2985 1608 3054 qualescumque
1627 2983 1839 3048 litteris,
1861 2983 1990 3038 licet

402 3076 472 3129 ad
499 3075 661 3130 alium
691 3076 1002 3143 scribentis,
1037 3076 1123 3132 ubi
1155 3088 1330 3150 tamen
1369 3089 1563 3129 nomen
1593 3089 1988 3130 commemora-

403 3177 550 3222 retur
567 3175 623 3221 et
652 3167 913 3236 legeretur
929 3181 1133 3234 meum,
1157 3167 1227 3219 ita
1251 3173 1312 3220 ut
1329 3164 1787 3220 contradiceretur
1809 3163 1990 3218 verbis

403 3257 563 3322 meis,
603 3272 721 3326 quae
761 3256 812 3310 in
855 3255 1170 3326 quibusdam
1214 3257 1484 3325 Opusculis
1521 3253 1850 3316 edidissem?
1877 3254 1990 3311 Hoc

403 3348 584 3416 itaque
606 3347 795 3414 fecisti,
815 3346 956 3417 quod
985 3347 1378 3402 sincerissimos
1393 3355 1444 3402 et
1459 3345 1836 3402 dilectissimus
1855 3347 1990 3402 ami-

399 3440 496 3492 cus
527 3451 678 3490 meus
707 3435 882 3492 facere
908 3435 1158 3492 debuisti.

477 3526 704 3584 CAPUT
744 3527 808 3584 ll.
847 3558 918 3570 ——
955 3530 1009 3582 2.
1050 3527 1155 3584 Sed
1185 3527 1308 3584 hinc
1336 3543 1502 3599 angor
1531 3527 1818 3598 pannulum,
1846 3527 1988 3598 quod

339 3661 344 3664 .
401 3618 579 3674 adhuc
625 3628 727 3690 t_u:e
763 3619 1041 3676 Sanctitati
1083 3619 1262 3673 minus
1307 3634 1468 3687 etiam
1511 3619 1702 3673 vellem
1743 3617 1990 3688 cognitus

405 3722 522 3762 sum
543 3725 556 3760 :
575 3707 1004 3778 quandoquidem
1025 3709 1218 3778 putasti
1246 3724 1332 3763 me
1356 3707 1434 3764 sic
1455 3718 1818 3777 accepturum,
1836 3708 1986 3778 quasi

405 3807 461 3853 tu
491 3799 619 3852 mihi
651 3799 897 3868 injuriam
938 3799 1152 3864 feceris,
1191 3810 1374 3854 notum
1417 3801 1655 3855 faciendo
1680 3800 1823 3870 quod
1851 3801 1989 3856 alius

403 3888 548 3944 fecit.
579 3889 844 3957 Quantum
875 3899 1053 3946 autem
1082 3889 1184 3944 hoc
1206 3889 1348 3944 absit
1373 3889 1440 3944 ab
1469 3891 1648 3945 animo
1667 3905 1810 3954 meo,
1843 3889 1986 3956 vide,

402 3988 461 4033 ut
487 3993 554 4033 ne
582 3979 650 4033 ab
678 3979 768 4033 illo
791 3977 1008 4050 quidem
1035 3995 1120 4034 me
1144 3993 1358 4049 passum
1389 3978 1636 4050 injuriam
1665 3995 1984 4050 conquerar.

403 4069 536 4124 Cum
583 4069 724 4126 enim
767 4070 922 4126 aliter
958 4070 1200 4141 quwdam
1231 4085 1389 4140 quam
1432 4084 1532 4140 ego
1573 4079 1803 4140 saperet,
1833 4085 1989 4124 nutu-

407 4161 658 4230 quidnam
685 4160 870 4217 debuit
899 4161 1156 4217 reticere?
1179 4160 1332 4216 Unde
1356 4159 1485 4217 mihi
1513 4169 1721 4232 gratum
1746 4175 1866 4216 esse
1891 4161 1986 4216 de-

404 4251 514 4318 bet,
542 4251 683 4320 quod
712 4253 781 4306 ita
803 4267 908 4308 non
940 4253 1122 4320 tacuit,
1148 4259 1205 4307 ut
1233 4251 1286 4306 id
1307 4251 1466 4306 etiam
1491 4253 1672 4320 legere
1697 4253 1983 4323 possimus.

407 4343 635 4400 Deberet
654 4344 868 4414 quidem
892 4346 909 4378 ¹
933 4354 1136 4400 tantum
1159 4344 1394 4400 scribere
1413 4344 1592 4415 potius
1610 4345 1676 4400 ad
1697 4359 1804 4410 me,
1825 4359 1984 4416 quam

401 4435 469 4490 ad
499 4435 722 4492 alterum
747 4435 814 4490 de
837 4453 926 4492 me
950 4455 966 4490 :
999 4437 1094 4492 sed
1119 4428 1260 4508 quod
1287 4438 1416 4493 mihi
1445 4447 1592 4494 esset
1617 4439 1847 4508 ignotus,
1878 4455 1982 4494 non

401 4537 487 4582 est
509 4539 671 4580 ausus
697 4541 756 4581 se
780 4527 906 4581 mihi
936 4527 1177 4598 ingerere
1205 4529 1256 4583 in
1291 4544 1530 4584 meorum
1559 4529 1878 4588 refutatione
1901 4533 1987 4586 di-

401 4627 633 4672 ctorum.
654 4616 762 4673 Nec
779 4619 1164 4673 consulendum
1191 4635 1277 4675 me
1299 4621 1519 4689 putavit,
1543 4621 1629 4675 ubi
1653 4622 1755 4678 sibi
1777 4623 1986 4678 videtur

403 4707 623 4764 minime
657 4707 1031 4772 dubitandum.
1071 4709 1165 4766 sed
1205 4710 1364 4781 plane
1391 4711 1656 4782 cognitam
1694 4721 1750 4768 et
1781 4723 1983 4770 certam

403 4809 588 4854 tenere
613 4801 953 4856 sententiam.
976 4799 1375 4874 Obtemperavit
1400 4813 1577 4860 autem
1608 4805 1782 4862 amico
1802 4821 1922 4883 suo,
1953 4824 1984 4863 a

400 4907 506 4960 quo
531 4907 613 4960 se,
637 4901 696 4948 ut
721 4893 1000 4962 scriberet,
1027 4894 1156 4950 dicit
1181 4910 1302 4952 esse
1329 4897 1683 4968 compulsum.
1707 4899 1774 4953 Et
1793 4899 1838 4953 si
1859 4900 1986 4970 quid

401 4984 542 5042 inter
575 4985 982 5058 disputandum,
1013 4985 1157 5058 quod
1195 4987 1250 5043 in
1287 5003 1462 5047 meam
1488 4989 1864 5046 contumeliam
1892 5005 1984 5046 re-

2092 1888 2372 1956 dundaret,
2397 1893 2698 1962 expressit;
2729 1907 2834 1948 non
2865 1909 2988 1950 eum
3025 1894 3374 1952 conviciantis
3409 1895 3683 1955 voluntate

2092 1979 2434 2048 crediderim,
2461 1982 2555 2038 sed
2584 1983 2792 2038 diversa
2818 1963 3100 2040 sentientis
3121 1985 3440 2042 necessitate
3465 1987 3680 2044 fecisse.

2093 2068 2194 2126 Ubi
2215 2072 2359 2126 enim
2389 2073 2514 2127 mihi
2544 2075 2754 2128 animus
2773 2089 2896 2144 erga
2925 2089 3010 2129 me
3033 2074 3264 2132 hominis
3287 2077 3498 2148 ignotus
3518 2089 3602 2134 est
3625 2089 3687 2135 et

2095 2159 2347 2224 incertus,
2371 2163 2566 2218 melius
2589 2165 2820 2220 arbitror
2845 2164 3066 2220 meliora
3096 2167 3318 2234 sentire,
3345 2183 3504 2238 quam
3531 2169 3688 2226 inex-

2095 2251 2298 2320 plorata
2341 2253 2578 2326 culpare.
2625 2253 2891 2311 Fortassis
2938 2256 3082 2311 enim
3131 2271 3316 2312 amore
3359 2258 3466 2314 mei
3517 2259 3639 2314 fecit
3664 2303 3681 2324 ,

2091 2344 2268 2400 sciens
2293 2343 2360 2398 ad
2387 2361 2474 2401 me
2503 2347 2780 2415 pervenire
2809 2335 3136 2418 possequod
3165 2349 3416 2419 scripsit;
3455 2350 3582 2406 dum
3623 2352 3684 2407 in

2093 2435 2354 2491 eis'rebus
2377 2451 2560 2492 errare
2585 2453 2672 2494 me
2702 2452 2806 2493 non
2829 2439 2958 2503 vult,
2989 2440 3042 2493 in
3073 2435 3266 2510 quibus
3291 2455 3352 2496 se
3381 2442 3556 2511 ponus
3595 2459 3687 2498 er-

2094 2540 2217 2582 rare
2239 2541 2343 2581 non
2373 2537 2538 2597 putat.
2562 2528 2628 2582 Et
2654 2527 2774 2583 ideo
2797 2528 2971 2584 debeo
2997 2529 3158 2584 etiam
3189 2531 3304 2600 ejus
3330 2529 3528 2586 habere
3555 2548 3685 2602 grav-

2093 2626 2201 2672 tam
2227 2619 2676 2684 benevolentiam,
2698 2619 2850 2690 cujus
2880 2635 2966 2675 me
2999 2634 3221 2676 necesse
3257 2630 3340 2676 est
3377 2621 3686 2691 improbare

2092 2709 2536 2764 sententiam:ac
2566 2723 2662 2777 per
2698 2709 2800 2764 hoc
2837 2709 2892 2764 in
2929 2709 3010 2764 eis
3049 2725 3168 2779 qua
3205 2725 3310 2764 non
3340 2721 3484 2766 recte
3519 2713 3684 2782 sapit,

2092 2799 2270 2856 adhuc
2297 2800 2490 2856 leniter
2525 2801 2874 2873 corrigendus
2901 2800 3028 2856 mihi
3071 2801 3300 2866 videtur,
3342 2817 3446 2856 non
3489 2817 3688 2873 aspere

2091 2889 2472 2959 detestandus;
2503 2895 2797 2964 prmsert'tm
2826 2894 2974 2964 quia,
3010 2893 3146 2950 sicut
3183 2893 3360 2956 audio.
3390 2909 3559 2963 nuper
3585 2909 3684 2950 ca-

2095 2983 2324 3039 tholicus
2365 2984 2534 3040 factus
2571 2993 2672 3052 est,
2709 2985 2850 3056 quod
2880 2985 2929 3040 ei
2968 2984 3340 3055 gratulandum
3371 2993 3470 3040 est.
3501 2984 3690 3040 Caruit

2095 3077 2238 3132 enim
2266 3079 2660 3134 Donatistarum
2688 3078 2768 3134 vel
2795 3077 2974 3149 potius
3000 3077 3392 3147 Rogatistarum
3419 3076 3690 3134 divisione

2093 3177 2150 3224 et
2172 3184 2376 3237 errore,
2399 3184 2506 3240 quo
2531 3179 2688 3224 antea
2716 3169 2998 3224 tenebatur
3024 3185 3037 3221 :
3065 3166 3111 3222 si
3149 3175 3324 3223 tamen
3355 3166 3680 3223 catholicam

2093 3261 2373 3317 veritatem
2418 3261 2556 3316 sicut
2591 3269 2804 3331 oportet
2845 3259 3124 3331 intelligat,
3170 3266 3230 3314 ut
3266 3273 3394 3314 vere
3429 3257 3497 3314 de
3536 3257 3690 3314 illius

2093 3353 2444 3408 conversione
2468 3352 2816 3424 gaudeamus.

2162 3441 2390 3498 CAPUT
2429 3439 2518 3496 Ill.
2545 3470 2619 3482 -
2645 3442 2699 3496 5.
2741 3441 2911 3496 Habet
2934 3439 3077 3496 enim
3106 3439 3396 3512 eloquium,
3423 3455 3530 3512 quo
3553 3453 3682 3512 pos-

2091 3533 2173 3615 sit
2191 3533 2459 3602 explicare
2487 3548 2606 3603 quae
2630 3532 2811 3588 sentit.
2833 3531 2986 3589 Unde
3009 3523 3130 3587 cum
3167 3531 3258 3586 illo
3285 3531 3548 3603 agendum
3575 3545 3682 3596 est.

2095 3623 2252 3694 eique
2279 3622 2567 3693 optandum
2599 3633 2656 3676 ut
2686 3632 2828 3677 recta
2856 3622 3080 3688 sentiat,
3111 3637 3179 3678 ne
3204 3621 3361 3676 faciat
3385 3636 3505 3678 esse
3530 3621 3682 3678 dele-

2093 3712 2308 3770 ctabilia
2333 3729 2451 3784 qua:
2480 3721 2604 3768 sunt
2632 3713 2858 3779 inutilia,
2879 3722 3074 3782 etquae
3096 3711 3294 3768 diserta
3314 3711 3528 3775 dixerit.
3555 3728 3683 3768 vera

2093 3803 2294 3860 dixisse
2329 3801 2588 3860 videatur.
2615 3803 2870 3874 Quamvis
2911 3811 2966 3858 et
3010 3803 3062 3858 in
3103 3801 3218 3874 ipso
3247 3803 3460 3874 eloquio
3488 3801 3686 3860 habeat

2097 3894 2262 3948 multa
2285 3893 2638 3960 emendanda,
2663 3906 2716 3949 et
2737 3909 2767 3948 ιι
2789 3894 2948 3948 nimia
2975 3892 3293 3948 exundantia
3319 3893 3684 3964 reprimenda.

2094 3982 2248 4050 Quod
2294 3983 2346 4038 in
2384 3983 2478 4038 illo
2507 3983 2600 4038 tibi
2631 3998 2862 4054 quoque,
2895 3991 2952 4038 ut
2976 3983 3092 4038 viro
3118 3983 3287 4054 gravi,
3319 3985 3455 4038 sicut
3482 3995 3569 4039 tua
3595 3984 3684 4040 in-

2093 4074 2273 4129 dicant
2315 4077 2533 4144 scripta,
2571 4072 2860 4144 displicuit.
2886 4073 2992 4128 Sed
3019 4073 3123 4128 hoc
3147 4073 3234 4130 vel
3276 4073 3430 4129 facile
3453 4073 3682 4144 corrigi-

2094 4175 2201 4231 tur,
2223 4164 2307 4219 vel
2337 4163 2454 4218 sine
2471 4163 2794 4218 detrimento
2817 4162 2940 4218 lidei
2964 4178 2994 4217 a
3019 4162 3226 4219 levibus
3249 4163 3516 4219 mentibus
3537 4179 3685 4218 ama-

2093 4263 2199 4320 tur,
2225 4255 2482 4310 toleratur
2500 4269 2530 4308 a
2548 4254 2816 4326 gravibus.
2834 4253 3101 4310 Habemus
3123 4256 3266 4312 enim
3289 4255 3398 4326 jam
3421 4255 3682 4326 quosdam

2092 4361 2344 4416 spumeos
2386 4345 2438 4399 in
2481 4359 2752 4412 sermone,
2781 4345 2876 4400 sed
2917 4345 2969 4400 in
3001 4344 3106 4401 fide
3132 4359 3314 4402 sanos.
3343 4345 3456 4400 Non
3505 4345 3684 4415 itaque

2091 4436 2484 4508 desperandum
2513 4443 2616 4501 est,
2637 4437 2797 4492 etiam
2827 4434 2930 4492 hoc
2955 4437 3008 4490 in
3033 4437 3134 4490 isto
3159 4435 3426 4508 (quamvis
3455 4433 3520 4490 sit
3545 4436 3684 4492 tole-

2098 4528 2289 4596 rabile,
2303 4527 2346 4583 si
2369 4526 2767 4599 permanserit),
2791 4541 2948 4597 posse
2961 4537 3138 4582 tamen
3165 4527 3445 4598 expurgari
3466 4538 3520 4581 et
3542 4535 3651 4582 tem
3665 4561 3685 4569 -

2093 4621 2289 4693 peruri,
2311 4633 2471 4692 atque
2493 4619 2562 4675 ad
2587 4620 2850 4692 integrum
2876 4628 2931 4676 et
2955 4619 3184 4675 solidum
3215 4619 3299 4675 vel
3332 4617 3572 4689 perduci,
3597 4621 3685 4676 vel

2091 4712 2336 4770 revocari
2365 4711 2582 4767 modum
2606 4727 2620 4764 :
2645 4711 2942 4782 praisertim
2970 4710 3092 4780 quia
3115 4708 3329 4782 juvenis
3356 4723 3478 4765 esse
3503 4709 3684 4780 perhi-

2095 4806 2272 4871 betur,
2300 4811 2360 4858 ut
2385 4801 2528 4874 quod
2563 4803 2738 4857 minus
2766 4801 2926 4856 habet
2951 4802 3162 4872 peritia,
3195 4801 3436 4872 suppleat
3457 4801 3688 4873 diligen-

2093 4898 2205 4964 tia;
2237 4905 2294 4952 et
2316 4893 2459 4966 quod
2481 4891 2719 4950 cruditas
2747 4891 3079 4963 loquacitatis
3106 4899 3330 4957 eructat,
3364 4892 3538 4946 anatis
3561 4907 3679 4945 ma-

2097 4987 2282 5043 turitas
2321 4985 2602 5056 decoquat.
2640 4982 2775 5040 Illud
2812 4991 2898 5040 est
2923 4982 3208 5041 molestum
3238 4993 3292 5039 et
3321 4981 3678 5054 periculosum

1585 5095 1874 5137 ADIONITIO
1909 5097 1992 5138 PP.
2034 5092 2513 5138 IENBDICTISOIUI.

464 5169 525 5218 Ad
549 5168 878 5236 emendandos
897 5169 1049 5221 libros
1068 5177 1274 5236 quatuor
1293 5171 1360 5236 de
1382 5172 1546 5221 Anima
1567 5178 1622 5236 et
1641 5171 1748 5234 ejus
1771 5172 1988 5236 Origine,

2012 5177 2192 5236 Mer
2213 5170 2490 5236 νιιίαιιιιιιι
2507 5166 2728 5236 codicem
2741 5179 2926 5236 team.
2987 5167 3063 5236 ιιβί
3099 5177 3269 5236 smnus.
3288 5141 3514 5236 “ﬁdem
3547 5163 3681 5236 σενι

399 5231 892 5306 sescunciae?
908 5305 911 5306 ,
929 5245 1057 5306 (199s
1070 5228 1216 5306 ῥοδὶε
1235 5235 1380 5283 variae
1411 5228 1778 5306 ευρρθςιῐιίὲεερι
1801 5228 2030 5306 abbatis;
2049 5232 2238 5306 ξσίιίρρι
2260 5231 2575 5306 sesesese
2817 5229 2986 5306 9999;.
3012 5228 3688 5306 λ

401 5294 550 5356 vratis
575 5305 721 5356 unum
737 5326 752 5351 ,
775 5285 921 5356 alium
943 5285 1134 5356 abbatia
1149 5285 1540 5356 ACenananetéis
1557 5295 1624 5344 de
1645 5293 1837 5344 cultura
1851 5329 1866 5354 ,
1888 5285 2038 5356 alium
2059 5293 2304 5356 sagiensis
2325 5299 2370 5342 s.
2397 5291 2604 5356 martini,
2653 5285 2780 5356 alios
2793 5285 3338 5356 tandemyratellensis,
3364 5287 3649 5338 Michaelina
3682 5331 3689 5339 .

399 5350 680 5417 (malens-is,
701 5349 1025 5417 corbeiensis,
1047 5354 1420 5417 qgiranneusis
1434 5391 1453 5417 ,_
1471 5357 1809 5417 Cisterciensis
1833 5349 2202 5407 z'eonsuluinius
2223 5354 2370 5405 etiam
2391 5349 2638 5403 variantes
2668 5350 2908 5403 lectiones
2929 5349 3230 5414 Belgieorum
3250 5350 3470 5412 quinque
3504 5360 3675 5398 mauu-

398 5413 684 5474 seriptorum
699 5415 824 5477 apud
847 5413 1196 5477 Lovauien'sés;
1223 5422 1276 5466 et
1297 5415 1590 5467 contulimus
1613 5416 1857 5468 editiones
1879 5427 1976 5468 Am.
2003 5423 2078 5468 Er.
2103 5424 2156 5467 et
2184 5421 2296 5466 ιον.
3020 5413 3029 5414 “
3337 5433 3353 5450 ν

479 5534 988 5616 Comparaeimus
1005 5546 1308 5617 prwterea
1337 5557 1435 5599 cas
1465 5557 1670 5600 omnes
1700 5539 1998 5604 editiones
2026 5539 2210 5603 initio
2247 5539 2418 5600 Retr.
2445 5533 2832 5609 rtConfess.,
2858 5544 2901 5596 t.
2937 5535 2994 5610 1,
3019 5540 3406 5595 memoratas.
3510 5531 3594 5592 M.

467 5657 481 5720 ε
519 5657 742 5720 Plerique
919 5656 1115 5708 deberes
1131 5656 1342 5720 quidem.

461 5719 533 5778 (lt)
565 5721 727 5781 Scripti
748 5719 838 5769 sui)
861 5719 1006 5767 litem
1031 5731 1139 5768 auzn
1163 5719 1328 5768 Christi
1358 5719 1456 5769 “9.
