4034 6182
387 335 484 390 ΓΠ

383 459 462 504 vet
497 446 877 518 perniciosum,
908 447 953 503 si
978 461 1097 504 cum
1129 447 1374 502 laudatur
1399 447 1720 517 eloquentia,
1745 460 1968 516 persua-

381 541 570 594 deatur
601 538 924 610 insipientia,
947 547 1000 594 et
1027 539 1076 593 in
1105 541 1336 609 pretioso
1359 539 1551 610 poculo
1573 537 1780 592 bibatur
1805 537 1968 606 pesti-

382 633 488 700 fera
523 633 688 703 potio.

448 724 676 780 CAPUT
727 723 816 780 IV.
855 755 926 765 —
963 725 1016 780 4.
1059 723 1128 780 Ut
1157 724 1296 779 enim
1323 723 1431 794 jam
1463 721 1709 792 incipiam
1738 719 1962 775 demon-

376 823 567 880 strare,
588 831 706 884 qu:e
729 814 992 884 praecipue
1009 815 1116 868 sint
1141 814 1190 867 in
1209 815 1328 883 ejus
1343 813 1699 886 disputatione
1713 809 1923 865 vitanda
1947 830 1961 865 :

374 905 619 964 Animam
665 905 794 960 dicit
821 921 848 958 a
883 905 990 959 Deo
1034 903 1247 974 quidem
1299 905 1521 966 factam,
1571 917 1668 956 nec
1709 901 1797 956 Dei
1843 915 1964 954 esse

375 1007 578 1074 partem
606 998 720 1052 sive
747 1007 1021 1062 naturam;
1049 995 1192 1067 quod
1235 995 1452 1048 omnino
1491 1009 1672 1048 verum
1709 1001 1790 1047 est
1819 1009 1832 1045 :
1865 991 1960 1046 sed

372 1103 491 1150 cum
531 1103 646 1143 eam
679 1103 785 1142 non
811 1089 922 1142 vult
958 1103 1021 1142 ex
1054 1088 1220 1142 nihilo
1252 1087 1441 1143 factam
1487 1085 1673 1150 fateri,
1709 1093 1765 1140 et
1800 1083 1958 1138 aliam

369 1179 568 1232 nullam
596 1189 892 1238 creaturam
923 1178 1064 1248 unde
1089 1178 1154 1232 sit
1189 1177 1322 1232 facta
1358 1183 1766 1238 commemorat,
1797 1183 1958 1243 atque

369 1271 440 1324 ita
473 1269 548 1322 illi
575 1269 667 1322 dat
693 1277 963 1322 auctorem
991 1269 1174 1333 Deum,
1201 1277 1256 1322 ut
1283 1283 1453 1336 neque
1477 1283 1542 1321 ex
1566 1265 1722 1319 nullis
1743 1275 1958 1320 exuan-

367 1362 529 1428 tibus,
559 1360 610 1414 id
638 1369 750 1428 est,
785 1375 850 1414 ex
877 1359 1061 1424 nihilo,
1093 1375 1264 1432 neque
1293 1375 1358 1413 ex
1389 1359 1562 1428 aliqua
1595 1373 1673 1420 re,
1701 1371 1818 1422 qu:e
1848 1371 1951 1408 non

365 1463 450 1508 est
472 1451 612 1522 quod
641 1452 782 1507 Deus
807 1463 909 1516 est,
939 1452 1031 1506 sed
1060 1451 1126 1505 de
1151 1437 1356 1520 se°ipso
1385 1465 1502 1504 eam
1541 1449 1725 1503 fet-isse
1758 1447 1952 1502 ereda-

361 1553 490 1608 tttr;
515 1543 684 1598 nescit
707 1557 772 1597 eo
797 1558 858 1597 se
887 1542 1110 1606 revolvi,
1135 1541 1274 1610 quod
1299 1541 1594 1595 declinasse
1621 1555 1680 1594 se
1707 1549 1872 1609 putat,
1894 1547 1953 1592 ut

360 1633 566 1688 scilicet
595 1631 726 1686 nihil
756 1632 898 1686 aliud
923 1632 1098 1686 anima
1127 1647 1286 1702 quam
1320 1631 1412 1685 Dei
1439 1640 1624 1684 natura
1655 1631 1758 1696 sit;
1786 1645 1849 1686 ac
1871 1631 1950 1685 sic

357 1731 752 1793 Consequenter
788 1732 843 1777 et
884 1721 952 1777 de
978 1722 1070 1776 Dei
1102 1731 1286 1776 natura
1319 1721 1408 1774 ﬂat
1435 1721 1633 1790 aliquid
1663 1723 1730 1774 ah
1757 1720 1944 1774 eodem

356 1813 495 1880 Deo,
527 1814 611 1868 cui
645 1813 886 1868 faciendo
916 1813 1134 1867 materia
1165 1811 1230 1868 de
1260 1827 1359 1882 qua
1403 1811 1520 1865 facit
1541 1851 1556 1876 ,
1595 1811 1664 1866 sit
1703 1811 1816 1882 ipse
1856 1811 1945 1880 qui

355 1903 486 1959 facit
510 1921 522 1958 :
551 1919 613 1958 ac
643 1917 738 1974 per
757 1893 868 1958 'boe
897 1913 950 1958 et
979 1903 1072 1960 Dei
1103 1904 1172 1958 sit
1198 1911 1382 1958 natura
1415 1904 1680 1958 nmtabilis
1700 1943 1715 1968 ,
1743 1915 1794 1957 et
1823 1919 1940 1957 mu-

356 2004 466 2062 tata
493 1995 544 2051 in
567 1996 800 2051 deterius
823 1995 1068 2065 ejusdem
1097 1995 1260 2066 ipsius
1283 1995 1372 2050 Dei
1396 1995 1462 2048 ah
1483 1993 1667 2066 eqdem
1697 1993 1810 2064 ipso
1833 1994 1942 2048 Deo

355 2095 542 2141 natura
575 2085 874 2141 damnetur.
907 2086 1056 2154 Quod
1105 2101 1202 2156 pro
1245 2095 1332 2140 tua
1385 2085 1524 2139 lideli
1573 2085 1936 2153 intelligentia.

350 2193 514 2248 quam
541 2193 646 2232 non
675 2177 742 2232 sit
767 2177 1114 2248 opinandum,
1142 2187 1196 2233 et
1222 2193 1378 2250 quam
1409 2177 1478 2232 sit
1506 2192 1534 2229 a
1564 2176 1724 2232 corde
1749 2175 1936 2232 catho—

353 2269 460 2322 lico
505 2267 920 2333 seclutlcndutn,
967 2269 1225 2338 longeque
1273 2267 1597 2337 fugiendum,
1645 2267 1810 2322 vides.
1863 2267 1934 2322 Ita

348 2357 549 2426 quippe
575 2358 748 2412 anima
779 2357 858 2412 vel
885 2356 952 2411 de
981 2357 1106 2410 ﬂatu
1139 2356 1272 2412 facta
1294 2399 1308 2424 ,
1341 2358 1424 2412 vel
1459 2358 1547 2412 Dei
1580 2357 1734 2411 ﬂatus
1769 2357 1936 2412 factus

347 2457 436 2502 est
478 2447 610 2516 ipsa,
657 2457 712 2502 ut
757 2463 861 2501 non
909 2447 977 2503 de
1018 2449 1132 2517 ipso
1174 2447 1262 2512 sit,
1296 2449 1388 2502 sed
1419 2449 1486 2502 ab
1519 2449 1634 2518 ipso
1663 2449 1728 2502 de
1769 2447 1934 2502 nihilo

349 2547 526 2602 creata
570 2539 657 2592 sit.
689 2537 870 2608 Neque
905 2539 1045 2592 enim
1091 2540 1228 2594 sicut
1271 2539 1432 2593 homo
1478 2540 1690 2609 quando
1734 2539 1930 2605 suﬂlat,

349 2643 458 2684 non
489 2637 665 2698 potest
692 2627 760 2683 de
785 2627 949 2682 nihilo
979 2628 1158 2682 ﬂatum
1189 2627 1383 2695 facere,
1413 2630 1506 2684 sed
1537 2645 1694 2700 quem
1731 2630 1797 2684 de
1829 2631 1933 2683 isto

347 2733 476 2774 aere
504 2719 668 2786 ducit,
699 2717 839 2774 hunc
867 2719 1076 2785 reddit;
1105 2719 1175 2773 ita
1207 2719 1316 2774 Deo
1345 2719 1636 2789 putandum
1667 2727 1750 2775 est
1773 2735 1930 2773 auras

347 2815 549 2884 aliquas
595 2811 942 2866 circumfusas
990 2811 1098 2882 jam
1159 2809 1351 2874 fuisse,
1406 2823 1628 2877 quarum
1683 2805 1926 2875 exiguam

347 2903 627 2976 quamdam
659 2903 972 2972 particulam
1015 2901 1266 2970 spirando
1297 2899 1549 2964 traheret,
1583 2907 1634 2952 et
1661 2897 1927 2966 respiran-

347 2997 414 3051 do
441 2995 767 3062 refunderet,
795 2995 1006 3064 quando
1061 2995 1111 3048 in
1159 2993 1391 3048 hominis
1439 2991 1627 3045 faciem
1675 2991 1927 3056 sumavit,

347 3089 499 3159 eique
527 3087 620 3142 illo
661 3091 822 3141 modo
868 3087 1100 3141 animam
1146 3085 1289 3140 fecit.
1319 3083 1472 3154 Quod
1501 3093 1554 3138 et
1585 3083 1626 3136 si
1661 3084 1728 3136 ita
1760 3091 1924 3150 esset,

349 3197 443 3237 nec
470 3181 548 3236 sic
574 3181 638 3234 de
667 3181 802 3249 ipso,
853 3179 946 3234 sed
992 3179 1058 3234 de
1104 3179 1402 3249 subjacenti
1452 3193 1510 3232 re
1555 3177 1726 3248 aliqua
1766 3175 1929 3232 ﬂabili

350 3283 528 3338 posset
555 3285 673 3324 esse
702 3269 842 3338 quod
873 3269 1033 3321 ﬂavit.
1067 3267 1174 3323 Sed
1215 3268 1351 3321 absit
1387 3277 1442 3319 ut
1481 3281 1732 3332 negemus
1764 3267 1934 3320 omnl-

343 3361 612 3422 potentetn
649 3353 716 3408 de
750 3353 918 3408 nihilo
956 3354 1137 3408 ﬂatum
1165 3355 1287 3408 vita:
1325 3353 1503 3409 facere
1535 3355 1789 3424 potuisse,
1822 3371 1928 3426 quo

343 3443 492 3498 ﬂeret
518 3443 682 3499 homo
710 3445 762 3498 in
789 3445 1020 3499 animam
1051 3445 1220 3500 vivam
1249 3461 1262 3498 :
1290 3453 1448 3515 atque
1486 3445 1539 3499 in
1579 3459 1671 3499 eas
1707 3453 1928 3500 contru-

341 3533 532 3594 damur
555 3537 848 3605 angustias,
871 3549 930 3592 ut
957 3539 1036 3592 vel
1061 3537 1170 3608 jam
1203 3537 1366 3592 fuisse
1399 3537 1617 3607 aliquid,
1648 3537 1787 3608 quod
1815 3539 1928 3607 ipse

339 3641 444 3681 non
485 3637 664 3692 esset,
693 3629 832 3683 unde
863 3629 1042 3682 ﬂatum
1074 3629 1304 3694 faceret,
1335 3629 1647 3698 Opinemur;
1675 3629 1757 3684 vel
1785 3627 1926 3698 quod

337 3718 594 3773 mutabile
615 3717 807 3772 factum
829 3719 1087 3784 videmus,
1107 3719 1174 3773 de
1194 3735 1252 3773 se
1274 3720 1387 3788 ipso
1413 3720 1602 3773 fecisse
1623 3719 1922 3773 credamus.

337 3811 492 3879 Quod
517 3811 662 3866 enim
689 3811 756 3866 de
783 3812 900 3882 ipso
926 3821 1027 3876 est,
1057 3827 1279 3867 necesse
1310 3821 1391 3866 est
1421 3821 1476 3865 ut
1500 3811 1736 3881 ejusdem
1770 3822 1926 3865 natu-

339 3917 412 3956 ra:
433 3901 501 3955 sit
521 3901 676 3970 cujus
701 3901 814 3972 ipse
840 3911 940 3968 cst,
966 3915 1028 3955 ac
1057 3917 1150 3970 per
1171 3903 1271 3955 hoc
1298 3901 1456 3955 etiam
1483 3901 1809 3954 immutabile
1833 3901 1922 3954 sit.

338 3993 527 4048 Anima
557 4007 706 4059 vero,
729 3993 870 4063 quod
902 4005 1089 4047 omnes
1117 3991 1364 4056 fatentur,
1392 3993 1658 4046 mutabilis
1685 4001 1784 4046 est.
1809 3991 1923 4046 Non

337 4097 466 4153 ergo
501 4083 570 4136 de
597 4083 732 4151 ipso,
759 4083 881 4152 quia
909 4099 1012 4137 non
1043 4091 1124 4137 est
1164 4081 1506 4136 immutabilis
1534 4083 1670 4136 sicut
1709 4081 1842 4152 ipse.
1867 4080 1924 4137 Si

335 4185 513 4230 autem
543 4173 614 4230 de
653 4175 792 4228 nulla
837 4191 896 4230 re
940 4176 1044 4230 alia
1089 4175 1224 4230 facta
1265 4183 1366 4241 est,
1395 4175 1460 4230 de
1489 4175 1656 4230 nihilo
1683 4173 1816 4229 facta
1843 4185 1924 4230 est

337 4265 522 4335 procul
544 4264 725 4331 dubio,
749 4266 842 4320 sed
872 4267 938 4320 ab
969 4265 1104 4336 ipso.

405 4355 636 4413 CAPUT
677 4357 739 4410 V.
783 4387 852 4398 -—-
891 4359 944 4412 5.
985 4357 1136 4425 Quod
1183 4373 1312 4412 vero
1350 4373 1466 4412 eam
1509 4373 1612 4411 non
1657 4357 1920 4427 spiritum,

335 4446 428 4508 Sed
469 4463 664 4518 corpus
708 4463 829 4504 esse
871 4449 1178 4514 contendit;
1213 4449 1336 4519 quid
1366 4449 1509 4504 aliud
1549 4450 1658 4504 vult
1690 4451 1920 4515 eflicerc,

335 4555 492 4609 quam
524 4555 624 4596 nos
653 4557 758 4596 non
789 4557 853 4596 ex
894 4543 1068 4596 anima
1114 4553 1167 4596 et
1205 4557 1458 4610 corpore,
1497 4541 1590 4597 sed
1622 4559 1684 4596 ex
1716 4541 1924 4596 duobus

335 4630 416 4684 vel
445 4631 606 4684 etiam
640 4631 808 4687 tribus
834 4641 1082 4686 constare
1109 4633 1458 4700 corporibus?
1485 4633 1614 4687 Cum
1642 4633 1782 4690 enim
1810 4633 1920 4702 spi-

333 4721 459 4788 ritu,
499 4723 674 4776 anima
694 4765 709 4788 ,
745 4731 800 4777 et
825 4737 1054 4793 corpore
1083 4733 1325 4778 constare
1357 4739 1452 4778 nos
1475 4723 1631 4790 dicit,
1663 4733 1715 4778 et
1745 4723 1921 4778 omnia

333 4810 449 4866 haec
473 4811 574 4866 tria
603 4827 828 4882 corpora
854 4827 976 4868 esse
1004 4813 1227 4877 asserit;
1252 4813 1491 4888 profecto
1517 4829 1578 4866 ex
1610 4813 1779 4867 tribus
1805 4827 1924 4867 cor-

333 4904 554 4976 poribus
598 4919 696 4958 uos
741 4913 890 4976 putat
933 4921 1053 4960 esse
1095 4915 1418 4973 compactos.
1452 4905 1506 4976 ιιι
1537 4919 1638 4974 qua
1671 4903 1922 4971 opinione

331 5003 528 5065 quanta
557 5011 678 5050 eum
709 5005 968 5066 sequatur
989 4995 1310 5062 absurditas,
1341 4995 1414 5049 illi
1447 4995 1621 5065 potius
1642 5011 1798 5064 quain
1829 4995 1920 5048 tibi

332 5087 808 5158 detnonsttjaudum
833 5095 978 5157 puto.
1002 5087 1199 5162 Verum
1229 5087 1328 5142 iste
1355 5087 1645 5152 tolerabilis
1669 5103 1818 5141 error
1840 5099 1923 5141 est

333 5175 586 5242 hominis,
628 5177 718 5247 qui
766 5178 997 5232 nondum
1044 5177 1292 5248 cognovit
1341 5193 1460 5232 esse
1504 5177 1729 5248 aliquid,
1777 5177 1920 5248 quod

329 5282 451 5322 cum
480 5282 677 5338 corpus
707 5284 814 5324 non
847 5271 945 5336 sit,
973 5271 1214 5341 corporis
1245 5280 1420 5325 tamen
1451 5271 1732 5342 quamdam
1765 5272 1918 5326 simi-

329 5359 605 5414 litudinent
632 5375 820 5429 gerere
849 5362 1030 5429 possit.

399 5449 626 5506 CAPUT
668 5449 882 5506 Vl.—6.
906 5449 1034 5506 Illud
1064 5453 1218 5522 plane
1242 5454 1360 5524 quis
1389 5453 1542 5520 ferat,
1575 5453 1714 5524 quod
1750 5455 1800 5507 in
1829 5469 1914 5509 se-

330 5540 506 5600 cundo
547 5541 716 5608 libro,
757 5557 876 5598 cuto
921 5545 1268 5613 quaestionem
1303 5545 1668 5600 difﬁcillimam
1710 5547 1914 5600 solvere

327 5639 612 5686 conaretur
650 5631 718 5686 de
761 5632 998 5704 originali
1043 5645 1277 5704 peccato,
1320 5643 1580 5705 quatenus
1617 5635 1680 5688 ad
1723 5652 1914 5702 corpus

329 5723 664 5790 uitiatamque
709 5727 1000 5798 pertineat,
1047 5727 1088 5782 si
1131 5728 1302 5781 anima
1349 5745 1448 5800 nou
1497 5728 1561 5782 tle
1609 5727 1913 5800 parentibus

993 331 1078 402 DE
1119 327 1324 388 ANIMA
1369 330 1457 390 ET
1498 331 1662 389 EJL'S
1697 331 1996 402 ORIGINE,
2037 333 2093 391 S.
2137 331 2498 390 AUGUSTINI
2540 333 2741 393 LIBER
2781 337 3051 396 PRIMUS.

3559 343 3670 397 ιτιι

2081 444 2328 514 trahitur,
2361 447 2456 504 sed
2481 463 2511 503 a
2543 449 2651 504 Deo
2679 465 2818 504 nova
2849 429 3178 518 insumatur;
3233 453 3370 511 hanc
3397 469 3524 526 ergo
3551 467 3664 512 tam

2073 539 2350 594 molestam
2381 550 2434 596 et
2464 550 2568 594 tam
2599 542 2908 610 profundam
2940 545 3115 598 nitens
3145 545 3376 600 enmiare
3405 547 3658 616 quaestio-

2071 645 2192 686 nem
2219 649 2232 684 :
2263 631 2500 697 «Merito,
2534 651 2552 684 ι
2585 632 2772 702 inquit,
2807 653 2824 684 ι
2856 649 2948 702 per
2977 649 3213 702 carnem,
3245 637 3470 703 priscam
3501 653 3656 707 repa-

2075 731 2188 776 trat
2209 723 2590 784 habitudinem,
2621 741 2776 794 quam
2801 725 2908 780 visa
2933 725 3102 780 fuerat
3123 727 3390 797 paulisper
3411 731 3562 783 amisi
3575 747 3653 783 «se

2076 831 2094 865 t
2122 829 2214 882 per
2240 828 2475 878 carnem,
2511 825 2566 868 ut
2597 831 2692 884 per
2721 831 2836 868 eam
2867 817 3082 887 incipiat
3113 821 3336 882 renasci,
3371 835 3463 888 per
3491 835 3650 890 quam

2071 923 2094 958 ε
2119 917 2381 962 meruerat
2419 907 2698 977 inquinari.
2740 927 2759 961 ι
2792 909 2980 964 Cernis
3019 926 3211 979 nempe
3250 911 3516 964 hominem
3556 930 3622 966 au

2065 1011 2182 1050 sum
2224 997 2498 1066 suscipere
2540 998 2680 1068 quod
2717 999 2858 1054 vires
2888 1001 3002 1069 ejus
3038 1001 3280 1066 excedit,
3323 1002 3373 1054 in
3411 1011 3514 1054 tam
3546 1004 3614 1056 im
3629 981 3650 1042 ι’

2066 1101 2222 1142 mane
2247 1087 2594 1157 prtecipitiutn
2617 1088 2907 1155 decidisse,
2941 1100 2997 1144 nt
3023 1091 3218 1145 diceret
3247 1091 3506 1160 inquinari
3533 1093 3648 1144 ani-

2063 1193 2204 1232 mam
2233 1180 2490 1234 meruisse
2529 1195 2624 1249 per
2661 1195 2908 1244 carnem;
2952 1195 3071 1235 cum
3101 1181 3278 1236 dicere
3315 1182 3459 1236 nullo
3487 1181 3648 1236 modo

2061 1269 2258 1338 possit,
2305 1268 2444 1323 unde
2483 1270 2584 1324 hoc
2625 1271 2870 1324 meritum
2903 1271 3122 1325 traxerit
3163 1280 3284 1324 ante
3318 1287 3530 1332 carnem
3585 1271 3642 1326 Si

2058 1360 2198 1413 enim
2228 1375 2256 1412 a
2287 1375 2446 1414 carne
2473 1360 2656 1430 incipit
2683 1363 2929 1414 meritum
2959 1359 3153 1415 habere
3179 1361 3402 1430 peccati,
3433 1361 3564 1414 dicat
3597 1361 3640 1415 si

2059 1459 2246 1520 potest,
2281 1453 2418 1503 unde
2446 1459 2568 1502 ante
2597 1461 2869 1518 peccatum
2901 1465 3053 1502 suum
3085 1465 3244 1504 carne
3274 1451 3526 1505 meruerit
3557 1451 3640 1503 in-

2053 1541 2279 1611 quinari.
2313 1540 2442 1595 Nam
2485 1541 2584 1595 hoc
2621 1543 2866 1596 meritum
2897 1555 3004 1612 quo
3033 1544 3083 1596 in
3121 1559 3334 1598 carnem
3377 1545 3636 1613 peccatri-

2052 1645 2168 1685 cem
2203 1633 2364 1686 missa
2399 1641 2502 1696 est,
2543 1641 2598 1686 ut
2636 1633 3000 1702 inquinaretur
3034 1651 3099 1688 ex
3139 1635 3248 1699 illa,
3289 1635 3524 1704 profecto
3547 1647 3636 1689 aut

2050 1735 2115 1775 ex
2145 1723 2430 1793 semetipsa
2461 1721 2676 1787 habuit,
2719 1734 2839 1790 aut,
2874 1723 3012 1794 quod
3044 1741 3170 1778 vero
3200 1726 3366 1780 multo
3407 1727 3636 1796 amplius

2049 1809 2321 1878 abhorret,
2353 1827 2418 1868 ex
2452 1813 2581 1867 Deo.
2615 1814 2691 1867 Ex
2724 1829 2884 1868 carne
2913 1815 3107 1884 quippe
3135 1815 3380 1870 meritum
3409 1831 3510 1870 non
3541 1833 3634 1886 pn-

2047 1903 2147 1957 tuit
2173 1903 2372 1960 habere
2398 1913 2521 1958 ante
2547 1919 2783 1972 carnem,
2813 1921 2918 1975 quo
2945 1907 3136 1960 merito
3165 1907 3482 1976 inquinanda
3513 1909 3632 1961 mit-

2048 2006 2248 2050 teretur
2279 1997 2327 2050 in
2351 2012 2584 2052 carnem.
2617 1997 2675 2052 Si
2701 2013 2828 2068 ergo
2860 2013 2890 2052 a
2931 1997 3211 2066 semetipsa
3253 1998 3354 2052 hoc
3383 1999 3628 2052 meritum

2045 2085 2260 2150 habuit;
2289 2085 2556 2155 quomodo
2585 2087 2785 2152 habuit,
2813 2103 2934 2157 qu:e
2960 2098 3082 2141 ante
3107 2103 3320 2142 carnem
3347 2087 3476 2142 nihil
3504 2089 3626 2142 mali

2045 2175 2269 2231 11σοίιῖδί
2289 2185 2466 2231 autem
2494 2177 2594 2231 hoc
2619 2178 2863 2232 meritum
2893 2193 2956 2232 ex
2989 2179 3096 2232 Deo
3125 2179 3318 2232 dicitur
3341 2177 3624 2240 habuisse;

2040 2267 2271 2335 quisboc
2291 2267 2510 2321 audiat?
2537 2267 2656 2337 quis
2673 2268 2847 2322 ferat?
2873 2271 2992 2338 quis
3021 2269 3124 2324 dici
3155 2269 3368 2338 impune
3399 2269 3624 2338 permit-

2041 2357 2157 2409 tat?
2183 2355 2298 2410 Νοιι
2331 2357 2472 2410 enim
2503 2355 2605 2410 hoc
2635 2357 2751 2410 loco
2779 2357 3066 2426 quaeritur,
3098 2357 3220 2428 quid
3255 2357 3538 2416 meruerit.
3572 2369 3628 2412 ut

2032 2446 2362 2517 judicaretur
2388 2448 2684 2502 damnanda
2714 2457 2834 2517 post
2859 2463 3072 2503 carnem
3104 2466 3117 2500 :
3145 2448 3237 2502 sed
3267 2447 3390 2518 qttid
3417 2463 3626 2502 merue—

2039 2542 2105 2594 rit
2128 2549 2251 2594 ante
2272 2555 2488 2594 carnem
2517 2540 2585 2592 ita
2611 2539 2874 2604 damnari,
2905 2551 2960 2594 ut
2984 2539 3303 2609 iuquinanda
3329 2541 3626 2594 mitteretur

2036 2630 2088 2683 in
2116 2645 2352 2684 carnem.
2384 2629 2626 2698 Explicet
2659 2629 2760 2684 hoc
2785 2631 2826 2683 si
2851 2639 3044 2699 potest,
3075 2631 3163 2700 qui
3190 2639 3271 2685 est
3294 2645 3456 2685 ausus
3475 2631 3620 2684 dice-

2029 2721 2115 2788 re,
2148 2721 2409 2791 inquinari
2440 2721 2670 2774 animam
2702 2721 2961 2775 meruisse
2993 2737 3086 2790 per
3115 2736 3350 2775 carnem.

2103 2811 2328 2868 CAPUT
2347 2809 2532 2865 Vll.—
2551 2811 2604 2864 7.
2629 2811 2754 2864 Item
2781 2811 2888 2865 alio
2913 2811 3051 2878 loco,
3079 2827 3198 2864 cmn
3225 2811 3492 2876 eamdem,
3515 2825 3618 2880 qua

2031 2920 2090 2959 se
2133 2905 2246 2975 ipse
2291 2903 2658 2972 imphcuerat,
2701 2903 2846 2956 velut
2889 2901 3256 2971 explicandam
3299 2914 3630 2980 proponeret

2031 2995 2398 3065 qu:estiOnem,
2427 3001 2676 3063 tanquam
2703 3007 2768 3047 ex
2797 3007 3020 3062 persona
3060 2991 3482 3046 adversariorum
3509 2991 3614 3044 ait:

2035 3083 2206 3150 «Cur,
2253 3082 2530 3154 inquiunt,
2577 3081 2716 3137 Deus
2749 3083 2978 3136 animam
3011 3089 3116 3135 tam
3147 3080 3338 3148 injusta
3374 3079 3618 3134 animad-

2035 3195 2058 3226 ε
2087 3175 2328 3229 versione
2359 3173 2632 3229 mulctavit
2651 3215 2665 3238 ,
2695 3184 2752 3227 ut
2781 3173 2832 3227 in
2861 3187 3053 3242 corpus
3083 3187 3202 3226 eam
3233 3173 3436 3240 peceati
3477 3173 3616 3227 rele-

2035 3283 2058 3318 ι
2081 3281 2208 3336 gare
2230 3266 2248 3297 ί
2271 3265 2516 3329 voluerit,
2548 3279 2668 3320 cum
2703 3266 2975 3320 consortio
3001 3265 3175 3319 carnis
3203 3265 3471 3334 peccatrix
3499 3281 3618 3319 esse

2035 3373 2055 3408 ι
2084 3357 2298 3426 incipit,
2339 3373 2456 3426 qua:
2486 3358 2749 3427 peccatrix
2779 3371 2902 3412 esse
2931 3373 3033 3410 non
3068 3355 3279 3426 potuit?
3315 3373 3334 3408 ι
3371 3355 3427 3410 In
3461 3355 3618 3424 hujus

2029 3445 2339 3516 qu:estionis
2367 3453 2618 3516 tanquam
2650 3447 2934 3515 scopuloso
2959 3447 3192 3516 gurgite,
3225 3445 3408 3500 debuit
3436 3447 3616 3514 utiqoe

2029 3537 2582 3609 cavereuaufragium,
2603 3555 2701 3594 nec
2721 3553 2785 3593 eo
2807 3553 2866 3593 se
2887 3539 3244 3602 committere,
3269 3539 3408 3593 unde
3428 3553 3486 3592 se
3508 3539 3636 3591 noa'

2029 3639 2240 3685 erueret
2265 3631 2590 3686 transeundo
2611 3672 2626 3696 ,
2655 3629 2747 3684 sed
2779 3629 2912 3684 forte
2943 3629 3214 3683 redeundo
3234 3672 3247 3693 ,
3281 3630 3332 3684 id
3360 3637 3470 3694 est,
3503 3645 3616 3700 pm-

2031 3719 2267 3774 uitendo.
2299 3719 2432 3774 Nam
2460 3720 2527 3774 de
2553 3719 2884 3790 pra-scientia
2922 3717 3020 3773 Dei
3048 3735 3106 3773 se
3131 3720 3315 3772 nititur
3356 3719 3580 3774 liberare
3599 3761 3614 3783 ,

2030 3810 2124 3865 sed
2143 3811 2356 3864 frustra.
2379 3809 2718 3865 Pneseientia
2740 3811 2934 3880 quippe
2959 3811 3048 3866 Dei
3069 3823 3162 3864 eos
3182 3823 3316 3880 quos
3334 3819 3616 3862 sanaturus

2030 3909 2133 3964 est,
2169 3910 2472 3970 peccatores
2499 3901 2801 3972 prarnoscit,
2835 3916 2938 3955 non
2971 3900 3112 3955 facit.
3143 3900 3275 3954 Nam
3306 3899 3350 3955 si
3379 3913 3471 3953 eas
3498 3901 3614 3952 ani-

2031 4006 2146 4045 mas
2185 3991 2375 4044 liberat
2415 4006 2444 4044 a
2486 4002 2738 4061 peccato,
2784 4005 2917 4060 quas
2948 3991 3257 4044 innocentes
3299 4001 3354 4045 et
3391 3989 3614 4044 mundus

2029 4081 2288 4151 implicuit
2310 4081 2423 4150 ip<e
2445 4091 2686 4150 peccato,
2707 4081 2897 4134 vulnus
2918 4089 3069 4134 sanat
3089 4081 3225 4149 qttod
3247 4081 3418 4134 intulit
3438 4081 3610 4142 nobis,

2029 4189 2134 4227 non
2169 4173 2310 4242 quod
2349 4173 2548 4226 invenit
2586 4173 2636 4225 in
2675 4171 2846 4224 nobis.
2895 4173 3114 4225 Avertat
3142 4182 3318 4226 autem
3351 4173 3522 4232 Deus.
3559 4185 3613 4227 et

2027 4265 2244 4318 omnino
2273 4262 2431 4328 absit,
2451 4273 2504 4316 nt
2518 4263 2778 4327 dicamus,
2791 4262 3003 4332 quando
3021 4261 3228 4316 lavacro
3245 4265 3607 4333 regeneratio-

2029 4357 2111 4410 nis
2141 4356 2281 4410 Deus
2305 4355 2526 4409 mundat
2552 4356 2756 4409 animas
2783 4356 3142 4426 parvulorum,
3175 4365 3298 4410 tunc
3326 4371 3446 4411 eum
3475 4357 3611 4410 mala

2028 4463 2122 4501 sua
2163 4447 2452 4518 corrigere,
2495 4463 2612 4518 qu:e
2647 4447 2752 4502 illis
2791 4449 2905 4517 ipse
2943 4447 3090 4514 fecit,
3131 4463 3252 4503 cum
3289 4463 3380 4503 eas
3411 4449 3612 4502 nullum

2029 4539 2287 4594 habentes
2329 4550 2600 4610 peccatum
2645 4541 2920 4609 peccatrici
2962 4541 3142 4606 carni,
3185 4543 3336 4608 cujus
3370 4541 3612 4610 originali

2031 4639 2244 4700 peccato
2274 4631 2782 4695 contaminarentur,
2811 4631 3108 4685 admiscuit.
3143 4631 3286 4699 Quas
3313 4641 3485 4684 tanten
3513 4632 3614 4683 iste

2027 4737 2288 4778 accusans
2330 4721 2456 4777 dicit
2494 4723 2753 4791 inquinari
2795 4723 3058 4778 meruisse
3101 4739 3194 4791 per
3237 4737 3471 4786 carnem,
3517 4735 3614 4774 nec

2029 4823 2206 4885 potest
2242 4813 2420 4869 dicere
2453 4813 2590 4868 unde
2621 4821 2821 4866 tantum
2859 4815 2981 4867 mali
3019 4813 3310 4867 meruerint
3339 4821 3461 4865 ante
3491 4825 3613 4865 car-

2029 4923 2172 4963 nem.

2099 4997 2324 5054 CAPUT
2365 4997 2475 5052 Vlll
2499 5027 2573 5036 —
2599 4996 2652 5052 8.
2707 4996 2854 5052 Hanc
2883 5009 3010 5065 ergo
3037 4995 3384 5064 qu:estionem
3418 4993 3604 5048 frustra

2027 5103 2088 5143 se
2115 5099 2302 5159 putans
2330 5087 2396 5142 de
2423 5087 2753 5158 praescientia
2775 5087 2866 5141 Dei
2895 5101 3049 5156 posse
3077 5085 3371 5139 dissolvere
3391 5125 3406 5150 ,
3437 5085 3606 5139 adhuc

2027 5193 2087 5234 se
2109 5177 2351 5244 involvit,
2377 5189 2429 5232 ct
2453 5179 2620 5232 dicit:
2645 5195 2664 5228 ι
2691 5177 2876 5230 Anima
2899 5177 2942 5230 si
2967 5173 3230 5246 peccatrix
3255 5189 3373 5230 esse
3395 5177 3610 5239 meruit,

2025 5285 2144 5340 qu:e
2189 5269 2448 5339 peccatrix
2477 5283 2596 5324 esse
2644 5283 2748 5321 non
2789 5266 2978 5336 potuit,
3011 5275 3184 5320 tamen
3217 5281 3388 5336 neque
3415 5265 3465 5320 in
3497 5281 3608 5340 pcc-
3699 5275 3706 5282 '

2026 5339 2148 5413 cato
2175 5357 2447 5421 remansit,
2479 5357 2599 5426 quia
2629 5357 2678 5410 in
2710 5356 2920 5411 Christo
2952 5356 3278 5426 praefigurata
3309 5356 3372 5410 in'
3399 5339 3612 5425 peccato

2024 5465 2144 5505 esse
2199 5465 2302 5503 non
2361 5449 2573 5514 debuit,
2611 5449 2747 5503 sicut
2783 5463 2902 5503 esse
2939 5463 3044 5502 non
3087 5449 3276 5517 potuit.
3311 5467 3329 5500 ι
3363 5447 3498 5516 Quid
3531 5457 3612 5502 est

2024 5541 2164 5610 quod
2191 5539 2334 5604 dicit,
2364 5557 2382 5591 ι
2413 5540 2678 5610 peccatrix
2705 5554 2823 5594 esse
2850 5555 2952 5594 non
2985 5539 3172 5611 putuit,
3208 5557 3224 5591 ι
3251 5539 3334 5594 vel
3361 5557 3380 5590 ι
3413 5540 3462 5592 in
3493 5555 3613 5607 per--

2029 5734 2046 5788 ι
2089 5677 2104 5705 ³
2143 5681 2334 5744 ιιιιιδδ.,
2361 5673 2585 5743 religare.
2625 5677 2696 5724 sic
2721 5673 2860 5736 infra,
2908 5689 2954 5724 ιι.
3005 5676 3092 5736 ιδ,
3149 5673 3374 5740 rrligan,
3401 5687 3505 5738 pro,
3531 5686 3605 5728 τίη

2047 5747 2196 5788 fault.

2047 5747 2150 5798 δραι
2164 5750 2196 5786 ι.
