4010 6186
394 278 496 340 ‘79

396 431 514 476 cato
543 436 796 478 essenon
837 418 1040 492 potuit,
1075 441 1095 476 ι
1127 421 1250 489 nisi,
1281 422 1478 484 credo.
1525 421 1570 476 si
1622 434 1728 479 non
1769 417 1980 474 veniret

399 513 448 564 in
478 512 734 572 carnem?
762 512 944 583 Neque
971 513 1112 568 enim
1147 514 1314 583 potuit
1340 513 1586 583 originali
1615 517 1836 582 peccato
1861 525 1980 566 esse

400 605 682 669 peccatrix,
708 613 800 658 aut
824 619 1036 674 quoquo
1060 605 1220 660 modo
1244 604 1296 658 in
1323 601 1568 674 originali
1596 611 1812 670 peccato
1833 614 1972 663 esse,

401 695 500 747 nisi
529 709 622 764 per
645 709 882 757 carnem.
911 696 956 750 si
984 695 1054 750 de
1079 705 1296 765 parente
1317 709 1424 750 non
1453 693 1698 749 trahitur.
1729 692 1981 746 Videmus
2049 749 2056 754 ,

396 797 525 852 ergo
561 799 679 838 eam
720 799 814 852 per
853 786 1077 854 gratiam
1125 785 1341 842 liberari
1378 799 1408 838 a
1452 795 1670 854 peccato
1699 799 1712 836 :
1741 781 1836 840 sed
1875 796 1980 856 non

399 873 639 930 videmus
667 875 806 930 unde
831 877 1090 932 meruerit
1113 877 1320 932 haerere
1349 885 1586 947 peccato.
1617 872 1752 940 Quid
1781 882 1866 928 est
1890 887 1982 931 er-

355 970 359 974 ‘
394 977 462 1034 go
489 965 628 1035 quod
659 965 820 1020 dicit:
851 983 870 1020 ι
895 967 952 1024 Si
985 968 1249 1037 peccatrix
1273 983 1392 1023 esse
1419 967 1634 1031 meruit,
1667 981 1776 1022 non
1803 975 1981 1028 tamen

401 1055 452 1112 in
496 1065 713 1126 peccato
758 1059 1054 1113 remansit?
1089 1079 1108 1110 ι
1141 1059 1198 1114 Si
1222 1059 1364 1114 etaim
1401 1057 1469 1114 ab
1493 1058 1584 1113 illo
1604 1072 1856 1129 quazram,
1889 1071 1984 1129 cur

399 1160 506 1202 non
549 1147 598 1202 in
647 1160 866 1216 peccato
907 1151 1254 1215 remanserit,
1299 1150 1600 1206 rectissime
1641 1148 1982 1220 respondebit

399 1237 538 1306 quod
569 1253 686 1294 eam
727 1238 922 1296 Christi
953 1243 1119 1310 gratia
1154 1241 1476 1298 liberaverit.
1523 1241 1670 1296 Sicut
1700 1255 1827 1310 ergo
1855 1237 1984 1294 dicit

403 1326 541 1384 unde
561 1327 736 1382 anima
761 1330 964 1398 parvuli
987 1329 1144 1386 fuerit
1165 1331 1382 1386 liberata
1407 1331 1694 1402 peccatrix,
1721 1331 1796 1386 sic
1821 1330 1980 1384 etiam

402 1416 542 1470 dicat
573 1417 712 1472 unde
739 1421 992 1474 meruerit
1019 1437 1140 1476 esse
1167 1421 1451 1490 peccatrix.

471 1505 524 1560 9.
567 1507 672 1564 Sed
711 1509 835 1580 quid
878 1509 1024 1576 dicit,
1066 1511 1150 1564 cui
1193 1509 1296 1566 hoc
1329 1509 1468 1581 quod
1511 1510 1834 1580 przclocuttts
1861 1515 1979 1576 est,

401 1596 664 1670 cui‘itigit?
699 1597 938 1668 Namque
981 1607 1040 1654 ut
1077 1600 1233 1654 istam
1273 1601 1622 1669 quaestionem
1654 1599 1752 1655 sibi
1784 1614 1983 1670 propo-

407 1697 590 1751 neret,
635 1687 752 1742 ait:
785 1706 804 1741 ι
841 1689 958 1744 Alia
1001 1690 1382 1746 substruuutur
1420 1689 1704 1760 opprobria
1744 1689 1982 1760 querulis

405 1778 912 1838 tnurnntrationibus
977 1780 1391 1851 oblatrantium,
1453 1790 1508 1836 et
1571 1779 1780 1836 excussi
1828 1777 1982 1853 quasi

401 1865 631 1936 quodam
679 1869 914 1934 turbine,
971 1869 1258 1926 identidem
1289 1871 1427 1926 inter
1454 1869 1703 1924 immania
1727 1883 1854 1922 saxa
1879 1869 1984 1922 col-

399 1956 632 2012 lidimur.
678 1975 698 2010 ι
727 1957 839 2014 lloc
889 1961 934 2016 si
956 1956 1076 2030 'cgo
1103 1961 1170 2018 de
1199 1961 1290 2016 illo
1316 1960 1572 2027 dicerem,
1603 1959 1824 2014 forsitan
1855 1973 1981 2014 suc-

395 2059 659 2104 censet-et.
697 2049 866 2108 Verba
894 2060 1020 2108 sunt.
1047 2053 1164 2124 ejus
1198 2071 1210 2106 :
1239 2053 1432 2124 quibus
1464 2051 1752 2122 pranuissis
1783 2065 1978 2121 propo-

395 2139 501 2192 suit
542 2141 924 2209 quaestionem,
971 2143 1021 2196 in
1066 2159 1169 2214 qua
1213 2143 1326 2213 ipsa
1364 2158 1492 2198 saxa
1533 2141 1727 2212 quibus
1763 2141 1980 2196 collisus

397 2229 752 2301 naulragavit,
784 2233 1112 2290 ostenderet.
1140 2235 1220 2289 Ad
1249 2234 1350 2291 hoc
1375 2235 1518 2291 enim
1546 2233 1834 2304 perductus
1862 2239 1944 2288 est
1962 2271 1976 2296 ,

393 2331 448 2374 et
473 2329 577 2376 tam
603 2323 880 2378 horrendis
904 2326 1148 2380 cautibus
1173 2325 1346 2380 illatus
1368 2327 1384 2356 ί
1409 2367 1426 2393 ,
1454 2325 1732 2394 impulsus,
1760 2323 1976 2388 inﬁxus,

399 2421 452 2465 ιιι
482 2428 670 2468 eruere
694 2429 754 2470 se
783 2414 884 2470 nisi
911 2416 1242 2471 emendando
1267 2416 1411 2487 quod
1437 2416 1593 2482 dixit,
1625 2417 1844 2472 omnino
1869 2431 1977 2470 non

403 2500 606 2567 possit;
647 2517 754 2557 non
793 2505 978 2560 valens
1005 2505 1284 2560 ostendere
1321 2521 1426 2577 quo
1461 2507 1653 2560 merito
1691 2506 1866 2560 anima
1907 2505 1978 2562 sit

396 2588 532 2645 facta
565 2594 865 2661 peccatrix,
903 2611 1064 2665 quam
1098 2595 1280 2652 dicere
1317 2611 1422 2652 non
1465 2597 1638 2650 timuit
1668 2607 1792 2652 ante
1818 2612 1977 2652 omne

387 2696 551 2738 suum
581 2693 855 2754 peccatum
883 2688 1144 2744 meruisse
1169 2689 1280 2744 lieri
1312 2689 1680 2758 peccatricem.
1709 2688 1838 2758 Quis
1868 2697 1974 2746 tam

389 2771 625 2830 immane
644 2777 957 2846 supplicium
983 2786 1218 2834 meretur
1241 2779 1360 2834 siue
1381 2790 1620 2852 peccato,
1649 2780 1778 2835 utin
1803 2781 1973 2838 aliena

393 2861 668 2933 iniquitate
695 2876 1016 2937 conceptus,
1057 2878 1340 2939 antequam
1379 2879 1536 2926 exeat
1575 2870 1643 2928 dc
1682 2871 1976 2926 visceribus

365 2955 596 3021 'tuatris,
615 2957 726 3026 jam
749 2974 856 3014 non
881 2959 950 3014 sit
976 2959 1093 3017 sine
1115 2961 1370 3032 peccato?
1395 2961 1469 3018 De
1489 2961 1590 3018 hac
1613 2973 1788 3019 autem
1816 2978 1973 3034 ptnna

391 3044 733 3110 parvulorum
779 3047 1025 3114 animas,
1067 3049 1156 3120 qui
1201 3062 1582 3118 regenerantur
1625 3052 1678 3106 in
1723 3051 1970 3122 Christo,

393 3133 552 3188 nullis
585 3151 770 3191 eorum
815 3137 1236 3207 pracedcntihns
1275 3139 1486 3196 meritis
1517 3143 1743 3214 gratuita
1783 3144 1973 3202 liberat

389 3224 560 3294 gratia
583 3242 598 3279 :
619 3227 853 3297 alioquin
891 3229 1060 3297 gratia
1091 3229 1202 3300 jam
1237 3245 1344 3286 non
1381 3241 1464 3287 est
1495 3234 1661 3304 gratia
1684 3233 1861 3308 (Rom.
1887 3251 1968 3303 ιι,

389 3313 470 3384 6).
505 3314 734 3372 Proinde
780 3318 881 3374 iste
930 3318 1092 3374 homo
1121 3320 1274 3380 valde
1302 3321 1636 3396 intelligens,
1665 3326 1752 3382 cui
1780 3327 1971 3398 displi-

392 3412 478 3458 cet
501 3403 554 3459 in
583 3414 728 3462 tanta
753 3407 1128 3478 profunditate,
1155 3412 1254 3468 etsi
1281 3427 1386 3468 non
1411 3413 1586 3482 docta,
1615 3425 1790 3472 tamen
1816 3427 1967 3476 cauta

387 3505 566 3550 nostra
594 3498 884 3566 cunctatio,
915 3499 1056 3556 dicat
1081 3503 1125 3555 si
1149 3511 1348 3576 potest,
1375 3503 1426 3558 iu
1455 3505 1591 3562 hanc
1619 3521 1831 3576 pteuam
1861 3524 1968 3580 quo

385 3589 689 3656 pervenerit
715 3590 889 3644 anima
925 3593 1146 3657 merito,
1177 3593 1244 3648 de
1271 3610 1375 3664 qua
1403 3609 1561 3665 pana
1589 3598 1778 3654 liberat
1800 3601 1970 3671 gratia

389 3677 507 3732 sine
537 3679 746 3734 merito.
781 3681 948 3748 Dicat,
981 3691 1038 3742 ut
1064 3684 1204 3754 quod
1233 3685 1388 3750 dixit,
1418 3687 1616 3757 aliqua,
1647 3688 1695 3744 si
1724 3691 1967 3762 valuerit,

387 3765 590 3824 ratione
617 3766 888 3826 defendat.
937 3770 1054 3830 Non
1084 3773 1228 3830 enim
1257 3773 1360 3830 hoc
1387 3777 1654 3848 exigerem
1675 3819 1694 3846 ,
1725 3781 1826 3836 nisi
1856 3781 1971 3852 ipse

385 3853 608 3912 dixisset
647 3859 790 3933 quod
833 3862 1010 3918 anima
1051 3865 1305 3920 meruerit
1331 3879 1454 3922 esse
1495 3869 1785 3938 peccatrix.
1819 3871 1972 3934 Dicat

386 3948 633 4007 meritum
659 3939 809 4022 ejus.
844 3963 1016 4010 utrum
1047 3955 1242 4012 bonum
1275 3955 1464 4024 fuerit,
1494 3974 1635 4016 anne
1662 3963 1878 4018 malum.
1911 3963 1968 4020 Si

386 4037 606 4106 bonum,
633 4058 740 4112 quo
764 4045 956 4100 merito
981 4045 1122 4104 bono
1154 4049 1295 4102 venit
1319 4048 1372 4105 in
1401 4050 1636 4108 malum?
1659 4051 1716 4108 Si
1745 4054 1964 4124 malum,

387 4131 527 4188 unde
554 4133 768 4204 aliquod
797 4137 992 4192 malum
1025 4140 1273 4194 meritum
1301 4151 1426 4198 ante
1453 4157 1612 4200 omne
1643 4156 1916 4214 peccatum
1943 4147 1969 4202 ?

387 4223 518 4277 Item
547 4224 666 4278 dico
694 4243 707 4279 :
733 4224 786 4280 Si
817 4225 1010 4284 bonum
1031 4270 1049 4296 ,
1085 4247 1190 4286 nou
1217 4247 1346 4302 ergo
1373 4248 1490 4288 eam
1519 4235 1686 4306 gratis
1704 4276 1722 4306 ,
1753 4237 1848 4292 sed
1876 4252 1966 4292 se-

382 4312 613 4367 cundum
641 4314 876 4370 dcbilum
905 4317 1092 4374 liberat
1114 4323 1282 4387 gratia
1305 4365 1322 4388 ,
1365 4323 1517 4394 cujus
1553 4326 1825 4395 praecessit
1852 4343 1966 4385 me-

387 4403 544 4458 ritum
579 4403 810 4473 bonum;
849 4423 912 4462 ac
943 4410 1022 4465 sic
1059 4412 1227 4482 gratia
1260 4415 1372 4481 jam
1408 4431 1512 4470 non
1550 4417 1654 4473 erit
1681 4419 1870 4489 gratia.
1907 4420 1962 4476 Si

383 4501 561 4545 autem
590 4493 809 4564 malum,
837 4514 1019 4565 qua~ro
1046 4501 1186 4570 quod
1212 4503 1276 4556 sit
1301 4521 1316 4558 :
1337 4517 1404 4558 an
1433 4505 1577 4575 quod
1601 4508 1745 4564 venit
1769 4509 1822 4564 in
1847 4524 1963 4566 car-

384 4597 509 4638 nem
529 4625 542 4648 ,
573 4597 678 4654 quo
709 4600 816 4640 nun
843 4589 1100 4657 venisset,
1129 4591 1230 4646 nisi
1259 4593 1396 4662 apud
1424 4609 1582 4666 quem
1610 4612 1716 4652 non
1747 4609 1830 4655 est
1877 4601 1963 4656 itt-

381 4675 593 4746 iquitas,
619 4677 734 4746 ipse
749 4678 1013 4735 misisset?
1025 4681 1304 4752 Nunquam
1329 4685 1487 4757 igitur
1506 4689 1606 4743 nisi
1627 4704 1688 4746 se
1709 4689 1762 4746 in
1781 4691 1964 4764 pejora

379 4766 738 4838 principitans,
765 4767 902 4826 hanc
923 4787 1074 4828 suam
1095 4777 1413 4832 sententiam
1434 4779 1684 4837 molietur
1700 4791 1962 4851 astruere,

379 4871 484 4928 qua
509 4858 650 4914 dixit
673 4860 812 4930 quod
837 4862 1011 4917 anima
1041 4867 1235 4920 meruit
1253 4883 1373 4924 esse
1396 4855 1680 4940 peccatrix.
1707 4873 1770 4927 Et
1791 4873 1859 4928 de
1881 4876 1963 4934 his

383 4949 596 5022 quidem
611 4954 866 5023 parvulis,
883 4971 1110 5026 quorum
1129 4959 1182 5014 in
1195 4959 1466 5032 Baptismo
1476 4963 1694 5020 diluitur
1705 4966 1964 5037 originale

381 5051 680 5112 peccatum,
711 5045 911 5101 invenit
935 5049 1393 5122 qualitercumque
1417 5055 1560 5124 quod
1583 5055 1806 5120 diceret,
1831 5074 1964 5128 quo-

379 5132 521 5186 niam
551 5136 879 5204 praescientia
911 5139 1002 5194 Dei
1032 5141 1490 5210 przndestinatisiu
1521 5147 1678 5202 vitam
1704 5158 1962 5207 aiternam

385 5223 514 5278 nihil
542 5225 730 5282 obesse
756 5231 1036 5299 potuisset,
1063 5233 1332 5304 paulisper
1356 5237 1530 5292 alieno
1555 5237 1818 5296 inbmrere
1842 5257 1964 5311 pec-

381 5323 520 5368 cato.
553 5314 704 5384 Quod
736 5319 1081 5376 tolerabiliter
1117 5322 1411 5394 diceretur,
1442 5327 1486 5381 si
1515 5343 1621 5382 non
1655 5329 1756 5384 iete
1784 5333 1962 5390 verbis

381 5407 494 5460 suis
532 5406 925 5480 implicaretur.
957 5412 1141 5469 dicens
1176 5417 1316 5486 quod
1345 5421 1600 5488 meruerit
1638 5423 1813 5478 anima
1842 5440 1962 5480 esse

381 5499 683 5568 peccarint;
715 5500 855 5558 unde
880 5518 939 5560 se
967 5505 1185 5562 omnino
1215 5523 1320 5564 non
1346 5509 1554 5581 liberat,
1585 5515 1686 5570 nisi
1713 5515 1813 5572 hoc
1835 5531 1961 5572 eum

379 5587 576 5644 dixisse
601 5593 874 5659 ptenitcat.

495 5747 570 5792 ει.
609 5752 659 5796 et
681 5751 809 5812 Lov.,
835 5747 1004 5802 illisus.
1033 5759 1128 5802 Am.
1159 5764 1210 5806 et
1227 5763 1350 5818 uss,
1379 5757 1556 5832 ἱιιαιςα,

1284 281 1372 338 DE
1411 279 1622 340 ANiMA
1663 279 1751 337 ΕΤ
1791 278 1952 338 ειυδ
1996 273 2286 344 OBlCINE,
2312 277 2369 333 S.
2412 278 2778 340 AUGUSTI.“
2803 355 2816 362 ‘

3565 285 3670 346 430

2157 413 2382 470 CAPUT
2413 413 2666 473 lX.—-lo.
2693 417 2770 472 De
2795 415 2900 471 illis
2921 427 3098 472 aute
3127 417 3362 486 parvulis
3387 419 3476 490 qui
3502 417 3674 476 morte

2087 505 2478 578 prazveniuntur
2505 507 2812 576 priusquam
2843 507 3178 576 baptizentur
3207 509 3260 562 in
3287 508 3523 578 Christo,
3549 527 3671 567 cum

2086 593 2410 661 rcSpondcre
2439 594 2723 658 voluisset,
2755 610 2917 650 ausus
2953 605 3036 650 est
3061 597 3141 650 eis
3179 600 3526 666 promittere,
3568 617 3673 656 non

2085 682 2258 738 solum
2303 683 2627 753 paradisum,
2677 700 2857 740 verum
2897 687 3058 742 etiam
3099 702 3320 758 regnum
3357 689 3617 755 caelorum
3657 709 3672 746 :

2086 790 2192 829 non
2223 775 2501 830 inveniens
2528 791 2632 846 qua
2662 776 2852 842 exiret,
2885 793 2952 833 ne
2983 777 3149 834 Deum
3179 779 3386 836 animus
3416 781 3674 843 innocen-

2087 871 2168 919 tes
2189 863 2371 920 dicere
2393 874 2672 934 cogeretur
2689 877 2891 922 aeterna
2915 878 3087 924 morte
3107 867 3382 937 damnare,
3409 887 3542 942 quas
3564 874 3679 936 unl-

2084 953 2138 1020 lo
2159 957 2350 1011 merito
2374 957 2709 1026 praecedente
2735 959 2956 1032 peccati,
2983 961 3130 1018 carni
3157 962 3341 1019 inserit
3364 967 3671 1035 peccatrici.

2087 1043 2190 1098 Sed
2220 1054 2507 1116 utcumque
2531 1050 2768 1120 sentiens
2794 1047 2921 1132 quid
2951 1049 3076 1104 mali
3106 1050 3124 1082 ι
3152 1049 3376 1120 dixerit,
3420 1054 3673 1135 singuli:

2084 1133 2280 1190 Christi
2311 1137 2476 1208 gratia
2505 1153 2711 1193 animus
2743 1123 2932 1212 redimi
2963 1139 3304 1210 parvulorum
3337 1143 3391 1198 in
3417 1126 3673 1217 aeternam

2085 1223 2244 1278 vitam
2278 1238 2606 1298 regnumque
2635 1227 2916 1296 cteiorum,
2945 1239 2999 1285 et
3026 1229 3082 1298 in
3107 1229 3186 1286 eis
3215 1247 3372 1302 posse
3397 1235 3533 1292 solvi
3557 1237 3672 1294 ori-

2085 1315 2261 1385 ginale
2285 1327 2560 1386 peccatum
2597 1319 2712 1376 sine
2741 1320 3012 1390 Baptistno
3035 1320 3255 1388 Christi,
3284 1325 3336 1382 in
3366 1340 3472 1396 quo
3500 1326 3560 1381 fit
3583 1343 3674 1386 ιθ-

2088 1407 2272 1463 missio
2302 1419 2641 1480 peccatorum
2667 1428 2681 1464 :
2711 1411 2896 1468 videns
2921 1427 3070 1484 ergo,
3101 1413 3152 1468 in
3181 1430 3340 1484 quam
3369 1432 3428 1472 se
3453 1419 3661 1490 profun-

2085 1497 2304 1572 ditatem
2335 1500 2633 1576 naufragosi
2661 1503 2884 1574 gurgitis
2905 1503 3128 1573 jecerit,
3153 1524 3184 1570 5
3215 1505 3376 1574 Sane,
3412 1527 3432 1562 ι
3469 1510 3666 1582 inquit,

2093 1604 2110 1638 ι
2145 1603 2244 1658 pro
2291 1591 2372 1645 eis
2415 1591 2712 1648 oblationes
2750 1593 3030 1661 assiduas,
3071 1605 3127 1650 et
3165 1595 3438 1654 offerenda
3475 1601 3670 1673 jugiter

2083 1687 2388 1740 sanctorum
2415 1696 2611 1738 cen5co
2636 1681 2896 1738 sacrificia
2927 1684 3284 1742 sacerdotum.
3319 1711 3333 1740 ι
3363 1690 3502 1747 Ecce
3527 1693 3670 1749 aliud

2086 1769 2226 1824 unde
2257 1787 2520 1844 nunquam
2551 1774 2791 1830 exiturus
2819 1785 2930 1838 est,
2978 1776 3078 1834 nisi
3107 1792 3228 1834 eum
3260 1779 3462 1838 dixisse
3493 1785 3670 1852 pinni-

2087 1870 2213 1916 teat.
2243 1861 2372 1929 Quis
2399 1863 2540 1918 enim
2582 1864 2772 1920 oll'erat
2799 1881 2996 1937 corpus
3035 1867 3274 1936 Christi,
3314 1874 3413 1930 nisi
3454 1861 3673 1945 pro-eis

2082 1953 2172 2024 qui
2202 1954 2439 2010 membra
2468 1966 2592 2011 sunt
2619 1949 2862 2014 Christi?
2891 1961 2967 2014 Ex
2997 1975 3104 2032 quo
3146 1971 3321 2020 autem
3354 1967 3423 2023 ab
3465 1969 3555 2025 illo
3591 1971 3673 2026 di-

2082 2054 2224 2098 ctum
2251 2058 2353 2112 est,
2399 2034 2515 2103 Nisi
2538 2050 2648 2120 quis
2671 2061 2874 2130 renatus
2900 2055 3052 2122 fuerit
3078 2071 3142 2110 ex
3160 2073 3290 2126 aqua
3315 2073 3363 2116 et
3393 2058 3592 2130 Spiritu
3623 2066 3668 2129 ¹,

2083 2152 2184 2192 non
2210 2147 2370 2206 potest
2394 2139 2586 2196 intrare
2622 2141 2674 2195 in
2704 2127 2912 2214 regnum
2938 2143 3030 2198 Dei
3047 2143 3225 2215 (Joan.
3259 2165 3334 2214 ut,
3357 2127 3452 2221 5)ξ
3482 2163 3536 2208 et
3562 2127 3673 2209 alio

2084 2225 2220 2292 loco,
2253 2227 2353 2292 Qui
2379 2231 2652 2296 perdiderit
2673 2232 2893 2286 animam
2927 2251 3072 2288 suam
3111 2249 3316 2306 propter
3336 2257 3433 2306 me,
3455 2243 3673 2302 inveniet

2082 2334 2192 2371 eam
2231 2318 2443 2388 (Matth.
2475 2337 2528 2386 κ,
2557 2322 2651 2391 59)
2678 2341 2692 2377 :
2719 2338 2874 2379 nemo
2907 2324 2966 2378 lit
2991 2327 3288 2382 membrum
3317 2331 3536 2396 Christi.
3565 2323 3670 2391 nisi

2080 2418 2174 2463 aut
2204 2409 2522 2478 Baptismate
2549 2413 2602 2468 in
2640 2410 2852 2469 Christo
2869 2425 2980 2482 ,aut
3008 2427 3178 2482 morte
3209 2434 3302 2488 pro
3327 2421 3560 2478 Christo.

2152 2499 2238 2553 li.
2284 2499 2436 2556 Unde
2472 2511 2528 2556 et
2565 2502 2701 2558 latro
2747 2505 2858 2572 ille,
2887 2521 2990 2560 non
3034 2517 3160 2564 ante
3202 2525 3414 2566 crucem
3461 2515 3666 2574 Domini

2079 2590 2355 2656 scctator',
2379 2591 2473 2647 sed
2497 2593 2549 2648 in
2566 2608 2725 2650 cruce
2740 2595 3036 2666 confessor,
3068 2599 3136 2655 de
3167 2617 3273 2672 quo
3291 2617 3668 2681 nonnunquam

2080 2681 2440 2751 prtejudicium
2468 2693 2730 2754 captatur,
2753 2687 2866 2742 sive
2889 2697 3140 2758 tentatur,
3158 2703 3346 2750 contra
3373 2695 3670 2766 Baptisma-

2079 2770 2146 2826 tis
2191 2783 2604 2844 sacramentum,
2643 2792 2675 2832 a
2712 2777 2978 2852 Cypriano
3016 2792 3202 2840 sancto
3245 2787 3384 2843 inter
3406 2801 3671 2862 martyres

2077 2873 2414 2932 computatur
2438 2864 2772 2939 (Cyprianus,
2805 2869 2974 2942 Epist.
2995 2873 3064 2928 ad
3081 2873 3436 2951 Jubaiauum),
3459 2882 3547 2956 qui
3567 2898 3670 2938 suo

2077 2953 2334 3043 sanguine
2369 2956 2732 3028 baptizautur,
2773 2963 2915 3032 quod
2945 2963 3212 3038 plerisque
3243 2984 3348 3025 non
3389 2953 3670 3043 baptiaatis

2075 3039 2317 3101 fervente
2361 3051 2729 3116 persecutione
2782 3057 3027 3124 provenit
3059 3057 3194 3130 (a).
3223 3059 3392 3118 Tanto
3436 3039 3670 3136 namque

2075 3133 2312 3204 pondere
2339 3152 2632 3208 appensum
2656 3151 2760 3208 est,
2803 3153 3112 3218 tantumque
3153 3150 3316 3207 valuit
3361 3155 3501 3224 apud
3541 3133 3666 3214 eum

2073 3225 2166 3296 qui
2196 3224 2310 3284 haec
2335 3228 2480 3284 novit
2516 3233 2843 3304 appendere,
2872 3237 3015 3308 quod
3055 3239 3334 3300 confessus
3359 3255 3444 3302 est
3479 3245 3668 3306 Domi-

2075 3331 2203 3372 num
2227 3319 2561 3388 cruciﬁxum,
2587 3334 2844 3394 quantum
2871 3327 2922 3382 si
2951 3327 3135 3386 fuisset
3157 3345 3256 3402 pro
3297 3333 3520 3392 υοιιιίιιο
3537 3354 3667 3398 cru-

2073 3407 2282 3470 ciﬁxus.
2313 3410 2464 3467 Tunc
2485 3413 2630 3471 enim
2660 3415 2794 3474 fides
2817 3417 2940 3490 ejus
2962 3419 3030 3477 de
3057 3421 3202 3494 ligno
3229 3423 3426 3495 floruit,
3451 3432 3668 3500 quando

2073 3501 2452 3574 discipulorum
2471 3509 2696 3566 marcuit
2715 3527 2731 3579 ;
2751 3511 2888 3568 nisi‘
2911 3515 3064 3586 cujus
3095 3520 3283 3576 mortis
3299 3531 3507 3582 terrere
3525 3541 3671 3582 mar-

2072 3605 2276 3664 cuerat,
2293 3597 2410 3666 ejus
2429 3601 2819 3660 resurrectione
2837 3607 3206 3664 reviresceret.
3229 3609 3308 3665 illi
3325 3613 3468 3668 enim
3481 3615 3668 3688 δαίμ»

2071 3695 2325 3740 raveruut
2339 3686 2406 3745 de
2421 3689 2704 3758 moriente,
2723 3693 2812 3750 ille
2825 3697 3064 3766 speravit
3076 3698 3128 3754 in
3145 3703 3534 3764 commoriente
3549 3726 3564 3761 :
3581 3686 3668 3764 ne-

2074 3773 2321 3848 fugerunt
2357 3778 2432 3834 illi
2477 3791 2751 3842 auctorem
2789 3785 2947 3853 vitae;
2989 3791 3196 3859 rogavit
3235 3792 3320 3849 ille
3355 3807 3664 3854 consortem

2073 3881 2244 3936 pelue
2263 3886 2276 3923 :
2290 3868 2576 3929 doluerunt
2587 3874 2663 3930 illi
2676 3885 2924 3949 tanquam
2935 3879 3165 3938 hominis
3177 3895 3428 3954 mortem,
3437 3889 3668 3948 credidit

2073 3957 2513 4034 lileregnaturum
2529 3981 2650 4023 esse
2660 3979 2780 4040 post
2791 3980 3014 4028 mortem
3030 3990 3046 4028 :
3061 3973 3410 4034 deseruerunt
3423 3979 3499 4036 illi
3511 3996 3668 4051 spon-

2071 4065 2246 4109 sorem
2267 4053 2474 4124 salutis,
2495 4056 2773 4115 honoravit
2794 4061 2884 4118 ille
2906 4063 3110 4120 socium
3130 4069 3324 4130 crucis.
3340 4069 3559 4128 Inventa
3578 4085 3664 4135 est

2072 4141 2126 4198 in
2143 4157 2210 4198 eo
2227 4160 2474 4218 mensura
2501 4151 2772 4223 martyris,
2793 4154 2882 4222 qui
2900 4165 3028 4210 tunc
3051 4156 3107 4212 in
3126 4157 3398 4216 Christum
3412 4163 3660 4232 credidit,

2071 4232 2284 4302 quando
2321 4235 2630 4294 defecerunt
2663 4241 2752 4310 qui
2782 4242 2938 4298 futuri
2969 4255 3120 4301 erant
3148 4257 3432 4322 martyres.
3465 4251 3534 4307 Et
3561 4253 3664 4312 hoc

2069 4324 2284 4394 quidem
2313 4329 2478 4384 oculis
2503 4329 2712 4390 Domini
2741 4334 2941 4390 clarum
2973 4336 3086 4403 fuit,
3123 4339 3214 4409 qui
3243 4355 3348 4396 non
3372 4341 3659 4413 baptismo,

2069 4421 2321 4484 tanquam
2349 4419 2587 4492 martyrii
2609 4423 2867 4492 sanguine
2891 4425 3092 4494 ablato,
3123 4437 3322 4486 tantam
3352 4430 3661 4494 felicitatem

2068 4507 2252 4570 statim
2268 4509 2492 4564 contulit
2505 4509 2654 4583 (Luc.
2673 4529 2828 4577 χχιιι,
2844 4515 2956 4586 45).
2979 4516 3082 4572 Sed
3101 4520 3264 4577 etiam
3279 4533 3523 4580 nostrum
3539 4527 3663 4596 (μή.

2071 4611 2176 4653 non
2197 4599 2519 4667 consideret,
2553 4614 2746 4673 quanta
2766 4605 2890 4672 nde,
2911 4619 3103 4680 quanta
3133 4626 3252 4682 spe,
3269 4624 3465 4685 quanta
3479 4617 3662 4676 chari-

2069 4696 2178 4744 tate
2203 4699 2429 4746 mortem
2454 4707 2554 4762 pro
2572 4693 2787 4750 Christo
2810 4697 3019 4755 vivente
3043 4703 3316 4773 suscipere
3344 4707 3537 4776 potuit,
3567 4714 3661 4780 qui

2068 4777 2228 4834 vitam
2255 4779 2308 4835 in
2339 4781 2600 4839 moriente
2621 4785 2885 4854 quaesivit.
2907 4787 3018 4844 Iluc
3045 4793 3268 4859 accedit,
3299 4796 3422 4865 quia
3452 4813 3561 4852 non.
3580 4777 3664 4853 in-

2067 4869 2394 4926 credibiliter
2415 4871 2638 4942 dicitur,
2671 4875 2930 4934 latronem
2967 4882 3055 4952 qui
3087 4892 3211 4939 tunc
3237 4888 3484 4956 credidit,
3507 4890 3660 4960 juxta

2071 4958 2351 5016 Dominum
2371 4961 2708 5030 cruciﬁxum,
2727 4982 2861 5038 aqua
2887 4969 2971 5024 illa
3001 4987 3120 5040 qua:
3135 4973 3204 5030 de
3229 4977 3446 5034 vuluem
3471 4958 3661 5038 lateris

2068 5049 2184 5118 ejus
2224 5051 2460 5118 emicuit,
2503 5062 2754 5124 tauquam
2793 5060 3156 5118 saeratissimo
3189 5065 3455 5137 baptismo
3493 5069 3658 5128 fuisse

2071 5139 2362 5208 perfusum.
2392 5143 2460 5199 Ut
2496 5147 2736 5204 omittam
2763 5151 2906 5220 quod
2943 5167 3091 5223 eum,
3115 5167 3396 5228 antequam
3431 5161 3656 5222 (lanata-

2069 5238 2236 5302 retur,
2257 5231 2574 5304 baptizatum
2601 5252 2707 5295 non
2735 5239 2924 5312 fuisse,
2945 5247 3194 5316 quoniam
3225 5265 3384 5306 nemo
3411 5263 3659 5314 nostrum

2135 5409 2151 5474 ξ
2189 5405 2355 5474 Plures
2375 5416 2504 5468 Mss,
2529 5413 2658 5474 quod
2675 5414 2820 5466 male.

2131 5467 2158 5549 ἒ
2167 5469 2322 5549 farti,
2345 5483 2410 5520 ea:
2431 5465 2559 5536 aliud
2579 5480 2626 5525 et
2647 5465 2826 5541 Spiritu
2842 5487 3022 5533 sancto.
3061 5485 3225 5547 Abest,
3241 5465 3424 5549 sancto,
3448 5504 3477 5542 a
3495 5505 3648 5544 innu-

2067 5535 2432 5654 milia-imus
2456 5601 2560 5654 Ms.,
2583 5607 2786 5651 secutor.

2130 5651 2152 5721 ξ
2186 5651 2315 5721 idem
2340 5651 2587 5721 Vaticanus
2612 5667 2713 5721 νς»,
2737 5671 2803 5714 ιιι.

2130 5711 2205 5796 (ἐι)
2227 5714 2343 5796 νῆες
2367 5715 2584 5796 “inﬁde
2611 5711 2737 5796 capi.
2764 5711 2928 5796 etiam
2947 5734 3133 5796 liquat"
3159 5745 3206 5781 ιι.
3229 5731 3307 5796 29,
3342 5743 3394 5786 et
3420 5736 3472 5785 il
3503 5739 3646 5788 luem.

2071 5787 2120 5833 ιι.
2144 5772 2236 5835 δι,
2279 5774 2362 5827 lib.
2389 5778 2421 5828 Ξ
2457 5772 2682 5842 Rett‘act.,'
2705 5772 2784 5838 ες*
2805 5772 3033 5841 wet—53:
