4034 6182
333 318 426 394 Isi

327 453 496 515 norit.
531 465 692 508 nemo
731 451 1015 508 convincit.
1050 448 1242 507 Verum
1270 447 1386 508 haec
1423 453 1482 507 ut
1505 451 1648 507 volet
1689 455 1912 524 quisque

325 543 577 614 occipiat,
603 543 730 600 dum
779 553 955 598 tamen
979 542 1050 598 de
1085 542 1352 611 Baptismo
1385 557 1489 598 non
1534 543 1912 614 praescribatur

324 633 622 690 Salvatoris
665 641 952 704 praecepto,
983 634 1138 705 hujus
1177 633 1399 690 latronis
1425 634 1689 704 exemplo;
1713 643 1767 690 et
1803 647 1909 690 non

329 725 614 796 liaptizatis
637 725 867 795 parvulis
889 737 1048 781 nemo
1070 725 1340 796 promittat
1363 725 1502 781 inter
1513 723 1910 781 damnationem

325 827 662 886 regnumque
691 815 971 882 calorum,
997 815 1198 885 quietis
1229 814 1314 870 vel
1339 813 1606 870 felicitatis
1633 815 1916 884 cujuslibet

323 913 488 976 atque
541 905 760 961 ubilibet
798 905 948 976 quasi
991 904 1222 960 medium
1261 905 1456 960 locum.
1501 905 1613 961 Hoc
1653 907 1795 961 enim
1835 907 1916 962 eis

321 997 490 1052 etiam
535 997 753 1053 haeresis
778 996 1059 1068 Pelagiana
1095 995 1343 1068 promisit
1366 1015 1382 1052 :
1405 995 1528 1068 quia
1563 1011 1665 1054 nec
1685 997 1912 1052 damna-

327 1089 534 1145 tionem
581 1089 772 1144 metuit
805 1088 1072 1159 parvulis.
1107 1103 1242 1159 quos
1287 1089 1487 1142 nultum
1528 1096 1677 1160 putat
1705 1087 1912 1146 'iialiei-e

321 1179 588 1250 originale
610 1188 904 1248 peceatum;
936 1193 1036 1234 nec
1065 1187 1246 1249 sperat
1271 1179 1348 1234 eis
1383 1191 1603 1249 regnum
1630 1180 1908 1245 t'miit'rttm,

321 1269 368 1325 si
407 1285 516 1324 non
558 1269 874 1341 perveniunt
893 1270 960 1325 ad
995 1270 1333 1341 Baptismatis
1365 1281 1776 1326 sacramentum.
1810 1273 1912 1328 Iste

321 1369 506 1416 autem
549 1367 675 1418 cum
713 1360 1031 1418 conﬁteatur
1063 1361 1310 1432 parvulos
1351 1362 1590 1432 originali
1625 1363 1912 1418 obstrictos

318 1465 449 1507 esse
491 1459 732 1521 peccato,
754 1453 832 1506 eis
857 1451 1016 1506 etiam
1051 1465 1270 1522 regnum
1309 1451 1565 1506 animum
1607 1467 1712 1508 non
1743 1453 1912 1523 baptio

319 1543 460 1596 satis
483 1557 646 1597 ausus
660 1551 742 1597 est
755 1542 988 1612 polliceri
1013 1559 1029 1595 ει
1040 1541 1180 1612 quod
1196 1555 1296 1598 nec
1311 1541 1384 1596 illi
1402 1541 1514 1596 ausi
1541 1551 1682 1608 sunt,
1711 1543 1799 1613 qui
1817 1557 1911 1600 eos

318 1640 574 1688 asserunt
590 1633 707 1688 sine
727 1632 838 1688 ullo
858 1645 1080 1704 prorsus
1100 1642 1220 1688 esse
1247 1641 1484 1702 peccato.
1507 1633 1644 1688 Ecce
1666 1634 1910 1705 qualibus

319 1737 384 1778 se
429 1723 636 1794 laqueis
691 1716 1119 1794 praesumptionis
1164 1723 1430 1789 innectat,
1475 1724 1574 1780 nisi
1617 1739 1741 1778 eum
1787 1724 1910 1780 talia

318 1815 603 1883 scripsisse
630 1816 916 1885 pmniteat.

395 1903 620 1961 CAPUT
660 1904 726 1959 x.
753 1933 824 1946 -
849 1905 937 1960 l2.
980 1905 1054 1960 De
1079 1905 1244 1960 fratre
1269 1916 1448 1960 autem
1475 1913 1673 1960 sanctae
1699 1905 1901 1974 Perpe-

317 2005 433 2050 tua:
461 1995 762 2060 Dinocrate,
802 2011 904 2051 nec
929 1996 1189 2066 scriptura
1234 1995 1344 2066 ipsa
1374 1997 1628 2051 canonica
1669 2007 1771 2060 est,
1809 2011 1907 2052 nec

318 2083 414 2139 illa
438 2084 518 2139 sic
538 2085 769 2154 scripsit,
798 2084 883 2139 vel
905 2085 1223 2156 quicumque
1251 2084 1379 2140 illud
1409 2086 1640 2153 scripsit,
1672 2096 1727 2139 ut
1755 2085 1904 2140 illum

319 2189 550 2242 puerum
577 2175 668 2244 qui
702 2176 976 2247 septennia
1007 2185 1249 2230 mortuus
1280 2173 1472 2242 fuerat,
1499 2177 1616 2233 sine
1638 2175 1907 2246 Baptismo

315 2265 526 2320 diceret
568 2265 731 2322 fuisse
773 2265 1082 2322 defunctum
1115 2283 1132 2320 :
1164 2260 1263 2336 pro
1301 2279 1412 2328 quo
1460 2266 1548 2321 illa
1595 2265 1907 2324 imminente

317 2357 586 2432 martyrio
614 2358 852 2414 creditur
874 2357 1141 2422 exaudita,
1173 2365 1233 2414 ut
1259 2373 1289 2412 ii
1327 2357 1498 2428 pinnis
1528 2362 1906 2414 transterretur

317 2451 390 2505 ad
431 2449 689 2522 requiem.
729 2449 868 2506 Nam
905 2449 1048 2504 illius
1077 2447 1248 2504 etatis
1274 2447 1444 2518 pueri,
1484 2456 1541 2504 et
1572 2447 1808 2515 mentiri,
1850 2457 1905 2504 et

321 2553 512 2596 rerum
542 2539 706 2610 loqui,
735 2547 802 2595 et
821 2537 1084 2602 conﬁteri,
1119 2547 1176 2594 et
1213 2551 1410 2608 negare
1433 2537 1540 2608 jam
1567 2548 1806 2608 possunt.
1835 2536 1905 2592 Et

327 2629 454 2687 ideo
479 2643 600 2686 cum
625 2631 975 2700 baptizantur,
1006 2630 1116 2701 jam
1143 2638 1196 2686 et
1233 2629 1532 2701 symbolum
1573 2629 1821 2695 reddunt,
1850 2639 1906 2686 et

323 2721 426 2790 ipsi
452 2735 548 2791 pro
569 2735 630 2776 se
648 2719 715 2776 ad
743 2730 1064 2790 interrogata
1092 2719 1434 2791 respondent.
1473 2720 1604 2787 Quis
1627 2721 1786 2790 igitur
1803 2721 1905 2775 scit

323 2825 500 2868 iurum
519 2827 660 2884 puer
703 2813 794 2869 itis
817 2821 937 2883 post
979 2813 1327 2882 Baptismnm,
1358 2811 1742 2882 persecutionis
1769 2820 1905 2866 tem-

323 2914 456 2970 pore
482 2917 514 2956 a
541 2911 692 2972 patre
712 2901 880 2970 impio
905 2915 1000 2970 per
1025 2901 1375 2956 idololatriain
1403 2899 1562 2954 fuerit
1582 2899 1846 2954 aiienatus
1871 2915 1902 2956 a

320 2992 558 3056 Christo,
601 2999 822 3062 propter
845 2991 986 3060 quod
1017 2991 1068 3045 in
1098 2989 1490 3046 damnationem
1531 2990 1718 3044 mortis
1758 2989 1899 3056 ierit,

321 3097 423 3138 nec
460 3080 584 3138 inde
610 3083 710 3136 nisi
739 3097 834 3151 pro
865 3077 1081 3138 Christo
1119 3082 1392 3137 moritura:
1426 3082 1630 3138 sororis
1647 3080 1904 3152 precibus

319 3171 550 3228 donatus
561 3172 792 3228 exierit?

389 3261 618 3319 CAPUT
659 3261 748 3317 XI.
773 3254 952 3318 -'-l5.
992 3262 1098 3319 Sed
1129 3265 1334 3318 etiamsi
1373 3263 1477 3319 hoc
1520 3263 1610 3318 isti
1642 3262 1906 3320 conceiiao

323 3365 426 3416 tur,
447 3352 592 3424 quod
621 3353 766 3408 salva
796 3353 900 3408 tide
933 3353 1193 3408 cathoiiea
1222 3363 1278 3408 et
1301 3352 1665 3409 eccies'iastica
1693 3353 1899 3424 regula,

323 3442 464 3496 nulla
494 3441 700 3496 ratione
729 3442 1060 3512 conceditur,
1083 3452 1142 3495 ut
1169 3456 1264 3510 pro
1285 3456 1388 3496 non
1419 3441 1700 3512 baptizatus
1725 3453 1905 3516 cujus-

323 3533 454 3586 iibet
496 3533 670 3586 atatis
696 3532 998 3588 hominibus
1027 3531 1280 3586 oﬂ’cratur
1304 3532 1619 3588 sacriﬁcium
1661 3535 1903 3604 corporis

325 3631 379 3678 et
395 3622 671 3692 sanguinis
695 3622 918 3687 Clytien,
945 3631 1190 3694 tanquam
1212 3638 1308 3692 per
1325 3622 1624 3694 liujusinodi
1651 3634 1900 3694 pietatem

325 3727 542 3770 suorum
568 3713 635 3768 ad
653 3729 875 3784 regnum
896 3714 1158 3770 celerum
1182 3729 1290 3784 quo
1313 3725 1625 3784 perveniant
1648 3717 1904 3784 auguren-

326 3815 434 3870 tiir,
467 3805 598 3875 quid
635 3819 996 3874 responsurus
1033 3804 1212 3860 estde
1240 3813 1317 3860 tot
1351 3805 1599 3861 mittitius'
1619 3805 1898 3869 infantum,

325 3900 416 3968 qui
446 3905 737 3954 nascuntur
760 3912 827 3952 ex
859 3898 1052 3968 impiis,
1080 3913 1182 3954 nec
1203 3899 1260 3952 in
1281 3909 1470 3952 manus
1491 3899 1703 3962 piarunt
1727 3898 1901 3968 aliqua

324 3993 408 4047 rei
433 3992 615 4046 divina
636 3992 728 4046 'vel
760 3994 986 4046 humana
1023 3991 1368 4046 miseratione
1389 3991 1722 4060 perveniunt,
1751 4000 1807 4046 et
1833 3989 1902 4044 de

329 4083 430 4137 ista
460 4082 566 4135 vita
593 4082 644 4136 in
675 4081 764 4135 illa
793 4081 1076 4137 tenerrima
1101 4089 1277 4142 aetate,
1306 4081 1424 4135 sine
1443 4079 1652 4134 iavaoro
1679 4093 1908 4149 regem»

323 4173 546 4226 rationis
570 4169 898 4226 abscedunt?
923 4169 1095 4238 Dicat,
1121 4171 1166 4226 si
1182 4178 1382 4240 potest,
1411 4167 1550 4224 unde
1573 4178 1690 4224 ista:
1708 4169 1907 4229 animm

325 4263 402 4316 sic
429 4261 893 4331 peccatricesiieri
939 4269 1268 4326 meruerunt,
1306 4268 1366 4314 ut
1397 4273 1425 4313 a
1455 4267 1674 4328 peccato
1711 4259 1902 4312 saltari

324 4367 424 4408 nec
447 4361 629 4422 pristes
669 4352 976 4408 liberentur.
1023 4350 1078 4407 Si
1124 4349 1268 4406 enim
1311 4363 1570 4419 quierant,
1599 4363 1766 4419 quare
1805 4349 1902 4403 dii-

324 4444 498 4498 innari
521 4452 850 4508 mereantur,
873 4443 918 4496 si
945 4457 1054 4497 non
1093 4441 1461 4512 baptizantur;
1496 4449 1638 4494 recte
1661 4439 1790 4494 mihi
1817 4455 1906 4494 reh

325 4533 636 4600 spondetnr,
663 4542 882 4602 propter
911 4531 1170 4602 originale
1189 4539 1483 4601 peceatinn.
1519 4530 1647 4584 item
1685 4533 1732 4584 si
1757 4545 1903 4600 qna:-

326 4639 464 4686 ra-m,
491 4623 633 4678 unde
656 4623 914 4677 traxerint
937 4621 1195 4692 originale
1213 4629 1524 4690 peceatum;
1553 4625 1655 4674 iste
1673 4634 1904 4691 respon-

325 4713 487 4778 debit,
527 4728 596 4770 ex
629 4727 796 4768 carne
826 4713 1009 4783 utique
1045 4711 1360 4781 peccetrice.
1397 4711 1453 4765 Si
1481 4724 1610 4778 ergo
1641 4725 1898 4778 quierant,

324 4803 468 4862 unde
487 4805 744 4862 damnari
759 4803 1052 4860 meruerint
1073 4804 1125 4856 in
1147 4801 1496 4872 peccatricem
1516 4815 1758 4866 carnem,
1783 4814 1903 4864 qure

322 4896 458 4950 nihil
483 4895 621 4950 .mali
647 4895 886 4950 iecerant
929 4903 1058 4948 ante
1091 4906 1342 4957 carnem;
1375 4891 1465 4946 hic
1503 4889 1738 4946 inveniat
1773 4891 1904 4960 quid

323 4987 714 5056 mpontttsit‘;
763 4995 823 5043 et
855 4987 938 5042 sic
959 4985 1202 5041 damnari
1231 4984 1298 5040 ad
1325 4984 1614 5038 alienorum
1651 4994 1902 5052 pl‘ccama

323 5093 442 5134 rem
477 5077 751 5132 subeunda
781 5077 1047 5146 Μυσία,
1095 5083 1160 5130 ut
1195 5089 1296 5130 nec
1323 5073 1588 5142 Baptisms
1625 5076 1908 5142 regencret

323 5169 462 5222 male
486 5176 788 5237 generatos,
832 5181 936 5223 nec
957 5164 1216 5223 sacriicia
1239 5165 1456 5234 expiem
1479 5161 1798 5231 inquinatos.
1827 5161 1902 5216 liii

321 5259 466 5314 enin
493 5267 548 5314 et
592 5258 659 5312 de
689 5256 884 5312 talibus
923 5254 978 5309 lii
1007 5254 1216 5326 parvuli
1251 5254 1362 5308 nati
1405 5259 1552 5316 sunt,
1591 5252 1704 5306 sive
1729 5251 1904 5306 adhuc

325 5365 495 5420 usque
525 5343 846 5410 imitentur,
896 5355 956 5402 iit
999 5348 1082 5402 eis
1127 5345 1274 5400 nullo
1313 5343 1404 5398 tali
1433 5343 1604 5413 possit
1642 5341 1906 5410 adjutorio

323 5442 619 5497 subveniri.
651 5441 749 5496 ilic
787 5449 936 5494 certe
955 5439 1133 5494 euntis
1155 5433 1760 5506 argmentatiodeiicit.
1789 5433 1904 5488 Non

323 5533 468 5586 enim
485 5531 797 5601 quati-imus,
822 5529 970 5584 unde
991 5530 1184 5582 animm
1213 5525 1452 5579 damnari
1479 5525 1762 5579 meruerint
1786 5533 1909 5594 post.

389 5641 408 5675 ι
446 5638 614 5690 isthiec
635 5639 784 5704 yerha
802 5672 824 5696 ,
863 5635 944 5688 hic
961 5634 1172 5704 W
1191 5633 1632 5704 miidfespomteat,
1667 5630 1913 5704 nonnullis

325 5700 750 5812 in.
789 5695 1076 5761 υ-ιηενοδίιει
1115 5695 1228 5748 sunt
1263 5695 1385 5746 infra
1413 5695 1529 5758 just
1549 5727 1566 5757 ,
1603 5695 1793 5759 expiant
1833 5695 1908 5744 in-

314 5775 398 5820 qui
481 5773 557 5809 os.

1709 332 1906 394 manu
1933 318 2216 399 'iiniitus.

3503 364 3600 419 ‘82

2027 461 2202 512 carnis
2241 461 2566 520 consortium
2609 469 2916 536 peccatricis
2945 489 2956 525 :
2985 469 3078 528 sed
3107 475 3417 546 quzrrimus,
3459 483 3598 536 ninle

2023 546 2212 602 anima:
2237 547 2474 607 damnari
2497 557 2788 612 meruerint
2813 559 3235 618 ad'sulienndum
3263 569 3439 621 carnis
3458 585 3591 622 cun-

2021 639 2242 703 sortium
2271 642 2598 710 peccatricis,
2631 647 2830 704 nullum
2872 661 3143 721 peccatum
3177 657 3432 726 habentes
3469 671 3594 716 ante

2020 729 2196 783 carnis
2227 736 2552 790 consortium
2604 741 2930 808 peccatricis.
2972 740 3089 802 Non
3135 760 3218 802 est
3258 757 3318 802 ut
3365 750 3589 814 dicatur,

2025 835 2046 870 ι
2073 819 2212 878 Nihil
2233 823 2312 880 eis
2328 825 2500 882 obfuit
2519 827 2678 885 alieni
2697 834 2896 901 peccati
2921 836 3185 906 paulisper
3203 844 3594 898 communicata

2018 913 2283 1001 contagio,
2312 917 2505 986 quibus
2526 918 2578 974 in
2611 919 2700 976 Dei
2727 925 3060 992 prtescientia
3089 927 3260 984 fuerat
3285 941 3464 1001 parata
3505 949 3594 990 reo
3643 973 3653 995 ι

2019 999 2274 1092 demptio.
2305 1025 2325 1058 ι
2361 1007 2436 1063 De
2479 1009 2560 1066 his
2594 1013 2737 1066 enim
2775 1029 2916 1070 nunc
2937 1015 3220 1088 loquimur,
3250 999 3441 1092 quibus
3470 1035 3594 1082 ante

2020 1085 2344 1162 ﬂaptismum
2373 1097 2440 1154 de
2481 1113 2706 1170 corpore
2753 1085 3067 1162 exeuntibus
3108 1085 3404 1181 redemptio
3439 1117 3592 1172 nulla

2018 1186 2300 1239 succurrit.
2346 1185 2459 1242 Non
2498 1199 2581 1244 est
2622 1200 2679 1246 ut
2717 1191 2940 1262 dicatur,
2991 1214 3011 1247 ‹
3040 1197 3145 1252 Eas
3169 1213 3302 1269 quas
3326 1201 3588 1272 Baptisma

2019 1285 2124 1326 non
2168 1275 2354 1338 abluit,
2413 1279 2666 1335 sacrificia
2709 1297 2807 1352 pro
2859 1285 2940 1338 eis
2989 1288 3175 1342 crebra
3227 1291 3587 1358 mundabunt;

2013 1362 2155 1430 quod
2199 1367 2481 1434 pKI'SCielIS
2527 1369 2683 1434 Deus,
2732 1375 2999 1442 paululum
3047 1377 3164 1432 illas
3207 1381 3372 1436 voluit
3405 1382 3591 1439 alienis

2015 1451 2219 1510 haircre
2247 1461 2495 1526 peccatis,
2519 1461 2634 1517 sine
2663 1461 2769 1517 ullo
2789 1465 2951 1520 exitio
2974 1467 3326 1526 damnationis
3355 1481 3585 1537 πίοι-ηερ,

2013 1551 2200 1598 etcum
2227 1555 2323 1616 spe
2357 1547 2621 1604 reiicit-itis
2645 1561 2878 1608 internae.
2911 1573 2930 1608 i
2963 1555 3038 1612 De
3064 1557 3146 1612 bis
3169 1559 3311 1614 enim
3339 1576 3478 1617 nunc
3505 1563 3589 1618 lo-

2013 1635 2242 1704 quimur,
2280 1653 2498 1708 quarum
2529 1642 2775 1698 nativitas
2815 1646 2954 1714 apud
2991 1647 3182 1717 impios
3219 1659 3272 1704 et
3313 1665 3376 1706 ex
3409 1652 3588 1722 impiis

2012 1725 2151 1781 nulla
2185 1727 2303 1782 talia
2336 1731 2565 1799 potuerit
2591 1733 2827 1789 invenire
2855 1739 3120 1807 praesidia.
3145 1741 3273 1808 Quae
3293 1743 3506 1812 quidem
3535 1746 3580 1799 si

2009 1815 2247 1873 adhiberi
2287 1831 2524 1888 possent,
2557 1825 2929 1893 proculdubio
2957 1844 3060 1884 non
3105 1831 3383 1900 baptizatis
3419 1835 3584 1906 prod-

2009 1917 2130 1962 esse
2171 1921 2274 1963 non
2317 1919 2570 1980 possent:
2599 1915 2737 1969 sicut
2767 1932 2864 1972 nec
2904 1919 2992 1974 illa
3036 1937 3153 1990 qua:
3195 1921 3262 1978 de
3303 1923 3440 1979 libro
3467 1925 3580 1980 Ma-

2007 1993 2343 2053 cliabzeornm
2365 2006 2800 2060 commemoravit
2823 2009 3079 2064 sacrificia
3105 2026 3199 2078 pro
3217 2013 3583 2082 peccatoribus

2009 2089 2232 2144 mortuis
2257 2089 2323 2161 (il
2349 2091 2588 2148 Mue/mli.
2620 2112 2713 2164 tit,
2732 2097 2843 2171 43),
2871 2101 2948 2154 eis
2963 2100 3156 2172 aliquid
3177 2105 3517 2172 profuissent,
3533 2109 3578 2162 si

2007 2177 2306 2236 circumcisi
2331 2197 2436 2238 non
2460 2181 2701 2242 inissent.

2079 2268 2168 2324 14.
2207 2270 2442 2327 inveniat
2469 2289 2618 2344 ergo.
2663 2282 2710 2331 s‘i
2754 2283 2946 2346 potest,
2985 2279 3086 2336 iste
3113 2281 3240 2353 quid
3267 2283 3428 2353 dicat,
3457 2300 3582 2342 cum

2005 2357 2074 2413 ab
2098 2359 2188 2413 illo
2207 2370 2482 2430 quaeritur,
2515 2364 2642 2434 quid
2672 2368 2926 2424 meruerit
2951 2369 3151 2438 anima,
3177 2373 3295 2428 sine
3321 2376 3432 2430 ullo
3457 2391 3581 2446 pec-

2004 2458 2145 2515 cato,
2185 2453 2265 2507 vel
2307 2455 2570 2524 originali,
2611 2457 2696 2511 rei
2739 2461 2975 2528 proprio,
3019 2460 3098 2516 sic
3139 2462 3206 2517 ad
3248 2465 3580 2521 subeundum

2004 2540 2232 2596 alienum
2261 2553 2534 2611 peccatum
2565 2547 2821 2617 originale
2858 2550 3122 2617 damnari,
3167 2561 3358 2609 utnon
3395 2555 3462 2610 aii
3489 2557 3583 2611 illo

2003 2635 2176 2685 valeat
2196 2630 2408 2688 liberari
2440 2651 2456 2689 τ
2483 2642 2537 2690 et
2563 2637 2737 2692 rideat
2762 2637 2888 2708 quid
2915 2640 3075 2711 eligat
3101 2642 3372 2708 eduobus,
3403 2655 3578 2700 utrum

2002 2719 2144 2775 dicat
2167 2723 2327 2776 etiam
2356 2739 2449 2779 eas
2473 2727 2676 2780 animas
2703 2729 3037 2784 morientium
3069 2734 3427 2801 parvulorum,
3460 2753 3578 2806 quae

2005 2811 2128 2868 hinc
2172 2815 2288 2870 sine
2330 2817 2539 2872 lavacro
2578 2819 2994 2887 regenerationis
3035 2823 3347 2890 abscedunt,
3390 2834 3445 2880 et
3481 2841 3580 2897 pro

2002 2905 2194 2976 quibus
2215 2907 2419 2963 nullum
2445 2908 2761 2964 sacriﬁcium
2789 2913 3028 2982 corporis
3049 2913 3307 2970 Dominici
3335 2916 3574 2978 oli'ertnr.

2003 3013 2034 3052 a
2055 3015 2197 3055 nexu
2228 3001 2428 3070 peccati
2450 3001 2726 3072 originalis
2748 3002 2990 3069 absolvi:
3018 3019 3140 3060 cuni
3165 3007 3450 3076 Apostolus
3481 3007 3587 3065 do;

2001 3101 2140 3157 ceat,
2161 3107 2225 3148 ex
2256 3107 2362 3148 uno
2391 3092 2466 3148 ire
2491 3107 2684 3149 omnes
2709 3093 2762 3148 in
2788 3095 3285 3152 condemnationem
3319 3099 3494 3172 (Rom.
3522 3117 3576 3163 v,

2005 3181 2118 3248 16),
2147 3182 2340 3252 quibus
2368 3182 2547 3252 utique
2574 3197 2679 3238 non
2716 3184 2959 3238 sulircnit
2979 3185 3170 3256 gratia,
3205 3195 3265 3242 ut
3295 3204 3388 3257 per
3419 3207 3577 3244 unum

2001 3283 2256 3328 eruantur
2283 3274 2334 3328 in
2363 3273 2820 3344 redemptionem;
2848 3287 2915 3328 an
2943 3275 3086 3330 dicat
3111 3289 3316 3332 animas
3345 3294 3448 3332 non
3486 3280 3580 3334 ha-

2003 3364 2189 3420 bentes
2225 3365 2388 3419 nilum
2411 3365 2494 3420 vel
2521 3365 2817 3436 preprium,
2853 3367 2942 3422 vel
2987 3367 3244 3438 originale
3281 3378 3576 3438 peccatum,

2003 3461 2060 3510 et
2086 3458 2230 3508 omni
2272 3455 2432 3510 modo
2475 3455 2808 3522 innocentes,
2850 3455 3142 3525 simplices,
3171 3471 3352 3526 puras,
3385 3473 3413 3512 a
3435 3459 3580 3528 justo

2005 3545 2136 3612 Deo,
2172 3559 2292 3600 cum
2320 3557 2412 3600 eas
2438 3547 2554 3616 ipse
2581 3561 2688 3601 non
2727 3545 3032 3603 liberandas
3061 3551 3207 3604 carni
3247 3550 3428 3606 inserit
3453 3564 3579 3622 pec-

1990 3625 2204 3700 eatrici,
2231 3645 2427 3690 interna
2453 3636 2792 3694 damnatione
2811 3638 3012 3708 puniri.

2071 3725 2298 3782 CAPUT
2337 3723 2448 3782 Xli.
2482 3755 2548 3768 -—
2567 3727 2655 3782 15.
2697 3727 2810 3798 Ego
2838 3727 2970 3783 nihil
2996 3731 3216 3784 istorum
3245 3729 3471 3784 duorum
3497 3731 3580 3786 di—

2003 3817 2227 3872 cendum
2254 3831 2374 3872 esse
2401 3816 2662 3872 conlirmo
2687 3833 2702 3880 ;
2733 3833 2836 3875 nec
2867 3817 2994 3873 illud
3027 3817 3258 3880 tertium,
3295 3819 3420 3872 alibi
3453 3830 3580 3888 pee-

2005 3922 2156 3962 casse
2181 3911 2386 3962 animas
2410 3917 2534 3964 ante
2558 3923 2796 3974 carnem,
2825 3917 2883 3962 ut
2905 3908 3144 3962 damnari
3170 3917 3502 3963 mererentur
3523 3903 3576 3964 iii

2003 4014 2238 4053 carnem.
2269 3999 2557 4068 Apostolus
2583 3999 2780 4070 quippe
2799 3999 3134 4068 apertissimo
3160 3998 3417 4062 deﬁnivit,
3446 4012 3579 4053 non-

2003 4088 2128 4142 dum
2181 4088 2235 4143 in
2285 4101 2447 4144 carne
2497 4097 2651 4144 natos
2711 4087 2842 4142 nihil
2891 4087 3064 4158 egisse
3128 4089 3254 4144 boni
3309 4101 3403 4143 seu
3451 4091 3575 4144 mali

2005 4180 2176 4250 (Rom.
2207 4196 2282 4242 ιι.
2309 4177 2420 4248 11).
2450 4179 2602 4236 [inde
2625 4187 2852 4242 cimstat,
2887 4179 3157 4249 parvulos,
3189 4187 3245 4234 ut
3266 4179 3576 4235 remissione

2003 4269 2273 4340 indigeant
2299 4280 2661 4340 peccatorum,
2707 4269 2922 4324 nonnisi
2953 4269 3211 4340 originale
3247 4271 3579 4326 contraxisse

2005 4371 2300 4433 peccatum.
2333 4357 2442 4414 Nec
2493 4359 2624 4414 illud
2653 4367 2922 4436 quartum,
2965 4373 3058 4415 eas
3096 4359 3304 4415 animus
3327 4360 3580 4430 parvulo-

2009 4462 2127 4508 rum
2147 4451 2266 4506 sine
2293 4451 2613 4521 Baptismate
2643 4458 3022 4506 moriturorum
3043 4465 3074 4505 ι
3089 4450 3234 4520 justo
3257 4451 3365 4507 Deo
3389 4451 3442 4506 in
3463 4465 3582 4506 car-

2006 4555 2128 4596 nem
2153 4541 2502 4612 peccatricem
2541 4540 2766 4612 relegari
2811 4547 2970 4612 atque
2993 4540 3254 4608 danmari,
3283 4555 3416 4612 quas
3442 4555 3579 4612 prie-

2003 4633 2178 4696 scivit,
2223 4633 2268 4688 si
2299 4631 2365 4686 ad
2389 4637 2598 4686 aetatem
2628 4632 3017 4700 pervenissent,
3052 4631 3104 4686 in
3131 4643 3237 4699 qua
3269 4633 3438 4688 libero
3459 4641 3582 4688 ute-

2005 4731 2194 4778 rentur
2222 4722 2462 4788 arbitrio,
2505 4721 2648 4776 male
2695 4720 2860 4776 fuisse
2905 4722 3157 4776 victuras.
3199 4720 3310 4776 Hoc
3350 4733 3583 4790 inivitque

2007 4829 2104 4870 nec
2142 4813 2242 4868 iste
2269 4825 2430 4868 ausus
2452 4821 2534 4868 est
2557 4811 2756 4878 dicere,
2787 4812 2840 4866 in
2879 4812 3041 4866 tantis
3081 4807 3337 4880 angustiis
3373 4811 3580 4866 ostiati-

2007 4912 2150 4960 tutus
2181 4923 2194 4960 :
2228 4906 2338 4960 imo
2376 4905 2536 4959 etiam
2573 4912 2760 4958 contra
2802 4903 2958 4956 istam
2985 4901 3268 4956 vanitatem
3293 4899 3404 4970 jam
3443 4902 3580 4956 satis

2008 4997 2286 5053 manifeste
2310 5011 2374 5052 ac
2399 4977 2634 5051 breviter
2663 5003 2750 5048 est
2773 4995 3000 5059 loeutus,
3027 4992 3118 5047 tibi
3141 4991 3235 5053 ait.
3269 5009 3290 5042 ι
3319 4990 3583 5060 injectum

2009 5090 2176 5144 Donni
2199 5089 2431 5142 laturum
2451 5085 2646 5149 titione,
2675 5085 2720 5140 si
2749 5095 2852 5138 non
2876 5083 3124 5152 perlectis
3141 5081 3369 5151 propria
3393 5081 3588 5136 velitn-

2010 5181 2132 5234 tatis
2156 5178 2423 5248 operibus,
2447 5177 2608 5230 rciiet
2635 5175 2906 5230 hominm
2928 5171 3172 5242 judicare
3188 5185 3298 5226 non
3323 5178 3532 5226 natm
3557 5191 3582 5224 ii

2007 5269 2122 5325 Hoc
2164 5279 2310 5324 enim
2341 5265 2630 5336 respondit,
2669 5277 2794 5318 eum
2831 5270 3085 5316 tinctam
3121 5260 3478 5330 quaestioni»
3497 5261 3587 5314 ad-

2011 5371 2194 5412 versus
2231 5355 2440 5424 etiamsi
2468 5354 2668 5415 dicunt,
2711 5351 2820 5408 (iut-
2859 5351 3002 5406 Deus
3030 5349 3301 5405 hominem
3329 5350 3588 5415 faciebat,

2009 5459 2191 5518 quem,
2215 5455 2402 5512 utpote
2425 5443 2704 5515 macine,
2729 5442 2940 5496 sciebat
2961 5439 3199 5502 interni.
3219 5454 3326 5499 non
3348 5441 3546 5500 boni-ii
3562 5439 3594 5494 γ

2011 5538 2126 5595 Non
2155 5547 2338 5591 natum
2384 5535 2528 5590 enim
2547 5533 2830 5604 judicans.
2863 5533 2910 5586 si
2939 5540 3220 5603 propterea
3264 5545 3456 5588 creare
3491 5547 3590 5585 om

2012 5629 2220 5692 luisset,
2247 5625 2368 5696 quia
2398 5639 2504 5679 non
2538 5623 2736 5678 bonum
2763 5621 3000 5678 futurum
3021 5633 3142 5680 esse
3171 5622 3489 5690 promissor.
3521 5621 3588 5680 Et

2019 5724 2198 5792 utique
2223 5723 2359 5776 sicut
2392 5731 2442 5776 ιιι
2480 5719 2602 5775 huic
2633 5719 2800 5775 visum
2826 5727 2927 5780 est,
2955 5716 3024 5774 de
3053 5715 3302 5786 perfectis
3461 5727 3604 5784 cpe-2.
