4034 6182
380 311 486 371 $85

376 434 528 486 ribus
550 428 820 485 debuisset
848 424 1117 479 hominem
1148 419 1407 490 judicare,
1437 433 1542 472 non
1568 416 1635 471 de
1663 412 1956 485 praecogni-

378 528 473 587 tis,
515 538 614 579 nec
658 522 772 576 fieri
809 514 1092 589 aliquando
1126 512 1430 585 permissis.
1460 509 1593 566 Nam
1632 507 1677 562 si
1715 513 1959 576 peccata.

379 632 503 687 qum
538 615 581 668 si
612 613 770 667 homo
805 609 1003 663 viveret
1043 604 1429 665 commissurus
1466 605 1629 665 esset,
1657 599 1816 654 etiam
1851 610 1958 650 non

383 705 665 760 commissa
699 702 1017 757 damnantur
1045 697 1097 753 in
1138 706 1368 758 mortuo,
1401 690 1602 759 nullum
1641 690 1957 748 beneﬁcium

380 797 628 852 collatum
653 803 736 849 est
774 793 848 846 illi
876 791 965 861 qui
997 799 1176 859 raptus
1214 798 1286 844 est
1316 804 1379 842 ne
1410 786 1607 849 malitia
1630 791 1845 839 mutaret
1872 782 1960 837 in—

382 885 632 942 tcllcctum
656 885 766 954 ejus
795 881 949 957 (Sep.
984 896 1061 949 tv,
1092 880 1181 952 ll)
1200 898 1219 937 .:
1243 877 1674 950 quandoquidem
1700 873 1961 945 iudicabi-

383 987 470 1032 tur
493 972 788 1031 secundum
818 988 958 1035 eam.
981 987 1102 1042 quae
1143 971 1198 1026 in
1240 969 1332 1025 illo
1367 968 1537 1025 fuerat
1578 965 1961 1028 futura.,mali~

380 1066 543 1129 tiam;
578 1079 683 1118 non
720 1061 1014 1118 secundum
1061 1075 1204 1124 eam,
1236 1073 1355 1129 qua:
1400 1058 1451 1111 in
1480 1056 1575 1111 illo
1620 1056 1830 1110 inventa
1856 1061 1959 1115 est,

380 1157 738 1213 innocentiam
770 1172 783 1208 :
813 1163 868 1209 et
906 1153 975 1208 de
1026 1152 1171 1207 nullo
1206 1156 1419 1205 mortuo
1462 1148 1727 1219 baptizata
1768 1144 1963 1216 poterit

380 1263 500 1303 esse
539 1246 834 1311 securitas;
862 1244 984 1315 quia
1026 1251 1081 1299 et
1120 1253 1237 1313 post
1281 1241 1628 1311 Baptismum,
1665 1252 1771 1292 non
1800 1236 1964 1307 quali-

383 1350 691 1408 tercumque
720 1351 961 1407 peccare,
992 1350 1175 1390 verum
1198 1334 1356 1388 etiam
1385 1339 1687 1402 apostatare
1713 1329 1960 1383 hemincs

382 1437 621 1501 possunt.
647 1426 785 1497 Quid
811 1427 857 1482 si
894 1441 1023 1497 ergo
1046 1426 1137 1496 qui
1161 1424 1461 1493 baptizatus
1489 1422 1611 1476 hinc
1635 1429 1817 1490 raptus
1851 1428 1954 1483 est,

380 1528 620 1589 apostata
648 1528 763 1575 erat
791 1518 1019 1584 futurus,
1049 1517 1093 1572 si
1114 1516 1354 1579 viveret;
1385 1506 1658 1568 nullumne
1686 1511 1759 1576 illi
1793 1510 1960 1565 bene-

382 1612 555 1667 fieium
583 1611 889 1682 putabimus
930 1624 1052 1665 esse
1082 1608 1356 1672 collatum,
1403 1604 1543 1676 quod
1586 1613 1760 1685 raptus
1799 1611 1871 1656 est
1899 1617 1962 1655 ne

380 1703 575 1757 malitia
602 1710 812 1756 mutaret
837 1698 1145 1754 intellectum
1179 1698 1328 1768 ejus;
1359 1702 1416 1750 et
1442 1700 1661 1765 prepter
1701 1692 1794 1748 Dei
1824 1707 1961 1761 pra:-

379 1792 677 1854 scicntiam,
718 1806 822 1845 non
871 1791 1008 1844 sicut
1054 1787 1209 1843 fidele
1257 1786 1555 1842 membrum
1597 1783 1818 1846 Christi,
1863 1781 1958 1837 sed

380 1882 517 1937 sicut
531 1890 825 1952 apostatam
844 1874 1193 1949 iudicandum
1212 1892 1333 1933 esse
1355 1875 1692 1931 censebimus
1711 1873 1961 1941 ?Quauto

376 1972 518 2026 enim
554 1970 764 2038 melius,
807 1970 854 2025 si
883 1976 1097 2039 peccata
1128 1967 1365 2023 nondum
1402 1967 1561 2032 facta,
1596 1964 1829 2019 nendum
1874 1978 1958 2018 co-

376 2064 558 2131 gitata,
590 2060 683 2117 sed
709 2062 1030 2131 praecognita
1072 2070 1126 2116 et
1164 2059 1336 2114 futura
1375 2059 1685 2128 puniuntur,
1734 2055 1953 2127 projice-

375 2163 560 2209 rentur
583 2154 654 2207 illi
685 2153 792 2208 duo
821 2152 888 2208 de
920 2151 1164 2221 paradiso
1190 2160 1314 2206 ante
1337 2158 1636 2220 peccatum,
1661 2164 1729 2202 ne
1755 2149 1805 2202 in
1838 2148 1955 2202 loco

377 2255 484 2299 tam
520 2254 705 2299 sancto
745 2253 800 2299 et
829 2242 1075 2299 beatilico
1108 2241 1456 2313 peccaretur?
1490 2240 1648 2307 Quid,
1678 2239 1817 2309 quod
1846 2239 1957 2307 ipsa

374 2332 675 2388 e'xiuanitur
699 2332 913 2388 omnino
944 2331 1299 2402 prtescientia,
1322 2331 1363 2384 si
1380 2329 1522 2401 quod
1546 2328 1825 2399 przescitur
1851 2344 1955 2382 non

373 2424 513 2480 erit?
542 2423 818 2491 Quomodo
857 2424 998 2477 enim
1026 2429 1172 2477 recte
1207 2421 1400 2476 dicitur
1432 2420 1669 2490 μνωεείτί
1700 2419 1953 2484 futurum,

374 2514 516 2586 (ιιιοά
564 2531 668 2570 non
715 2522 801 2569 cst
851 2513 1122 2569 futurum?
1175 2510 1452 2581 Quomodo
1498 2526 1627 2582 ergo
1672 2512 1958 2581 puniuntur

375 2617 587 2678 peccata
610 2623 727 2676 qua:
757 2606 897 2660 nulla
917 2614 1075 2670 sunt;
1103 2603 1156 2660 id
1175 2612 1278 2671 est,
1305 2619 1423 2674 qua:
1452 2617 1552 2658 nec
1570 2602 1676 2656 vita
1705 2603 1805 2656 ista
1826 2617 1960 2656 non-

373 2701 500 2754 dum
544 2698 830 2767 incipiente
878 2695 1164 2752 commissa
1214 2702 1340 2749 sunt
1390 2701 1514 2748 ante
1558 2707 1807 2755 carnem,
1859 2706 1956 2746 nec

373 2798 544 2843 morte
567 2788 924 2858 praeveniente
953 2792 1073 2856 post
1094 2782 1353 2841 carnem?

443 2881 668 2938 CAPUT
707 2881 847 2937 Xlll.
872 2879 1053 2934 —l6.
1097 2878 1208 2933 lloc
1237 2877 1415 2947 itaque
1456 2874 1713 2940 medium,
1746 2888 1809 2928 ex
1850 2886 1956 2940 quo

374 2975 546 3028 anima
577 2973 737 3028 missa
766 2979 851 3027 est
892 2972 944 3026 in
980 2984 1219 3036 carnem,
1249 2983 1357 3039 quo
1381 2982 1547 3039 usque
1586 2967 1884 3021 solveretur
1925 2979 1955 3017 a

374 3078 555 3128 carne,
583 3062 832 3132 quoniam
860 3060 1062 3130 parvuli
1097 3059 1271 3114 anima
1299 3068 1403 3122 est,
1436 3072 1536 3112 nee
1574 3056 1722 3111 liberi
1751 3054 1955 3109 arbitrii

374 3155 539 3224 gessit
581 3160 818 3216 artatem,
869 3166 974 3206 non
1019 3149 1219 3206 invenit
1271 3148 1412 3203 unde
1453 3146 1797 3207 damnaretur
1849 3160 1956 3200 non

378 3250 623 3314 percepto
652 3241 942 3311 Baptismo.
986 3239 1090 3295 nisi
1117 3238 1374 3309 originale
1403 3244 1698 3308 peccatum.
1748 3235 1822 3290 Ex
1852 3234 1956 3291 hoc

378 3341 592 3401 peccato
620 3332 760 3402 iuste
799 3330 1043 3387 damnari
1087 3329 1319 3385 animam
1363 3343 1467 3384 non
1512 3342 1765 3398 negamus
1793 3343 1809 3382 :
1834 3327 1956 3398 quia

377 3432 595 3493 peccato
632 3422 947 3492 supplicium
975 3421 1060 3477 lex
1101 3420 1246 3492 justa
1288 3419 1581 3476 constituit.
1613 3417 1719 3474 Sed
1760 3416 1826 3472 ad
1856 3419 1956 3472 hoc

377 3522 650 3583 peccatum
690 3510 1021 3567 subeundum
1052 3525 1150 3569 cur
1174 3508 1419 3565 damnata
1450 3508 1539 3576 sit,
1570 3508 1883 3579 quaerimus,
1909 3507 1955 3562 si

377 3623 480 3661 non
519 3620 586 3661 ex
633 3604 720 3658 illa
769 3618 874 3658 una
919 3601 1168 3671 trahitur,
1215 3615 1335 3673 qua:
1376 3599 1431 3655 in
1474 3598 1689 3670 generis
1736 3596 1984 3654 humani

376 3697 548 3766 primo
591 3707 739 3766 patre
774 3693 1029 3766 peccavit.
1059 3692 1414 3760 Quamobrem
1461 3692 1506 3745 si
1537 3690 1679 3747 Deus
1716 3704 1824 3745 non
1862 3688 1957 3744 da-

376 3799 520 3844 mnat
556 3789 885 3851 innocentes,
932 3800 1033 3843 nec
1072 3783 1201 3840 facit
1242 3791 1497 3840 nocentes
1538 3797 1674 3853 quos
1701 3779 1954 3851 perapicit

376 3883 719 3965 iqnoceutes;
744 3888 801 3935 et
827 3878 873 3933 si
908 3877 1116 3932 animas
1140 3889 1246 3930 non
1272 3875 1464 3930 liberat
1496 3872 1608 3929 sive
1629 3872 1698 3928 ab
1719 3871 1952 3940 origina-

377 3961 532 4038 liluts,
560 3970 672 4027 sive
699 3985 730 4024 a
757 3967 986 4040 propriis
1008 3965 1260 4037 peccatis,
1286 3965 1385 4021 nisi
1414 3967 1465 4019 in
1497 3962 1732 4018 Ecclesia
1753 3961 1952 4017 Christi

377 4063 673 4133 Itaptismus
699 4058 929 4127 Christi;
966 4066 1022 4113 et
1045 4058 1089 4112 si
1117 4056 1311 4113 anima:
1339 4063 1463 4109 ante
1490 4068 1710 4111 carnem
1749 4051 1951 4107 nullum

375 4154 673 4211 habuerunt
691 4152 914 4207 omnino
939 4158 1247 4222 peccatum;
1273 4157 1328 4204 et
1351 4147 1397 4203 si
1425 4156 1636 4218 peccata
1669 4154 1952 4217 antequam

374 4247 790 4309 committantur,
840 4251 896 4299 et
931 4242 1101 4305 multo
1138 4239 1307 4312 magis
1345 4254 1467 4310 qua:
1507 4252 1774 4308 nunquam
1804 4250 1954 4291 com-

375 4336 535 4392 missa
562 4342 706 4401 sunt,
728 4330 966 4389 damnari
990 4331 1134 4401 justa
1156 4331 1271 4400 lege
1291 4343 1396 4385 non
1420 4335 1675 4398 possunt;
1709 4326 1836 4381 nihil
1859 4325 1954 4380 ho-

376 4440 491 4481 rum
520 4433 745 4496 quatuor
772 4422 874 4477 iste
901 4421 1080 4477 dicat:
1110 4428 1186 4487 et“,
1231 4420 1278 4476 si
1318 4424 1515 4489 potest,
1544 4416 1793 4487 explicet.
1827 4430 1951 4485 par-

372 4515 620 4573 vulorum
667 4498 1062 4581 animm,'quze
1110 4510 1227 4566 sine
1272 4508 1543 4578 Baptismo
1590 4516 1846 4563 exeuntes
1898 4507 1951 4563 in

374 4603 769 4660 damnationem
830 4601 1144 4660 mittuntur.
1199 4612 1306 4669 quo
1368 4595 1563 4652 merito
1612 4597 1666 4652 in
1732 4610 1949 4652 carnem

374 4695 722 4768 peccatricem
747 4708 869 4765 qua:
898 4691 1029 4747 nihil
1070 4696 1442 4761 peccaverunt,
1486 4686 1663 4743 missa:
1706 4695 1849 4752 sunt,
1894 4694 1953 4741 ut

372 4791 482 4847 illic
522 4788 830 4845 invenirent
868 4791 1167 4857 peceatum,
1197 4788 1413 4852 propter
1447 4778 1591 4851 quod
1634 4779 1826 4835 merito
1851 4778 1948 4834 da-

371 4890 700 4940 mnarentur.
730 4880 901 4936 Porro
924 4877 969 4933 si
995 4885 1221 4948 quatuor
1245 4875 1344 4930 ista
1372 4873 1637 4937 devitans.
1673 4888 1793 4943 qua:
1816 4887 1949 4928 sana

370 4974 610 5031 doctrina
637 4970 979 5036 condemnat,
1010 4967 1064 5023 id
1088 4974 1190 5031 est,
1212 4966 1258 5021 si
1283 4980 1388 5021 non
1413 4963 1617 5020 audens
1634 4963 1834 5029 dicere,
1863 4962 1947 5018 vel

366 5073 485 5127 sine
507 5070 620 5125 ullo
638 5074 858 5138 peccato
891 5064 1204 5128 existentes,
1243 5075 1272 5115 a
1305 5060 1417 5114 Deo
1444 5057 1557 5114 fieri
1585 5058 1790 5112 animas
1819 5069 1948 5125 pec-

366 5162 610 5228 ettriees,
637 5168 731 5214 aut
748 5156 864 5212 sine
891 5154 1086 5212 Christi
1114 5153 1462 5209 Sacramenta
1484 5148 1537 5204 in
1564 5148 1645 5203 eis
1671 5146 1805 5201 solvi
1833 5145 1945 5201 ori-

365 5253 545 5323 ginale
567 5259 865 5322 peccatum,
896 5256 990 5302 aut
1007 5260 1099 5302 eas
1131 5243 1326 5300 alicubi
1359 5254 1628 5312 peccasse,
1658 5247 1944 5308 antequam

366 5344 709 5399 mitterentur
733 5341 788 5395 in
820 5353 1059 5405 carnem,
1090 5345 1183 5392 aut
1219 5351 1281 5392 ea
1309 5349 1430 5407 qua:
1454 5347 1722 5404 nunquam
1744 5330 1946 5387 habue-

364 5446 487 5492 rnnt
520 5433 576 5491 in
615 5434 696 5491 eis
721 5440 936 5505 peccata
963 5429 1204 5488 damnari
1234 5447 1248 5482 :
1277 5428 1326 5485 si
1354 5428 1469 5483 hac
1504 5425 1663 5482 nobis
1698 5438 1803 5480 non
1844 5438 1943 5477 au~

365 5530 496 5586 dens
515 5527 716 5593 dicere,
735 5524 985 5596 quoniam
1005 5538 1113 5579 non
1139 5529 1264 5577 sunt
1288 5521 1469 5591 utique
1486 5516 1730 5582 dicenda.
1750 5516 1946 5571 dixerit

364 5619 612 5693 parvulos
634 5632 739 5672 non
771 5614 986 5672 trahere
1011 5612 1270 5685 originale
1297 5621 1592 5683 peccatum,
1622 5625 1722 5666 nec
1746 5608 1946 5663 habere

362 5711 502 5769 unde
523 5709 860 5769 damnentur.
890 5707 933 5761 si
966 5720 1069 5760 non
1100 5712 1320 5769 accepto
1347 5702 1691 5759 Sacramenta
1723 5713 1945 5768 regene-

1258 303 1352 360 ‘DE
1392 300 1599 358 ΑΝΙΜᾹ
1637 299 1724 355 ΕΤ
1765 296 1925 353 FJUS
1964 293 2263 363 OlthlNE,
2305 294 2360 352 S.
2401 294 2763 356 AUGUSTINI

3543 311 3650 371 ὂκῆ

2074 411 2293 466 rationis
2334 410 2457 467 hinc
2502 415 2822 480 exeant;’ln
2864 416 3111 479 haeresim
3156 418 3487 490 Pelagianam
3532 425 3654 481 alue

2069 499 2394 561 dubitatione
2430 505 2783 563 damnabilem
2808 508 3140 568 damnandus
3192 513 3446 570 incurret.
3492 516 3651 585 Quod

2070 593 2119 647 ei
2146 609 2214 648 ne
2247 595 2538 668 contingat,
2567 607 2767 668 quanto
2804 601 2994 656 melius
3020 611 3161 663 tenet
3192 603 3263 660 de
3303 606 3497 662 anima:
3533 608 3651 665 ori-

2068 687 2193 759 gine
2219 690 2609 746 cunctationem
2637 707 2831 757 meam,
2857 708 2925 749 ne
2965 695 3158 751 audeat
3193 696 3484 765 affirmare,
3505 699 3650 770 quod

2070 793 2169 834 nec
2196 778 2423 835 humana
2451 784 2656 837 ratione
2683 784 3107 854 comprehendit,
3139 801 3240 843 nec
3266 787 3449 844 divina
3468 803 3653 846 aucto-

2071 869 2233 926 ritate
2270 871 2536 939 defendit;
2591 889 2660 930 ne
2705 884 2929 946 cogatur
2976 876 3337 947 insipientiam
3386 880 3649 950 proﬁteri,

2068 960 2195 1017 dum
2220 970 2430 1018 veretur
2448 965 2796 1034 ignorantiam
2819 966 3082 1029 conﬁteri.

2138 1051 2364 1108 CAPUT
2400 1053 2635 1108 XIV.—
2667 1057 2749 1111 l7.
2792 1056 2888 1113 llic
2931 1057 3067 1114 forte
3106 1059 3269 1127 dicat,
3322 1064 3649 1131 sententiam

2068 1160 2219 1200 suam
2243 1146 2419 1202 divina
2441 1149 2756 1206 auctoritate
2779 1150 2994 1208 defendi
3024 1170 3040 1208 :
3067 1155 3317 1225 quoniam
3342 1168 3650 1214 sanctarum

2067 1235 2456 1306 Scripturarum
2499 1241 2816 1297 testimoniis
2839 1244 3065 1313 probare
3109 1261 3170 1302 se
3210 1248 3499 1313 existimat.
3529 1249 3649 1305 ani-
3728 1294 3731 1303 ε

2068 1342 2183 1382 mas
2206 1343 2237 1380 a
2268 1328 2399 1393 Deo,
2426 1344 2535 1385 non
2576 1346 2642 1387 ex
2675 1335 2961 1405 propagine
2984 1334 3122 1403 ﬁeri,
3147 1337 3245 1392 sed
3276 1353 3441 1393 novas
3473 1339 3651 1410 singu.

2068 1420 2134 1477 lis
2172 1420 2450 1477 insufﬂari.
2492 1422 2707 1489 Probet,
2753 1425 2798 1480 si
2825 1435 3020 1496 potest.
3050 1436 3104 1485 et
3149 1426 3356 1484 fatebor
3396 1445 3483 1486 me
3509 1429 3649 1485 didi-

2067 1510 2207 1566 cisse
2240 1511 2441 1577 abillo,
2471 1513 2614 1582 quod
2650 1529 2837 1584 magna
2866 1516 3159 1573 intentione
3190 1519 3512 1587 quaerebam.
3539 1518 3645 1575 Sed

2065 1610 2267 1685 qttterat
2297 1600 2423 1667 alia,
2452 1616 2520 1658 ne
2560 1601 2802 1659 fortassis
2831 1604 3062 1662 inveniat
3086 1624 3101 1661 :
3130 1622 3253 1662 nam
3293 1606 3395 1663 hoc
3424 1609 3541 1664 istis
3567 1618 3646 1665 te-

2066 1690 2365 1758 stimoniis,
2415 1707 2534 1761 qute
2573 1692 2685 1763 jam
2733 1694 2936 1762 posuit.
2983 1711 3089 1750 non
3146 1697 3405 1765 probavit.
3453 1696 3645 1752 Omnia

2064 1780 2258 1850 quippe
2282 1792 2400 1851 qua:
2427 1780 2513 1837 hic
2549 1782 2810 1850 adhibuit,
2851 1784 2918 1839 ad
2960 1785 3160 1855 aliquid
3202 1795 3348 1843 certa
3394 1796 3546 1850 sunt;
3577 1788 3644 1843 ad

2067 1872 2168 1927 hoc
2195 1887 2341 1937 vero,
2369 1873 2510 1943 quod
2552 1874 2622 1930 de
2660 1876 2853 1931 animus
2889 1877 3093 1948 origine
3120 1879 3394 1948 quaeritur,
3425 1880 3646 1936 demon-

2063 1974 2300 2021 strantur
2337 1967 2602 2037 ambigua.
2641 1966 2861 2022 Certum
2906 1977 2989 2024 est
3035 1969 3179 2025 enim
3227 1970 3392 2025 Deum
3430 1971 3646 2027 dedisse

2066 2058 2366 2114 hominibus
2403 2058 2583 2112 ﬂatum
2612 2066 2670 2114 et
2707 2060 2974 2128 spiritum,
3003 2059 3215 2115 dicente
3240 2060 3518 2130 propheta,
3550 2062 3645 2117 Sic

2064 2149 2183 2205 dicit
2215 2149 2457 2205 Dominus
2495 2153 2580 2222 qui
2605 2151 2724 2220 fecit
2760 2152 2966 2217 mlum,
3011 2163 3061 2208 et
3089 2153 3320 2223 fundauit
3349 2163 3553 2215 terrain,
3598 2163 3646 2207 et

2062 2255 2175 2309 qua:
2199 2250 2316 2295 sunt
2345 2241 2396 2295 in
2437 2258 2518 2307 ea,
2559 2242 2645 2310 qui
2672 2240 2760 2294 dat
2797 2242 2976 2309 [latum
3002 2243 3193 2313 populo
3234 2258 3385 2311 super
3420 2259 3552 2307 eaut,
3595 2253 3646 2296 et

2061 2331 2299 2399 spiritum
2313 2331 2620 2385 calcantibus
2649 2346 2758 2385 eam
2790 2331 2939 2403 (lsai.
2970 2347 3097 2397 ml,
3125 2332 3203 2402 5).
3244 2332 3356 2387 Hoc
3396 2334 3645 2390 testinth

2063 2422 2205 2477 nium
2230 2423 2329 2477 iste
2354 2424 2405 2478 in
2435 2438 2552 2479 eam
2574 2424 2893 2481 sententiam
2922 2425 3034 2480 vult
3060 2426 3252 2496 accipi,
3282 2440 3443 2497 quam
3455 2425 3648 2482 defen-

2061 2512 2157 2577 dit,
2189 2523 2244 2568 ut
2268 2512 2408 2584 quod
2438 2515 2537 2577 ait,
2559 2516 2649 2569 dat
2669 2515 2849 2583 ﬂatum
2876 2516 3084 2586 papula.
3129 2532 3235 2571 non
3262 2532 3327 2573 ex
3354 2517 3645 2588 propagine

2062 2602 2235 2659 facere
2264 2605 2470 2658 animas
2492 2606 2706 2675 pepulo.
2732 2605 2827 2659 sed
2868 2620 3034 2661 novas
3072 2606 3344 2663 insufflare
3368 2606 3643 2664 credatur.

2062 2692 2269 2749 Audeat
2294 2709 2422 2765 ergo
2450 2694 2630 2750 dicere
2649 2710 2755 2750 non
2784 2695 2953 2764 ipsum
2986 2696 3137 2751 nobis
3161 2696 3373 2752 dedisse
3395 2712 3640 2756 carnem.

2060 2784 2182 2855 quia
2208 2784 2277 2839 de
2302 2786 2608 2853 parentibus
2646 2786 2796 2855 origo
2834 2788 3011 2841 carnis
3038 2797 3261 2844 attracta
3300 2796 3401 2843 est.
3443 2788 3512 2843 Et
3550 2788 3617 2843 ul~

2060 2875 2135 2930 ait
2164 2875 2450 2943 Apostolus
2476 2875 2546 2930 de
2589 2874 2838 2931 frumenti
2865 2890 3053 2946 grano,
3085 2876 3221 2932 Deus
3244 2876 3324 2932 illi
3347 2878 3436 2932 dat
3453 2894 3641 2947 corpus

2059 2964 2308 3034 quantodo
2343 2965 2556 3019 voluerit
2585 2966 2629 3036 (I
2647 2964 2762 3020 Cor.
2799 2981 2895 3030 xv,
2928 2966 3020 3037 '58)
3043 2985 3057 3032 ;
3084 2976 3259 3038 neget,
3289 2967 3334 3022 si
3362 2968 3542 3032 audet,
3563 2968 3638 3024 de

2060 3057 2236 3112 tritico
2261 3057 2489 3112 triticum
2521 3058 2686 3120 nasci,
2712 3067 2766 3113 et
2796 3058 3013 3115 herbam
3038 3057 3155 3128 ejus
3194 3074 3266 3115 ex
3307 3060 3514 3115 semine
3552 3075 3647 3116 se-

2059 3147 2289 3200 cuttdum
2314 3162 2500 3217 genus.
2530 3147 2680 3214 Quod
2708 3148 2751 3202 si
2785 3163 2978 3218 negare
3005 3164 3108 3202 non
3138 3148 3332 3212 audet;
3365 3147 3509 3205 unde
3537 3149 3642 3221 igi-

2062 3243 2148 3291 tur
2197 3236 2300 3292 scit
2342 3237 2612 3307 quomodo
2662 3237 2860 3293 dictum
2904 3240 2993 3304 sit,
3050 3239 3141 3293 dtu
3162 3240 3358 3311 'ﬂatum
3409 3242 3599 3312 populo
3622 3252 3644 3297 :

2060 3334 2235 3383 utrum
2271 3342 2394 3383 eum
2422 3328 2636 3385 trahens
2664 3328 2732 3385 de
2762 3331 3088 3400 parentibus,
3134 3347 3201 3386 an
3232 3332 3511 3389 insulﬂaos
3535 3349 3638 3389 lto-

2059 3434 2181 3473 vum
2198 3418 2222 3473 ἲ

2131 3513 2216 3569 l8.
2248 3512 2403 3570 Unde
2422 3514 2581 3571 etiam
2608 3516 2740 3584 scit,
2773 3524 2946 3571 utrum
2974 3517 3231 3587 repetitio
3247 3518 3523 3574 sententir
3545 3518 3639 3585 sit,

2062 3604 2163 3673 Qui
2187 3605 2274 3661 dat
2296 3607 2479 3679 ﬂatum
2519 3608 2707 3678 popula
2735 3625 2890 3680 super
2912 3625 3025 3665 cum
3041 3651 3057 3677 ,
3089 3618 3136 3664 et
3179 3610 3411 3682 spiritum
3432 3609 3642 3666 calcasti

2059 3697 2192 3751 tibus
2208 3713 2319 3751 eam
2335 3713 2355 3752 :
2368 3696 2501 3754 utde
2519 3713 2623 3753 una
2640 3713 2699 3754 re
2720 3707 3000 3770 utrumque
3012 3700 3212 3756 dictum
3230 3699 3571 3771 intelligatur,
3587 3708 3643 3757 et

2059 3801 2164 3842 non
2195 3787 2427 3844 animam
2462 3789 2547 3844 vel
2606 3789 2850 3859 spiritum
2884 3805 2992 3861 quo
3008 3801 3192 3847 natura
3222 3792 3349 3846 vivit
3385 3791 3637 3857 humana.

2058 3879 2151 3934 sed
2172 3878 2427 3949 Spiritum
2446 3887 2686 3935 sanctum
2701 3879 3002 3951 signiﬁcare
3025 3881 3278 3937 voluerit!
3289 3881 3343 3937 Si
3357 3881 3501 3937 enim
3513 3881 3642 3937 ﬂatu

2059 3986 2164 4026 non
2194 3978 2374 4041 posset
2411 3971 2697 4041 significari
2726 3971 2957 4044 Spiritus
2980 3981 3217 4041 sanctus,
3248 3988 3357 4029 non
3385 3974 3642 4030 Dominus

2060 4069 2179 4130 post
2216 4060 2667 4116 resurrectionem
2713 4061 3035 4118 insufﬂasset
3057 4062 3360 4134 discipulis,
3387 4074 3444 4118 et
3465 4062 3641 4118 dixis-

2057 4158 2174 4214 set,
2195 4148 2418 4221 Accipite
2442 4148 2695 4220 Spiritum
2713 4159 2940 4205 sanctum
2971 4150 3161 4222 (toan.
3185 4166 3278 4214 xx.
3305 4150 3419 4220 εξ).
3453 4150 3640 4221 Neque

2057 4241 2312 4309 scriptum
2366 4249 2509 4296 esset
2555 4240 2609 4294 in
2637 4240 2858 4296 Actibus
2894 4242 3302 4311 Apostolorum,
3348 4241 3543 4297 Factus
3569 4250 3643 4296 est

2057 4330 2221 4386 subito
2248 4330 2312 4385 de
2353 4330 2481 4386 calo
2508 4347 2663 4387 sonus
2684 4370 2701 4397 ,
2723 4331 2868 4403 quasi
2907 4334 3124 4403 ferretur
3146 4332 3302 4402 ﬂatus
3345 4333 3638 4397 celem,

2057 4430 2105 4475 et
2130 4421 2250 4476 vista
2271 4430 2388 4477 sunt
2412 4421 2518 4476 illis
2548 4422 2736 4493 lingua
2772 4421 2949 4476 diuisa!
2986 4421 3116 4476 sicut
3141 4422 3304 4493 ignis,
3329 4422 3418 4492 qui
3437 4431 3487 4477 et
3512 4422 3645 4476 inse-

2057 4510 2130 4563 dit
2158 4526 2311 4579 super
2331 4525 2731 4580 unumquemque
2755 4526 2963 4576 eorum,
2998 4520 3045 4565 et
3083 4510 3276 4582 impleti
3310 4519 3429 4565 sunt
3472 4527 3644 4566 omnes

2058 4598 2261 4670 Spiritu
2276 4608 2449 4654 sancto
2465 4599 2599 4671 (Act.
2620 4615 2677 4662 II,
2698 4599 2844 4670 24).
2862 4598 2999 4667 Quid
3018 4600 3063 4654 si
3091 4599 3192 4655 hoc
3215 4599 3478 4670 Propheta
3501 4616 3643 4671 pra:-

2057 4690 2348 4755 nuntiavit,
2377 4690 2590 4754 dicens,
2628 4688 2729 4756 Qui
2755 4690 3043 4761 dat/latum
3083 4691 3274 4762 popqu
3308 4707 3465 4762 super
3488 4692 3644 4746 eam!

2055 4792 2110 4837 et
2158 4793 2407 4852 tanquam
2437 4797 2709 4851 exponens
2754 4781 2880 4851 quid
2919 4782 3113 4839 dixerit
3153 4784 3368 4850 ﬂatum,
3395 4785 3644 4854 repetivit

2054 4882 2215 4944 atque
2239 4872 2314 4928 ait
2330 4914 2345 4939 ,
2369 4882 2419 4927 et
2436 4874 2670 4943 spiritum
2693 4874 3004 4929 solemnibus
3022 4891 3134 4930 eaut
3149 4875 3175 4929 7
3196 4875 3345 4931 Tunc
3368 4876 3512 4931 enim
3529 4875 3650 4933 evi-

2054 4965 2364 5020 dentissime
2414 4963 2612 5020 factum
2656 4974 2767 5033 est,
2796 4966 3009 5037 quando
3051 4966 3256 5038 impleti
3300 4976 3427 5023 sunt
3450 4982 3643 5025 omnes

2054 5055 2255 5125 Spiritu
2273 5064 2478 5111 sancto.
2510 5056 2618 5111 Aut
2644 5057 2689 5112 si
2717 5057 2954 5112 nondum
2994 5058 3251 5115 dicendus
3277 5068 3359 5115 est
3386 5060 3641 5130 populus.

2053 5156 2267 5204 centum
2290 5148 2471 5219 viginti
2499 5148 2765 5213 homines,
2792 5148 2883 5218 qui
2904 5158 3031 5205 tunc
3054 5151 3249 5205 inloco
3272 5164 3379 5205 uno
3391 5150 3635 5213 aderant,

2053 5249 2198 5296 certe
2220 5240 2432 5310 quando
2455 5239 2612 5294 simul
2637 5248 2867 5309 quatuor
2899 5241 2981 5296 vel
3022 5241 3256 5312 quinque
3310 5241 3473 5296 millia
3515 5256 3641 5298 cre-

2053 5330 2335 5395 diderunt,
2361 5340 2427 5385 et
2462 5328 2710 5400 baptisati
2748 5339 3071 5401 acceperunt
3098 5330 3353 5401 Spiritum
3392 5342 3640 5389 sanctum

2054 5420 2164 5494 (Ιά.
2195 5437 2269 5487 tv,
2297 5416 2390 5488 δι)
2415 5456 2431 5485 ,
2478 5419 2598 5490 quis
2620 5418 2944 5476 dubitaverit
2991 5420 3152 5476 simul
3189 5420 3440 5492 populum
3479 5435 3638 5477 acce-

2055 5513 2197 5583 pisse
2224 5510 2480 5581 Spiritum
2511 5519 2774 5574 sanctum,
2806 5518 2862 5566 et
2884 5510 3273 5567 multitudinem
3301 5523 3421 5581 qua:
3444 5510 3640 5566 ambu-

2055 5605 2193 5659 labat
2222 5605 2273 5658 io
2306 5614 2465 5685 terra,
2496 5601 2547 5658 id
2569 5611 2675 5668 est,
2704 5603 2947 5659 homines
2966 5603 3237 5659 calcantes
3256 5600 3639 5659 terramll‘lam

2057 5696 2141 5752 ille
2167 5697 2255 5766 qui
2281 5694 2436 5749 datur
2460 5694 2525 5749 ad
2567 5701 2806 5748 naturam
2838 5692 3066 5749 hominis
3095 5694 3386 5764 pertinens,
3426 5692 3540 5749 sive
3569 5704 3634 5745 ex
