4034 6182
245 336 341 407 ιιι

239 457 537 528 propagine
558 457 735 526 detur,
765 456 878 513 sive
903 460 1069 513 no’Vus
1096 453 1393 511 insufﬂetur
1417 452 1672 528 (quorum
1698 453 1830 507 nihil

236 547 615 605 amrmandum
662 562 784 604 esse
830 545 950 604 dico
972 586 989 611 ,
1015 545 1190 602 donec
1227 545 1543 602 alterutrum
1573 543 1689 599 sine
1728 542 1832 597 ulla

236 636 574 692 dubitatione
596 634 887 706 clarescat)
916 649 1021 691 non
1051 633 1207 690 datur
1242 632 1572 693 calcantibus
1597 640 1792 687 terram
1814 671 1831 696 ,

234 725 328 782 sed
350 726 538 783 adhuc
563 735 808 782 materno
832 735 986 781 utero
1025 724 1264 782 inclusis.
1310 720 1467 779 Dedit
1493 736 1622 792 ergo
1648 721 1829 776 ﬂatum

234 820 436 891 populo
477 833 640 889 super
668 826 864 873 terram
885 858 902 883 ,
929 826 986 872 et
1036 815 1282 886 spiritum
1309 814 1635 869 calcantibus
1675 828 1793 868 eam
1814 852 1829 876 ,

233 910 453 981 quando
484 910 633 965 multi
656 909 817 964 simul
842 907 1144 973 credentes,
1174 906 1334 962 simul
1357 906 1545 975 repleti
1570 914 1692 960 sunt
1714 904 1833 974 Spi-

235 1004 339 1058 ritu
382 1011 597 1058 sancto.
626 1002 692 1057 Et
734 1004 849 1071 ipse
895 1000 987 1057 dat
1039 1016 1161 1057 eum
1203 999 1397 1071 populo
1437 1013 1569 1064 suo,
1596 997 1695 1053 etsi
1726 1012 1831 1052 non

234 1093 392 1151 simul
422 1092 674 1149 omnibus
690 1133 708 1159 ,
732 1090 828 1148 sed
857 1090 874 1123 ¹
899 1104 998 1146 suo
1030 1090 1220 1160 cuique
1242 1097 1499 1158 tempore,
1522 1086 1691 1159 donec
1719 1085 1832 1141 dis-

239 1182 489 1240 cedendo
515 1183 584 1239 de
611 1182 710 1237 hac
732 1182 840 1237 vita
863 1222 881 1247 ,
917 1190 974 1237 et
998 1177 1337 1236 succedendo
1366 1178 1418 1232 in
1462 1177 1599 1232 hanc
1626 1180 1786 1232 vitam
1811 1218 1829 1245 ,

238 1275 527 1329 universus
568 1272 809 1343 ejusdem
854 1270 1031 1341 populi
1079 1284 1333 1325 numerus
1370 1268 1701 1338 compleatur
1730 1283 1747 1322 :
1772 1276 1832 1341 ut

238 1367 339 1420 hoc
377 1375 582 1421 sancta:
604 1363 891 1433 Scriptura:
928 1362 1047 1417 loco
1072 1376 1178 1415 nou
1207 1358 1349 1415 aliud
1377 1359 1446 1413 sit
1473 1358 1663 1424 ﬂatus,
1690 1356 1831 1412 aliud

239 1455 494 1526 spiritus:
523 1454 621 1510 sed
650 1452 892 1524 ejusdem
936 1453 1216 1508 sententia:
1256 1449 1521 1522 repetitio.
1551 1448 1699 1504 Sicut
1727 1462 1831 1502 non

239 1556 320 1602 est
355 1547 499 1601 alius
525 1545 615 1617 qui
643 1544 846 1599 habitat
866 1544 919 1597 in
947 1542 1100 1598 caelis
1122 1582 1140 1608 ,
1170 1550 1223 1596 et
1249 1542 1384 1595 alius
1412 1539 1704 1602 Dominus;
1734 1551 1833 1593 nec

236 1637 380 1693 aliud
419 1645 504 1693 est
551 1632 805 1700 irridere,
837 1645 891 1690 et
927 1632 1067 1688 aliud
1108 1632 1437 1687 subsannare
1474 1629 1613 1686 :‘sed
1645 1628 1831 1684 eadem

240 1721 504 1785 senteritia
527 1727 751 1798 repetita
775 1735 878 1790 est,
903 1725 990 1780 ubi
1018 1724 1230 1794 legitur,
1256 1723 1355 1788 Qui
1381 1723 1572 1777 habitat
1597 1722 1649 1775 in
1670 1720 1828 1790 caelis,

242 1820 467 1873 irridebit
492 1835 578 1873 eos
598 1861 613 1882 ,
639 1828 688 1873 et
727 1816 977 1870 Dominus
1001 1814 1327 1869 subsannabit
1353 1829 1457 1868 eos.
1484 1812 1577 1868 Vel
1604 1827 1724 1867 cum
1751 1811 1832 1866 di-

238 1920 380 1964 ﬂum
408 1917 492 1964 est
526 1927 541 1963 :
566 1906 711 1961 Dabo
753 1906 840 1961 tibi
866 1916 1034 1977 gentes
1069 1906 1411 1961 haereditatem
1435 1913 1574 1958 luant
1592 1945 1606 1968 ,
1634 1913 1679 1958 et
1710 1918 1830 1972 pos-

243 2000 510 2053 sessionem
536 2007 675 2053 tuam
693 1998 820 2068 ﬁnes
849 2007 997 2052 terra:
1016 1995 1184 2070 (Psal.
1219 2012 1285 2063 ιι,
1313 1997 1368 2062 4,
1397 1995 1477 2067 8).
1504 1994 1619 2049 Non
1650 1994 1831 2063 utique

244 2090 380 2144 aliud
411 2090 550 2144 dixit
576 2088 949 2155 hwreditatem,
979 2087 1121 2141 aliud
1152 2088 1537 2156 possessionem;
1562 2100 1662 2140 nec
1684 2084 1829 2139 aliud

243 2189 407 2250 gentes
432 2220 448 2244 ,
476 2178 623 2234 aliud
649 2179 776 2249 ﬁnes
802 2188 949 2232 terra:
977 2192 996 2232 :
1019 2177 1115 2234 sed
1155 2177 1393 2247 ejusdem
1440 2176 1719 2231 sententiae
1747 2189 1830 2229 re-

248 2272 423 2340 petitio
461 2280 568 2327 est.
596 2269 664 2325 Et
688 2268 1100 2326 innumerabiles
1147 2268 1380 2327 inveniet
1419 2266 1723 2337 lmjusmodi
1750 2265 1832 2321 lo-

244 2363 484 2417 cutiones
537 2362 839 2417 divinorum
878 2360 1246 2432 eloquiorum,
1303 2358 1350 2415 si
1397 2358 1638 2414 advertat
1685 2357 1829 2430 quod

242 2453 383 2524 legit.

310 2542 396 2598 l9.
424 2542 581 2610 Quod
607 2550 785 2607 autem
812 2557 1018 2614 graecus
1045 2541 1177 2598 dicit
1204 2553 1371 2608 πνοήν,
1401 2541 1507 2597 hoc
1535 2540 1710 2597 Latini
1737 2557 1828 2597 va-

244 2635 319 2689 rie
363 2634 701 2706 interpretati
742 2642 902 2700 sunt;
949 2632 1235 2703 aliquando
1281 2631 1500 2700 ﬂatum,
1539 2632 1828 2707 aliquando

244 2723 503 2792 spiritum,
539 2722 823 2794 aliquando
853 2722 1274 2794 inspirationem.
1301 2721 1431 2776 Nam
1465 2722 1567 2777 hoc
1604 2722 1824 2787 verbum

136 2822 148 2831 '
244 2811 432 2868 habent
459 2812 674 2868 codices
695 2813 854 2884 graeci
883 2813 935 2867 in
984 2812 1086 2866 isto
1128 2811 1439 2882 prophetico
1480 2811 1823 2879 tessimonio,

245 2896 308 2956 de
329 2918 433 2973 quo
460 2917 606 2958 nunc
626 2904 853 2974 agimus,
875 2902 965 2957 ubi
999 2901 1199 2958 dictum
1242 2910 1360 2968 est,
1391 2900 1491 2968 Qui
1521 2901 1608 2956 dat
1641 2903 1826 2973 [totum

247 2992 425 3063 populo
450 3009 608 3062 super
626 3008 739 3046 eam
764 3008 783 3046 :
812 2991 912 3047 hoc
954 3002 1038 3048 est
1055 3033 1072 3061 ,
1100 3004 1264 3055 πνοήν.
1294 2990 1468 3062 ipsum
1498 2992 1717 3047 verbum
1743 3001 1826 3048 est

244 3093 295 3136 ct
321 3082 404 3137 ubi
432 3083 597 3137 homo
641 3082 906 3137 animatus
933 3091 1017 3137 est
1050 3100 1063 3136 :
1096 3080 1162 3136 Et
1203 3082 1468 3153 ima/ﬂavit
1497 3080 1633 3137 Deus
1658 3082 1712 3136 in
1736 3086 1822 3155 fa-

245 3172 361 3227 ciem
383 3164 496 3247 Ejus
520 3174 700 3243 ﬂatum
733 3173 845 3226 vita:
872 3170 1022 3243 (Gen.
1057 3187 1127 3238 ιι,
1156 3171 1232 3244 7).
1261 3171 1365 3229 Sed
1397 3172 1570 3243 ipsum
1597 3171 1820 3227 verbum

246 3271 322 3317 est
360 3274 414 3319 et
454 3264 510 3318 in
554 3263 766 3318 Psahno
806 3262 897 3318 ubi
931 3264 1140 3317 canitur
1168 3279 1182 3315 :
1211 3262 1387 3318 Omnis
1412 3262 1623 3333 spiritus
1652 3263 1825 3320 laudet

247 3348 515 3407 Dominum
541 3351 714 3427 (Psal.
743 3368 828 3417 cn,
858 3352 934 3423 6).
966 3350 1141 3422 Ipsum
1194 3360 1281 3407 est
1315 3361 1370 3408 et
1412 3352 1468 3407 in
1508 3352 1649 3408 libro
1675 3352 1778 3410 Job
1800 3394 1819 3422 ,

247 3442 330 3497 ubi
369 3445 627 3513 scriptum
679 3453 762 3498 est
787 3460 800 3497 :
828 3440 1086 3514 Aspiratio
1128 3453 1297 3497 autem
1341 3442 1710 3516 Omnipotentis
1749 3456 1824 3500 est

246 3548 350 3601 qua
371 3534 536 3588 docet.
564 3533 744 3589 Noluit
768 3533 947 3588 dicere
966 3574 982 3600 ,
1013 3532 1226 3600 Flatus;
1253 3532 1370 3598 sed,
1393 3534 1675 3606 aspiratio;
1698 3551 1820 3591 cum

248 3622 295 3676 in
337 3638 513 3694 grreco
561 3623 633 3679 sit
683 3635 798 3686 πνοή
827 3641 841 3677 :
873 3623 1012 3695 quod
1053 3625 1212 3679 etiam
1254 3623 1308 3679 in
1354 3624 1460 3680 illis
1489 3625 1666 3682 verbis
1693 3626 1824 3683 Pro-

249 3716 428 3781 phetas,
458 3715 528 3771 de
547 3716 738 3787 quibus
759 3731 898 3772 nunc
917 3716 1269 3787 disputamus.
1296 3717 1365 3772 Et
1383 3728 1528 3774 certe
1548 3718 1652 3775 hoc
1680 3718 1818 3788 loco,

248 3808 418 3862 nescio
448 3820 623 3862 utrum
652 3808 844 3864 debeat
881 3807 1108 3864 dubitari
1148 3808 1401 3880 Spiritum
1431 3820 1671 3867 sanctum
1702 3827 1822 3870 esse

246 3896 611 3968 signiﬁcatum.
640 3900 912 3971 Agebatur
938 3901 1082 3955 enim
1134 3899 1200 3956 de
1245 3901 1538 3974 sapientia,
1585 3902 1725 3959 unde
1753 3905 1822 3960 sit

248 3988 294 4042 in
315 3989 617 4046 hominibus
644 4008 658 4045 :
685 3990 820 4059 Quia
839 4006 940 4045 non
962 4006 1026 4045 ea:
1053 4007 1258 4046 numero
1283 4008 1555 4059 annorum,
1583 3994 1673 4047 sed
1692 3992 1820 4066 Spi-

247 4081 383 4150 ritus,
413 4082 615 4153 inquit,
647 4091 720 4136 est
740 4082 793 4136 in
819 4081 1124 4150 hominibus;
1151 4083 1396 4155 aspiratio
1421 4094 1592 4137 autem
1633 4083 1819 4139 Omni-

245 4174 452 4240 potentis
472 4183 542 4227 est
576 4188 689 4243 qute
706 4173 846 4228 docet
877 4172 996 4247 (Job
1022 4189 1167 4229 xxxu
1188 4216 1203 4240 ,
1236 4176 1289 4241 7,
1313 4175 1368 4241 8,
1390 4192 1491 4230 sec.
1513 4175 1680 4247 LXX)
1715 4194 1730 4231 :
1762 4188 1823 4233 ut

245 4262 622 4337 intelligeretur
646 4266 745 4320 ista
773 4266 1115 4336 repetitione,
1140 4280 1244 4321 ιιοιι
1267 4282 1325 4322 se
1350 4266 1416 4322 de
1436 4268 1624 4337 spiritu
1646 4268 1820 4324 homi-

245 4356 321 4410 nis
338 4355 557 4423 dixisse,
573 4356 712 4426 quod
740 4355 835 4423 ait,
855 4354 1077 4422 Spiritus
1098 4367 1170 4411 est
1199 4356 1252 4411 in
1277 4357 1580 4411 hominibus.
1597 4357 1822 4417 Volebat

244 4445 380 4501 enim
406 4446 691 4502 ostendere
722 4447 862 4502 unde
880 4446 1112 4502 habeant
1139 4449 1474 4516 sapientiam,
1505 4448 1627 4519 quia
1655 4465 1760 4504 non
1786 4466 1819 4506 a

245 4549 301 4590 se
342 4536 498 4607 ipsis;
530 4547 584 4592 et
608 4537 899 4607 repetendo
926 4536 976 4591 id
1020 4538 1266 4607 exposuit
1308 4537 1490 4594 dicens
1511 4581 1528 4606 ,
1560 4539 1819 4606 Aspiratio

248 4625 607 4701 Omnipotentis
639 4638 710 4684 est
736 4644 849 4699 quae
888 4629 1049 4684 docet.
1083 4629 1210 4685 item
1253 4630 1358 4687 alio
1389 4631 1505 4685 loco
1549 4633 1600 4687 in
1628 4632 1817 4689 eodem

246 4716 373 4773 libro
391 4759 406 4783 ,
436 4717 732 4773 Intellectus
754 4760 770 4786 ,
800 4719 1002 4790 inquit,
1031 4719 1282 4774 lubiorum
1310 4737 1533 4775 meorum
1581 4741 1710 4795 pura
1737 4724 1820 4779 in-

245 4807 414 4879 telﬁgit
438 4823 457 4862 :
484 4801 709 4879 Spiritus
750 4810 950 4863 divinus
974 4809 1063 4882 qui
1089 4811 1206 4879 fecit
1234 4827 1312 4865 me
1332 4852 1347 4876 ,
1379 4812 1621 4882 aspiratio
1649 4824 1818 4870 autem

246 4898 608 4968 Omnipotentis
628 4940 645 4968 ,
694 4916 806 4971 qua!
843 4901 985 4955 docet
1023 4917 1102 4957 me
1134 4900 1255 4973 (Id.
1284 4918 1477 4971 xxxiii,
1516 4904 1584 4972 5,
1616 4905 1686 4971 4,
1714 4923 1815 4961 sec.

245 4988 422 5063 LXX).
455 4990 522 5045 Et
547 4990 632 5047 hic
670 4991 813 5065 quod
859 4992 967 5059 ait,
996 4993 1279 5065 aspiratio,
1307 4995 1388 5050 vel
1419 4997 1731 5067 inspiratio.
1763 5000 1817 5056 in

240 5095 407 5145 srreco
434 5091 517 5136 est
544 5102 661 5149 nm,
680 5121 699 5150 ,
727 5086 816 5153 qui
847 5084 899 5137 in
920 5082 1027 5138 illis
1048 5084 1320 5154 prophetae
1342 5086 1520 5142 verbis
1547 5088 1818 5161 interpre-

243 5181 373 5226 tatus
401 5181 504 5239 est,
536 5171 714 5227 ﬂatus.
746 5173 1101 5241 Quamobrem
1130 5190 1249 5231 eum
1280 5186 1481 5235 temere
1503 5191 1727 5251 negetur
1749 5182 1817 5239 de

240 5274 407 5316 atnma
450 5261 682 5319 hominis
711 5264 793 5319 vel
837 5264 908 5319 de
946 5267 1136 5336 spiritu
1164 5266 1396 5323 hominis
1440 5285 1560 5326 esse
1585 5272 1814 5341 dictum,

242 5350 335 5411 Qui
360 5351 449 5404 dat
475 5352 657 5422 ﬂatum
697 5355 886 5424 popqu
915 5371 1066 5425 super
1093 5374 1202 5410 eam
1226 5400 1242 5424 ,
1274 5369 1322 5414 et
1348 5360 1581 5429 spiritum
1608 5364 1815 5420 calcan-

240 5433 364 5495 tibus
385 5456 533 5507 eam;
560 5444 801 5512 quamvis
831 5444 900 5499 ibi
937 5456 991 5501 et
1014 5443 1240 5516 Spiritus
1267 5459 1484 5505 sanctus
1510 5454 1677 5509 multo
1699 5470 1819 5513 cre-

238 5527 448 5586 dibilius
493 5534 660 5603 possit
687 5535 905 5606 intelligi
939 5551 1080 5607 :qua
1121 5538 1332 5595 tandem
1361 5541 1565 5599 ratione
1603 5545 1817 5603 audebit

240 5700 644 5818 “:Mmmpﬁiptl,
657 5704 748 5757 etsi
766 5719 859 5757 non
878 5706 1024 5759 simul
1043 5710 1376 5775 omnibus,st
1397 5717 1566 5780 cuique
1589 5727 1815 5786 tempore.

1600 330 1801 397 Lmen
1842 338 2108 398 PRIMUS.

3428 351 3529 407 486

1940 452 2130 522 aliquis
2182 452 2435 519 deﬂnirc,
2481 457 2709 525 animum
2747 456 2831 513 vel
2876 458 3148 528 spiritum,
3183 476 3287 531 quo
3342 474 3569 531 natura:

1940 551 2121 601 nostra
2161 544 2324 611 vivit,
2367 543 2488 601 loco
2530 547 2621 602 illo
2665 538 2894 605 voluisse
2938 551 3235 620 signiﬁcare
3286 528 3563 622 l‘rOplte-f

1942 643 2047 691 tam
2084 636 2100 668 ¹
2122 635 2145 690 ?
2170 634 2302 691 Cum
2336 635 2574 705 profecto
2605 640 2649 693 si
2686 640 3021 710 apertissime
3043 641 3274 706 diceret,
3306 642 3404 709 Qui
3437 646 3529 699 dat

1942 724 2172 779 animam
2200 726 2398 796 popqu
2425 742 2586 796 super
2617 739 2833 805 terram.
2864 730 3036 785 adhuc
3065 732 3410 800 quaerendum
3439 750 3527 789 cs-

1939 820 2049 879 set,
2073 822 2246 868 utrum
2273 831 2389 869 eam
2424 817 2559 872 Deus
2589 833 2653 872 ex
2700 818 2902 890 origine
2925 820 3274 888 praecedentis
3313 824 3527 893 generis
3606 822 3613 827 ’

1939 901 2053 973 ipse
2080 903 2204 969 det,
2236 906 2371 961 sicut
2393 923 2455 961 cx
2487 910 2690 979 origine
2727 910 3072 980 prtecedentis
3099 915 3341 983 generis,
3373 916 3525 986 ipse'

1940 1000 2115 1048 tamen
2143 995 2234 1050 dat
2262 1012 2478 1066 corpus,
2512 1015 2613 1054 non
2640 1002 2810 1055 solum
2841 1001 3042 1057 homini
3070 1014 3161 1058 aut
3189 1007 3402 1075 pecori,
3425 1007 3520 1064 sed

1937 1083 2097 1138 etiam
2118 1086 2308 1139 semini
2331 1085 2491 1149 tritici
2510 1130 2522 1152 ,
2550 1099 2643 1142 aut
2661 1090 2884 1160 alicujus
2920 1100 3234 1149 creterorum
3256 1097 3524 1166 quomodo

1937 1174 2165 1229 voluerit
2194 1191 2209 1229 :
2242 1191 2307 1229 an
2348 1192 2474 1233 vero
2500 1193 2689 1234 novam
2715 1221 2731 1246 ,
2762 1182 2902 1237 sicut
2944 1181 3104 1238 homo
3136 1186 3337 1254 primus
3363 1203 3521 1245 acce-

1938 1264 2012 1334 pil
2032 1305 2047 1331 ,
2076 1264 2328 1323 insufﬂat.

2008 1354 2096 1410 20.
2125 1355 2262 1410 Sunt
2288 1358 2446 1413 etimn
2492 1359 2581 1428 qui
2615 1359 2727 1416 hrec
2766 1361 2922 1417 verba
2960 1364 3270 1435 prophetica
3313 1368 3392 1423 sic
3442 1369 3523 1424 in-

1938 1444 2215 1514 telligant,
2262 1457 2321 1500 ut
2373 1448 2514 1517 quod
2561 1449 2665 1515 ait,
2713 1449 2865 1506 Dedit
2910 1455 3093 1525 ﬂatum
3140 1458 3329 1529 populo
3370 1476 3524 1529 super

1937 1550 2083 1599 eam,
2115 1535 2165 1587 id
2211 1544 2327 1601 est,
2360 1551 2521 1607 super
2553 1549 2746 1594 terram
2768 1582 2785 1609 ,
2812 1558 2916 1597 non
2965 1544 3067 1599 nisi
3097 1546 3329 1604 animam
3358 1550 3523 1606 velint

1936 1623 2101 1692 accipi
2148 1622 2372 1680 ﬂatum:
2403 1628 2545 1697 quod
2585 1644 2712 1685 vero
2752 1631 3026 1701 adjunxit,
3055 1644 3100 1688 et
3127 1636 3364 1706 spiritum
3409 1641 3520 1694 cal-

1934 1715 2161 1771 cantibus
2182 1734 2310 1785 eam,
2344 1718 2597 1789 Spiritum
2619 1732 2863 1778 sanctum
2881 1726 3232 1796 significatum
3258 1731 3521 1787 arbitren-

1937 1812 2022 1859 tur
2050 1824 2062 1858 :
2093 1807 2183 1862 illo
2207 1809 2410 1865 scilicet
2449 1811 2656 1878 ordine,
2687 1829 2793 1885 quo
2821 1824 2875 1870 et
2898 1817 3182 1886 Apostolus
3208 1820 3366 1890 dicit,
3397 1821 3520 1878 Non

1937 1898 2159 1968 primunt
2191 1902 2327 1971 quod
2349 1903 2618 1974 spirituale
2644 1916 2744 1974 est,
2774 1909 2861 1964 sed
2884 1912 3020 1980 quod
3044 1915 3284 1982 animale;
3311 1928 3482 1986 postea
3498 1958 3517 1985 ,

1935 1990 2200 2058 spirituale
2225 1991 2269 2064 (l
2289 1991 2406 2047 Cor.
2440 2010 2528 2061 xv,
2552 1996 2664 2069 46).
2688 1998 2820 2053 Nam
2847 2014 2911 2055 ex
2943 2001 3043 2057 hac
3064 2004 3369 2074 prOphetica
3397 2023 3520 2064 sen-

1938 2080 2094 2133 tentia
2118 2081 2279 2136 etiam
2307 2083 2527 2155 elegans
2558 2087 2645 2143 ille
2673 2103 2864 2145 sensus
2892 2094 3241 2163 exseulpitur,
3264 2097 3405 2166 quod
3446 2099 3517 2154 ita

1934 2168 2160 2237 diXl‘l‘il,
2186 2171 2295 2225 cale
2314 2175 2495 2229 intibus
2524 2193 2654 2241 eam,
2686 2186 2743 2232 nt
2778 2181 2938 2236 vellet
2982 2183 3198 2256 intelligi
3223 2228 3239 2252 ,
3268 2185 3520 2244 Contem-

1933 2260 2181 2316 nentibus
2203 2277 2343 2319 eam.
2384 2264 2484 2333 Qui
2514 2268 2655 2322 enim
2684 2271 2949 2341 accipiunt
2968 2272 3223 2343 Spiritum
3249 2288 3513 2347 sanctum,

1933 2365 2118 2408 amore
2163 2355 2463 2411 cmicstinm
2522 2368 2728 2415 terrena
2775 2372 3140 2421 contemnunt.
3196 2369 3287 2425 lla:
3331 2386 3518 2428 omnes

1933 2446 2214 2500 sententia:
2260 2461 2364 2501 non
2404 2459 2529 2503 sunt
2570 2461 2755 2506 contra
2807 2454 2998 2523 tidem;
3037 2458 3151 2512 sive
3197 2471 3515 2532 utrumque,

1933 2534 1986 2591 id
2014 2550 2131 2605 est,
2160 2549 2214 2594 ct
2235 2539 2416 2595 ﬂatum
2460 2552 2515 2598 et
2541 2544 2785 2615 spiritum
2830 2547 2920 2617 qui
2964 2549 3195 2619 pertinet
3230 2552 3296 2606 ad
3323 2551 3517 2608 huma-

1931 2642 2055 2681 nam
2086 2639 2367 2697 naturam,
2399 2633 2623 2703 quisque
2664 2635 2961 2707 intelligat;
2988 2639 3101 2695 sive
3122 2650 3406 2713 utrumque
3432 2644 3517 2699 di-

1930 2728 2074 2773 ctum
2122 2721 2348 2791 accipiat
2376 2722 2444 2777 de
2472 2721 2668 2793 Spiritu
2717 2735 2932 2792 sancto;
2963 2729 3075 2784 sive
3100 2730 3281 2786 ﬂatum
3305 2733 3372 2787 ad
3401 2735 3518 2789 aui-

1930 2825 2092 2876 mam,
2121 2810 2364 2880 spiritum
2385 2828 2511 2867 vero
2534 2814 2601 2868 ad
2626 2814 2878 2883 Spiritum
2906 2828 3147 2873 sanctum
3176 2821 3388 2878 referat.
3408 2824 3515 2881 Sed

1928 2902 1973 2955 si
2000 2900 2175 2954 anima
2205 2911 2259 2956 et
2305 2902 2523 2969 Spiritus
2553 2902 2780 2959 hominis
2808 2915 2862 2961 et
2884 2907 2968 2962 hic
2994 2908 3366 2980 intelligendus
3391 2925 3511 2982 est,

1928 2991 2067 3047 sicut
2117 3007 2222 3046 non
2265 2991 2614 3048 dubitandum
2652 3006 2734 3050 est
2777 2996 2917 3068 quod
2967 3012 3088 3053 eum
3123 2999 3262 3056 Deus
3289 3001 3414 3071 det;
3442 3005 3513 3061 ita
3568 2999 3576 3009 ’

1928 3082 2270 3153 quaerendum
2297 3094 2380 3139 est
2407 3084 2584 3142 adhuc
2613 3085 2750 3141 unde
2770 3086 2880 3154 det,
2905 3098 3080 3143 utrum
3105 3105 3173 3146 ex
3192 3094 3508 3167 propagine,

1933 3172 2070 3228 sicut
2110 3174 2220 3243 ipse
2258 3174 2471 3245 quidem
2507 3176 2632 3244 dat,
2661 3177 2755 3233 sed
2786 3185 2961 3234 tamen
3004 3196 3069 3236 ex
3109 3185 3398 3256 propagine
3425 3186 3514 3244 dat

1927 3267 2169 3336 corporis
2209 3266 2489 3333 membra;
2516 3282 2582 3321 an
2614 3274 2741 3324 vero
2775 3285 2967 3326 novum
2989 3312 3004 3337 ,
3035 3288 3210 3344 neque
3251 3290 3515 3348 prepagac

1930 3366 2042 3413 tum
2072 3359 2297 3431 singulis
2324 3359 2644 3417 insufﬂando
2681 3360 2966 3419 distribuat
2996 3381 3010 3418 :
3041 3365 3182 3436 quod
3205 3381 3308 3422 non
3337 3369 3513 3424 ambi-

1925 3466 2050 3522 gua,
2081 3452 2219 3508 sicut
2266 3451 2366 3508 iste
2396 3453 2561 3520 facit,
2603 3454 2697 3509 sed
2737 3456 2914 3527 aliqua
2935 3458 3230 3514 certissima
3270 3462 3513 3520 volumus

1925 3541 2225 3599 divinorum
2251 3543 2583 3614 eloquiorum
2614 3547 2932 3603 auctoritate
2949 3548 3191 3604 defendi.

1994 3633 2085 3689 2t.
2110 3633 2309 3691 Eadem
2331 3634 2536 3691 ratione
2559 3646 2720 3691 etiam
2750 3638 2892 3709 quod
2938 3639 3068 3695 dicit
3096 3642 3256 3710 Deus,
3288 3642 3513 3710 Spiritus

1925 3726 2058 3780 enim
2083 3741 2115 3779 a
2134 3741 2213 3779 me
2236 3725 2365 3780 exiet
2380 3764 2398 3792 ,
2430 3736 2476 3780 et
2495 3743 2691 3781 onmem
2717 3728 2897 3796 ﬂatum
2919 3746 3010 3802 ego
3037 3733 3136 3804 {eri
3163 3732 3329 3806 (Isai.
3361 3752 3467 3792 Lvtt
3489 3779 3507 3804 ,

1926 3815 2017 3888 16)
2046 3832 2059 3869 :
2082 3815 2151 3871 de
2172 3815 2368 3886 Spiritu
2396 3815 2610 3887 quidem
2638 3825 2824 3874 sancto
2851 3820 3216 3891 accipiendum
3256 3834 3340 3880 est
3365 3828 3507 3896 quod

1924 3905 2033 3973 ait,
2065 3904 2291 3977 Spiritus
2326 3923 2359 3960 a
2384 3923 2466 3961 me
2510 3907 2679 3972 exiet;
2705 3908 2775 3965 de
2821 3926 2928 3980 quo
2955 3922 3012 3968 ει
3044 3912 3289 3970 Salvator
3313 3916 3422 3983 ait,
3465 3919 3511 3973 Α

1927 3998 2085 4055 Patre
2113 4001 2334 4073 procedit
2362 4000 2539 4071 (Joan.
2572 4019 2677 4072 xv,
2703 4003 2795 4076 26)
2825 4023 2838 4059 :
2866 4005 2963 4061 sed
2991 4009 3130 4078 quod
3160 4008 3357 4063 dictmn
3387 4020 3507 4075 est,

1929 4090 2140 4146 Omnem
2176 4093 2357 4162 ﬂatum
2394 4110 2486 4164 ego
2531 4095 2664 4164 feci,
2712 4094 2781 4150 de
2810 4097 2955 4150 omni
2981 4097 3157 4151 anima
3187 4098 3387 4154 dictum
3409 4116 3508 4155 nc-

1922 4182 2035 4253 gari
2066 4196 2170 4237 non
2214 4192 2408 4252 potest.
2455 4184 2560 4239 Sed
2589 4199 2750 4239 omne
2785 4185 2945 4240 etiam
2972 4200 3166 4256 corpus
3196 4188 3310 4257 ipse
3335 4188 3460 4244 facit
3492 4208 3505 4245 :

1924 4270 2065 4343 quod
2094 4280 2270 4326 autem
2313 4286 2377 4325 ex
2424 4267 2713 4343 propagine
2748 4288 2945 4344 corpus
2985 4274 3273 4333 humanum
3314 4279 3505 4345 faciat,

1924 4362 2101 4417 nullus
2127 4363 2364 4434 ambigit.
2394 4364 2469 4419 Ac
2499 4379 2596 4433 per
2631 4365 2732 4421 hoc
2770 4366 2838 4421 de
2871 4366 3066 4432 anima,
3089 4384 3211 4424 cum
3237 4386 3354 4427 eam
3381 4389 3511 4429 con-

1925 4462 2029 4509 stet
2050 4453 2118 4508 ab
2160 4454 2250 4509 illo
2277 4453 2420 4520 ﬂeri,
2451 4454 2590 4511 unde
2618 4471 2738 4512 eam
2783 4456 2936 4512 faciat
2957 4499 2973 4523 ,
3003 4469 3180 4515 utrum
3209 4478 3271 4517 ex
3304 4480 3505 4536 propa-

1923 4544 2047 4615 gine
2071 4546 2206 4600 sicut
2226 4560 2422 4618 corpus
2443 4588 2475 4613 ,
2492 4563 2561 4604 an
2583 4547 2897 4605 insulﬂando
2925 4552 3063 4607 sicut
3088 4552 3313 4623 primum
3343 4556 3467 4613 fecit
3492 4599 3509 4623 ,

1923 4636 2097 4691 adlmc
2126 4637 2307 4707 utique
2336 4638 2711 4708 requirendum
2739 4649 2842 4695 est.

1994 4728 2084 4783 22.
2116 4728 2324 4798 Adjecit
2347 4730 2505 4786 etiam
2549 4731 2762 4786 tertium
2804 4733 3198 4801 testimonium,
3227 4737 3346 4807 quia
3370 4739 3508 4803 seri-

1925 4830 2072 4889 ptum
2118 4829 2201 4874 est
2219 4861 2235 4885 ,
2261 4819 2362 4885 Qui
2384 4820 2529 4892 lingit
2570 4822 2801 4891 spiritum
2848 4822 3061 4879 hominis
3088 4826 3141 4879 in
3170 4826 3281 4894 ipso
3309 4824 3506 4897 (Zarlt.

1927 4925 2004 4966 ιιι
2023 4952 2038 4973 .
2062 4909 2135 4981 i).
2168 4909 2328 4979 Quasi
2355 4910 2459 4968 hoc
2477 4922 2703 4983 negetur
2725 4912 2861 4968 :sed
2891 4913 3031 4970 unde
3050 4930 3170 4970 eum
3200 4914 3382 4985 lingat,
3407 4915 3506 4971 hoc

1924 5000 2198 5071 quaeritur.
2220 4999 2351 5055 Nam
2371 5010 2427 5055 et
2440 5003 2770 5072 corporalem
2791 5004 3021 5060 hominis
3046 5005 3257 5061 oculum
3283 5006 3403 5076 quis
3421 5007 3505 5061 ni-

1923 5091 1968 5145 si
1993 5092 2130 5146 Dens
2150 5090 2334 5162 lingit?
2355 5091 2423 5146 Et
2444 5103 2571 5161 puto
2591 5094 2732 5165 quod
2755 5109 2858 5150 non
2885 5105 3052 5160 extra,
3072 5095 3164 5150 sed
3194 5096 3247 5150 in
3275 5096 3388 5167 ipso
3406 5096 3507 5171 (a);

1924 5191 1980 5237 et
2007 5190 2180 5238 tamen
2202 5223 2219 5250 ,
2249 5191 2308 5238 ut
2330 5193 2536 5240 certum
2563 5193 2674 5253 est,
2703 5201 2767 5240 cx
2800 5187 3111 5256 propagine.
3149 5185 3279 5241 Cum
3304 5202 3435 5261 ergo
3455 5197 3510 5244 et

1923 5273 2166 5342 spiritum
2213 5270 2448 5330 hominis
2489 5273 2542 5328 in
2584 5274 2703 5344 ipso
2747 5273 2940 5344 lingat,
2989 5275 3334 5345 qumrendum
3382 5290 3507 5346 est,

1924 5376 2098 5419 utrum
2147 5379 2280 5419 nova
2310 5364 2667 5420 insulﬂationa
2690 5406 2705 5431 ,
2737 5380 2805 5420 an
2845 5375 3070 5421 tractum
3101 5383 3163 5422 ex
3194 5373 3505 5441 propagine.

1988 5478 2256 5554 ξείςῐοηᾳ
2548 5478 2633 5554 ille
2678 5476 2829 5554 locus,
2869 5479 3062 5554 audebit
3098 5480 3274 5554 aliquis
3303 5482 3512 5554 deﬁnire

1923 5540 2136 5592 animum
2171 5539 2244 5611 uel
2285 5539 2526 5612 spiritum,
2558 5544 2660 5612 ’(ῃςο
2699 5548 2873 5612 natura
2893 5548 3060 5612 npstra
3078 5539 3209 5604 rit-it,
3231 5559 3263 5595 a
3288 5539 3385 5612 Deo
3416 5559 3511 5597 non

1923 5600 2269 5669 “propagine
2292 5600 2423 5669 dari,
2447 5600 2550 5652 loco
2569 5600 2654 5669 illo
2668 5601 2875 5669 potuisse
2896 5602 3176 5669 signiﬁcare
3194 5600 3506 5668 Prophetas».

1987 5663 2018 5733 ξ
2042 5663 2339 5733 inuitis-eripti
2384 5663 2702 5727 prun-edentis
2749 5663 2959 5730 generis:
2999 5663 3157 5717 tamen
3190 5668 3275 5719 dat
3294 5663 3509 5733 ’τοι-ρης.

1924 5724 2118 5788 omisso.
2142 5724 2257 5788 ipse.

1988 5786 2058 5843 tu)
2091 5784 2315 5842 subaudi.
2337 5784 2502 5839 (inflat.
