4034 6182
429 374 530 434 ‘87

501 486 596 541 εδ.
633 480 886 540 Novlmus
911 478 1082 534 etiam
1128 465 1556 529 Elacltabaeorum
1599 469 1854 541 juvennm
1902 479 2020 522 ma-

435 588 592 640 trem,
625 570 984 628 fecundiorem
1013 565 1298 622 virtutibus
1323 561 1538 636 quando
1568 563 1661 617 lilii
1695 561 1841 632 passi
1873 567 2020 626 sunt,

437 681 593 738 quam
626 662 817 719 fetibus
841 657 1054 731 quando
1067 655 1190 711 ‘nati
1225 659 1362 712 sunt
1381 695 1397 718 ,
1424 643 1520 709 eos
1544 652 1622 708 sic
1641 651 1805 708 fuisse
1830 649 2026 705 adhor-

440 767 600 814 tatam
625 797 640 818 ,
682 762 738 807 ut
762 750 1006 805 diceret:
1040 745 1192 814 Filii,
1222 744 1390 800 nescio
1423 742 1675 816 quantodo
1701 742 1946 814 paruistis
1972 741 2028 795 in

436 858 656 902 saturem
694 861 862 899 meum
883 847 922 896 ⁸.
959 840 1140 914 Neque
1167 837 1312 894 enim
1349 849 1439 908 ego
1477 835 1708 906 spiritum
1730 843 1777 888 et
1805 834 2030 886 animum

439 939 622 992 donaui
649 934 815 1000 vobis,
843 951 932 989 nec
949 933 1166 1003 singulis
1193 929 1331 984 vobis
1357 925 1522 982 vultus
1559 935 1605 981 et
1645 924 1869 978 membra
1915 928 2027 995 for-

439 1030 582 1082 mavi
605 1044 624 1082 :
649 1026 738 1082 sed
771 1025 906 1080 Deus
930 1024 1016 1095 qui
1041 1021 1156 1095 fecit
1187 1015 1432 1074 mundum
1455 1027 1506 1072 et
1536 1017 1715 1071 omnia
1739 1023 1856 1085 qua
1889 1015 1942 1068 in
1973 1031 2030 1068 eo

440 1129 593 1184 sunt,
641 1117 854 1188 fecitque
893 1113 1152 1169 hominum
1209 1127 1402 1183 genus,
1452 1115 1500 1163 et
1547 1107 1773 1162 omnium
1826 1105 2034 1175 inquirit

443 1221 610 1266 actum
630 1214 651 1244 ¹
677 1253 692 1277 ,
721 1220 765 1265 et
792 1211 902 1278 ipse
947 1205 1084 1260 vobis
1109 1203 1344 1274 spiritum
1387 1209 1434 1254 et
1459 1199 1683 1254 animam
1716 1195 1893 1252 reddet
1919 1210 2034 1249 cum

445 1322 630 1378 inagna
657 1299 1002 1357 misericordia
1029 1296 1096 1370 (ιι
1121 1294 1363 1350 Machab.
1385 1301 1492 1355 Vn,
1520 1289 1613 1357 22,
1640 1289 1757 1360 £3).
1781 1286 2035 1343 Novimus

449 1376 563 1452 haec
591 1395 841 1467 quidem;
871 1390 964 1446 sed
1009 1388 1136 1444 hu‘ic
1173 1383 1444 1457 quomodo
1484 1381 1842 1452 sum-agentur
1885 1376 1950 1431 ad
1985 1376 2034 1431 id

449 1487 589 1559 quod
616 1485 838 1552 asserit,
867 1496 974 1538 non
999 1479 1259 1534 videmus.
1289 1475 1420 1546 Quis
1443 1473 1586 1530 enim
1610 1472 2036 1528 Christianorum

433 1587 608 1657 .neget
640 1577 806 1631 Deum
843 1572 1044 1629 donare
1065 1567 1374 1624 hominibus
1400 1563 1634 1620 animam
1671 1571 1726 1619 et
1751 1561 2038 1633 spiritum?

451 1670 565 1726 Sed
588 1665 776 1724 eodem
823 1663 984 1720 modo
1013 1661 1262 1718 existimo
1311 1659 1470 1714 istum
1506 1665 1699 1727 negare
1726 1668 1833 1708 non
1859 1666 2034 1723 posse,

457 1761 622 1816 lletnn
661 1758 860 1812 donare
887 1750 1192 1808 hominibus
1233 1749 1467 1820 linguam
1493 1788 1509 1812 ,
1539 1761 1722 1801 aurem
1747 1784 1765 1808 ,
1787 1758 2002 1798 manum
2021 1783 2039 1810 ,

453 1852 644 1923 pedem
669 1891 685 1916 ,
727 1861 1021 1917 omnesque
1057 1843 1297 1913 corporis
1335 1853 1524 1896 sensus
1561 1848 1617 1894 et
1658 1839 1894 1892 omnium
1923 1835 2041 1892 ior-

454 1954 598 1999 mam
632 1950 983 2009 naturamque
1027 1935 1410 1992 membrorum.
1454 1928 1734 2002 Quomodo
1755 1929 1897 1986 enim
1924 1925 2044 1985 lucc

460 2031 554 2090 hci
583 2033 724 2088 dona
750 2045 872 2086 esse
894 2035 1178 2100 negaturus
1203 2033 1306 2090 est,
1338 2024 1436 2078 nisi
1464 2037 1524 2078 se
1551 2021 1897 2078 obliviscatur
1924 2035 2044 2075 esse

455 2121 845 2180 christianum?
865 2119 970 2176 Sed
1020 2119 1159 2174 sicut
1195 2124 1405 2172 constat
1447 2130 1512 2168 ex
1540 2111 1832 2186 propagine
1864 2107 2046 2166 abillo

457 2217 577 2273 inec
626 2215 740 2270 ﬁeri
780 2223 941 2284 atque
979 2209 1166 2267 donari
1195 2227 1209 2264 :
1234 2209 1305 2263 ita
1345 2203 1692 2276 qmrreudum
1731 2211 1814 2258 est
1841 2201 2001 2258 etiam
2025 2241 2044 2270 ,

459 2309 677 2379 spiritus
718 2312 774 2361 et
807 2304 982 2358 anima
1026 2299 1261 2356 hominis
1305 2296 1447 2352 unde
1472 2295 1540 2350 ab
1575 2294 1666 2349 illo
1693 2291 1978 2360 efﬁciatur,
2007 2302 2042 2346 ί

458 2411 566 2470 quo
591 2395 863 2454 efﬁciente
902 2392 1161 2456 donatur;
1189 2399 1366 2443 utrum
1405 2403 1470 2442 ex
1511 2384 1818 2455 parentibus
1842 2424 1857 2448 ,
1889 2398 1955 2436 an
1979 2397 2048 2437 ex

463 2489 664 2554 nihilo;
691 2501 758 2541 an
784 2484 922 2556 quod
945 2484 1046 2538 iste
1073 2481 1307 2535 afﬁrmat
1327 2520 1340 2542 ,
1369 2477 1462 2532 sed
1497 2475 1642 2530 omni
1671 2474 1827 2530 modo
1855 2489 2052 2528 caven-

460 2579 587 2634 dum
619 2587 736 2644 est,
769 2593 834 2632 ex
865 2575 1040 2645 aliqua
1066 2572 1222 2628 natus
1245 2569 1360 2640 ejus
1393 2568 1655 2623 existente
1681 2574 1868 2620 natura
1895 2605 1910 2630 ,
1943 2578 2046 2618 non

461 2670 530 2728 de
557 2670 721 2726 nihilo
741 2677 936 2734 creata,
961 2665 1054 2722 sed
1082 2665 1150 2720 de
1171 2665 1306 2734 ipso.
1419 2651 1450 2660 ”

534 2760 760 2820 CAPUT
786 2758 902 2815 XV.
925 2788 994 2798 —
1011 2755 1103 2811 24.
1131 2755 1264 2810 Cum
1293 2752 1454 2824 igitur
1477 2749 1867 2820 Scripturarum
1901 2747 2052 2802 testi-

465 2854 638 2908 omnia
665 2867 782 2922 qure
803 2851 1208 2908 commemorat,
1233 2857 1566 2914 nequaquam
1589 2841 1816 2896 doceant
1838 2839 1888 2894 id
1910 2835 2051 2909 quod

466 2943 786 3014 persuadere
813 2947 1034 2994 conatur
1062 2935 1242 3011 (quod
1267 2935 1408 2990 enim
1435 2930 1504 2987 ad
1535 2931 1672 2986 hanc
1701 2930 2049 3000 quaestionem

464 3035 674 3099 attinet,
706 3031 926 3086 omnino
953 3045 1057 3083 non
1089 3022 1446 3097 exprimunt);
1475 3021 1599 3094 quid
1623 3031 1708 3076 est
1732 3019 1874 3092 quod
1901 3017 2048 3086 dicit,

466 3124 702 3178 Animam
725 3137 788 3176 ea:
811 3121 939 3191 ﬂatu
966 3117 1058 3172 Dei
1081 3123 1371 3170 constanter
1400 3112 1700 3177 asset-imus,
1730 3127 1828 3164 non
1858 3127 1920 3164 ea:
1944 3118 2054 3162 tra-

465 3217 618 3279 duce,
647 3213 766 3286 quia
790 3227 852 3265 ea:
880 3209 988 3262 Deo
1015 3207 1209 3260 datur?
1237 3204 1397 3273 QuaSi
1423 3217 1619 3273 corpus
1645 3217 1712 3258 ex
1740 3201 1847 3257 alio
1875 3201 2051 3268 detur,

466 3322 622 3375 quam
651 3319 716 3360 ex
747 3303 836 3356 illo
863 3315 896 3354 a
925 3314 1032 3370 quo
1057 3305 1290 3362 creatur,
1313 3311 1377 3350 ex
1399 3308 1505 3365 quo
1525 3291 1702 3348 omnia
1724 3333 1744 3360 ,
1775 3307 1868 3363 per
1893 3305 2054 3362 quem

466 3401 667 3460 omnia,
697 3395 748 3448 in
778 3407 886 3464 quo
910 3389 1087 3445 omnia
1115 3385 1292 3462 (Rom.
1319 3401 1395 3450 XI,
1425 3383 1520 3454 56)
1543 3401 1558 3438 :
1581 3381 1825 3454 quamvis
1853 3395 1959 3436 non
1987 3397 2054 3437 ex

469 3489 586 3556 ejus
600 3493 808 3550 natura,
827 3481 921 3538 sed
939 3495 1001 3536 ex
1017 3479 1133 3548 ejus
1144 3475 1376 3548 opiﬁcio.
1397 3471 1578 3546 Neque
1593 3489 1656 3526 ex
1667 3472 1848 3538 nihilo,
1863 3471 2051 3544 inquit,

467 3579 586 3648 quia
603 3593 668 3632 ea:
688 3574 794 3630 Deo
815 3571 1173 3646 proficiscitur.
1191 3568 1302 3623 lloc
1323 3565 1481 3638 plane
1496 3578 1600 3620 non
1621 3561 1795 3619 adhuc
1809 3575 2058 3633 quaeren-

469 3667 593 3724 dum
615 3676 914 3730 monemus,
937 3671 1114 3716 utrum
1144 3661 1212 3715 ita
1240 3657 1346 3714 sit:
1371 3655 1466 3712 sed
1495 3667 1711 3726 prorsus
1733 3667 1917 3708 verum
1950 3669 2054 3708 non

471 3773 590 3814 esse
609 3755 748 3826 quod
768 3754 914 3818 dicit,
938 3753 990 3808 id
1007 3761 1115 3818 est,
1144 3749 1285 3822 quod
1313 3747 1488 3802 anima
1520 3755 1619 3801 nec
1641 3759 1704 3800 ex
1725 3745 1941 3800 traduce
1965 3745 2054 3812 sit,

479 3863 578 3904 nec
595 3859 662 3902 ex
681 3844 876 3908 nihilo;
893 3843 1015 3908 hoc,
1036 3841 1272 3910 inquam,
1293 3851 1479 3892 verum
1508 3847 1612 3890 non
1639 3847 1758 3890 esse
1773 3835 1888 3890 sine
1913 3833 2060 3888 dubi-

473 3943 672 3994 tatione
695 3919 986 3990 ﬁrmamus.
1004 3930 1182 3988 Unum
1212 3938 1296 3984 est
1323 3927 1466 3984 enim
1487 3942 1518 3982 e
1538 3924 1765 3992 duobus,
1787 3925 1832 3980 si
1857 3939 1920 3980 ex
1949 3932 2059 3979 tra-

475 4031 614 4086 duce
640 4042 746 4082 non
763 4037 865 4092 eSI,
883 4039 949 4082 ex
971 4023 1138 4078 nihilo
1165 4030 1277 4086 est;
1295 4034 1364 4075 ne
1379 4019 1449 4074 ita
1467 4018 1536 4074 sit
1550 4032 1614 4074 ex
1633 4018 1764 4084 Deo,
1783 4026 1838 4072 ut
1857 4028 2058 4073 natura;

473 4131 542 4178 stt
567 4119 684 4188 Dei,
710 4116 854 4190 quod
877 4103 1097 4170 omnino
1122 4111 1440 4183 sacrilegum
1467 4117 1550 4164 est
1573 4108 1814 4165 credere.
1835 4107 1940 4165 Sed
1965 4109 2058 4164 ad-

476 4215 579 4270 huc
603 4221 778 4268 utrum
808 4223 913 4264 non
938 4205 1006 4262 sit
1031 4221 1097 4262 ex
1125 4203 1342 4260 traduce
1359 4243 1378 4270 ,
1407 4210 1550 4258 certa
1578 4199 1879 4256 testimonia
1907 4198 2058 4270 ﬂagi-

475 4319 652 4363 tamus
677 4312 770 4360 aut
797 4303 1084 4374 quierimus
1110 4316 1124 4352 :
1153 4311 1259 4354 non
1288 4295 1464 4367 qualia
1498 4296 1600 4349 iste
1631 4293 1834 4364 posuit,
1867 4291 2058 4363 quibus

477 4401 579 4454 hoc
603 4396 742 4468 quod
771 4393 1060 4465 quaerimus
1084 4405 1188 4444 non
1212 4385 1536 4442 ostenditur.

544 4489 638 4546 25.
663 4486 766 4556 Qui
803 4485 1003 4538 utinam
1039 4482 1090 4534 in
1132 4487 1276 4534 tanta
1321 4475 1680 4547 profunditate
1717 4471 2058 4544 qumstionis,

476 4579 730 4652 quamdiu
757 4573 880 4648 quid
907 4573 1048 4628 dicat
1065 4572 1291 4640 ignorat,
1315 4567 1614 4622 imitaretur
1639 4561 2060 4618 Maeliubzeorum

480 4679 738 4728 matrem:
764 4680 884 4737 qua:
907 4678 1027 4719 cum
1055 4661 1216 4716 sciret
1241 4657 1310 4712 de
1331 4657 1448 4710 viro
1475 4669 1534 4710 se
1565 4655 1704 4708 illius
1728 4654 2058 4732 concepisse,

477 4773 533 4818 et
559 4777 590 4817 a
613 4759 867 4815 Creatore
895 4752 1131 4810 omnium
1151 4789 1168 4816 ,
1205 4747 1319 4804 sive
1358 4743 1648 4801 secundum
1688 4757 1915 4814 corpus,
1947 4742 2064 4798 sive

477 4849 772 4908 secundum
799 4845 1030 4900 animam
1060 4848 1116 4897 et
1145 4838 1388 4909 spiritum
1427 4833 1527 4890 sibi
1567 4843 1780 4888 creatos
1807 4848 1963 4900 esse,
1991 4831 2066 4888 ait

479 4954 696 5010 tamen,
738 4935 925 4994 Nescio
963 4933 1214 5007 quomodo
1255 4927 1494 5001 paruistis
1533 4927 1585 4982 in
1621 4936 1841 4981 uentrem
1877 4939 2062 4982 meum.

481 5033 685 5092 Vellem
729 5031 828 5087 lSte
861 5025 1092 5092 diceret,
1120 5023 1246 5096 quid
1291 5023 1389 5078 ista
1433 5019 1728 5076 nesciebat.
1761 5019 1886 5074 i-larc
1921 5020 2064 5074 enim

483 5141 600 5200 quae
629 5123 759 5192 dixi,
787 5122 968 5192 utique
995 5117 1228 5180 sciebat,
1259 5111 1526 5185 quomodo
1552 5109 1843 5166 secundum
1870 5125 2067 5182 corpus

547 5244 562 5274 ⁸
579 5247 652 5290 Er.
664 5237 810 5300 Lugd.
838 5243 890 5286 et
912 5241 1030 5282 ven.
1051 5231 1128 5281 hic
1138 5235 1189 5300 et
1203 5227 1344 5300 paulo
1353 5223 1647 5300 post,
1915 5237 2067 5300 m9-

484 5285 649 5352 mutii
669 5285 926 5358 ﬁnierim
951 5285 1296 5355 meo;vulgiata
1333 5285 1444 5337 h'uic
1479 5285 1691 5358 lectioni:
1707 5285 1838 5358 favet
1859 5285 2061 5358 dicens,

677 5345 882 5424 idaliter
902 5345 957 5424 io
989 5345 1267 5424 μω,ηέεο
1307 5347 1707 5424 “ww-Ai.

487 5409 719 5489 iam
735 5409 961 5489 suum
983 5415 1032 5467 ίη
1052 5420 1264 5489 mrem
1275 5409 2063 5489 meaemeae

493 5467 1241 5538 ι”ἑίἑῖὡὶιὲιίιίιὲῐωιιειπίνιί
1273 5486 1369 5522 mn
1400 5467 1494 5522 hoc
1513 5478 1698 5538 tantum
1719 5467 1854 5529 loco,
1883 5469 1974 5518 sed
1991 5469 2069 5538 in-

492 5553 518 5591 ι
539 5546 612 5594 t'ra
631 5542 742 5592 aliis
771 5534 1010 5596 metam
1045 5534 1272 5589 duobus:
1311 5546 1408 5596 qua
1430 5534 1821 5596 versioneusum
1845 5534 2068 5596 augusti-

493 5624 520 5653 ι
539 5617 654 5671 ημεη
677 5595 910 5671 urbm“
951 5595 1763 5671 ιιι,.⁴ι“εε.⁵θῑξι9ἒείοὲἓηῐέῗε²ἒιίῑπξε
1781 5595 2067 5671 Pythii:

489 5651 519 5713 ἶ
541 5651 634 5714 iiii
646 5651 813 5714 etiam
836 5651 1137 5712 ιοέιιειιιίξω
1167 5651 1412 5714 legitur?»
1439 5651 1630 5706 (II-aecus
1673 5653 1793 5706 test:
1821 5651 1925 5706 ouk
1966 5651 2068 5705 oid'

491 5725 693 5794 oposeis
703 5731 778 5774 ten
789 5720 1180 5794 eméneptténate
1422 5793 1430 5794 ί
1467 5728 1523 5770 st.

559 5795 579 5823 ι
601 5788 886 5850 Legendum
899 5781 1109 5841 videtur,
1135 5787 1306 5830 ortum.
1337 5787 1526 5828 armetis
1544 5781 1709 5838 habet,
1730 5781 1939 5840 genesim

1315 355 1408 415 DE
1447 354 1654 414 ANIMA
1697 353 1782 412 ET
1823 352 1988 412 stus
2025 339 2324 417 outcm‘s.
2361 345 2422 410 s.
2463 345 2834 413 AUGUSTINI
2923 424 2928 430 ἢ

2074 1168 2134 1199 ι’

3607 342 3722 414 λεδ

2135 464 2189 518 in
2217 465 2334 534 ejus
2363 475 2570 521 uterum
2600 466 2872 531 venerint;
2901 468 3023 538 quia
3060 467 3127 524 de
3160 469 3272 524 viro
3315 481 3410 525 eos
3435 481 3493 528 se
3519 483 3726 529 conce-

2134 549 2272 624 pisse
2298 555 2540 612 dtthital‘e
2565 571 2672 612 non
2706 567 2928 628 poterat.
2955 559 3320 616 Contitebatur
3353 560 3510 617 etiam
3532 603 3550 632 ,
3578 566 3716 635 quia

2129 656 2186 702 et
2214 647 2315 702 hoc
2342 647 2522 720 utique
2547 649 2768 712 sciebat,
2793 649 2936 720 quod
2961 637 3102 705 Deus
3126 650 3230 706 illis
3257 649 3489 708 animum
3523 663 3576 710 et
3601 655 3722 725 spi-

2133 739 2292 794 ritum
2330 739 2569 806 dederit,
2597 741 2738 812 quod
2769 742 2882 812 ipse
2917 741 3027 798 illis
3056 739 3232 798 vultus
3257 749 3316 800 et‘
3339 745 3576 801 membra
3602 745 3727 801 l‘or-

2139 835 2379 888 maverit.
2411 833 2547 902 Quid
2577 851 2705 906 ergo
2735 835 3039 891 nesciebat?
3075 837 3156 892 An
3199 833 3333 895 forte
3370 833 3511 910 quod
3541 845 3726 896 nesci-

2140 937 2260 978 mus
2279 932 2340 981 .et
2367 940 2465 980 nos
2484 967 2498 990 ,
2529 934 2706 981 utrum
2735 927 2966 982 animam
2999 935 3054 983 et
3087 929 3362 998 spiritum,
3385 948 3545 1002 quem
3577 933 3732 988 Deus

2143 1015 2248 1072 illis
2266 1017 2384 1072 sine
2407 1017 2568 1073 dubio
2599 1017 2778 1085 dedit,
2807 1017 2874 1074 de
2901 1020 3208 1089 parentibus
3239 1021 3492 1088 traxerit,
3519 1041 3586 1078 an
3615 1039 3719 1079 no—

2137 1123 2260 1161 vum
2291 1107 2428 1162 sicut
2455 1107 2654 1163 homini
2685 1109 2857 1178 primo
2887 1109 3282 1166 insuﬂlaverit?
3308 1111 3418 1168 Sed
3441 1114 3553 1169 sive
3581 1113 3718 1179 hoc,

2137 1197 2250 1252 sive
2277 1195 2415 1252 aiiud
2447 1197 2642 1269 aliquid
2670 1199 2738 1256 de
2766 1210 2970 1256 naturae
2995 1201 3240 1258 humana:
3271 1202 3600 1260 institutione
3631 1223 3737 1261 ae-

2141 1289 2370 1353 sciebat,
2401 1291 2604 1360 nescire
2629 1308 2686 1357 se
2710 1293 2952 1358 dicebat;
2987 1311 3090 1348 non
3123 1295 3263 1366 quod
3297 1297 3598 1363 nesciebat.
3631 1311 3723 1356 te-

2144 1395 2292 1436 mere
2318 1379 2655 1438 defendebat.
2683 1381 2792 1440 Nec
2822 1395 2996 1440 tamen
3030 1386 3132 1443 iste
3171 1388 3293 1444 huic
3321 1388 3520 1445 diceret
3539 1433 3554 1452 ,
3581 1391 3732 1463 quod

2146 1473 2338 1530 nobis‘
2367 1473 2546 1530 dicere
2585 1493 2688 1530 non
2731 1477 2982 1534 erubuit:
3016 1477 3182 1534 Homo
3221 1480 3275 1534 in
3305 1481 3495 1540 honore
3531 1482 3734 1552 positus

2155 1573 2256 1618 non
2285 1565 2564 1630 intellexit;
2597 1577 2924 1637 comparatus
2951 1577 3024 1624 est
3053 1569 3314 1640 pecoribus
3335 1554 3644 1632 "insensatis.
3677 1587 3734 1628 et

2145 1657 2325 1710 similis
2349 1655 2516 1726 factus
2539 1669 2608 1712 est
2629 1656 2733 1713 illis
2757 1657 2926 1732 (Psat.
2951 1677 3138 1728 XLVIII,
3168 1660 3258 1734 i5)
3286 1681 3300 1718 :
3326 1659 3462 1720 Ecce
3491 1664 3587 1721 ista
3612 1681 3738 1719 mn—

2150 1747 2250 1801 licr
2277 1745 2413 1802 dixit
2452 1747 2520 1804 de
2563 1747 2684 1804 ﬁliis
2722 1749 2831 1804 suis
2854 1791 2871 1815 ,
2905 1747 3092 1806 Nescio
3131 1755 3382 1824 quomodo
3409 1757 3644 1824 potuistis
3673 1758 3735 1810 in

2148 1849 2367 1894 uentrem
2397 1857 2560 1894 meum
2582 1856 2601 1896 :
2623 1855 2721 1896 nec
2748 1851 2922 1897 tamen
2965 1855 3306 1914 comparatur
3343 1846 3620 1915 pecoribus
3645 1847 3737 1902 iu-

2149 1929 2398 1986 sensatis.
2427 1927 2632 1996 Nescio,
2657 1931 2825 1988 dixit:
2849 1941 2904 1988 et
2931 1933 3078 2003 quasi
3105 1943 3406 2004 qutererent
3434 1939 3500 1990 ab
3524 1952 3605 2000 ea,
3632 1951 3741 1992 cur

2149 2022 2400 2086 nesciret,
2424 2021 2684 2093 adjunxit,
2714 2020 2888 2095 Neque
2911 2024 3044 2078 enim
3071 2040 3164 2096 ego
3189 2025 3422 2096 spiritum
3443 2034 3491 2080 et
3507 2027 3738 2080 animans

2150 2109 2335 2165 donavi
2361 2111 2516 2167 vobis.
2547 2112 2638 2168 Ille
2667 2127 2796 2183 ergo
2819 2111 2912 2183 qni
2941 2113 3192 2179 donavit,
3223 2115 3324 2170 scit
3364 2115 3504 2171 unde
3546 2115 3741 2172 fecerit

2154 2199 2296 2272 quod
2324 2202 2574 2268 donavit,
2605 2212 2778 2258 utrum
2809 2220 2872 2259 ex
2905 2206 3192 2275 propagine
3217 2207 3510 2268 attraxerit.
3535 2223 3601 2262 an
3631 2223 3742 2262 no-

2151 2307 2274 2348 vum
2305 2291 2651 2349 insumaverit
2669 2312 2692 2353 ,ε
2721 2295 2861 2366 quod
2889 2311 2987 2366 ego
3003 2293 3238 2364 ,inquit,
3271 2298 3472 2353 nescio.
3500 2296 3608 2352 Nec
3626 2297 3743 2352 sin-

2158 2385 2292 2454 gulis
2336 2383 2474 2438 vobis
2517 2385 2682 2440 vultus
2725 2393 2771 2438 et
2817 2385 3041 2440 membra
3087 2385 3298 2457 formari
3328 2402 3348 2442 .'
3376 2387 3465 2443 ille
3503 2389 3602 2443 scit
3642 2391 3743 2462 qui

2167 2475 2432 2540 formavit,
2457 2485 2633 2529 utrum
2659 2475 2814 2529 simul
2837 2491 2956 2530 cum
2973 2477 3149 2531 anima
3173 2477 3498 2546 formaverit,
3521 2496 3585 2534 an
3607 2497 3746 2536 vero

2153 2565 2264 2638 jam
2295 2565 2534 2621 formatis
2561 2565 2791 2622 animam
2822 2567 3048 2624 dederit.
3067 2568 3184 2634 Quo
3207 2585 3336 2640 ergo
3358 2567 3537 2638 modo,
3558 2581 3743 2627 utrum

2173 2657 2263 2712 illo
2283 2673 2350 2712 an
2381 2657 2482 2712 isto
2507 2657 2558 2712 in
2586 2657 2702 2729 cjus
2730 2667 2970 2713 ventrem
3001 2659 3244 2714 venerint
3272 2657 3362 2714 lilii
3380 2702 3398 2720 .
3432 2658 3741 2726 nesciebat;

2165 2756 2220 2802 et
2251 2745 2378 2800 illud
2411 2755 2584 2801 tamen
2613 2745 2850 2812 sciebat,
2879 2755 3048 2804 totum
3076 2748 3216 2818 quod
3242 2749 3387 2804 dedit
3410 2749 3737 2806 redditurunz

2157 2848 2277 2893 esse
2299 2839 2386 2907 qui
2416 2837 2580 2892 dedit.
2608 2836 2711 2893 Sed
2737 2837 2896 2910 eligat
2926 2839 3026 2895 iste
3052 2839 3104 2894 in
3133 2850 3336 2894 naturae
3367 2840 3608 2898 humana:
3629 2852 3719 2898 tat.

2165 2925 2427 2998 profundo
2455 2927 2740 2998 abditoque
2771 2939 2999 2995 secreto,
3030 2929 3154 3000 quid
3186 2929 3378 2986 mulier
3405 2931 3504 2986 ista
3529 2935 3743 2988 nescie-

2157 3019 2227 3075 rit
2249 3037 2262 3073 :
2289 3027 2490 3074 tantum
2508 3035 2612 3074 non
2630 3017 2834 3090 judicet
2849 3022 3216 3090 mentientem,
3237 3039 3337 3080 nec
3359 3025 3640 3094 pecoribus
3658 3025 3746 3081 in-

2162 3111 2390 3167 scusatis
2409 3121 2682 3182 comparet
2705 3112 3050 3168 nescientem.
3072 3113 3336 3184 Quidquid
3358 3125 3472 3170 erat
3490 3117 3628 3186 quod
3652 3118 3744 3174 illa

2163 3203 2465 3270 nesciebat,
2492 3200 2738 3275 profecto
2763 3200 2828 3258 ad
2860 3213 3101 3259 naturam
3143 3205 3372 3261 hominis
3397 3207 3696 3276 pertinebat
3727 3227 3744 3264 :

2162 3293 2304 3364 quod
2334 3303 2510 3350 tamen
2549 3294 2664 3348 sine
2705 3293 2859 3362 culpa
2903 3293 3064 3349 homo
3091 3295 3382 3352 nesciebat.
3409 3301 3749 3368 Quapropter

2171 3387 2290 3442 dico
2317 3387 2476 3440 etiam
2505 3399 2604 3458 ego
2628 3383 2696 3440 de
2715 3387 2890 3440 anima
2917 3401 3052 3450 mea,
3081 3384 3272 3442 Nescio
3295 3388 3558 3456 quomodo
3581 3405 3746 3446 vene-

2171 3479 2240 3534 rit
2266 3478 2319 3534 in
2349 3493 2544 3546 corpus
2569 3491 2781 3542 meum;
2809 3491 2982 3547 neque
3017 3478 3161 3533 enim
3188 3493 3286 3548 ego
3315 3479 3454 3534 illam
3483 3479 3611 3535 mihi
3641 3480 3744 3536 do-

2160 3568 2283 3624 navi
2309 3587 2322 3623 :
2349 3569 2450 3623 scit
2475 3567 2564 3623 ille
2591 3567 2679 3638 qui
2711 3567 2951 3632 donavit,
2981 3578 3156 3622 utrum
3185 3568 3328 3622 illam
3351 3569 3418 3624 de
3449 3580 3598 3639 parte
3623 3587 3748 3628 meo

2166 3659 2422 3724 traxerit,
2470 3672 2536 3711 an
2579 3656 2718 3711 sicut
2765 3656 2937 3727 primo
2984 3655 3183 3712 homini
3228 3673 3418 3713 novam
3457 3663 3742 3716 creaverit.

2162 3750 2348 3804 Sciam
2365 3747 2524 3804 etiam
2554 3761 2654 3820 ego
2679 3747 2724 3802 si
2752 3747 2866 3816 ipse
2893 3746 3154 3816 docuerit,
3180 3749 3620 3822 quandocumque
3645 3769 3748 3808 vo-

2167 3841 2344 3895 luerit.
2375 3837 2528 3894 Nuuc
2553 3848 2729 3893 autem
2763 3839 2978 3905 nescio,
3009 3855 3108 3894 nec
3131 3855 3218 3896 me
3243 3839 3436 3914 pudet,
3467 3852 3526 3898 ut
3551 3843 3745 3912 istum,

2165 3929 2316 3986 fateri
2345 3929 2550 3984 nescire
2579 3927 2719 4000 quod
2749 3929 2932 3984 nescio
2953 3929 2998 3983 '.

2235 4019 2460 4078 CAPUT
2485 4017 2628 4074 XVI.
2647 4018 2830 4073 —26.
2867 4016 3016 4073 Disce
3037 4059 3052 4085 ,
3089 4019 3290 4090 inquit,
3332 4037 3444 4076 ecce
3473 4019 3749 4093 Apostolus

2167 4113 2328 4167 docet.
2373 4112 2579 4166 Discam
2628 4107 2816 4178 plane,
2845 4109 2888 4162 si
2920 4110 3206 4178 Apostolus
3232 4111 3424 4165 docet:
3454 4128 3558 4166 non
3600 4117 3746 4170 enim

2169 4204 2268 4258 nisi
2302 4203 2439 4257 Deus
2465 4215 2564 4272 per
2590 4199 2902 4270 Apostolum
2933 4199 3107 4253 docet.
3135 4199 3239 4254 Sed
3273 4201 3398 4271 quid
3424 4211 3503 4256 est
3529 4202 3747 4258 tandem

2167 4295 2306 4364 quod
2335 4296 2490 4350 docet
2517 4294 2840 4364 Apostolus?
2869 4293 3031 4356 Ecce,
3063 4293 3231 4364 inquit
3251 4337 3265 4355 .
3292 4312 3403 4348 cum
3425 4295 3748 4352 Atheniensi-

2165 4383 2255 4440 bus
2286 4385 2586 4456 loqueretur,
2615 4385 2708 4438 hoc
2735 4395 3017 4438 constanter
3044 4386 3304 4452 exposuit,
3332 4386 3531 4446 dicens,
3567 4405 3588 4438 ‹
3618 4386 3750 4444 Cum

2167 4475 2274 4547 ipse
2300 4476 2382 4529 det
2411 4475 2638 4530 omnibus
2675 4477 2830 4528 vitam
2863 4485 2908 4528 et
2953 4475 3204 4546 spiritum.
3247 4495 3266 4528 ι
3295 4476 3425 4542 Quis
3455 4479 3595 4534 enim
3645 4479 3750 4536 hoc

2166 4565 2364 4636 negat?
2383 4563 2488 4621 Sed
2511 4564 2755 4636 intellige,
2779 4565 2964 4632 inquit,
2988 4565 3120 4634 quod
3145 4565 3215 4618 ait
3240 4565 3512 4636 Apostolus
3537 4584 3583 4622 τι
3602 4569 3710 4632 det,
3726 4591 3746 4623 ι

2165 4656 2360 4728 inquit;
2388 4673 2508 4718 non,
2543 4653 2729 4720 Dedit;
2753 4654 2818 4707 ad
2843 4653 3098 4724 inﬁnitum
3141 4664 3186 4707 et
3215 4655 3342 4727 juge
3370 4665 3564 4726 tempus
3601 4675 3752 4712 rem-

2169 4765 2308 4810 cans,
2341 4762 2440 4800 non
2469 4745 2532 4800 de
2557 4746 2808 4818 prwterito
2834 4755 2882 4798 et
2905 4747 3122 4817 perfecto
3155 4747 3506 4816 pronuntians.
3529 4746 3592 4803 Et
3613 4757 3754 4822 quod

2169 4840 2276 4894 sine
2299 4840 2576 4892 cessatione
2593 4837 2700 4902 dat,
2724 4853 2917 4908 semper
2939 4837 3026 4890 dat
3042 4851 3061 4890 :
3076 4836 3204 4890 sicut
3224 4837 3420 4906 semper
3439 4851 3511 4894 est
3535 4839 3644 4910 ipse
3662 4844 3759 4912 qui

2171 4931 2278 4984 dnt.
2307 4928 2480 4984 Verba
2507 4927 2623 4998 ejus
2648 4927 2834 5000 posui,
2869 4928 3006 4983 sicut
3045 4928 3098 4982 in
3128 4943 3313 4982 eorum
3356 4946 3488 5001 quos
3523 4931 3716 4988 misisti
3735 4977 3754 5000 ,

2171 5021 2406 5078 secundo
2435 5019 2574 5074 libro
2602 5021 2718 5090 ejus
2743 5019 2938 5076 inveni.
2966 5015 3066 5076 Ubi
3095 5021 3322 5091 primum
3351 5021 3470 5076 vide
3495 5037 3600 5093 quo
3623 5039 3756 5094 pro-

2171 5127 2386 5185 gressus
2413 5109 2588 5175 fuerit,
2619 5110 2745 5165 dum
2767 5107 2952 5164 nititur
2971 5107 3238 5165 afﬁrmare
3262 5109 3403 5185 quod
3433 5113 3620 5167 nescit.
3644 5117 3766 5170 Au-

2172 5215 2263 5256 sus
2289 5213 2366 5256 est
2393 5199 2536 5254 enim
2563 5199 2774 5264 dicere,
2799 5197 2964 5254 Deum
2994 5214 3100 5252 non
3141 5214 3280 5254 nunc
3308 5199 3480 5255 solum
3511 5216 3669 5274 atque
3703 5205 3756 5258 iu

2174 5297 2276 5350 lsm
2321 5293 2687 5348 tantummodo
2724 5289 2956 5355 steculo,
2996 5289 3090 5345 sed
3133 5307 3226 5360 per
3251 5289 3512 5348 inﬁnitum
3543 5303 3755 5364 ternpus

2173 5385 2288 5442 sine
2307 5385 2626 5444 reseatione,
2649 5390 2807 5451 atque
2832 5381 3050 5452 omnino
3069 5396 3282 5451 semper
3301 5383 3505 5438 animas
3531 5399 3758 5440 nascen-

2175 5477 2314 5533 tibus
2343 5476 2488 5530 dare.
2515 5473 2748 5544 Semper,
2789 5473 2994 5545 inquit,
3024 5471 3142 5538 dat,
3173 5473 3303 5529 sicut
3325 5489 3521 5548 semper
3549 5485 3620 5532 est
3645 5475 3762 5548 ipso

2239 5655 2254 5686 ¹
2291 5659 2498 5713 Quatuor
2520 5657 2648 5708 Im.
2821 5649 2884 5702 de
2903 5646 3054 5703 nobis.

2233 5715 2260 5749 ι
2277 5723 2352 5764 nr.
2375 5713 2512 5764 Luzd.
2543 5717 2593 5762 et
2615 5720 2752 5764 Ven..
2775 5725 2862 5764 nec
2876 5725 2954 5764 me
2974 5709 3140 5764 nudet.
3155 5711 3246 5764 uti

2233 5715 2260 5749 ‘
2277 5709 2352 5764 Ιιὶὶι.
2375 5713 2512 5784 uigil,
2543 5717 2593 5762 et
2615 5709 2752 5774 γεῆι..
2775 5725 2862 5764 ttt't
2876 5725 2954 5764 me
2974 5709 3140 5777 pudet,
3155 5717 3208 5763 ll!
3226 5711 3358 5764 istud
3373 5713 3530 5773 [αισαν
3543 5713 3760 5779 md“.

2178 5780 2305 5838 quod
2329 5787 2503 5826 nescio.
2568 5783 2625 5824 tt.
