4034 6182
297 352 398 408 489

296 468 382 535 qui
409 468 517 519 tlul.
548 463 685 532 Quid
713 465 727 496 ¹
758 463 1049 533 Apostolus
1075 463 1298 529 dixerit,
1332 463 1453 533 quia
1481 461 1609 516 satis
1635 471 1877 529 apertum

291 566 372 608 est
391 597 404 618 ,
435 572 519 609 me
552 555 873 625 intelligere,
904 554 1042 609 absit
1072 563 1129 609 ut
1154 569 1343 624 negem
1370 571 1383 606 :
1413 553 1553 622 quod
1578 563 1754 606 autem
1784 552 1882 606 iste

290 643 460 710 dicit,
491 643 655 698 debet
683 644 842 699 etiam
872 644 984 713 ipse
1009 644 1308 714 intelligere
1345 655 1528 698 contra
1572 643 1730 697 (idem
1762 656 1881 697 esse

289 734 659 799 Christianam,
684 745 843 804 atque
865 733 1088 788 ulterius
1110 749 1297 788 cavere
1319 750 1385 788 ne
1404 734 1563 787 dicat.
1581 731 1714 788 Cum
1736 732 1878 785 enim

288 826 486 879 mortui
513 825 923 888 resurrexerint,
944 825 1052 895 jam
1077 841 1234 880 nemo
1257 836 1505 880 nascetur
1531 843 1543 878 :
1571 833 1733 892 atque
1755 822 1878 876 ideo

286 925 415 970 tunc
443 932 549 970 non
577 915 724 969 dabit
753 917 1097 971 nascentibus
1123 917 1329 970 animas
1350 956 1364 980 ,
1394 915 1487 970 sed
1517 930 1608 970 eas
1633 929 1766 985 quas
1788 914 1879 969 dat

284 1005 334 1057 iu
389 1006 493 1058 isto
538 1005 735 1060 sar-culo
765 1020 887 1059 cum
916 1005 1233 1074 corporibus
1268 1005 1545 1073 judicabit.
1588 1004 1704 1059 Non
1751 1018 1878 1074 ergo

282 1110 505 1163 semper
527 1095 651 1158 dat,
681 1096 926 1165 quamvis
956 1096 1068 1164 ipse
1095 1110 1308 1164 semper
1351 1096 1422 1149 sit
1449 1096 1542 1164 qui
1582 1110 1721 1148 nunc
1763 1094 1873 1150 dat.

282 1185 395 1239 Nec
426 1194 603 1240 tamen
632 1188 885 1255 quoniam
909 1187 1096 1241 beatus
1117 1186 1405 1256 Apostolus
1437 1201 1540 1240 non
1569 1172 1737 1249 dixit,
1768 1185 1875 1239 De-

281 1274 363 1327 dit
391 1292 405 1338 ;
435 1275 528 1330 sed
550 1316 565 1339 ,
592 1277 710 1341 det;
741 1276 864 1331 inde
891 1276 1174 1333 coniicitur
1199 1276 1341 1346 quod
1373 1275 1483 1329 vult
1512 1276 1614 1330 iste
1639 1275 1875 1333 conﬁce.

258 1383 512 1445 lre,.non
543 1383 664 1421 eum
695 1384 761 1423 ex
791 1370 1313 1446 prapagineﬂanimas
1351 1366 1498 1420 dare.
1532 1364 1651 1435 ipse
1679 1365 1876 1435 quippe

254 1500 257 1506 ι
284 1460 398 1523 dat,
420 1461 581 1514 etiam
599 1459 645 1513 si
665 1459 732 1514 de
755 1461 1044 1530 propagine
1072 1460 1183 1514 dat.
1206 1460 1339 1526 Quia
1366 1470 1421 1514 et
1445 1461 1688 1528 corporis
1710 1475 1878 1513 mem-

245 1539 253 1553 ’
285 1552 406 1615 bra,
428 1562 482 1606 et
506 1554 748 1621 corporis
784 1568 1006 1615 sensus,
1040 1562 1090 1607 et
1117 1551 1358 1620 corporis
1398 1550 1650 1617 formam,
1677 1561 1731 1606 et
1755 1566 1877 1607 cor-

284 1641 438 1712 poris
466 1643 686 1697 omnino
715 1643 1063 1698 substantiam
1094 1644 1206 1713 ipse
1229 1622 1532 1699 hominibus
1555 1644 1667 1709 dat,
1692 1659 1880 1714 quam-

282 1735 372 1788 vis
400 1751 464 1788 ex
494 1735 785 1806 propagine
811 1734 923 1791 det.
954 1735 1135 1805 Neque
1159 1736 1302 1790 enim
1334 1735 1458 1806 quia
1487 1735 1746 1790 Dominus
1771 1736 1875 1803 ait,

287 1827 353 1880 Si
376 1829 548 1898 fenum
573 1828 703 1897 agri,
734 1827 870 1897 quod
889 1827 1039 1881 hodie
1058 1837 1131 1881 est
1155 1835 1201 1880 et
1230 1844 1344 1881 cras
1368 1827 1421 1881 in
1443 1827 1698 1883 clibatt'mt
1718 1829 1877 1890 mitti-

287 1928 393 1982 tur,
425 1916 561 1970 Deus
592 1919 664 1973 sic
689 1919 829 1972 vestit
861 1917 881 1989 (
905 1917 1090 1972 Matth.
1119 1934 1193 1981 vr,
1223 1916 1362 1989 50);
1391 1933 1491 1973 nec
1514 1918 1610 1986 ait,
1635 1918 1878 1985 Vestiri;

284 2018 429 2063 Sicut
451 2009 678 2076 primum
705 2009 918 2079 quando
945 2009 1209 2071 instituit;
1240 2009 1335 2064 sed
1359 2009 1454 2073 ait,
1476 2012 1638 2076 vestit,
1666 2011 1806 2080 quod
1828 2022 1879 2065 et

288 2116 434 2154 nunc
461 2100 620 2164 facit;
654 2100 777 2156 ideo
803 2101 1118 2170 negabimus
1149 2101 1253 2156 lilia
1285 2101 1354 2155 de
1379 2101 1585 2170 origine
1610 2101 1693 2158 sui
1717 2116 1880 2171 gene—

286 2194 367 2246 ris
393 2193 681 2262 procreari.
704 2192 842 2258 Quid
868 2193 911 2248 si
940 2208 1068 2262 ergo
1096 2194 1175 2247 sic
1202 2193 1362 2246 etiam
1388 2191 1565 2246 anima
1588 2201 1644 2246 et
1662 2192 1879 2260 spiritus

289 2281 525 2335 hominis
554 2291 608 2335 et
636 2297 665 2339 τι
696 2284 803 2338 Deo
829 2283 1005 2347 datur,
1030 2282 1282 2352 quamdiu
1312 2281 1505 2346 datur;
1531 2292 1585 2337 et
1606 2290 1781 2336 tamen
1812 2298 1878 2339 ex

288 2372 583 2441 propagine
610 2372 690 2427 sui
717 2374 927 2442 generis
955 2373 1149 2428 datur?
1179 2372 1333 2440 Quod
1358 2388 1457 2444 ego
1488 2387 1587 2427 nec
1608 2370 1839 2427 defendo
1859 2411 1874 2437 ,

289 2478 390 2516 nec
415 2461 623 2523 refello.
649 2462 755 2518 Sed
776 2463 821 2517 si
844 2462 1240 2521 defendendum
1266 2471 1368 2528 est,
1391 2462 1473 2517 vel
1497 2460 1875 2528 refellendum,

288 2552 610 2625 perSpicnis,
635 2568 741 2611 non
763 2553 1025 2624 ambiguis
1047 2553 1368 2608 testimoniis
1395 2553 1449 2606 id
1475 2551 1738 2622 agendum
1759 2566 1878 2608 eSse

287 2659 628 2703 coininouco.
661 2643 770 2701 Nec
802 2656 1087 2715 propterea
1130 2644 1417 2715 pecoribus
1446 2644 1732 2700 insensatis
1760 2659 1880 2700 sum

286 2735 700 2805 comparandus,
734 2738 854 2806 quia
879 2736 979 2790 hoc
1006 2751 1091 2791 me
1120 2735 1357 2791 nondum
1388 2737 1528 2790 scire
1555 2736 1877 2805 pronuntio;

288 2826 387 2881 sed
419 2827 590 2894 potius
618 2829 787 2880 cautis
829 2816 1165 2892 hominibus,
1195 2827 1319 2896 quia
1345 2841 1452 2880 non
1480 2825 1655 2881 audeo
1684 2825 1881 2882 docere

287 2916 436 2986 quod
459 2916 659 2972 nescio.
687 2918 851 2971 Istum
878 2927 1055 2972 autem
1083 2932 1190 2972 non
1216 2932 1315 2987 ego
1338 2915 1592 2981 vicissim,
1618 2916 1768 2985 quasi
1791 2931 1877 2970 re-

288 3008 534 3080 pendens
573 3008 912 3063 maledictum
946 3025 1041 3079 pro
1069 3008 1383 3073 maledicto,
1414 3007 1701 3078 pecoribus
1732 3021 1881 3064 com-

287 3114 458 3170 paro;
491 3099 586 3154 Sed
620 3109 866 3172 tanquam
896 3099 1060 3155 lilium
1092 3114 1306 3166 moneo,
1336 3108 1395 3153 ιιι
1421 3098 1565 3169 quod
1592 3098 1786 3164 nescit,
1817 3111 1879 3154 se

289 3192 501 3245 nescire
528 3190 783 3256 fateatur,
827 3206 998 3261 neque
1024 3192 1076 3245 id
1102 3190 1244 3261 quod
1283 3191 1519 3245 nondum
1541 3190 1746 3255 didicit,
1778 3190 1878 3245 do-

291 3297 418 3338 cere
464 3282 712 3337 moliatur
741 3301 754 3339 :
782 3298 852 3343 ne
896 3293 1258 3353 comparetur,
1300 3298 1411 3342 non
1450 3283 1755 3352 pecoribus,
1782 3283 1879 3339 sed

291 3373 401 3427 illis
418 3374 719 3429 hominibus
742 3389 876 3443 quos
902 3374 1030 3430 dicit
1054 3374 1361 3444 Apostolus,
1384 3375 1603 3428 volentes
1627 3389 1733 3429 esse
1757 3373 1883 3445 legis

290 3464 545 3532 doctores,
576 3483 677 3520 non
701 3467 1033 3538 intelligentes
1060 3484 1217 3538 neque
1249 3483 1363 3537 qua:
1396 3467 1691 3537 loquuntur,
1721 3483 1883 3532 neque

292 3560 356 3611 de
374 3559 552 3628 quibus
581 3560 827 3630 afﬁrmant
857 3560 898 3632 (Ι
920 3559 1055 3614 Tim.
1082 3575 1121 3625 ι,
1151 3559 1230 3629 7).

362 3649 592 3705 CAPUT
619 3650 778 3711 χγιι.
802 3681 872 3691 -
889 3651 980 3705 27.
1010 3651 1142 3706 Nam
1168 3650 1313 3709 unde
1335 3659 1438 3719 est,
1466 3650 1605 3721 quod
1637 3651 1709 3706 ita
1737 3650 1883 3707 Scri-

291 3750 514 3810 pturas,
542 3740 609 3794 de
637 3743 829 3811 quibus
867 3741 1127 3811 loquitur,
1158 3755 1262 3795 non
1295 3751 1447 3796 curat
1475 3740 1789 3806 advertere,
1821 3751 1881 3796 ut

293 3845 415 3889 cum
446 3830 634 3900 legerit
662 3830 906 3887 homines
934 3846 1057 3886 esse
1081 3848 1148 3886 ex
1178 3831 1308 3900 Deo,
1341 3846 1443 3886 non
1469 3845 1564 3886 eos
1591 3832 1753 3886 etiam
1784 3846 1878 3887 se-

293 3922 527 3980 cundum
573 3936 797 3991 corpus,
846 3922 940 3978 sed
987 3931 1192 3978 tantum
1232 3923 1785 3978 secundum’animam
1826 3932 1881 3978 et

292 4015 538 4084 Spiritum
566 4030 628 4068 ex
652 4015 764 4070 Deo
782 4030 904 4070 esse
929 4015 1256 4070 contendat?
1281 4015 1433 4082 Quod
1464 4016 1607 4070 enim
1638 4016 1713 4070 ait
1736 4015 1881 4084 Apo-

293 4107 483 4170 stolus,
521 4105 600 4159 Ea:
623 4108 734 4176 ipso
758 4123 931 4160 sumus
952 4106 1089 4176 (Act.
1121 4122 1248 4171 xvn,
1278 4105 1409 4176 9.8);
1436 4122 1541 4160 non
1566 4107 1677 4160 vult
1696 4107 1797 4161 iste
1813 4106 1879 4169 ad

293 4212 511 4273 corpus,
543 4197 636 4251 sed
670 4207 872 4252 tantum
900 4198 965 4251 ad
987 4199 1221 4252 animam
1249 4206 1303 4251 ct
1322 4198 1567 4268 spiritum
1594 4212 1714 4255 esse
1738 4196 1878 4257 refe-

293 4289 542 4348 rendum.
566 4288 618 4342 Si
649 4302 777 4358 ergo
804 4304 869 4345 cx
893 4288 1006 4344 Deo
1026 4304 1133 4343 non
1160 4297 1284 4343 sunt
1309 4302 1555 4357 corpora,
1583 4285 1775 4348 falsum
1798 4297 1881 4342 est

293 4378 437 4448 quod
464 4379 718 4448 scriptum
749 4389 852 4444 est,
887 4359 1092 4450 Ex'quo
1122 4379 1310 4443 antnia,
1335 4393 1425 4446 per
1448 4393 1596 4446 quem
1613 4378 1804 4443 omnia,
1827 4377 1881 4431 in

292 4483 396 4536 quo
419 4469 588 4521 omnia
616 4467 791 4539 (Rom.
821 4484 894 4535 χι,
919 4468 1034 4539 56).
1081 4468 1281 4523 Deinde
1309 4468 1400 4527 ubi
1427 4467 1558 4523 dicit
1584 4468 1724 4525 idem
1753 4484 1882 4537 apo-

292 4559 484 4623 stolus,
515 4559 662 4613 Sicut
698 4560 834 4613 enim
870 4558 1050 4615 mulier
1069 4576 1132 4614 ex
1150 4560 1257 4617 viro
1276 4559 1389 4624 ,J‘ta
1417 4569 1463 4612 et
1491 4560 1567 4613 uir
1595 4575 1684 4629 per
1705 4562 1881 4615 mulie«

288 4662 429 4709 rem;
452 4661 682 4720 exponat
703 4650 856 4704 nobis
884 4650 983 4705 iste
1014 4665 1170 4721 quam
1202 4652 1546 4720 proiiagiuem
1577 4652 1881 4720 signiﬁcare

292 4738 540 4803 voluerit,
572 4739 787 4804 animae,
821 4754 888 4794 an
917 4741 1181 4809 corporis,
1214 4755 1280 4794 an
1313 4742 1608 4810 utriusque.
1638 4740 1746 4796 Sed
1776 4759 1880 4797 non

291 4828 408 4880 vult
434 4844 555 4884 esse
578 4829 781 4882 animas
808 4845 874 4883 ex
898 4828 1208 4898 pmpagiue.
1232 4829 1416 4883 Restat
1440 4845 1588 4900 ergo,
1617 4842 1673 4884 ut
1692 4847 1881 4886 secun-

296 4918 421 4972 Jum
463 4919 635 4989 ipsum
675 4928 831 4988 atque
860 4932 1048 4973 omnes
1074 4919 1161 4989 qui
1193 4919 1490 4974 animarum
1534 4922 1878 4991 prapaginem

290 5006 611 5071 cltstrnuut,
640 5023 834 5078 corpus
861 5018 1066 5062 tantum
1097 5009 1447 5063 masculinum
1478 5020 1529 5064 et
1560 5009 1877 5065 femininum

288 5096 672 5165 significaverit
694 5100 714 5130 ²
742 5098 1029 5166 Apostolus
1049 5140 1065 5163 ,
1098 5098 1282 5153 dicens
1302 5142 1315 5165 ,
1343 5099 1490 5154 Sicut
1529 5101 1661 5153 enim
1701 5102 1882 5156 mulier

288 5203 359 5242 ex
385 5190 490 5241 viro
510 5228 526 5253 ,
566 5188 637 5241 ita
677 5187 733 5241 et'
759 5189 834 5245 vir
861 5206 949 5259 per
974 5189 1234 5244 mulierem
1263 5190 1422 5260 :quia
1448 5190 1641 5245 mulier
1669 5206 1733 5245 ex
1764 5193 1880 5246 viro

284 5280 429 5335 facta
460 5289 563 5346 est,
595 5290 650 5334 ut
675 5282 835 5334 etiam
864 5280 946 5334 vir
970 5296 1066 5352 per
1094 5282 1371 5336 mulierem
1411 5291 1592 5351 postea
1624 5298 1879 5340 nascere-

287 5379 398 5425 tur.
425 5368 480 5423 Si
511 5384 638 5439 ergo
665 5370 777 5424 lucc
805 5359 1092 5439 Apostolus
1121 5370 1327 5434 dicens,
1353 5385 1462 5425 non
1490 5372 1649 5426 etiam
1672 5373 1879 5428 animas

287 5470 345 5515 et
370 5460 617 5531 spiritus,
660 5459 754 5515 sed
791 5468 991 5514 tantum
1023 5476 1247 5531 corpora
1278 5462 1556 5531 utriusque
1595 5476 1755 5517 sexus
1782 5479 1881 5517 vo-

288 5550 436 5607 lebat
458 5548 698 5620 intelligi,
719 5566 814 5606 cur
831 5551 1082 5607 continuo
1102 5551 1395 5622 subjunxit,
1424 5551 1605 5608 Οηιηὶα
1626 5562 1793 5607 autem
1814 5571 1879 5617 ea:

354 5713 372 5744 ι
409 5719 512 5760 nuo
535 5720 662 5771 \tss.,
674 5714 829 5774 Aquod.

356 5775 378 5805 ⁸
412 5781 460 5822 ιιι
485 5781 617 5833 at»,
640 5772 950 5838 signiﬁcaret.

552 5864 823 5923 PATROL.
864 5863 1073 5927 XLIV.

1679 347 1881 402 LIBER
1923 346 2187 403 ιιιιιιιυε.

3465 357 3580 410 490-

1988 459 2094 514 Deo
2126 464 2142 529 (
2167 460 2182 512 Ι
2213 462 2331 513 (.or.
2361 476 2409 514 ιιι
2432 503 2447 527 ,
2477 462 2609 530 12);
2642 465 2738 519 nisi
2767 464 2890 534 quia
2910 472 2966 521 et
2984 480 3209 536 corpora
3229 483 3295 527 ex
3317 468 3462 523 Deo?
3494 471 3567 524 Ita

1982 551 2275 619 quippcait
2297 572 2310 604 :
2335 553 2476 608 Sicut
2503 557 2635 610 enim
2656 557 2838 611 mulier
2856 575 2920 613 ea:
2935 558 3064 627 vim,
3082 560 3155 613 ita
3175 568 3220 613 et
3248 560 3325 613 vir
3349 576 3437 629 per
3453 577 3568 613 mu-

1982 641 2182 709 lierem;
2212 645 2378 697 omnia
2406 655 2572 700 autem
2596 663 2662 702 ea:
2681 647 2806 703 Deo.
2839 649 3013 720 Eligat
3036 666 3165 721 ergo
3195 652 3294 705 iste
3321 651 3463 706 unde
3495 652 3566 706 sit

1981 732 2200 788 dictum.
2228 735 2282 790 Si
2310 735 2378 792 de
2405 739 2737 807 corporibus,
2772 740 3010 808 profecto
3035 752 3089 796 et
3114 758 3338 811 corpora
3361 757 3424 796 ex
3451 743 3559 797 Deo

1981 833 2123 877 sunt.
2146 824 2281 892 Quid
2301 837 2547 898 estergo,
2570 830 2711 899 quod
2735 831 3056 902 ubicumque
3077 834 3175 887 iste
3196 833 3247 887 in
3272 833 3564 903 Scripturis

1983 913 2129 984 legit,
2160 933 2222 970 ea:
2248 916 2356 971 Deo
2379 961 2392 981 ,
2433 919 2646 987 quando
2674 921 2743 975 de
2773 920 3078 979 hominibus
3120 923 3309 992 agitur,
3357 939 3461 976 non
3510 935 3565 978 et

1978 1018 2225 1075 corpora,
2254 1008 2347 1061 sed
2378 1019 2581 1066 tantum
2613 1010 2820 1064 animas
2844 1021 2898 1064 et
2920 1012 3141 1080 spiritus
3167 1014 3276 1067 vult
3304 1012 3566 1082 intelligi?

1978 1094 2033 1150 Si
2063 1111 2189 1151 vero
2217 1097 2358 1166 quod
2389 1098 2589 1154 dictum
2615 1108 2699 1154 est
2720 1142 2735 1167 ,
2762 1099 2948 1157 Omnia
2974 1112 3139 1155 autem
3161 1119 3224 1156 ea:
3246 1103 3388 1167 Deo;
3416 1114 3471 1158 et
3499 1104 3567 1156 de

1978 1199 2205 1254 corpore
2222 1187 2495 1261 utriusque
2514 1204 2694 1255 sexus,
2714 1190 2854 1245 etde
2878 1191 3052 1244 anima
3075 1207 3136 1246 ac
3152 1193 3339 1260 spiritu
3368 1194 3565 1247 dictum

1979 1283 2098 1331 est:
2127 1291 2253 1346 ergo
2281 1277 2574 1332 secundum
2595 1279 2772 1333 omnia
2794 1289 2875 1334 est
2906 1281 3102 1335 mulier
3122 1297 3187 1335 ex
3213 1282 3347 1335 viro.
3375 1281 3565 1335 Mulier

1979 1366 2111 1420 enim
2147 1384 2210 1421 ea:
2233 1368 2370 1435 uiro,
2399 1369 2474 1421 uir
2501 1387 2591 1440 per
2614 1370 2911 1435 mulierem;
2936 1372 3107 1424 omnia
3143 1382 3309 1425 autent
3344 1388 3408 1424 ex
3438 1371 3563 1426 Deo.

1979 1456 2109 1523 Quae
2133 1458 2334 1523 omnia,
2369 1460 2470 1513 nisi
2501 1459 2567 1514 de
2595 1460 2789 1530 quibus
2819 1461 3156 1531 loquebatur,
3188 1462 3236 1516 id
3265 1473 3368 1529 est,
3401 1472 3454 1517 et
3483 1463 3569 1517 ille

1979 1548 2060 1600 vir
2089 1563 2151 1602 ex
2178 1564 2284 1618 quo
2313 1549 2521 1614 mulier,
2553 1560 2607 1605 et
2632 1551 2723 1606 illa
2754 1553 2945 1607 mulier
2970 1570 3090 1623 qua:
3118 1569 3181 1609 ex
3218 1556 3359 1617 \iro,
3394 1565 3448 1609 et
3480 1557 3568 1609 ilic

1977 1638 2060 1692 vir
2082 1638 2170 1708 qui
2202 1654 2298 1708 per
2325 1640 2604 1696 mulierem
2626 1642 2649 1695 ?
2669 1641 2852 1712 Neque
2875 1643 3134 1709 enimille
3160 1627 3239 1697 vir
3259 1660 3356 1717 per
3383 1646 3569 1702 ntulie-

1978 1743 2114 1790 rem,
2138 1744 2202 1784 ex
2225 1744 2331 1807 quo
2356 1730 2472 1787 viro
2494 1732 2685 1793 mulier
2712 1750 2724 1786 :
2759 1733 2851 1787 sed
2874 1735 2955 1787 vir
2981 1735 3071 1804 qui
3101 1722 3361 1791 natus’cst
3384 1746 3568 1803 postea

1978 1833 2045 1879 ex
2077 1819 2190 1872 viro
2215 1835 2312 1889 per
2340 1821 2663 1889 mulierem,
2702 1824 3154 1891 quemadmodum
3187 1826 3449 1895 hodieque
3477 1844 3568 1880 ιιιι-

1979 1919 2217 1965 scuntur.
2238 1912 2315 1971 Ac
2344 1927 2439 1981 per
2463 1911 2565 1967 hoc
2588 1913 2633 1968 si
2655 1929 2775 1968 cum
2803 1915 2902 1968 ista
2932 1915 3138 1970 diceret
3160 1917 3465 1984 ApuslulllS,
3498 1918 3567 1972 de

1940 2079 1945 2085 ⁸
1980 2002 2293 2071 corporibus
2323 2003 2663 2072 loquebatur.
2695 2000 2879 2073 procul
2919 2007 3081 2063 dubio
3109 2024 3333 2078 corpora
3366 2012 3567 2064 utrius-

1979 2108 2083 2161 que
2106 2107 2266 2150 sexus
2292 2110 2356 2149 ex
2381 2096 2510 2151 Deo.
2536 2097 2703 2152 Porro
2733 2098 2778 2153 si
2809 2113 2915 2153 non
2942 2100 3056 2155 vult
3085 2116 3203 2156 esse
3231 2117 3295 2157 ex
3327 2103 3439 2156 Deo
3470 2102 3568 2157 ho—

1980 2184 2179 2241 minum
2206 2184 2305 2243 nisi
2327 2186 2535 2245 animas
2563 2197 2619 2242 et
2644 2188 2896 2257 spiritus;
2924 2189 3161 2259 profecto
3189 2194 3349 2249 etiam
3375 2209 3571 2249 secun-

1980 2273 2104 2327 dum
2132 2276 2362 2331 animam
2389 2287 2446 2333 et
2472 2279 2719 2348 Spiritum
2750 2280 2939 2341 mulier
2964 2297 3030 2341 ex
3053 2282 3189 2346 viro,
3212 2294 3266 2338 et
3293 2285 3424 2339 nihil
3452 2286 3564 2355 jam

1980 2362 2312 2433 relinquetur
2339 2366 2418 2420 eis
2445 2368 2534 2437 qui
2559 2378 2745 2423 contra
2762 2370 3056 2426 animarum
3082 2375 3427 2444 prOpaginem
3453 2377 3569 2433 dis-

1980 2462 2189 2522 putant.
2206 2455 2260 2510 Si
2281 2467 2458 2511 autem
2478 2459 2546 2512 ita
2570 2458 2780 2526 dividit,
2802 2468 2860 2514 ut
2877 2460 3022 2518 dicat
3053 2463 3334 2530 mulierem
3358 2482 3425 2521 ex
3455 2468 3572 2523 vim

1982 2554 2104 2606 esse
2127 2546 2420 2601 secundum
2447 2565 2662 2619 corpus,
2692 2566 2757 2605 ex
2789 2551 2901 2606 Deo
2920 2561 3100 2613 autem
3132 2556 3423 2611 secundum
3459 2560 3575 2612 ani-

1980 2649 2123 2690 mam
2171 2644 2227 2691 et
2268 2638 2549 2707 Spiritum;
2603 2641 2873 2715 quomodo
2919 2643 3022 2697 erit
3064 2660 3249 2700 verum
3300 2649 3442 2718 quod
3498 2651 3575 2704 ait

1980 2723 2297 2793 Apostolus,
2333 2727 2516 2782 Omnia
2552 2741 2720 2784 autem
2748 2747 2810 2785 ea:
2836 2730 2979 2800 Deo,
3012 2735 3057 2788 si
3095 2736 3336 2792 mulieris
3375 2753 3573 2809 corpus

1980 2811 2053 2868 ita
2070 2823 2153 2868 est
2176 2830 2243 2870 ex
2262 2817 2398 2883 viro,
2420 2826 2478 2874 ut
2504 2835 2606 2874 non
2631 2821 2699 2873 sit
2724 2836 2791 2881 ex
2818 2821 2965 2878 Deo?
2986 2823 3323 2895 Quapcopter
3346 2837 3407 2882 ut
3425 2831 3565 2898 Apo-

1980 2902 2151 2959 stolus
2194 2906 2371 2975 potius
2415 2923 2598 2963 verum
2644 2910 2911 2979 loquatur,
2955 2927 3114 2989 quam
3167 2917 3269 2970 iste
3312 2921 3570 2988 Apostolo

1980 2994 2311 3067 praeferatur,
2339 2999 2532 3055 mulier
2560 3015 2623 3055 ex
2652 3001 2766 3056 viro
2792 3012 2895 3069 est,
2927 3004 3040 3059 sive
3064 3008 3357 3062 secundum
3389 3011 3563 3065 solum

1979 3097 2176 3157 corpus
2195 3128 2211 3153 ,
2242 3088 2353 3142 sive
2381 3088 2675 3147 secundum
2717 3098 2887 3151 totum
2909 3133 2922 3157 ,
2962 3110 3068 3162 quo
3107 3107 3317 3152 constat
3341 3097 3572 3165 humana

1981 3188 2169 3235 natura
2199 3180 2366 3255 (nihil
2393 3170 2534 3237 enim
2565 3181 2757 3238 borum
2802 3193 3051 3256 tanquam
3091 3199 3295 3244 certum
3336 3191 3575 3249 afﬁrma?

1981 3283 2121 3337 mus,
2140 3270 2233 3326 sed
2261 3271 2385 3340 quid
2415 3271 2603 3334 borum
2632 3289 2819 3329 verum
2847 3274 2916 3329 sit
2939 3275 3113 3332 adhuc
3140 3281 3450 3353 qumrimus)
3480 3301 3492 3337 :
3516 3293 3575 3347 et

1982 3362 2064 3417 vir
2088 3378 2183 3432 per
2207 3365 2508 3431 mulierem,
2534 3366 2649 3431 sive
2672 3382 2740 3422 ex
2766 3378 2914 3437 patre
2939 3371 2956 3402 ¹
2981 3380 3090 3425 tota
3122 3372 3352 3428 hominis
3374 3385 3567 3431 natura

1980 3451 2222 3517 ducatur,
2252 3469 2371 3523 qua:
2400 3469 2495 3524 per
2524 3454 2804 3512 mulierem
2833 3460 3088 3527 nascitur,
3119 3465 3231 3519 sive
3272 3464 3386 3520 sola
3414 3480 3567 3533 caro,

1979 3543 2122 3617 unde
2150 3543 2324 3599 adhuc
2347 3546 2573 3614 qumstio
2599 3557 2681 3602 est
2705 3565 2719 3601 :
2750 3550 2932 3603 omnia
2959 3559 3138 3607 tamen
3167 3567 3230 3607 ex
3262 3555 3393 3622 Deo,
3430 3557 3572 3611 unde

1979 3636 2121 3690 nulla
2152 3638 2375 3706 quaestio
2400 3648 2504 3703 est,
2529 3638 2586 3704 id
2613 3649 2715 3703 est,
2741 3648 2797 3695 et
2821 3655 3019 3711 corpus
3045 3652 3101 3699 et
3124 3645 3300 3711 anima
3327 3643 3382 3701 et
3412 3650 3572 3717 spiri-

1983 3733 2099 3788 tus,
2127 3737 2181 3779 et
2214 3725 2307 3779 viri
2338 3738 2391 3780 et
2422 3728 2680 3782 mulieris.
2713 3729 2780 3784 Et
2805 3730 2850 3783 si
2886 3732 3027 3793 enim
3058 3748 3163 3795 non
3201 3751 3267 3789 ex
3294 3737 3406 3790 Deo
3438 3749 3563 3794 nata

1981 3816 2065 3871 vel
2097 3825 2262 3871 tracta
2289 3826 2433 3885 sunt,
2457 3819 2540 3875 vel
2566 3830 2872 3884 manarunt,
2893 3823 2963 3884 ita
2982 3831 3039 3886 ut
3057 3824 3173 3897 ejus
3199 3838 3401 3879 naturae
3424 3830 3566 3895 sint;

1982 3916 2156 3961 tamen
2183 3924 2248 3962 ex
2273 3909 2382 3964 Deo
2404 3919 2544 3973 sunt.
2575 3912 2619 3976 Α
2647 3927 2752 3981 quo
2777 3912 2920 3975 enim
2944 3925 3143 3980 creata,
3172 3916 3405 3983 condita,
3435 3912 3578 3974 facta'

1985 4007 2133 4063 sunt,
2161 3997 2229 4055 ab
2255 3998 2345 4059 illo
2374 4000 2574 4063 habent
2601 4010 2660 4063 ut
2687 4002 2812 4060 sint.
3379 4035 3390 4055 ι
3514 4056 3517 4060 .
3566 4014 3575 4025 '

2054 4088 2145 4143 28.
2182 4107 2203 4142 ι
2239 4088 2343 4144 Sed
2368 4089 2615 4153 dicendo,
2642 4110 2662 4145 ι
2685 4093 2904 4162 ἱιιιμιίι,ι
2930 4096 3236 4166 Apostolus,
3260 4097 3321 4150 Et
3351 4099 3457 4169 ipse
3484 4101 3568 4154 det

1980 4178 2211 4237 omnibus
2235 4179 2387 4233 vitam
2415 4191 2461 4234 et
2487 4182 2753 4250 spiritum;
2784 4183 2977 4239 deinde
3019 4186 3264 4241 addendo
3283 4229 3297 4253 ,
3331 4188 3569 4260 Fecitque

1983 4285 2047 4323 ea:
2070 4284 2170 4322 uno
2209 4270 2455 4340 sanguine
2480 4287 2629 4325 onme
2664 4288 2821 4342 genus
2851 4275 3109 4329 hominum
3139 4279 3276 4345 (Act.
3309 4295 3441 4346 xvn,
3467 4285 3589 4353 ‘25,’

1981 4357 2073 4430 26)
2101 4359 2367 4415 :auimam
2391 4369 2445 4415 et
2469 4360 2709 4428 spiritum
2740 4363 3069 4433 originaliter
3087 4369 3266 4437 retulit
3287 4370 3354 4426 ad
3379 4383 3567 4428 auctos

1983 4464 2119 4516 rem,
2144 4464 2342 4523 corpus
2365 4450 2432 4504 ad
2476 4452 2772 4508 traducem.
2810 4474 2829 4506 ι
2865 4453 2979 4511 lmo
3021 4472 3147 4523 vero
3186 4460 3279 4535 qui
3322 4476 3427 4516 non
3455 4464 3572 4523 vult

1982 4551 2186 4598 temere
2226 4542 2523 4599 animarum
2560 4559 2755 4614 negare
2782 4547 3154 4621 pmpaginem,
3182 4562 3462 4623 antequam
3504 4556 3570 4609 li-

1982 4632 2143 4703 quido
2169 4633 2366 4688 clareat
2390 4642 2568 4689 utrum
2590 4634 2684 4703 ita,
2710 4651 2777 4697 an
2809 4653 2913 4693 non
2939 4641 3010 4699 ita
3040 4642 3130 4711 sit,
3154 4642 3314 4700 habet
3341 4646 3480 4716 quod
3512 4650 3566 4705 in

1983 4722 2100 4777 istis
2123 4724 2300 4779 verbis
2336 4724 2577 4793 Apostoli
2607 4725 2897 4799 intelligat,
2926 4747 2990 4785 ea:
3015 4748 3116 4786 uno
3158 4750 3280 4789 eum
3324 4740 3570 4807 sanguine

1980 4815 2179 4870 dixisse
2202 4855 2217 4880 ,
2248 4831 2312 4871 ex
2345 4833 2451 4879 uno
2497 4819 2745 4890 homine,
2776 4837 2805 4876 a
2842 4832 2990 4891 parte
3027 4831 3195 4877 totum
3239 4825 3571 4895 signiﬁcante

1982 4902 2262 4961 locutionis
2293 4909 2473 4965 modo.
2506 4910 2563 4965 Si
2592 4913 2733 4968 enim
2760 4914 2858 4982 ipsi
2886 4914 3009 4969 licet
3033 4914 3327 4986 intelligere
3355 4934 3383 4972 a
3414 4931 3566 4990 parte

1982 5002 2150 5048 totum
2188 4997 2328 5065 quod
2359 4999 2613 5069 scriptum
2644 5012 2757 5066 est,
2788 5003 2856 5056 Et
2885 5004 3049 5072 factus
3076 5015 3149 5059 est
3188 5009 3337 5063 homo
3367 5011 3420 5064 in
3452 5014 3567 5067 ani,

1982 5101 2117 5139 mam
2142 5088 2301 5141 vivam
2333 5087 2485 5160 (Gen.
2517 5108 2574 5155 ιι,
2605 5094 2699 5161 7);
2728 5104 2787 5149 ut
2810 5095 2919 5150 illic
2954 5097 3278 5168 intelligatur
3304 5110 3360 5155 et
3402 5106 3563 5173 spirio

1982 5184 2066 5229 tus
2085 5216 2099 5240 ,
2128 5176 2194 5239 de
2231 5194 2337 5247 quo
2364 5177 2633 5250 Scriptura
2661 5184 2735 5239 ibi
2775 5187 2935 5240 tacuit
2960 5205 2974 5241 :
2998 5203 3093 5242 cur
3116 5190 3236 5244 aliis
3266 5208 3371 5247 non
3413 5194 3570 5256 liccat

1946 5299 1957 5309 -
1982 5266 2060 5321 sic
2087 5270 2329 5339 accipere
2349 5273 2488 5341 quod
2510 5274 2706 5328 dictum
2733 5284 2836 5341 est,
2860 5293 2922 5335 ea;
2946 5293 3045 5331 uno
3071 5297 3315 5349 sanguine
3330 5301 3349 5347 ,'
3381 5297 3435 5340 ut
3458 5289 3567 5344 illic

1983 5369 2036 5414 et
2063 5362 2238 5416 anima
2285 5372 2340 5417 et
2366 5364 2585 5433 spiritus
2627 5367 2791 5434 possit
2820 5369 3078 5439 intelligi,
3124 5376 3376 5441 quoniam
3406 5378 3566 5434 homo

1981 5450 2307 5520 signiﬁcatus
2336 5455 2550 5508 nomine
2591 5457 2862 5526 sanguinis
2885 5500 2898 5522 ,
2930 5475 3034 5514 ιιοιι
3066 5463 3237 5517 solum
3271 5478 3475 5524 constat
3502 5488 3567 5537 cx

1979 5558 2241 5613 corpore,
2294 5561 2479 5600 verum
2510 5547 2670 5601 etiam
2719 5565 2784 5603 ex
2830 5551 3005 5605 anima
3047 5564 3100 5608 et
3143 5558 3376 5625 spiritu?
3417 5562 3569 5617 Sicut

1976 5632 2118 5686 enim
2156 5636 2243 5704 qui
2275 5637 2613 5706 propaginem
2645 5638 2879 5695 defendit
2909 5644 3206 5703 animarum
3234 5690 3247 5710 ,
3282 5667 3384 5706 non
3436 5655 3558 5709 hinc

2043 5748 2060 5824 ξ
2093 5745 2229 5824 editi,
2244 5759 2308 5824 ea}
2323 5754 2477 5824 parte.
2504 5748 2725 5824 Plerique
2749 5759 2877 5824 Mss,
2901 5769 2965 5807 ea:
2987 5764 3125 5821 patre
3145 5771 3164 5810 :
3187 5761 3390 5824 melius,
3412 5772 3465 5815 ut
3488 5779 3566 5824 su;-

1980 5818 2082 5873 Prao
2102 5821 2149 5855 “-
2172 5806 2247 5875 33,
2273 5806 2333 5860 άέ
2353 5819 2492 5871 patre
2513 5825 2618 5862 meo
2638 5806 2875 5875 ὶτααεει-ίεί
2987 5806 2999 5821 '
3101 5806 3118 5809 '
3146 5806 3157 5810 '
3188 5806 3361 5813 mm“
3378 5806 3390 5824 ι
3415 5806 3464 5815 -ν
3488 5806 3533 5825 -.-.

3018 5882 3289 5961 (’Seizeg

3018 5902 3249 5961 (pene,
