4034 6182
455 319 556 380 ιοι
624 305 631 322 ³

457 438 616 492 istum
659 433 815 489 debet
843 431 1142 502 Opprimcre
1162 471 1177 496 ,
1205 430 1327 501 quia
1359 429 1428 487 de
1458 431 1630 500 primo
1660 429 1875 486 homine
1909 429 2041 484 scri-

461 542 606 596 ptum
632 534 733 590 est,
757 521 823 582 In
847 538 943 586 quo
967 537 1140 575 omnes
1167 531 1489 590 peccaverunt
1508 519 1681 591 (Rom.
1708 536 1763 584 γ,
1789 518 1877 593 12)
1899 537 1912 574 :
1937 533 2042 574 non

451 616 600 672 enim
629 615 826 670 dictum
857 621 958 680 est,
991 611 1046 666 ln
1071 627 1175 682 quo
1204 611 1445 666 omnium
1473 625 1599 666 caro
1623 612 1895 682 peccavit;
1925 610 2041 677 sed,

456 723 628 762 omnes
656 705 853 761 dictum
882 703 1065 767 est,.id
1089 713 1191 770 est,
1217 717 1406 757 omnes
1431 701 1705 769 homines;
1735 716 1856 757 cum
1882 701 2044 756 homo

457 813 564 853 non
593 797 702 851 sola
731 795 799 850 sit
826 809 951 850 caro
975 811 988 847 :
1012 793 1150 850 sicut
1174 808 1302 864 ergo
1327 792 1453 848 hinc
1481 792 1583 848 iste
1621 807 1728 846 non
1755 791 1916 847 debet
1943 804 2042 861 op-

454 888 632 959 primi,
665 889 786 958 quia
816 886 952 941 forte
982 887 1052 939 ita
1081 885 1280 940 dictum
1297 893 1399 950 est,
1439 883 1638 958 Omnes
1672 882 1915 937 homines
1938 923 1953 947 ,
1987 890 2044 936 ut

455 980 746 1034 secundum
777 977 943 1032 solam
969 992 1182 1032 carnem
1224 976 1675 1046 intelligerentur;
1708 975 1786 1028 sic
1811 973 1910 1028 iste
1934 986 2040 1026 non

454 1072 580 1126 hinc
607 1071 764 1126 debet
788 1083 1032 1140 premere
1055 1067 1372 1123 defensores
1392 1065 1698 1136 propaginis
1719 1063 2039 1128 animarum,

453 1165 574 1234 quia
600 1163 796 1216 dictum
817 1141 1091 1222 estfomne
1105 1175 1261 1230 genus
1288 1158 1545 1212 hominum
1569 1172 1632 1211 ea;
1653 1171 1755 1209 uno
1773 1155 2038 1226 sanguine,

453 1266 703 1324 tanquam
749 1261 1026 1322 propterea
1070 1249 1182 1304 sola
1225 1263 1350 1304 caro
1380 1248 1642 1318 pertineat
1686 1247 1752 1300 ad
1791 1239 2041 1315 propagi-

454 1361 599 1400 nem.
622 1344 675 1399 Si
705 1343 846 1399 enim
879 1341 979 1396 hoc
1002 1350 1085 1396 est
1105 1355 1310 1404 verum,
1329 1338 1468 1409 quod
1497 1337 1580 1392 isti
1605 1344 1851 1391 asserunt
1868 1332 1964 1407 (τι),
1985 1343 2042 1388 ut

455 1453 561 1490 non
591 1436 660 1489 sit
687 1434 863 1489 anima
893 1449 960 1488 ex
989 1432 1197 1495 anima,
1231 1430 1326 1486 sed
1361 1443 1488 1484 caro
1527 1445 1592 1484 ex
1627 1443 1788 1482 carne
1816 1427 1886 1480 sit
1921 1435 2040 1480 tan-

453 1539 566 1582 tum
593 1543 608 1594 ;
640 1527 708 1581 ita
735 1526 935 1580 dictum
967 1533 1048 1579 est
1071 1565 1084 1588 ,
1116 1539 1178 1577 ex
1216 1538 1317 1576 uno
1345 1521 1623 1592 sanguine,
1656 1528 1712 1574 ut
1751 1533 1858 1573 non
1898 1527 2040 1572 torus

454 1621 616 1676 homo
647 1619 1034 1688 signiﬁcaretur
1061 1631 1092 1670 a
1118 1624 1298 1686 parte,
1327 1613 1420 1668 sed
1447 1623 1648 1667 tantum
1679 1611 1831 1666 unius
1860 1608 2037 1664 homi-

455 1712 538 1766 nis
567 1725 730 1764 caro:
757 1708 884 1763 illud
927 1723 1051 1762 vero
1077 1706 1218 1775 quod
1259 1705 1457 1759 dictum
1497 1713 1607 1769 est,
1647 1700 1714 1755 In
1741 1717 1839 1772 quo
1867 1716 2039 1754 omnes

455 1802 804 1869 peccaverunt,
837 1798 950 1852 sola
980 1795 1216 1851 omnium
1245 1794 1519 1848 hominum
1546 1807 1671 1847 caro
1696 1789 2038 1860 intelligenda

453 1905 556 1957 est,
586 1907 705 1962 qua:
735 1889 856 1944 inde
880 1882 1140 1943 transfusa
1167 1896 1268 1951 est,
1295 1901 1324 1940 a
1345 1895 1455 1940 toto
1474 1893 1677 1956 partem
1707 1881 2038 1953 signiﬁcante

449 1984 744 2052 Scriptura.
770 1980 826 2036 Si
853 1990 1030 2034 autem
1056 1977 1183 2032 illud
1205 1985 1288 2033 est
1307 1991 1514 2041 verum,
1547 1972 1687 2045 quod
1717 1982 1857 2028 totus
1877 1972 2038 2027 homo

451 2091 515 2128 ex
547 2083 657 2128 toto
683 2071 897 2126 homine
929 2080 1270 2140 propagatur,
1303 2068 1354 2123 id
1379 2076 1490 2132 est,
1517 2079 1712 2136 corpus
1737 2107 1753 2132 ,
1782 2064 1957 2118 anima
1981 2071 2039 2119 et

446 2165 708 2235 spiritus:
734 2163 805 2220 ibi
838 2161 1053 2232 proprie
1081 2161 1278 2233 dictum
1307 2168 1408 2226 est,
1435 2159 1494 2214 In
1521 2175 1626 2230 quo
1653 2173 1840 2213 omnes
1864 2155 2036 2211 homi-

453 2270 550 2311 nes
580 2260 962 2326 peccaverunt;
995 2251 1081 2306 hic
1105 2261 1278 2306 autem
1309 2249 1530 2318 tropice,
1556 2265 1618 2303 ea:
1645 2263 1746 2301 uno
1771 2245 2034 2317 sanguine,

456 2356 622 2402 totum
649 2345 977 2414 signiﬁcatur
1005 2357 1036 2396 a
1063 2351 1235 2411 parte,
1267 2338 1318 2393 id
1345 2348 1445 2403 cst,
1476 2348 1618 2392 totus
1643 2339 1822 2401 homo,
1851 2336 1941 2406 qui
1969 2350 2038 2392 ex

449 2438 629 2492 anima
649 2443 856 2489 constat
878 2443 932 2486 et
957 2446 1136 2496 carne,
1167 2431 1248 2484 vel
1273 2431 1466 2500 potius,
1491 2439 1546 2483 ut
1577 2429 1675 2482 iste
1698 2436 1842 2482 amat
1868 2425 2037 2497 loqui,

453 2543 520 2581 ex
547 2526 721 2579 anima
749 2531 803 2578 et
828 2521 1014 2592 spiritu
1039 2529 1093 2574 et
1121 2534 1302 2574 carne.
1334 2519 1464 2573 Nam
1495 2527 1548 2574 et
1579 2533 1642 2572 ex
1674 2525 1824 2586 parte
1842 2525 2034 2576 totum.

454 2627 507 2670 οι
538 2631 601 2669 ex
635 2623 743 2668 toto
773 2622 976 2681 parteut
1016 2609 1194 2665 divina
1223 2608 1434 2679 eloquia
1475 2608 1770 2678 signiﬁcare
1813 2621 2040 2660 consue-

453 2717 664 2763 verunt.
696 2707 770 2760 lix
801 2712 948 2774 parte
975 2703 1116 2755 enim
1147 2709 1312 2754 totum
1339 2699 1689 2769 signiﬁcatum
1716 2687 1818 2763 est,
1848 2697 1933 2750 ubi
1961 2697 2040 2751 le-

454 2807 614 2865 gitur,
641 2795 722 2848 Αιι
749 2804 797 2846 ιε
819 2793 980 2847 omnis
1008 2808 1126 2846 curo
1153 2791 1310 2845 veniet
1341 2789 1510 2860 (Paul.
1543 2804 1681 2852 thv,
1710 2787 1764 2859 5)
1789 2803 1802 2841 :
1826 2785 1946 2858 quia
1971 2802 2036 2842 ex

454 2903 617 2944 carne
647 2886 954 2956 intelligitur
992 2892 1133 2938 totus
1176 2882 1357 2936 homo.
1404 2881 1482 2936 Ex
1522 2888 1632 2936 toto
1667 2889 1842 2934 autem
1881 2891 2036 2949 pars,

457 2994 578 3032 cum
619 2975 814 3031 dicitur
839 2973 1076 3028 Christus
1113 2971 1394 3041 sepultus,
1437 2986 1558 3024 cum
1597 2971 1708 3024 sola
1751 2967 1869 3038 ejus
1913 2980 2040 3022 caro

457 3067 663 3136 sepulta
695 3064 780 3117 sit.
819 3061 937 3118 Jam
976 3061 1102 3116 illud
1133 3060 1275 3131 quod
1307 3061 1358 3114 iu
1390 3060 1492 3114 hoc
1519 3059 1758 3130 Apostoli
1797 3057 2038 3114 testimo-

457 3159 547 3212 nio
576 3156 803 3226 positum
829 3162 940 3220 est,
966 3153 1090 3222 quia
1121 3154 1228 3222 ipse
1251 3152 1338 3205 dat
1365 3152 1594 3206 omnibus
1633 3151 1786 3204 vitam
1816 3159 1861 3204 et
1885 3148 2040 3219 spiri-

460 3261 594 3314 tum,
624 3244 912 3301 secundum
940 3243 1272 3312 superiorem
1300 3242 1712 3312 disputationem
1740 3251 1870 3311 puto
1895 3239 2040 3312 quod

459 3343 727 3396 nemiuem
761 3345 988 3392 ωσι-εει.
1034 3335 1149 3405 Ipse
1177 3335 1316 3389 enim
1348 3333 1438 3388 dat
1461 3351 1475 3386 :
1498 3333 1589 3388 sed
1630 3332 1805 3388 adhuc
1843 3333 2041 3403 quazri-

462 3450 581 3487 inus
621 3432 758 3484 unde
797 3414 907 3492 det,
945 3437 1119 3483 utrum
1160 3442 1225 3481 ex
1266 3441 1400 3480 nova
1444 3423 1830 3489 insumatione,
1871 3438 1937 3477 an
1973 3437 2039 3479 cx

465 3524 770 3594 propagine.
805 3523 922 3591 Ipse
957 3521 1154 3590 quippe
1191 3519 1319 3574 dare
1371 3520 1530 3574 etiam
1557 3517 1746 3588 .caruis
1795 3515 2044 3571 substan-

467 3621 590 3668 tttztt
633 3613 922 3668 rectissime
945 3612 1142 3666 dicitur
1166 3651 1181 3678 ,
1207 3624 1366 3680 quam
1395 3617 1569 3663 tamen
1598 3606 1724 3662 dare
1750 3621 1814 3661 ex
1843 3620 2040 3677 propa-

470 3709 590 3775 gine
623 3723 726 3760 non
760 3713 996 3772 negatur.

536 3799 760 3855 C.\l‘l,"l‘
793 3796 975 3853 Χιίιι.
998 3826 1067 3838 —-
1085 3794 1177 3849 ἓξ).
1216 3793 1369 3848 Nunc
1391 3790 1664 3847 videamus
1689 3787 1818 3846 illud
1847 3787 1914 3843 de
1941 3787 2047 3843 Ge-

467 3893 582 3947 nesi
613 3890 990 3950 testimonium,
1022 3885 1111 3941 ubi
1136 3886 1268 3941 facta
1295 3883 1486 3938 mulier
1510 3881 1577 3937 de
1601 3881 1766 3958 latere
1793 3879 1924 3942 viri,
1954 3877 2048 3932 ad-

467 3987 622 4038 tlucta
663 3992 744 4036 est
781 3980 846 4035 ad
877 3995 997 4034 cum
1023 4017 1037 4043 ,
1069 3985 1131 4042 et
1149 3976 1280 4030 dixit
1303 3992 1318 4028 :
1344 3973 1458 4028 [loc
1487 3987 1621 4026 nunc
1659 3987 1717 4026 os
1750 3986 1812 4026 ea:
1853 3969 2047 4023 ossibus

469 4077 590 4129 meis
610 4116 623 4138 ,
651 4085 698 4128 rt
745 4088 863 4126 caro
901 4069 966 4123 de
991 4084 1143 4122 came
1180 4081 1311 4121 mea.
1358 4065 1470 4120 ΙΙοο
1497 4064 1692 4135 quippe
1720 4069 1866 4132 putat
1908 4058 2011 4114 istc
2031 4103 2048 4126 ,

469 4168 602 4240 quod
631 4169 795 4220 dicere
823 4163 1046 4218 rlrbucrit
1071 4159 1256 4223 Adam,
1288 4157 1474 4211 Anima
1500 4170 1564 4208 ea:
1583 4155 1752 4207 anima
1782 4167 1921 4216 mea,
1949 4149 2046 4215 vel,

474 4260 694 4328 Spiritus
724 4257 785 4310 de
824 4255 1004 4324 spiritu
1033 4267 1172 4312 meo,
1212 4251 1254 4304 si
1299 4248 1448 4302 etiam
1477 4245 1571 4300 hoc
1609 4246 1676 4297 de
1707 4243 1796 4297 illo
1836 4249 2049 4294 tractum

472 4361 617 4404 esset.
658 4346 763 4402 Sed
807 4346 879 4400 illi
919 4343 1007 4414 qui
1055 4341 1394 4410 propaginem
1441 4344 1684 4391 asserunt
1720 4333 2050 4396 animarum,

476 4442 598 4510 hinc
637 4455 698 4492 se
743 4444 926 4506 putant
970 4434 1212 4487 im‘ictttts
1251 4445 1400 4484 suam
1444 4429 1653 4482 munire
1699 4424 2049 4486 sententiam,

475 4531 597 4601 quia
629 4544 749 4584 cum
778 4527 1031 4594 scriptum
1058 4523 1162 4588 sit,
1191 4521 1488 4576 detraxisse
1531 4519 1696 4573 Deum
1740 4525 1942 4570 costam
1985 4512 2053 4569 de

475 4625 644 4678 latere
668 4619 801 4683 viri,
825 4630 1050 4686 eamque
1079 4615 1372 4669 aediﬁcasse
1411 4612 1463 4664 in
1494 4609 1772 4664 mulierem
1792 4647 1808 4671 ,
1834 4621 1941 4661 non
1970 4613 2057 4661 est

475 4714 715 4770 additum
743 4707 885 4780 quod
917 4709 966 4760 in
1007 4705 1122 4775 ejus
1153 4703 1338 4758 [aciem
1365 4699 1657 4755 sufflaverit
1683 4699 1862 4752 ﬂatum
1890 4696 2012 4751 vita:
2038 4711 2052 4748 :

476 4805 610 4868 ideo,
649 4801 910 4870 inquiunt,
935 4797 1056 4866 quia
1079 4795 1189 4863 jatn
1217 4794 1283 4847 tle
1305 4793 1417 4846 viro
1445 4789 1613 4845 fuerat
1639 4788 1894 4843 animata.
1923 4785 2054 4840 Nam

474 4897 516 4948 si
547 4911 651 4960 non
679 4893 886 4953 fuisset,
911 4900 1241 4957 nequaquam
1273 4898 1388 4946 nos,
1419 4881 1678 4952 inquiunt,
1710 4887 1891 4934 sancta
1916 4877 2060 4933 Scri-

479 4999 630 5056 ptura
664 4984 821 5052 hujus
863 4981 937 5035 rei
967 4979 1268 5048 cognitione
1310 4973 1620 5028 fraudasset.
1647 4971 1728 5026 Ad
1757 4969 1886 5024 illud
1928 4981 2059 5022 vero

476 5078 617 5143 quod
642 5077 715 5129 ait
738 5074 904 5128 Adam
927 5112 942 5138 ,
979 5067 1090 5122 Hoc
1115 5081 1248 5120 nam:
1275 5081 1331 5119 os
1357 5079 1419 5118 ea:
1447 5061 1638 5116 ossibus
1665 5060 1786 5114 meis
1807 5099 1822 5125 ,
1870 5067 1914 5112 et
1939 5073 2058 5111 caro

481 5173 542 5220 de
573 5183 725 5220 carne
749 5179 890 5228 mea;
916 5179 1014 5217 nec
1038 5161 1144 5224 ait,
1173 5157 1402 5229 Spiritus
1426 5156 1509 5210 vel
1537 5155 1711 5209 anima
1731 5193 1749 5219 ,
1775 5151 1843 5207 de
1871 5151 2059 5222 spiritu

485 5269 605 5309 tneo
635 5254 719 5308 vel
746 5252 813 5307 de
837 5252 1010 5306 anima
1043 5263 1160 5303 mea
1185 5265 1198 5301 :
1222 5247 1300 5302 sic
1324 5245 1393 5300 ab
1423 5245 1502 5300 eis
1530 5241 1837 5313 responderi
1865 5248 2058 5310 potest,

480 5331 928 5414 quemadmodum
951 5341 1192 5411 superius
1211 5339 1634 5394 demonstratum
1655 5344 1755 5397 est,
1779 5342 1835 5388 ut
1858 5347 1887 5386 a
1915 5341 2064 5402 parte

484 5446 653 5489 totum
698 5433 1020 5502 intelligatur
1045 5428 1148 5485 hoc
1185 5429 1384 5484 dictum
1409 5467 1424 5494 ,
1451 5443 1507 5482 os
1541 5435 1588 5480 et
1621 5441 1742 5480 caro
1771 5439 1920 5494 mea;
1963 5421 2061 5476 sed

485 5542 603 5597 quin
641 5526 871 5580 animata
919 5522 1112 5578 fuerint
1148 5520 1386 5576 detracta
1413 5561 1428 5585 ,
1463 5533 1566 5572 non
1611 5525 1840 5571 mortua.
1883 5513 2066 5597 Neque

491 5619 656 5680 enim,
689 5616 788 5670 hoc
816 5615 1249 5684 Otunipotentcm
1278 5611 1453 5666 facere
1495 5609 1764 5682 potuisse,
1809 5606 1929 5662 ideo
1968 5593 2061 5659 uel

545 5730 620 5789 (α)
644 5735 800 5790 Forte,
824 5731 1012 5777 asserit.

1331 318 1420 374 DE
1460 317 1670 377 suum
1711 317 1798 373 er
1839 315 2002 374 EJUS
2038 314 2337 386 caraxe,
2381 318 2439 374 ε.
2480 297 2844 376 aucusrmt

3630 324 3731 382 Μ

2148 429 2378 500 gandum
2407 439 2508 500 est,
2536 433 2658 504 quia
2685 433 2861 488 nullus
2881 432 3153 488 hominum
3181 441 3357 504 potest
3379 434 3578 504 aliquid
3608 453 3728 494 cum

2095 563 2100 568 .
2145 522 2325 576 anima
2349 522 2416 578 de
2437 522 2670 578 humana
2695 540 2855 580 carne
2878 523 3189 596 praecidere.
3222 517 3352 579 Nam
3391 525 3530 596 quod
3557 526 3727 584 Adam

2146 622 2360 668 secutus
2404 615 2645 685 adjunxit
2663 655 2678 681 ,
2709 615 2837 670 Htec
2865 617 3122 670 vocabitur
3147 617 3349 685 mulier,
3375 619 3495 688 quia
3524 619 3587 672 de
3615 620 3725 675 uiro

2143 719 2236 758 suo
2264 715 2462 774 sumpta
2487 715 2556 759 est
2586 705 2734 777 (Gen.
2764 721 2822 772 ll,
2843 707 2974 777 23);
3001 722 3098 762 cur
3121 722 3229 762 non
3261 708 3336 762 ait
3363 709 3558 778 potius,
3589 710 3729 766 unde

2145 794 2323 863 opinio
2351 794 2755 850 confirmaretur
2793 797 3013 851 istorum
3036 837 3052 861 ,
3079 797 3341 865 Quoniam
3386 797 3453 852 de
3493 799 3609 852 viro
3632 813 3730 854 suo

2145 900 2270 939 caro
2294 884 2410 955 ejus
2435 895 2644 956 sumpta
2671 887 2787 942 est?
2820 887 2919 942 llic
2945 887 3122 958 itaque
3159 889 3232 942 illi
3272 889 3360 958 qui
3389 899 3574 944 contra
3603 905 3730 944 scn-

2146 975 2280 1029 tiunt
2299 1017 2314 1043 ,
2343 980 2564 1045 possunt
2593 977 2804 1043 dicere,
2831 977 2953 1048 quia
2983 993 3092 1032 non
3115 978 3370 1048 scriptum
3399 987 3483 1033 est
3506 993 3726 1034 carnem

2143 1065 2384 1121 mulieris
2403 1107 2418 1131 ,
2446 1066 2540 1122 sed
2566 1069 2842 1124 mulierem
2871 1070 2940 1125 de
2969 1069 3083 1124 viro
3109 1085 3206 1124 suo
3231 1081 3526 1141 sumptam,
3561 1081 3728 1127 totam

2142 1155 2340 1212 debere
2363 1157 2531 1228 accipi
2558 1173 2677 1213 cum
2704 1160 2883 1215 anima
2910 1169 2970 1216 et
3006 1161 3216 1230 spiritu.
3245 1161 3378 1216 Nam
3417 1165 3517 1218 etsi
3551 1165 3728 1219 anima

2143 1259 2274 1301 sexu
2297 1250 2463 1314 caret,
2493 1263 2600 1302 non
2633 1258 2807 1304 tamen
2843 1250 3053 1321 quando
3083 1252 3416 1320 appellantur
3443 1253 3725 1318 mulieres,

2142 1345 2360 1406 excepta
2387 1337 2561 1391 anima
2591 1354 2682 1394 cas
2710 1354 2930 1395 necesse
2957 1349 3037 1395 εει
3065 1341 3308 1411 intelligi.
3339 1341 3590 1412 Alioquin
3617 1357 3726 1396 non

2143 1427 2216 1482 ita
2245 1443 2305 1482 se
2343 1427 2761 1484 admonerentur
2797 1446 3025 1486 ornare:
3051 1430 3174 1486 Non
3202 1433 3253 1486 in
3299 1441 3441 1486 torus
3467 1431 3724 1497 crinibus,

2140 1526 2228 1572 aut
2257 1535 2415 1586 auro,
2444 1521 2522 1574 vel
2551 1523 2868 1590 margaritis,
2899 1531 2986 1576 aut
3013 1531 3146 1576 veste
3169 1530 3390 1592 pretiosa
3407 1563 3421 1587 ,
3453 1538 3540 1574 sea
3583 1529 3722 1591 quod

2141 1613 2299 1680 decet,
2330 1613 2518 1684 ittquit,
2561 1613 2813 1681 mulieres,
2858 1615 3203 1684 promittentes
3244 1605 3477 1681 pietatem
3517 1631 3607 1683 per
3634 1615 3726 1668 bo-

2139 1722 2259 1759 nam
2285 1706 2710 1759 conversationem
2749 1705 2790 1774 (l
2827 1703 2963 1758 Tim.
3001 1721 3056 1770 ιι,
3085 1706 3139 1770 9,
3174 1703 3282 1779 10).
3312 1705 3507 1777 Utique
3551 1706 3725 1775 pietas

2140 1797 2286 1852 intus
2313 1804 2398 1850 est
2434 1797 2487 1850 in
2518 1796 2695 1851 anima
2725 1797 2810 1851 vel
2845 1797 2897 1851 iu
2925 1796 3134 1868 spiritu,
3171 1806 3226 1851 et
3252 1808 3426 1852 tamen
3470 1798 3724 1854 mulieres

2139 1889 2419 1960 appellata:
2447 1895 2592 1954 sunt,
2621 1888 2781 1944 etiam
2812 1892 2946 1946 u'tse
2972 1888 3116 1945 intus
3131 1899 3414 1959 ornarent,
3440 1891 3527 1946 ubi
3549 1891 3724 1945 nullus

2140 1990 2223 2036 88'.
2249 1994 2430 2036 sexus.

2211 2070 2300 2126 30.
2320 2069 2454 2125 Cum
2473 2069 2652 2139 itaque
2673 2069 2758 2124 isti
2781 2070 2859 2126 sic
2885 2073 3024 2126 inter
3063 2087 3121 2127 se
3151 2072 3448 2127 alternante
3473 2086 3728 2128 sermone

2135 2162 2496 2227 certaverint;
2531 2176 2630 2232 ego
2647 2163 2786 2217 inter
2811 2177 2904 2218 eos
2931 2163 3008 2217 sic
3035 2162 3236 2232 judico,
3265 2172 3323 2217 nt
3351 2178 3419 2218 ne
3437 2163 3727 2232 incognitis

2139 2253 2336 2317 ﬁdant,
2367 2261 2422 2306 οι
2460 2261 2662 2308 temere
2699 2251 2929 2308 audeant
2965 2252 3234 2308 afﬁrmare
3262 2251 3402 2323 quod
3437 2251 3684 2306 nesciunt
3706 2291 3723 2315 ,

2140 2354 2392 2412 utrosque
2416 2357 2805 2398 commoneam.
2829 2341 2886 2398 Si
2915 2343 3056 2398 enim
3081 2342 3336 2411 scriptum
3357 2350 3518 2406 esset,
3543 2341 3725 2396 insuf-

2141 2434 2288 2489 ﬁavit
2317 2431 2502 2488 ﬂatum
2531 2433 2656 2487 vita:
2683 2433 2736 2486 iu
2765 2431 2966 2512 faciem.
2997 2432 3257 2500 mulieris,
3289 2440 3343 2487 et
3381 2431 3518 2486 facta
3547 2440 3630 2485 est
3669 2431 3726 2486 in

2139 2526 2368 2580 animam
2413 2525 2617 2589 vivam;
2665 2539 2765 2579 nec
2808 2525 2886 2579 sic
2923 2533 3065 2579 esset
3109 2523 3219 2593 jam
3264 2537 3618 2592 consequens,
3667 2530 3729 2576 ut

2140 2632 2243 2670 non
2273 2626 2652 2686 prepagaretur
2680 2630 2743 2670 ex
2767 2615 3080 2685 parentibus
3099 2615 3298 2681 anima,
3334 2614 3431 2668 nisi
3463 2615 3622 2668 etiam
3653 2613 3727 2668 de

2141 2706 2460 2759 ﬁliocorum
2501 2703 2608 2758 hoc
2647 2703 2904 2773 scriptum
2954 2703 3201 2758 similiter
3243 2703 3528 2772 legeretur.
3579 2701 3728 2756 Fieri

2139 2795 2281 2850 enim
2310 2793 2478 2864 potuit
2507 2802 2565 2848 ut
2592 2793 2889 2849 membrum
2915 2809 3020 2847 nou
3056 2793 3348 2846 animatum
3386 2791 3454 2848 de
3496 2807 3730 2862 corpore

2139 2895 2434 2941 extractum
2462 2884 2723 2955 indigeret
2743 2885 2990 2951 animari,
3019 2885 3110 2938 lilii
3137 2901 3264 2940 vero
3290 2885 3464 2938 anima
3484 2901 3548 2938 ex
3579 2899 3613 2953 p
3631 2892 3732 2939 utre

2141 2992 2238 3048 per
2265 2987 2485 3030 matrem
2510 2977 2817 3048 propaginis
2849 2976 3208 3032 transfusione
3235 2976 3554 3030 traheretur.
3585 2976 3724 3030 Cum

2139 3086 2268 3126 vero
2292 3071 2512 3124 tacitum
2540 3081 2641 3135 est,
2674 3070 2991 3126 occultatum
3030 3079 3131 3133 est,
3161 3083 3266 3122 non
3294 3077 3538 3138 negatum
3566 3083 3581 3132 ;
3628 3067 3726 3121 sed

2143 3177 2316 3231 neque
2357 3161 2696 3214 afﬁrmatum.
2729 3161 2807 3214 Ac
2832 3177 2925 3230 per
2953 3161 3056 3216 hoc
3082 3161 3246 3216 sicubi
3273 3160 3406 3215 forte
3451 3175 3557 3214 non
3595 3161 3732 3213 taci-

2139 3263 2254 3310 tum
2315 3263 2416 3318 est,
2463 3252 2780 3308 clarioribus
2825 3251 3159 3308 documentis
3205 3261 3287 3306 est
3346 3249 3719 3304 astruendutn.

2142 3345 2294 3403 Unde
2313 3361 2416 3402 nec
2443 3347 2514 3400 illi
2545 3345 2633 3415 qui
2679 3344 2971 3400 defendunt
3011 3344 3306 3398 animarum
3350 3342 3720 3412 propaginem.

2142 3453 2208 3492 ex
2235 3452 2302 3492 eo
2327 3437 2467 3507 quod
2495 3450 2598 3490 non
2623 3433 2855 3490 sufﬂavit
2880 3435 3021 3490 Deus
3041 3435 3094 3488 iu
3124 3433 3310 3488 faciem
3342 3432 3600 3496 mulieris,
3623 3431 3727 3484 ali-

2143 3527 2270 3598 quid
2301 3527 2650 3596 adjuvantur;
2698 3540 2798 3580 nec
2822 3525 2895 3579 illi
2920 3525 3007 3595 qui
3030 3539 3148 3580 eam
3169 3532 3384 3593 negant,
3430 3522 3554 3578 ideo
3604 3522 3730 3592 quia

2147 3634 2254 3672 non
2285 3618 2419 3672 dixit
2454 3616 2642 3681 Adam,
2667 3613 2858 3670 Anima
2907 3615 2975 3670 de
3012 3615 3187 3669 anima
3219 3629 3358 3678 mea,
3399 3613 3603 3668 debent
3629 3613 3733 3666 sibi

2147 3708 2470 3780 persuadere
2511 3705 2652 3776 quod
2701 3707 2965 3761 nesciunt.
3018 3704 3168 3760 Sicut
3216 3705 3360 3760 enim
3397 3703 3583 3758 eadem
3626 3719 3734 3756 non

2151 3798 2346 3861 soluta,
2397 3797 2490 3852 sed
2523 3806 2772 3851 manente
2801 3797 3114 3866 quarstione,
3159 3795 3335 3866 potuit
3376 3803 3550 3848 tacere
3591 3793 3734 3848 Scri-

2150 3897 2324 3960 ptura,
2367 3887 2506 3958 quod
2535 3888 2725 3942 mulier
2749 3887 2856 3940 Deo
2883 3885 3126 3940 sulllante
3153 3886 3290 3938 sicut
3335 3885 3416 3938 vir
3437 3884 3553 3952 ejus
3580 3897 3737 3936 acce—

2149 3980 2288 4052 perit
2312 3978 2542 4034 animam
2569 3996 2589 4032 τ
2618 3977 2697 4032 sic
2738 3975 2926 4031 eadem
2965 3992 3070 4030 non
3120 3976 3311 4041 soluta,
3357 3974 3450 4028 sed
3484 3983 3734 4026 manente

2152 4069 2469 4138 quastione,
2499 4068 2670 4137 potuit
2699 4076 2879 4122 tacere
2909 4067 3204 4135 Scriptura,
3238 4076 3292 4118 ut
3319 4064 3486 4118 Adam
3519 4077 3621 4118 n0u
3651 4062 3736 4116 di-

2151 4168 2318 4227 ceret,
2350 4159 2536 4213 Anima
2577 4158 2645 4212 de
2688 4158 2864 4211 anima
2895 4171 3034 4212 mea.
3066 4158 3143 4210 Ac
3177 4171 3270 4224 per
3320 4155 3422 4208 hoc
3461 4154 3506 4208 si
3551 4153 3734 4222 prima:

2153 4252 2393 4307 ntulicris
2421 4251 2595 4304 anima
2637 4264 2705 4304 ex
2741 4249 2854 4302 viro
2879 4257 2984 4312 est,
3012 4264 3042 4301 a
3075 4255 3223 4315 parte
3265 4255 3430 4299 totum
3466 4243 3732 4320 signiﬁczh

2156 4353 2266 4397 tum
2295 4350 2398 4407 est,
2425 4339 2513 4393 ubi
2546 4339 2756 4408 legitur,
2809 4336 2921 4390 Hoc
2945 4353 3078 4390 nunc
3113 4352 3168 4390 os
3191 4335 3466 4389 exossibus
3507 4333 3645 4398 meis,
3687 4341 3734 4384 et

2155 4449 2273 4487 caro
2299 4431 2360 4487 de
2382 4447 2530 4485 carne
2555 4446 2664 4483 mea
2687 4447 2704 4494 ;
2749 4443 2869 4483 cum
2903 4437 3008 4481 tota
3033 4443 3098 4482 ex
3125 4428 3240 4481 viro
3260 4467 3274 4492 ,
3304 4443 3409 4479 non
3445 4441 3570 4480 caro
3620 4423 3734 4478 sola

2155 4527 2227 4578 sit
2250 4532 2478 4594 sumpta.
2498 4521 2560 4578 Si
2582 4531 2758 4576 autem
2788 4536 2893 4575 non
2917 4530 3000 4576 est
3037 4535 3106 4574 ex
3135 4519 3270 4584 viro,
3317 4517 3410 4573 sed
3432 4533 3548 4572 eam
3593 4500 3736 4570 licus

2158 4615 2448 4672 iusuﬁlavit
2469 4615 2604 4670 sicut
2630 4614 2779 4679 viro;
2819 4628 2850 4665 a
2879 4621 2988 4666 toto
3017 4625 3139 4680 pars
3177 4609 3471 4680 signiﬁcata
3505 4617 3604 4671 est,
3645 4607 3734 4660 ubi

2159 4707 2370 4777 legitur,
2417 4703 2496 4760 De
2522 4707 2626 4758 ιιι-ο
2652 4719 2746 4760 suo
2766 4713 2965 4775 sumpta
3001 4711 3072 4755 est
3100 4718 3118 4758 :
3142 4716 3262 4756 cum
3301 4715 3428 4755 caro
3466 4699 3583 4768 ejus
3629 4712 3734 4751 non

2162 4807 2270 4853 tota
2299 4799 2370 4853 sit
2395 4805 2626 4868 sumpta.

2233 4890 2294 4944 3i
2312 4929 2322 4941 .
2341 4889 2696 4957 Quapropter,
2720 4899 2838 4941 cum
2874 4885 2956 4940 his
2987 4883 3329 4949 testimoniis,
3355 4879 3496 4949 quod
3519 4880 3584 4934 ad
3601 4880 3736 4933 hanc

2164 4995 2276 5035 rem
2295 4981 2540 5049 pertinet,
2569 4978 2749 5048 utique
2774 4975 3056 5046 ambiguis,
3080 4990 3184 5029 nou
3211 4974 3445 5028 solvatur
3465 4971 3580 5026 haec
3597 4988 3739 5037 qua:-

2166 5070 2304 5135 stio;
2334 5069 2460 5124 illud
2485 5079 2659 5123 tamen
2682 5068 2813 5132 scio,
2851 5067 2928 5122 sic
2949 5065 3308 5136 argumentari
3350 5063 3617 5130 homines,
3650 5063 3736 5130 qui

2166 5176 2229 5214 ex
2260 5159 2362 5212 hoc
2395 5168 2578 5224 putant
2613 5158 2841 5212 animant
2887 5157 3122 5212 mulieris
3161 5171 3264 5209 non
3292 5170 3412 5208 esse
3459 5152 3527 5206 de
3565 5155 3736 5204 anima

2167 5249 2286 5314 viri,
2319 5248 2559 5318 quianon
2585 5258 2667 5301 est
2690 5247 2912 5315 dictum,
2945 5247 3134 5300 Anima
3151 5245 3219 5300 de
3246 5246 3418 5298 anima
3445 5258 3594 5306 mea;
3623 5232 3765 5300 sed,-

2169 5357 2288 5395 caro
2332 5340 2394 5393 de
2429 5355 2578 5393 came
2627 5355 2736 5392 mea
2771 5338 3257 5408 :quemadutodum
3313 5343 3736 5407 argumentantur

2170 5430 2581 5499 Apollinaristm,
2606 5430 2686 5484 rel
2715 5430 3032 5500 quicumque
3052 5438 3174 5482 sunt
3197 5427 3308 5492 alii,
3346 5430 3604 5482 adversus
3628 5427 3739 5478 ani-

2171 5537 2310 5576 mam
2345 5521 2579 5585 Domini;
2611 5537 2766 5591 quant
2801 5529 3079 5590 prOptcrea
3108 5529 3317 5592 negant,
3341 5520 3463 5589 quia
3493 5519 3737 5586 scriptum

2175 5613 2386 5681 legunt,
2436 5611 2647 5665 l’crbum
2680 5629 2798 5666 raro
2839 5616 3022 5684 factum
3049 5623 3147 5665 -est
3202 5609 3399 5684 ('Joan.
3428 5626 3464 5674 t,
3521 5611 3585 5664 ll
3615 5609 3653 5676 ).
3689 5607 3736 5658 Si

2181 5709 2321 5762 cnim
2353 5716 2402 5761 et
2429 5708 2621 5773 anima,
2655 5707 2914 5777 inquiunt,
2952 5706 3019 5760 ibi
3047 5714 3209 5770 esset,
3242 5703 3426 5760 debuit
3461 5703 3584 5767 dici,
3614 5700 3737 5754 Vct-
