4034 6182
255 403 353 458 £93

249 516 368 568 bum
397 513 558 568 homo
597 512 790 566 factum
833 520 936 564 est.
971 507 1075 565 Sed
1123 509 1237 564 istis
1289 517 1569 589 propterea.
1597 507 1826 589 dicitur.

247 606 423 662 carnis
469 607 686 661 nomine
734 604 908 659 solere
953 587 1498 672 Scripturam'totum
1562 587 1831 654 hominem

249 712 574 768 nuncupare,
627 697 765 752 sicut
815 696 908 761 ibi,
942 696 1006 750 Et
1048 695 1230 748 videbit
1270 693 1434 748 anatis
1454 707 1574 747 caro
1611 692 1835 747 salutare

247 788 343 841 Dei
368 785 521 861 (lsai.
569 801 657 852 XL,
690 785 758 845 5;
806 784 931 838 Lu’c.
967 799 1046 849 ιιι,
1095 781 1183 856 6);
1224 797 1329 836 non
1368 782 1513 836 enim
1553 797 1678 836 caro
1719 781 1837 837 sine

246 878 424 932 anima
463 875 659 947 aliquid
689 875 871 928 videre
901 881 1116 943 potest‘:
1138 873 1268 944 quia
1296 873 1536 943 plurimis
1565 871 1686 926 aliis
1713 885 1837 926 san-

248 979 449 1024 ctarum
468 968 864 1039 Scripturarum
889 965 1036 1030 locis,
1069 981 1174 1019 non
1193 965 1364 1019 solum
1385 979 1623 1029 carnem,
1646 977 1834 1019 verum

248 1064 403 1116 etiam
442 1061 674 1114 animam
721 1057 1031 1122 humanam,
1077 1055 1132 1110 id
1177 1066 1278 1121 est,
1312 1056 1626 1110 rationalem
1658 1055 1836 1111 inesse

249 1149 450 1206 homini
474 1148 708 1212 Christo,
732 1148 847 1202 sine
863 1147 964 1201 ulla
987 1145 1328 1217 ambiguitate
1348 1153 1694 1200 monstratur.
1728 1144 1841 1201 Un-

247 1243 312 1294 de
345 1250 401 1296 et
429 1241 538 1303 isti,
569 1253 600 1292 a
645 1238 838 1308 quibus
880 1236 1177 1292 animarum
1220 1249 1456 1306 propago
1498 1234 1834 1303 defenditur,

248 1341 464 1399 possent
495 1329 739 1398 accipere
782 1343 812 1382 a
855 1337 1004 1398 parte
1055 1336 1223 1381 totum
1250 1341 1370 1382 esse
1415 1327 1642 1392 dictum,
1667 1326 1738 1381 Os
1775 1327 1839 1381 de

249 1421 440 1473 ossibus
469 1420 611 1484 meis,
637 1427 684 1472 et
703 1435 821 1472 cara
850 1419 912 1472 de
934 1434 1086 1472 carne
1113 1434 1264 1482 mea;
1290 1427 1349 1472 ut
1374 1417 1482 1472 illic
1504 1417 1836 1488 intelligere-

250 1523 333 1566 tur
353 1521 403 1566 et
430 1512 627 1577 anima,
650 1510 1093 1581 quemadmodum
1124 1509 1354 1564 Verbum
1393 1525 1610 1566 carnem
1640 1509 1835 1564 factum

249 1616 353 1655 non
396 1601 514 1656 sine
555 1601 734 1655 anima
774 1600 1066 1670 accipimus
1094 1599 1184 1654 :si
1229 1599 1680 1670 quemadmodum
1733 1600 1837 1654 alia

250 1690 552 1744 teStimonia
594 1689 787 1745 docent
824 1688 1022 1745 habere
1064 1689 1352 1744 humanam
1403 1690 1635 1744 animam
1678 1687 1836 1744 Chri-

249 1789 411 1848 stum,
443 1781 514 1835 ita
543 1791 598 1834 et
642 1780 730 1836 isti
771 1781 1035 1852 aliquibus
1073 1796 1180 1836 non
1222 1781 1486 1852 ambiguis
1521 1783 1838 1839 testimoniis

250 1871 597 1942 propaginem
637 1878 950 1926 astruerent
983 1871 1302 1926 animarum.
1348 1871 1473 1926 Pari
1519 1873 1633 1928 vice
1677 1872 1838 1942 igitur

249 1963 602 2019 admonemus
644 1964 803 2019 etiam
846 1963 966 2030 hos,
1016 1963 1104 2033 qui
1155 1963 1452 2035 animarum
1491 1966 1834 2034 propaginem

249 2056 552 2124 destruunt,
582 2064 634 2110 ut
675 2069 839 2109 novas
863 2069 892 2108 a
927 2055 1038 2110 Deo
1080 2053 1280 2110 suﬂlari
1306 2055 1511 2109 animas
1553 2055 1711 2111 certis
1734 2055 1836 2110 do.-

249 2147 513 2202 eumentis
533 2155 813 2210 asserunt;
842 2154 899 2201 et
926 2154 1051 2200 tunc
1080 2144 1208 2205 illud
1232 2143 1374 2216 quod
1404 2145 1600 2200 dictum
1633 2155 1735 2212 est,
1766 2146 1837 2201 Or

249 2255 311 2293 ea:
333 2239 532 2295 ossibus
569 2241 712 2306 uteie,
764 2248 812 2295 et
855 2255 974 2293 caro
1010 2238 1074 2293 de
1111 2255 1262 2292 carne
1287 2255 1418 2302 mea,
1441 2253 1547 2293 non
1575 2238 1778 2309 tropice
1803 2255 1836 2294 a

249 2339 400 2398 parte
424 2339 618 2394 totum,
649 2339 708 2384 ut
734 2330 890 2384 simul
919 2329 1246 2399 intelligatur
1273 2339 1328 2384 et
1353 2329 1548 2395 anima,
1585 2329 1680 2386 sed
1711 2345 1835 2400 pro-

247 2419 362 2489 prie
382 2419 450 2474 de
465 2421 579 2474 sola
604 2436 766 2474 carne
790 2421 989 2474 dictum
1017 2434 1136 2474 esse
1161 2418 1478 2475 defendant.

319 2509 548 2566 CAPUT
573 2509 920 2572 XIX—52.
972 2510 1102 2577 Quae
1148 2526 1270 2566 cmn
1296 2511 1368 2566 ita
1412 2511 1540 2577 sint,
1589 2512 1746 2569 video
1775 2514 1838 2570 li-

247 2598 404 2654 brum
446 2601 608 2654 istum
642 2601 751 2670 jam
801 2616 921 2656 esse
947 2601 1326 2658 claudendum.
1375 2601 1566 2658 Omnia
1616 2605 1834 2676 quippe,

245 2707 368 2760 qua:
397 2691 527 2746 mihi
556 2693 788 2747 maxime
828 2692 1128 2748 necessaria
1169 2692 1507 2761 videbantur,
1559 2695 1832 2761 continet;

246 2783 442 2851 quibus
473 2783 524 2836 bi
554 2783 644 2853 qui
674 2783 920 2853 legerint,
959 2783 1133 2839 sciant
1176 2799 1236 2839 se
1274 2799 1466 2840 cavere
1505 2783 1720 2850 debere,
1768 2801 1838 2842 ne

249 2873 375 2929 huic
403 2875 628 2941 homini,
675 2876 824 2945 cujus
850 2875 983 2930 duos
1034 2875 1199 2932 libros
1223 2875 1352 2930 mihi
1391 2876 1603 2943 misisti,
1649 2877 1703 2932 in
1733 2875 1838 2933 hoc

248 2967 604 3032 consentiant,
635 2975 698 3020 ut
719 2967 941 3022 credant
966 2967 1171 3022 animas
1199 2966 1278 3022 sic
1305 2983 1372 3021 ex
1400 2966 1528 3024 ﬂatu
1555 2967 1660 3022 Dei-
1691 2981 1833 3035 esse,

248 3066 304 3116 ιιι
327 3071 434 3111 non
464 3057 574 3110 sint
607 3072 674 3112 ex
704 3058 891 3112 nihilo.
928 3057 1043 3113 Hoc
1069 3058 1213 3113 enim
1239 3058 1328 3127 qui
1355 3057 1546 3126 credit,
1591 3058 1690 3114 etsi
1719 3074 1839 3114 ver-

249 3146 332 3201 bis
351 3155 536 3216 neget,
565 3162 624 3202 re
647 3148 757 3217 ipsa
787 3149 981 3208 clamat
1004 3149 1210 3204 animas
1237 3149 1330 3204 Dei
1371 3149 1566 3206 habere
1591 3150 1836 3210 substan-

250 3237 398 3298 tiam,
430 3244 486 3290 et
511 3235 676 3305 ipsius
700 3251 869 3308 genus
899 3252 1037 3304 esse,
1070 3255 1176 3294 non
1215 3255 1461 3305 munere,
1501 3241 1596 3296 sed
1623 3251 1832 3297 natura.

249 3322 378 3378 Nam
407 3324 477 3380 de
517 3341 622 3396 quo
650 3328 873 3398 quisque
902 3336 1105 3383 natura:
1132 3344 1244 3384 suae
1278 3330 1538 3400 originem
1575 3331 1740 3399 ducit,
1768 3332 1836 3388 de

251 3414 340 3466 illo
391 3425 601 3470 naturae
645 3430 756 3471 suae
799 3411 970 3487 genus
1005 3417 1206 3473 ducere
1243 3419 1426 3489 negari
1479 3421 1660 3476 sobrie
1688 3421 1835 3476 nullo

251 3514 404 3572 pacto
428 3515 625 3575 potest.
663 3506 768 3566 iste
791 3516 968 3562 autem
996 3508 1065 3562 ita
1091 3508 1190 3564 sibi
1231 3517 1316 3564 est
1361 3509 1474 3580 ipse
1507 3512 1832 3580 contrarius,

251 3605 306 3648 ιιι
324 3612 496 3665 genus
523 3597 613 3652 Dei
643 3612 763 3652 esse
786 3598 991 3653 animas
1019 3599 1178 3667 dicat,
1209 3615 1318 3656 non
1345 3609 1554 3668 natura,
1586 3603 1680 3658 sed
1720 3621 1837 3660 mu-

251 3701 405 3751 nere;
437 3696 493 3741 et
519 3697 693 3750 tamen
723 3704 830 3744 non
857 3687 1024 3746 factas
1053 3704 1117 3745 ex
1148 3690 1338 3758 nihilo,
1369 3693 1463 3748 sed
1492 3709 1558 3750 ex
1585 3693 1675 3750 illo
1695 3695 1836 3752 dicat

249 3778 506 3847 originem
537 3777 734 3836 ducere
766 3797 779 3832 :
812 3794 875 3834 ac
903 3781 982 3835 sic
1008 3796 1120 3846 eas,
1167 3781 1309 3852 quod
1346 3784 1492 3854 prius
1524 3797 1832 3858 negaverat,

249 3865 312 3920 ad
341 3867 436 3922 Dei
469 3877 709 3922 naturam
739 3884 991 3925 revocare
1019 3887 1123 3926 non
1146 3871 1372 3928 dubitat.

316 3958 406 4012 53.
449 3958 756 4014 Animarum
781 3969 956 4015 autem
999 3975 1255 4023 novarum
1289 3965 1406 4020 sine
1438 3970 1730 4039 propagine
1755 3969 1835 4025 iu-

249 4045 642 4114 Sumationem,
685 4050 898 4106 defendi
943 4054 1156 4123 quidem
1196 4055 1416 4112 minime
1451 4059 1830 4131 prohibemus,

179 4155 187 4164 ·
247 4138 340 4192 sed
367 4139 436 4194 ab
465 4141 544 4195 eis
567 4143 654 4212 qui
683 4145 948 4218 potuerint
967 4145 1165 4216 aliquid
1195 4147 1456 4217 invenire,
1486 4152 1568 4206 vel
1596 4153 1648 4207 in
1670 4169 1833 4210 cano-

249 4230 382 4285 nicis
407 4231 603 4298 Libris,
633 4235 773 4304 quod
800 4251 905 4290 non
927 4239 995 4291 sit
1018 4239 1322 4310 ambiguum
1339 4241 1690 4301 dissolvenda:
1713 4247 1834 4305 huic

247 4321 646 4392 obligatissimre
676 4327 975 4396 qutestioni;
997 4329 1078 4384 vel
1107 4330 1158 4384 in
1181 4333 1673 4391 ratiocinationibus
1693 4338 1828 4406 suis,

244 4414 388 4481 quod
409 4429 514 4468 non
537 4417 936 4475 sitcontrarium
966 4421 1238 4477 catholica:
1255 4423 1496 4479 veritati:
1519 4441 1623 4482 non
1661 4443 1690 4483 a
1711 4429 1832 4484 tali—

246 4503 345 4558 bus
363 4506 532 4574 qualis
558 4507 657 4562 iste
670 4511 928 4578 apparuit,
951 4511 1040 4580 qui
1062 4529 1166 4567 non
1189 4497 1506 4570 inveniendo
1533 4518 1661 4588 quid
1687 4519 1832 4576 diee-

247 4604 351 4660 ret,
369 4596 867 4655 etdeliberationem
895 4617 1042 4657 suam
1064 4604 1294 4660 nolendo
1317 4607 1663 4678 suspendere,
1692 4610 1830 4667 vires

244 4699 370 4741 suas
391 4689 610 4742 omnino
649 4703 754 4744 non
794 4691 1049 4759 metiens,
1077 4710 1146 4748 ne
1173 4703 1406 4764 taceret,
1439 4713 1600 4754 ausus
1638 4709 1720 4756 est
1748 4701 1828 4756 di-

245 4791 388 4842 cere,
423 4795 442 4830 ι
474 4776 736 4848 inquinari
767 4781 998 4837 animam
1045 4786 1305 4844 meruisse
1345 4802 1443 4856 per
1487 4804 1746 4856 carnem,
1777 4802 1831 4846 et

242 4882 363 4923 esse
389 4871 652 4928 meruisse
687 4873 916 4928 animam
963 4879 1346 4946 peccatricem;
1382 4898 1402 4932 ι
1433 4881 1588 4950 cujus
1623 4883 1827 4939 nullum

241 4960 514 5025 meritum,
546 4977 640 5016 seu
662 4961 857 5018 bonum
881 4980 974 5023 seu
1003 4967 1200 5025 malum
1227 5011 1240 5033 ,
1270 4981 1393 5024 ante
1413 4985 1628 5027 carnem
1659 4975 1830 5043 potuit

238 5047 503 5103 invenire.
555 5050 622 5106 Et
671 5071 690 5106 ι
733 5057 965 5123 parvulis
1020 5058 1136 5112 sine
1182 5059 1446 5128 baptismo
1491 5061 1559 5116 de
1603 5079 1828 5134 corpore

236 5141 559 5195 exeuntibus
582 5143 716 5198 solvi
739 5160 892 5214 posse
916 5147 1174 5218 originale
1203 5160 1494 5218 peccatum,
1517 5162 1570 5208 et
1595 5154 1823 5210 offereno

235 5231 363 5285 dum
390 5248 484 5301 pro
511 5232 590 5286 eis
618 5235 935 5291 sacrificium
956 5239 1196 5307 corporis
1211 5239 1426 5306 Christi,
1457 5259 1476 5292 ι
1503 5243 1590 5312 qui
1611 5243 1827 5299 Christo

234 5339 346 5378 non
371 5334 498 5379 sum
524 5326 844 5396 incorporati
873 5344 966 5398 per
992 5329 1110 5400 ejus
1131 5331 1475 5388 Sacramenta
1503 5335 1553 5388 in
1579 5334 1694 5404 ejus
1726 5337 1828 5391 Ec-

233 5417 399 5472 clesia
432 5435 444 5471 :
485 5436 504 5468 ‹
534 5434 732 5490 eosque
779 5421 895 5476 sine
925 5421 1137 5478 lavacro
1171 5426 1592 5494 regeneratioais
1613 5427 1680 5482 de
1725 5427 1825 5482 hac

230 5511 340 5564 vita
367 5510 722 5579 emigrantes,
755 5527 862 5567 non
888 5512 954 5568 ad
990 5516 1225 5585 requiem
1257 5524 1458 5571 tantum
1490 5517 1566 5572 ire
1586 5558 1602 5583 ,
1631 5517 1724 5573 sed
1755 5521 1820 5573 ad

229 5617 457 5669 rvgnum
495 5602 756 5658 caelorum
811 5619 968 5674 posse
1009 5607 1170 5662 etiam
1214 5610 1514 5678 pervenire.
1546 5629 1566 5663 ι
1617 5611 1684 5666 Ει
1719 5598 1821 5667 alia

229 5694 398 5748 multa
412 5693 664 5758 absurda,
685 5710 804 5765 qua:
820 5695 994 5750 omnia
1013 5699 1284 5770 colligere,
1305 5702 1530 5772 atquein
1558 5712 1660 5758 lSlO
1686 5703 1823 5758 libro

227 5782 479 5864 digerere
514 5790 728 5865 longum
754 5785 923 5855 visum
951 5795 1050 5856 est.
1078 5789 1227 5844 Absit
1259 5807 1382 5864 ergo
1412 5802 1466 5846 ut
1512 5794 1814 5860 animarum

1631 393 1832 458 [ABER
1872 395 2146 452 Ριιιιιυε.

3421 403 3449 452 λ
3459 402 3526 454 9‘

1951 522 2200 577 propago,
2225 507 2268 562 si
2298 508 2422 562 falsa
2448 519 2549 576 est,
2571 525 2600 564 a
2616 509 2806 565 talibus
2831 511 3136 575 refellatur;
3160 520 3212 567 et
3227 512 3528 567 animarum

1941 613 2198 652 novarum
2225 599 2531 666 insufflatio,
2554 600 2600 655 si
2638 617 2762 656 vera
2780 611 2882 668 est,
2905 617 2935 656 a
2959 602 3156 657 talibus
3181 599 3523 660 defendatur.
3593 621 3606 638 ·

2011 687 2102 742 54.
2123 687 2501 755 Quamobrem,
2525 691 2844 760 quicumque
2871 692 3356 748 voluntdefendere
3377 693 3521 764 quod

1941 776 2188 832 dicuntur
2214 779 2405 832 anima:
2436 795 2585 834 nova:
2619 782 2958 838 nascentibus
2997 783 3294 850 insufflarlt,
3327 800 3430 838 non
3459 785 3528 838 de

1943 867 2252 937 parentibus
2279 869 2445 938 trahi,
2472 869 2668 940 aliquid
2713 871 2924 927 illorum
2955 883 3182 943 quatuor
3219 891 3338 944 quae
3365 891 3528 946 supra

1941 959 2352 1014 commemoravi
2371 1000 2386 1026 ,
2417 969 2641 1015 caveant
2677 962 2822 1016 omni
2852 962 3011 1017 modo
3045 979 3059 1017 :
3089 962 3192 1019 hoc
3218 973 3320 1030 est,
3355 982 3422 1020 ne
3449 965 3528 1019 di-

1940 1057 2082 1112 cant,
2109 1062 2145 1101 a
2171 1048 2280 1102 Deo
2300 1047 2414 1104 fieri
2449 1049 2654 1104 animas
2682 1053 3003 1120 peecatrices
3031 1069 3128 1123 per
3155 1055 3385 1110 alienum
3421 1055 3529 1109 ori~

1938 1141 2117 1211 ginale
2145 1153 2429 1212 peccatum
2454 1159 2468 1195 ε
2501 1157 2570 1197 ne
2591 1142 2792 1210 dicant,
2819 1145 3065 1214 parvulos
3091 1146 3180 1216 qui
3209 1148 3322 1201 sine
3345 1147 3525 1216 Bapti-

1939 1243 2058 1286 smo
2101 1232 2361 1297 exierint,
2409 1233 2689 1301 pervenire
2735 1249 2890 1302 posse
2941 1235 3008 1290 ad
3055 1237 3217 1290 vitam
3273 1247 3526 1292 mlt't‘ttttm

1947 1335 2278 1391 regnumque
2307 1323 2588 1390 cmlorum,
2619 1324 2862 1394 originali
2899 1335 3115 1395 peccato
3140 1343 3234 1396 per
3256 1329 3532 1398 quodlibet

1941 1411 2084 1466 aliud
2127 1415 2402 1470 resoluto:
2436 1430 2503 1469 ne
2539 1415 2756 1482 dicant,
2797 1417 3004 1471 animas
3044 1433 3293 1500 peccasse
3336 1419 3529 1475 alicubi

1941 1511 2064 1559 ante
2088 1518 2337 1571 carnem,
2367 1514 2420 1560 et
2462 1505 2563 1560 hoc
2603 1505 2794 1562 merito
2833 1507 2884 1560 in
2929 1521 3144 1562 carnem
3176 1511 3526 1578 peccatricem

1941 1591 2107 1648 fuisse
2148 1593 2392 1650 detrusas
2426 1609 2538 1650 :ne
2580 1596 2778 1664 dicant,
2813 1607 3060 1667 peccata,
3089 1615 3208 1670 qua:
3247 1600 3299 1654 in
3345 1601 3424 1656 eis
3451 1602 3532 1656 in-

1941 1693 2100 1738 venta
2141 1700 2246 1740 non
2294 1695 2446 1752 sunt,
2475 1687 2598 1756 quia
2646 1689 2888 1757 prmscita
2928 1699 3082 1757 sunt,
3126 1692 3316 1751 merito
3363 1692 3529 1750 fuisse

1944 1774 2166 1843 punita,
2195 1789 2316 1829 cum
2364 1776 2432 1829 ad
2477 1792 2595 1830 eam
2643 1779 2836 1845 vitam,
2866 1779 2954 1833 ubi
2997 1796 3059 1834 ea
3106 1783 3525 1848 committerent,

1940 1863 2214 1934 permissae
2241 1881 2345 1920 non
2391 1865 2589 1921 fuerint
2629 1869 2926 1936 pervenire.
2967 1869 3110 1930 Nihil
3146 1886 3274 1942 ergo
3297 1872 3521 1933 istorum

1945 1964 2177 2024 quatuor
2209 1956 2484 2024 dicentes,
2517 1959 2766 2028 quoniam
2797 1961 3074 2030 quodlibet
3112 1979 3294 2018 eorum
3338 1963 3527 2020 falsmn

1939 2055 2096 2116 atque
2140 2047 2357 2117 impium
2387 2059 2502 2114 est;
2534 2050 2805 2106 inveniant
2829 2053 2988 2107 etiam
3029 2054 3420 2126 Scripturarum
3457 2058 3528 2114 de

1943 2133 2044 2190 hac
2093 2151 2152 2192 re
2202 2138 2500 2194 certissima
2545 2141 2870 2209 testimonia,
2915 2153 2970 2198 et
3025 2144 3160 2200 hanc
3207 2149 3525 2204 sententiam

1939 2243 2090 2283 suam
2115 2273 2131 2297 ,
2159 2245 2264 2285 non
2293 2233 2464 2286 solum
2505 2249 2590 2288 me
2617 2249 2724 2294 non
2759 2244 2976 2292 vetante
2995 2279 3009 2304 ,
3035 2254 3220 2293 verum
3255 2241 3414 2296 etiam
3448 2241 3530 2296 fa-

1938 2330 2098 2374 vente
2127 2329 2181 2376 et
2203 2323 2399 2391 gratias
2421 2335 2613 2394 agente
2636 2365 2652 2392 ,
2680 2325 2983 2382 defendant.
3021 2328 3076 2384 Si
3104 2339 3280 2384 autem
3315 2348 3418 2386 non
3451 2333 3532 2387 in-

1938 2412 2158 2467 veniunt
2201 2413 2553 2469 certissimam
2592 2414 2661 2471 de
2705 2417 2803 2472 hac
2841 2433 2901 2472 re
2927 2420 3294 2476 auctoritatem
3325 2422 3530 2477 divino-

1937 2517 2057 2557 rum
2123 2503 2497 2574 eloquiorum,
2553 2515 2608 2560 et
2649 2507 2848 2576 aliquid
2895 2508 3105 2564 illorum
3156 2523 3384 2580 quatuor
3436 2531 3531 2591 per

1939 2593 2170 2664 inopiam
2218 2595 2398 2651 dicere
2436 2597 2860 2667 compelluntur;
2899 2601 3184 2658 cobibeant
3217 2618 3311 2670 se,
3345 2621 3412 2659 ne
3437 2621 3531 2674 per

1938 2684 2105 2756 ipsam
2132 2686 2362 2755 inopiam
2389 2687 2547 2743 etiam
2573 2690 2909 2756 parvulorum
2939 2691 3146 2746 animas
3190 2709 3296 2750 non
3325 2693 3527 2751 habere

1938 2773 2194 2846 originale
2230 2787 2503 2845 peccatum
2525 2819 2538 2843 ,
2569 2777 2858 2832 secundum
2898 2778 3234 2849 Pelagianam
3277 2781 3524 2840 lueresim

1938 2867 2065 2920 olim
2097 2866 2488 2932 damnabilem,
2527 2870 2940 2939 nuperrimeque
2969 2871 3274 2934 damnatam
3297 2917 3312 2941 ,
3345 2875 3526 2931 dicere

1936 2959 2340 3030 compellantur.
2387 2960 2570 3014 Melius
2613 2971 2696 3016 cst
2737 2963 2878 3024 enim
2912 2962 3112 3020 homini
3155 2962 3313 3020 fateri
3341 2981 3403 3022 se
3433 2983 3526 3022 ne-

1913 3045 2078 3103 'scire
2117 3048 2257 3118 quod
2291 3051 2490 3116 nescit,
2517 3067 2674 3120 quam
2709 3052 2760 3106 in
2803 3051 3050 3108 hieresim
3095 3053 3180 3110 vel
3221 3054 3527 3116 datnnatam

1939 3139 2230 3205 incurrere,
2255 3140 2337 3195 vel
2362 3157 2550 3194 novam
2583 3141 2836 3207 condere,
2863 3125 2988 3208 dum
3019 3154 3218 3200 temere
3243 3147 3404 3203 audet
3433 3150 3529 3204 dc-

1939 3228 2148 3286 fensare
2167 3231 2306 3302 quod
2329 3231 2517 3294 nescit.
2540 3233 2654 3294 Alia
2679 3231 2832 3303 hujus
2857 3235 3087 3291 hominis
3111 3237 3240 3292 falsa
3266 3249 3318 3293 et
3341 3241 3528 3294 absur-

1938 3322 2026 3392 da,
2068 3325 2122 3386 in
2172 3326 2361 3396 quibus
2401 3341 2506 3382 non
2553 3336 2658 3382 tam
2717 3329 3033 3397 periculose,
3088 3345 3453 3389 verumtamen
3496 3354 3526 3390 a

1939 3415 2150 3471 tramite
2198 3417 2437 3476 veritatis
2471 3417 2764 3484 exorbitat,
2797 3421 3048 3488 quoniam
3086 3425 3249 3478 multa
3286 3436 3440 3490 sunt,
3475 3439 3529 3481 et

1939 3503 2004 3560 ad
2027 3506 2198 3576 ipsum
2216 3509 2396 3574 etiam,
2429 3509 2472 3562 si
2504 3509 2756 3564 Domin
2771 3511 3022 3579 voluerit,
3055 3513 3251 3584 aliquid
3281 3515 3347 3571 de
3379 3517 3529 3572 libris

1939 3595 2054 3664 ejus
2091 3597 2216 3652 volo
2251 3599 2485 3652 scribere
2507 3639 2520 3660 ,
2548 3599 2618 3652 ibi
2661 3598 2882 3654 forsitan
2921 3603 3128 3670 omnia,
3158 3605 3238 3660 vc'l
3273 3607 3318 3660 si
3349 3609 3526 3678 omnia

1939 3699 2044 3740 non
2077 3697 2322 3756 potuero,
2351 3689 2576 3760 plurima
2600 3690 2903 3745 ostendam.

2008 3778 2235 3835 CAPUT
2277 3779 2394 3835 XX.
2446 3810 2516 3820 —
2563 3781 2654 3838 55.
2707 3781 2867 3837 Istum
2895 3792 3071 3838 autem
3101 3785 3313 3858 librum,
3367 3805 3525 3860 quem

1938 3867 2005 3923 ad
2049 3879 2102 3926 te
2146 3872 2356 3941 potius,
2388 3871 2476 3942 qui
2523 3889 2708 3928 curam
2743 3885 2795 3928 et
2825 3873 2947 3938 fidei
3002 3889 3197 3932 nostra:
3242 3891 3294 3934 et
3345 3883 3526 3949 existi-

1940 3960 2187 4016 tnationis
2241 3979 2408 4031 mete,
2461 3973 2515 4018 ut
2551 3965 3048 4031 verus’catbolicus
3095 3977 3152 4022 et
3187 3970 3356 4025 [uiuus
3392 3976 3523 4028 ami-

1937 4066 2066 4117 cus,
2120 4053 2346 4109 fideliter
2387 4053 2719 4131 benigneque
2769 4058 3017 4126 gessisti,
3046 4075 3206 4132 quam
3245 4061 3309 4116 ad
3361 4064 3522 4124 alan

1938 4160 2256 4214 quemquam
2313 4145 2652 4200 scribendum
2712 4147 2926 4214 putavi,
2979 4157 3032 4202 tu
3065 4137 3358 4224 legendum
3425 4153 3525 4210 (la-

1939 4234 2018 4288 bis
2045 4235 2126 4290 vel
2177 4235 2588 4302 describendum
2643 4237 2833 4306 quibus
2878 4240 3148 4315 potueris,
3195 4243 3281 4298 vel
3333 4244 3526 4316 quibus

1937 4325 2169 4391 dandum
2223 4343 2342 4381 esse
2397 4326 2744 4396 judicaveris.
2821 4327 2877 4395 ln
2935 4348 3042 4400 quo
3106 4332 3258 4390 istius
3315 4337 3526 4408 juvenis

1939 4419 2404 4487 przestnnptitmem
2452 4419 2521 4472 ita
2563 4419 2956 4493 reprimendum
3000 4431 3056 4478 et
3101 4425 3524 4496 redarguenda";

1939 4508 2138 4574 putavi,
2180 4518 2236 4562 ut
2283 4517 2457 4564 tamen
2505 4524 2627 4566 eum
2675 4509 2924 4580 diligam;
2966 4528 3067 4568 nec
3109 4515 3387 4586 damnari,
3432 4521 3526 4576 sed

1935 4597 2210 4652 emendari
2245 4599 2404 4654 velim
2435 4609 2630 4670 :atque
2655 4601 2726 4654 ita
2755 4602 3018 4674 proficere
3045 4605 3096 4658 in
3125 4604 3287 4672 domo
3311 4625 3522 4680 magna,

1935 4703 2055 4757 qua:
2096 4699 2179 4744 cst
2218 4689 2453 4745 Ecclesia
2495 4691 2788 4758 catholica,
2836 4708 2944 4763 quo
2980 4709 3101 4748 eum
3159 4697 3522 4753 misericordia

1935 4779 2112 4833 divina
2134 4780 2373 4850 perduxit
2395 4823 2410 4848 ,
2441 4791 2498 4836 ut
2524 4782 2592 4836 sit
2623 4782 2674 4849 in
2718 4782 2805 4837 illa
2841 4799 2931 4838 vas
2955 4800 3006 4838 ιιι
3042 4787 3244 4842 horrore
3286 4789 3524 4844 sanctili.

1933 4883 2146 4934 catum,
2180 4872 2308 4926 utile
2339 4873 2562 4926 Domino
2588 4915 2603 4940 ,
2626 4873 2693 4928 ad
2723 4889 2883 4930 omne
2921 4892 3055 4945 opus
3083 4877 3278 4931 bonum
3309 4893 3522 4950 semper

1937 4972 2180 5031 paratum
2201 5004 2218 5028 ,
2240 4973 2292 5017 et
2323 4962 2460 5018 bene
2488 4963 2713 5020 vivendo
2737 5005 2752 5033 ,
2784 4975 2839 5020 et
2867 4984 2994 5021 δειιιιι
3019 4965 3260 5026 docendo
3290 4972 3328 5026 ⁸.
3358 4973 3523 5030 l’orro

1933 5062 2108 5109 autem
2137 5054 2180 5108 si
2209 5054 2380 5124 ipsum
2401 5063 2612 5124 oportet
2637 5065 2692 5110 ut
2717 5055 2934 5128 diligam
2952 5059 3088 5112 sicut
3125 5057 3261 5116 facio
3285 5079 3299 5128 ;
3321 5076 3521 5133 quanto

1934 5146 2102 5216 magis
2147 5155 2228 5212 te,
2264 5137 2633 5217 frater,eujus
2678 5163 2802 5218 erga
2852 5163 2937 5202 me
2981 5148 3440 5219 benevolentiam,
3471 5168 3522 5221 et

1933 5236 2084 5305 cujus
2120 5236 2434 5292 culti-alicam
2486 5238 2643 5292 fidem
2688 5247 2894 5292 cautam
2953 5251 3006 5294 et
3043 5241 3276 5296 sobriam
3323 5247 3523 5315 optime

1934 5325 2076 5379 novi.
2110 5325 2261 5382 Unde
2299 5327 2490 5380 factum
2531 5337 2611 5381 est
2642 5337 2697 5380 ιιι
2735 5342 2830 5382 eos
2865 5327 3031 5382 libros
3061 5331 3150 5395 qui
3199 5333 3290 5388 tibi
3330 5335 3517 5408 displi-

1933 5413 2173 5477 cueruot,
2201 5427 2252 5470 et
2283 5417 2333 5470 in
2355 5417 2545 5486 quibus
2573 5433 2764 5472 nontcn
2798 5434 2970 5473 meum
2999 5420 3154 5478 aliter
3175 5439 3330 5494 qu.un
3356 5429 3523 5492 rullus

1934 5507 2161 5574 posittnn
2192 5507 2520 5576 cmuperisti,
2551 5507 2935 5564 describendas
2975 5512 3208 5586 mihique
3232 5518 3520 5578 mittendos

1934 5611 2058 5651 vere
2097 5599 2329 5652 fraterna
2379 5598 2644 5670 planeque
2691 5600 2896 5654 sincera
2943 5603 3229 5682 dilectione
3279 5625 3517 5678 curares,

1933 5689 2158 5744 Tantum
2187 5704 2314 5760 ergo
2339 5689 2490 5745 abest
2517 5700 2571 5745 ut
2601 5691 2722 5748 hinc
2753 5701 2853 5748 tum
2882 5693 3126 5760 charitati
3154 5715 3511 5770 succenseam,

1999 5824 2014 5862 ί
2051 5829 2101 5872 ιιι
2123 5831 2246 5886 ιεεεη
2268 5821 2488 5888 dicendo,
