4010 6186
473 411 579 467 495

471 519 594 591 quia
617 515 815 580 fecisti;
840 525 897 570 ιιι
926 514 1100 585 potius
1131 515 1230 570 nisi
1254 514 1470 571 fecisses
1491 557 1506 582 ,
1540 517 1746 588 integro
1767 517 1890 587 jure
1918 519 2059 573 ami-

469 608 608 662 citia:
633 620 948 662 succensere
984 604 1255 661 deberem.
1289 607 1405 677 Ago
1431 607 1607 677 itaque
1628 607 1819 663 uberes
1837 609 2055 680 gratias.

468 697 922 767 Quemadmodum
963 705 1138 753 autem
1167 697 1468 769 acceperim
1509 697 1702 754 factum
1727 706 1903 766 tuum,
1936 698 2062 754 hinc

1351 405 1438 460 DE
1478 405 1686 462 ANIMA
1729 406 1817 462 ET
1848 406 2012 464 EJUS
2049 407 2344 474 ORICINE,
2387 410 2444 465 S.
2488 409 2858 484 AUGUSTI-Nl

3642 419 3745 476 ιςισ

2164 519 2496 576 manifestius
2539 521 2763 577 iudicavi
2789 527 2828 590 ³,
2855 523 2996 592 quod
3027 523 3165 580 hunc
3194 525 3262 580 ad
3293 535 3343 582 te
3369 527 3591 593 librum,
3622 549 3740 588 mox

2164 622 2224 668 ut
2249 613 2368 667 illos
2396 613 2522 684 legi,
2555 614 2670 669 sine
2695 615 2868 685 aliqua
2899 615 3152 672 dilatione
3176 620 3492 690 conscripsi.

2231 727 2248 756 ¹
2286 725 2538 774 Vaticanus
2561 733 2663 786 Ms.,
2673 723 2948 788 judicabts.

1406 947 1885 1056 LIBER
1926 898 2814 1052 SECUNDUS.

1543 1131 1650 1192 AD
1691 1128 2014 1192 PETRUM
2055 1125 2659 1190 PRESBYTERUM.

527 1265 723 1308 Petrum
757 1259 986 1308 admonet
1025 1257 1318 1319 Augustinus
1337 1291 1351 1316 ,
1397 1264 1464 1304 ne
1500 1253 1794 1326 committat,
1825 1257 1882 1326 ut
1906 1249 2661 1326 "libroslg‘aaimasgrigine
2691 1261 2733 1326 a7
2764 1251 3014 1326 Vincentio
3053 1255 3241 1326 Victore
3273 1256 3347 1326 _ad_
3391 1271 3506 1326 eum
3549 1264 3750 1326 scriptos

465 1319 702 1371 laudando
731 1321 1055 1386 approbasse,
1089 1311 1170 1386 ιῖιιι
1207 1329 1318 1386 quae
1339 1311 1552 1366 'temere
1581 1314 1666 1364 ille
1695 1313 1886 1386 scripsit
1905 1311 2016 1360 fidei
2042 1311 2743 1386 .cbristiaaimwcontrari‘a,Apro
2778 1313 3085 1386 dogmatibus
3128 1317 3379 1386 catholicis
3420 1321 3604 1386 habere
3641 1311 3750 1374 Egit;

464 1383 706 1431 stimetur.
742 1371 940 1430 tiri-ores
969 1371 1375 1444 \fic'torisvariqs,
1415 1388 1602 1440 eosque
1633 1371 1938 1438 gravissimos
1977 1379 2140 1431 notat,
2183 1379 2236 1420 et
2266 1371 2432 1420 verbis
2461 1371 2675 1422 cont‘utat
2711 1371 2892 1436 paucis.
2934 1381 3075 1426 Petro
3109 1377 3304 1429 demum
3344 1382 3434 1444 ipsi
3471 1371 3751 1444 suadetrut

1866 1494 2350 1574 W—

470 1445 706 1494 \'ictoretn
734 1444 792 1492 ad
826 1454 914 1492 eos
930 1438 1242 1504 corrigendos
1261 1439 1480 1489 adducat.

469 1629 692 1682 Domino
721 1625 1066 1681 dilectissimo
1100 1623 1244 1680 fratri
1287 1632 1344 1680 et
1373 1621 1809 1695 compresbytero
1831 1619 2012 1676 Pareo
2032 1659 2048 1687 ,

619 1722 955 1775 Aucusrmus
980 1717 1280 1788 episcopus,
1309 1715 1364 1771 in
1389 1715 1616 1770 Domino
1645 1713 1893 1768 salutem.

539 1849 764 1906 CAPUT
803 1849 1088 1906 PRIMUM.
1126 1877 1198 1888 —
1223 1849 1274 1903 l.
1321 1847 1682 1904 Pervenerunt
1718 1843 1784 1899 ad
1818 1857 1905 1898 me
1944 1841 2051 1897 duo

467 1941 584 1998 libri
632 1939 894 1994 Vincentii
939 1938 1201 2006 Victoris,
1227 1951 1362 2008 quos
1410 1936 1478 1992 ad
1519 1935 1864 1992 Sanctitatem
1907 1940 2051 1986 tuatn

466 2030 700 2100 scripsit,
727 2029 972 2084 mittente
999 2028 1125 2082 mihi
1164 2042 1258 2083 eos
1286 2026 1450 2082 fratre
1477 2033 1664 2081 nostro
1694 2024 1920 2086 Renato,
1950 2021 2052 2076 ho-

468 2123 610 2176 mine
656 2121 870 2192 quidem
911 2119 1078 2185 laico,
1106 2119 1200 2174 sed
1234 2132 1332 2190 pro
1357 2131 1454 2174 sua
1482 2116 1585 2172 fide
1623 2125 1678 2172 et
1704 2129 1890 2170 eorum
1920 2112 2053 2182 quos

455 2212 656 2284 dligit,
683 2212 972 2282 prudenter
999 2209 1353 2280 religioseque
1381 2207 1633 2264 sollicito.
1663 2204 1868 2273 Quibus
1898 2201 2052 2258 lectis

465 2304 570 2357 vidi
601 2303 867 2356 hominem
906 2301 958 2356 in
988 2314 1240 2356 sermone
1263 2299 1476 2370 quidem
1501 2339 1517 2366 ,
1547 2312 1652 2353 non
1678 2297 1850 2352 solum
1883 2308 2053 2364 usque

464 2394 530 2448 ad
553 2394 944 2458 sufﬁcientiam,
971 2407 1156 2448 verum
1183 2391 1345 2446 etiam
1366 2405 1533 2460 usque
1551 2388 1621 2444 ad
1645 2386 2051 2458 redundantiam

467 2486 857 2557 profluentem;
905 2483 998 2539 sed
1037 2483 1088 2537 in
1131 2482 1293 2537 rebus
1333 2481 1401 2537 de
1447 2481 1638 2551 quibus
1683 2477 1830 2548 loqui
1865 2476 2046 2551 voluit,

465 2578 699 2632 nondum
733 2578 870 2630 sicut
911 2583 1122 2644 oportet
1161 2574 1476 2629 instructum
1505 2589 1518 2625 :
1549 2569 1690 2642 quod
1727 2570 1771 2624 si
1807 2569 1858 2624 ci
1896 2567 2054 2623 fuerit

464 2669 690 2723 Domino
717 2657 951 2722 donante
965 2665 1239 2728 collatum,
1263 2664 1460 2734 poterit
1483 2678 1604 2718 esse
1621 2661 1766 2717 utilis
1787 2659 2048 2730 pluribus.

463 2760 634 2814 llahet
665 2757 807 2812 enim
841 2772 944 2810 non
980 2755 1259 2810 minimum
1299 2753 1564 2809 facultatis
1587 2795 1603 2820 ,
1631 2767 1732 2822 qua
1766 2751 1931 2821 possit
1959 2766 2054 2804 ex-

463 2849 662 2920 plicare
685 2859 842 2918 atque
873 2861 1066 2902 ornare
1106 2862 1226 2918 qua:
1261 2845 1444 2911 sentit,
1474 2845 1518 2898 si
1549 2846 1692 2914 prius
1711 2844 1804 2897 det
1833 2857 2051 2911 operam

465 2949 606 2995 recta
635 2939 852 2994 sentire.
886 2937 1050 2994 Valde
1077 2939 1271 3008 quippe
1292 2947 1416 2991 sunt
1445 2937 1599 2991 noxia
1631 2951 1787 3005 prava
1815 2933 2046 2998 diserta;

462 3033 584 3101 quia
617 3031 922 3084 hominibus
944 3030 1118 3084 minus
1143 3029 1366 3084 eruditis
1387 3069 1402 3095 ,
1431 3044 1496 3084 eo
1525 3026 1662 3098 quod
1686 3027 1880 3086 diserta
1905 3033 2046 3089 sunt,

463 3121 709 3174 videntur
735 3129 786 3173 et
815 3135 962 3174 vera.
991 3119 1274 3186 Quomodo
1303 3127 1484 3172 autem
1505 3116 1721 3171 eosdem
1748 3115 1910 3170 libros
1935 3113 2050 3183 ipse

462 3209 768 3279 acceperis,
803 3209 1025 3262 nescio:
1070 3217 1438 3262 verumtamen
1481 3207 1524 3261 si
1561 3221 1746 3260 verum
1787 3199 1870 3260 est
1909 3204 2050 3276 quod

462 3299 674 3366 audivi,
704 3299 896 3352 diceris
932 3299 1009 3353 eis
1044 3298 1280 3352 recitatis
1311 3299 1380 3350 ita
1425 3297 1712 3352 exsiluisse
1750 3297 1962 3360 lmtitia,
1992 3305 2050 3351 ut

463 3402 619 3460 caput
641 3391 854 3460 juvenis
883 3391 1023 3446 illius
1042 3404 1226 3454 senex,
1249 3400 1302 3452 et
1324 3390 1438 3445 laici
1465 3391 1740 3461 presbyter
1759 3391 2046 3458 osculatus,

461 3483 717 3537 didicisse
753 3481 966 3552 tequod
1007 3481 1286 3552 ignorabas
1308 3522 1323 3549 ,
1349 3483 1546 3552 gratias
1575 3481 1767 3552 egeris.
1799 3481 1897 3537 Ubi
1927 3482 2048 3552 qui-

461 3575 582 3628 dem
605 3590 710 3628 non
744 3573 984 3644 improbo
1014 3574 1365 3629 humilitatem
1391 3583 1531 3628 tuam
1553 3615 1566 3639 ,
1595 3573 1704 3629 imo
1729 3589 1856 3630 vero
1888 3576 2048 3630 etiam

461 3667 622 3722 laudo
647 3669 786 3738 quod
818 3668 1087 3722 honorasti
1108 3666 1380 3722 doctorem
1419 3675 1604 3721 tuum:
1633 3681 1732 3722 nec
1754 3666 2044 3735 hominem,

461 3759 554 3812 sed
586 3759 752 3828 ipsam
775 3775 890 3829 quae
919 3759 1012 3814 tibi
1043 3775 1139 3830 per
1167 3759 1314 3813 illum
1347 3759 1489 3829 loqui
1519 3759 1729 3830 dignata
1756 3767 1838 3814 est
1858 3759 2051 3814 verita-

464 3859 600 3915 tem;
629 3850 672 3904 si
715 3858 888 3904 tamen
922 3851 1162 3920 potueris
1199 3849 1596 3916 demonstrare,
1629 3849 1753 3920 quid
1775 3864 1870 3920 per
1897 3850 2048 3905 illum

462 3941 701 3996 veritatis
725 3943 1014 4011 acceperis.
1046 3941 1248 3996 Vellem
1271 3941 1449 4012 itaque
1471 3943 1748 4013 rescriptis
1770 3943 1894 4010 tuis,
1922 3942 2048 4012 quid

464 4046 514 4086 lc
539 4032 807 4097 docuerit,
845 4048 930 4088 me
951 4031 1192 4088 doeeres.
1225 4033 1378 4087 Absit
1404 4033 1546 4087 enim
1592 4041 1648 4088 ut
1688 4033 2047 4088 erubescama

463 4125 774 4195 presbytero
807 4123 1034 4198 discere,
1063 4123 1106 4179 si
1137 4139 1167 4178 a
1196 4123 1330 4178 laico
1356 4117 1430 4179 tu
1452 4139 1556 4179 non
1586 4125 1839 4180 erubuisti
1865 4167 1880 4190 ,
1905 4142 2043 4196 pra:-

463 4215 686 4270 dicanda
729 4225 782 4269 et
831 4214 1083 4270 imitanda
1124 4215 1460 4284 humilitate,
1491 4215 1536 4270 si
1583 4232 1706 4271 vera
1746 4217 1972 4272 didicisti
2007 4219 2046 4272 ί.

532 4307 759 4362 CAPUT
803 4308 864 4361 ll.
892 4339 964 4348 —
989 4309 1044 4362 2.
1069 4309 1320 4375 Proinde,
1349 4307 1512 4362 frater
1533 4308 1898 4376 dilectissime,
1923 4311 2051 4380 quid

464 4400 532 4453 ab
565 4415 628 4454 eo
664 4401 914 4454 didiceris
937 4443 952 4467 ,
979 4415 1136 4456 nosse
1172 4404 1360 4470 cupio,
1387 4410 1444 4454 ut
1483 4401 1528 4454 si
1555 4401 1665 4470 jam
1695 4401 1746 4456 id
1775 4403 2006 4457 sciebam
2031 4444 2046 4470 ,

463 4489 696 4556 gratuler
737 4505 828 4558 pro
865 4499 948 4553 te;
981 4490 1025 4544 si
1061 4498 1237 4542 autem
1259 4490 1560 4544 nesciebam
1583 4531 1596 4556 ,
1625 4489 1824 4546 discam
1861 4507 1954 4560 per
1976 4501 2047 4546 te.

467 4579 613 4634 itane
641 4589 694 4634 tu
723 4581 998 4650 ignorabas
1019 4580 1124 4635 duo
1159 4581 1400 4650 qua‘daut
1436 4597 1582 4646 esse,
1610 4584 1840 4636 animant
1867 4593 1922 4639 et
1944 4585 2052 4654 spi-

467 4676 625 4726 ritutn
652 4713 666 4737 ,
695 4672 989 4726 secundum
1021 4671 1072 4725 id
1100 4671 1241 4742 quod
1270 4673 1521 4741 scriptum
1549 4683 1627 4728 est
1653 4714 1669 4741 ,
1699 4673 1966 4730 Absolvisti
1987 4676 2049 4729 ab

465 4765 646 4832 spiritu
688 4781 794 4817 meo
834 4765 1054 4818 animam
1098 4779 1259 4816 meam
1303 4761 1422 4832 (Job
1488 4779 1593 4829 vn,
1625 4781 1725 4820 sec.
1751 4764 1958 4836 LXX)?
1989 4767 2054 4820 Ει

466 4866 752 4924 utrumque
799 4855 863 4910 ad
903 4867 1146 4910 naturam
1191 4853 1423 4909 hominis
1471 4857 1775 4925 pertinere,
1806 4868 1862 4910 ut
1909 4866 2050 4912 totus

467 4947 628 5000 homo
650 4947 718 5000 sit
753 4946 972 5013 Spiritus
999 4953 1050 4998 ct
1081 4945 1256 4998 anima
1283 4955 1336 5000 et
1373 4961 1566 5014 corpus
1594 4963 1606 4998 :
1639 4946 1733 5000 sed
1767 4947 2051 5016 aliquando

465 5039 574 5089 duo
616 5035 713 5090 ista
752 5035 915 5090 simul
946 5034 1163 5089 nomine
1195 5035 1388 5090 anima:
1427 5037 1720 5107 nuncupari
1745 5079 1760 5104 ,
1783 5039 1942 5108 quale
1969 5051 2056 5096 est

469 5129 616 5187 illud.
652 5127 716 5181 Et
743 5131 907 5200 [actus
933 5138 1004 5182 cst
1050 5127 1199 5182 Itonia
1243 5128 1296 5182 in
1335 5129 1558 5182 animant
1586 5129 1747 5184 vivam
1799 5125 1951 5204 (Gen.
1996 5149 2052 5200 tt,

469 5220 567 5290 7)?
617 5220 690 5274 lbi
725 5222 920 5291 quippe
953 5229 1005 5274 et
1045 5220 1264 5288 spiritus
1317 5219 1645 5290 intelligitur.
1684 5219 1922 5292 Itemque
1961 5225 2052 5278 ali-

469 5312 682 5380 quando
709 5323 991 5382 utrumque
1029 5312 1243 5368 nomine
1268 5313 1486 5382 spiritus
1513 5312 1640 5378 dici,
1667 5313 1822 5368 sicuti
1863 5324 1964 5381 est,
1991 5314 2059 5370 Et

471 5403 713 5456 inclinato
739 5403 900 5474 capite
933 5403 1143 5456 tradidit
1177 5404 1410 5472 spiritum
1445 5401 1622 5476 (Joan.
1649 5419 1739 5459 le
1760 5445 1776 5470 ,
1806 5405 1938 5477 '50)?
1971 5407 2056 5462 ubi

471 5503 523 5546 ct
554 5493 727 5545 auium
761 5509 980 5548 necesse
1008 5505 1090 5547 cst
1119 5493 1456 5563 intelligatur.
1501 5493 1567 5548 Et
1596 5505 1876 5566 utrumque
1905 5498 2060 5552 unius

474 5599 592 5638 csse
618 5585 970 5638 substantiaz?
998 5576 1131 5638 Puto
1157 5585 1296 5654 quod
1323 5585 1424 5639 ista
1457 5585 1566 5655 jam
1598 5587 1825 5642 sciebas.
1867 5589 1922 5644 Si
1961 5605 2056 5643 au-

477 5688 584 5730 tent
620 5677 894 5731 nesciebas
919 5718 934 5744 ,
958 5692 1065 5732 non
1111 5685 1162 5733 te
1194 5677 1392 5749 aliquid
1421 5679 1561 5748 quod
1607 5696 1798 5753 magno
1823 5683 2062 5752 periculo

473 5812 562 5922 tu;
591 5811 664 5877 sic
697 5817 794 5856 Αιιι.
821 5816 872 5858 et
893 5815 991 5876 Mss.
1033 5816 1085 5860 At
1105 5814 1179 5861 Er.
1207 5819 1257 5861 et
1294 5817 1425 5873 ων..
1449 5819 1494 5862 et
1525 5813 1760 5867 imitanda
1796 5817 2062 5868 Itumtlttate

529 5893 540 5910 θ
567 5882 722 5921 ειῖδὲε.

529 5882 598 5921 {15¢

2157 1616 2414 1682 nescitur,
2442 1615 2690 1673 didicisse
2715 1620 2872 1675 scias.
2901 1621 2969 1676 Et
2993 1623 3037 1678 si
3068 1624 3196 1694 quid
3223 1624 3348 1682 hinc
3367 1631 3612 1688 subtilius
3637 1631 3744 1688 dis-

2163 1705 2457 1774 putandum
2477 1715 2581 1775 est,
2609 1710 2800 1765 melius
2825 1727 2946 1766 cum
2972 1712 3090 1784 ipso
3128 1717 3320 1785 agitur,
3349 1721 3503 1790 cujus
3523 1722 3632 1793 jam
3654 1739 3746 1776 no-

2169 1797 2343 1850 vimus
2371 1807 2425 1851 ct
2451 1797 2722 1867 eloquium
2747 1818 2762 1854 :
2805 1810 2979 1856 utrum
3000 1817 3120 1858 cum
3151 1805 3346 1863 dicitur
3373 1811 3569 1877 anima,
3597 1813 3663 1867 ita
3689 1823 3746 1866 ιιι

2161 1887 2320 1941 simul
2359 1887 2682 1959 intelligatur
2719 1898 2774 1959 et
2815 1892 3072 1961 spiritus,
3102 1905 3387 1969 utrumque
3424 1901 3600 1956 anima
3647 1903 3741 1970 sit,

2159 1977 2376 2046 spiritus
2401 1986 2580 2033 autem
2617 1979 2816 2050 aliquid
2845 1982 3038 2038 animae
3071 1985 3160 2050 sit;
3191 2001 3259 2042 an
3281 2029 3297 2054 ,
3327 1989 3464 2044 sicut
3500 1991 3548 2046 ei
3577 1992 3742 2047 visum

2159 2077 2270 2132 est,
2297 2081 2327 2120 a
2357 2078 2510 2138 parte
2538 2077 2703 2124 totum
2727 2073 3025 2141 appelletur
3046 2071 3149 2130 hoc
3175 2069 3388 2134 nomine
3410 2097 3424 2134 :
3449 2081 3561 2134 sive
3588 2082 3743 2136 etiam

2159 2165 2442 2228 utrumque
2473 2159 2689 2230 spiritus
2711 2161 2814 2228 sit,
2840 2177 2961 2232 pars
2999 2179 3127 2220 vero
3155 2167 3271 2236 ejus
3298 2169 3367 2223 sit
3392 2185 3511 2240 qua:
3532 2175 3742 2241 proprie

2157 2247 2352 2304 dicitur
2395 2250 2607 2316 anima;
2651 2267 2719 2306 an
2770 2261 2826 2309 et
2880 2253 2983 2310 boc
3023 2270 3053 2310 a
3107 2269 3256 2328 parte
3295 2268 3462 2315 totum
3503 2272 3740 2327 vocetur,

2157 2338 2370 2408 quando
2411 2339 2482 2394 ita
2527 2340 2723 2396 dicitur
2759 2344 3011 2414 Spiritus,
3041 2355 3098 2402 ut
3135 2349 3294 2404 simul
3333 2352 3657 2424 intelligatur
3693 2365 3742 2410 et

2157 2429 2332 2483 anima
2363 2447 2378 2483 :
2405 2431 2484 2486 sic
2508 2432 2650 2486 enim
2692 2432 2816 2488 huic
2847 2436 3040 2504 placet.
3072 2437 3266 2494 Verum
3295 2441 3416 2506 ista,
3447 2451 3504 2497 ut
3531 2444 3661 2510 dixi,
3687 2458 3744 2500 et

2157 2519 2420 2574 subtiliter
2442 2519 2780 2576 disseruntur
2799 2565 2816 2590 ,
2841 2534 2896 2579 et
2924 2526 3040 2582 sine
3069 2527 3180 2582 ullo
3205 2529 3292 2585 vel
3323 2543 3469 2587 certe
3489 2533 3607 2588 sine
3631 2550 3742 2588 ma-

2156 2623 2260 2679 gno
2287 2609 2524 2679 periculo
2553 2613 2884 2668 neseiuntur.

2227 2699 2280 2755 5.
2322 2699 2560 2770 Itemque
2579 2702 2712 2757 alios
2730 2717 2852 2759 esse
2881 2706 3122 2775 corporis
3141 2748 3157 2774 ,
3183 2708 3318 2764 alios
3349 2719 3528 2766 autem
3553 2713 3742 2768 anima:

2155 2806 2368 2858 sensus,
2392 2793 2558 2846 miror
2593 2793 2638 2848 si
2681 2794 2782 2850 iste
2811 2804 2864 2850 te
2889 2797 3106 2864 docuit;
3136 2810 3192 2856 et
3214 2810 3270 2856 tu
3305 2802 3465 2860 homo
3492 2805 3542 2860 id
3572 2809 3742 2862 mtatis

2156 2891 2210 2936 et
2237 2882 2478 2948 honoris,
2499 2892 2782 2954 antequam
2805 2885 2963 2942 istum
2982 2890 3214 2957 audires,
3241 2909 3404 2947 unum
3426 2903 3584 2964 atque
3605 2895 3741 2950 idem

2157 2974 2381 3044 putabas
2407 2990 2549 3040 esse,
2573 2991 2681 3046 quo
2703 2975 2879 3031 album
2903 2979 3218 3052 nigrumque
3237 2982 3576 3050 discernitur,
3605 2986 3744 3056 quod

2155 3065 2434 3120 nobiseum
2463 3065 2643 3120 vident
2669 3067 2828 3122 etiam
2877 3083 3122 3139 passeres
3145 3074 3194 3138 ¹;
3223 3082 3276 3128 et
3304 3089 3411 3144 quo
3435 3075 3636 3146 justum
3667 3089 3748 3131 at-

2153 3172 2260 3227 que
2283 3155 2536 3226 injustam
2562 3157 2905 3227 diiudicatur,
2929 3162 3070 3231 quod
3094 3163 3305 3220 videbat
3327 3165 3524 3223 Tobias
3542 3169 3564 3199 ²
3593 3167 3742 3237 (Tob.

2154 3246 2230 3318 ιν)
2281 3247 2442 3302 etiam
2467 3248 2648 3304 carnis
2689 3249 2977 3307 luminibus
3007 3239 3246 3323 perditis.
3277 3256 3392 3312 Hoc
3443 3259 3488 3312 si
3537 3259 3608 3314 ita
3641 3271 3744 3324 cst,

2157 3335 2394 3408 profecto
2423 3339 2636 3408 quando
2661 3341 2916 3398 audiebas
2939 3344 3024 3399 vel
3045 3345 3280 3417 legebas,
3305 3347 3552 3404 Illumiua
3575 3353 3748 3408 oculos

2155 3449 2312 3500 meos,
2343 3449 2406 3488 ne
2428 3443 2652 3502 unquam
2671 3435 2984 3492 obdontu'am
3009 3439 3060 3492 in
3081 3450 3291 3494 mortem
3311 3439 3332 3471 ³
3351 3440 3518 3512 (Psal.
3543 3459 3636 3508 xu,
3665 3443 3743 3517 4):

2155 3525 2368 3580 nonnisi
2399 3527 2577 3582 carnis
2599 3528 2786 3582 oculos
2815 3530 3106 3599 cogitabas.
3133 3533 3240 3586 Aut
3261 3533 3305 3586 si
3336 3534 3436 3589 hoc
3461 3535 3746 3589 obscurum

2159 3623 2266 3681 est,
2293 3625 2439 3670 certe
2465 3617 2681 3687 quando
2709 3617 2835 3673 illud
2861 3621 3103 3690 Apostoli
3133 3623 3429 3691 recolebas,
3468 3622 3746 3679 "Iumina-

2159 3713 2236 3759 tos
2259 3706 2432 3760 oculos
2457 3707 2624 3762 cordis
2651 3710 2796 3763 vestri
2821 3709 3036 3781 (Ephes.
3067 3726 3107 3776 ι,
3142 3711 3225 3784 ιδ)
3251 3729 3266 3780 ;
3300 3728 3398 3768 nos
3441 3715 3540 3768 sub
3567 3714 3744 3772 fronte

2153 3806 2209 3851 et
2239 3812 2398 3866 supra
2440 3799 2634 3854 buccas
2671 3813 2766 3854 cor
2811 3801 3006 3857 habere
3035 3802 3315 3858 credebas.
3349 3807 3498 3859 Absit
3527 3815 3584 3861 ut
3607 3807 3675 3862 de
3697 3817 3749 3863 te

2154 3886 2259 3943 hoc
2277 3887 2526 3943 sentiam.
2551 3887 2734 3965 Neque
2760 3890 2860 3944 hoc
2887 3898 2940 3946 te
2965 3891 3124 3962 igitur
3148 3895 3247 3948 iste
3275 3892 3474 3948 docuit.

2223 3978 2278 4032 4.
2318 3975 2386 4032 At
2415 3979 2462 4032 si
2491 3979 2626 4035 forte
2669 3989 2794 4036 ante
2842 3981 2997 4052 hujus
3041 3977 3356 4050 doctrinam,
3390 4001 3546 4055 quam
3589 3989 3751 4044 modo

2157 4081 2207 4126 te
2237 4071 2502 4126 invenisse
2528 4073 2752 4138 laetaris,
2781 4073 2972 4129 anima:
2999 4086 3240 4130 naturam
3268 4077 3361 4132 Dei
3389 4080 3610 4147 putabas
3631 4095 3754 4138 esse

2155 4161 2490 4230 portionem;
2524 4161 2626 4217 hoc
2664 4163 2822 4232 plane
2849 4179 2970 4219 cum
2992 4164 3262 4220 horrendo
3289 4155 3527 4238 periculo
3557 4171 3752 4225 falsum

2153 4265 2275 4306 esse
2299 4250 2594 4308 nesciebas.
2619 4251 2686 4306 Et
2705 4253 2750 4307 si
2777 4254 2844 4309 ab
2869 4254 2972 4310 isto
2987 4254 3217 4312 didicisti
3241 4258 3381 4327 quod
3423 4260 3602 4314 anima
3629 4277 3757 4330 por-

2157 4342 2230 4396 tio
2264 4342 2354 4398 Dei
2387 4357 2491 4396 non
2521 4343 2621 4408 sit;
2648 4358 2746 4415 age
2783 4344 2894 4400 Deo
2923 4348 3118 4416 gratias
3145 4359 3370 4417 quantas
3399 4358 3575 4418 potes,
3607 4351 3756 4420 quod

2156 4446 2260 4486 non
2281 4441 2565 4502 antequam
2587 4433 2688 4488 hoc
2714 4434 2962 4502 didicisti,
2989 4435 3058 4492 de
3081 4437 3305 4506 corpore
3335 4439 3511 4494 existi.
3533 4439 3760 4495 Εχίδδρε

2153 4521 2298 4584 enim
2325 4535 2548 4592 magnus
2571 4524 2850 4579 lnereticus
2870 4565 2885 4590 ,
2917 4535 2973 4580 et
3001 4526 3402 4596 blasphematur
3433 4529 3758 4586 horrendus.

2153 4608 2310 4662 Nullo
2353 4612 2513 4665 modo
2566 4624 2742 4668 tamen
2789 4615 2946 4670 etiam
2997 4615 3049 4671 id
3092 4617 3159 4672 de
3203 4627 3255 4672 te
3295 4619 3717 4674 existimaverit"
3745 4663 3760 4685 ,

2155 4700 2296 4769 quod
2338 4699 2499 4756 homo
2524 4703 2820 4760 catholicus
2840 4745 2857 4773 ,
2886 4721 3058 4776 neque
3082 4711 3497 4782 contemptibilis
3527 4713 3766 4784 presby-

2157 4800 2259 4860 ter,
2303 4795 2496 4849 anima:
2542 4805 2787 4852 naturam
2835 4800 3130 4868 portionem
3174 4800 3269 4856 Dei
3299 4802 3566 4857 sentiebas
3609 4821 3762 4860 esse.

2159 4885 2312 4942 Unde
2351 4886 2520 4942 fateor
2569 4889 2845 4944 Dilectioni
2896 4899 3020 4960 tute,
3068 4892 3228 4947 timeo
3272 4909 3340 4948 ne
3385 4894 3518 4949 forte
3559 4896 3667 4950 hoc
3713 4906 3773 4950 te

2157 4979 2260 5034 iste
2285 4978 2547 5046 docuerit,
2571 4979 2712 5050 quod
2737 4981 2912 5050 potius
2937 4982 3007 5036 sit
3029 4983 3352 5037 contrarium
3371 4983 3419 5038 ei
3448 4985 3565 5038 fidei
3594 5001 3771 5054 quam

2159 5071 2401 5127 tenebas.
2952 5119 2959 5125 .

2230 5160 2454 5216 CAPUT
2484 5160 2665 5216 lll.—
2690 5161 2744 5218 5.
2776 5161 2923 5218 Sicut
2964 5163 3106 5218 enim
3149 5179 3255 5218 non
3283 5163 3515 5218 arbitror
3557 5174 3609 5218 te
3655 5181 3772 5218 ιιι.-

2160 5270 2315 5324 quam
2349 5254 2403 5308 in
2431 5252 2705 5308 Catholica
2750 5253 2982 5308 animam
3027 5254 3320 5310 credidisse
3350 5255 3441 5309 Dei
3467 5271 3588 5309 esse
3627 5271 3775 5325 pur-

2163 5345 2380 5408 tionem,
2413 5343 2497 5398 vel
2529 5344 2635 5397 nllo
2662 5344 2818 5398 modo
2868 5345 3060 5399 animm
3113 5354 3168 5400 et
3213 5345 3592 5422 Dcicatudem
3633 5362 3776 5403 esse

2108 5475 2112 5480 .
2165 5443 2404 5488 naturain
2429 5432 2532 5486 :ita
2552 5442 2730 5487 metuo
2756 5450 2822 5488 ne
2849 5432 2984 5487 forte
3011 5436 3346 5488 conscnseris
3377 5435 3499 5488 huic
3529 5435 3773 5500 immitti,

2171 5542 2189 5574 ι
2215 5522 2354 5593 quod
2383 5523 2612 5577 animum
2645 5525 2783 5578 Deus
2809 5540 2912 5578 non
2940 5525 3008 5580 de
3033 5525 3198 5579 nihilo
3223 5525 3430 5591 fecerit,
3468 5529 3558 5580 sed
3585 5530 3658 5579 ita
3689 5545 3774 5580 4ης

2229 5635 2246 5666 ί
2281 5631 2384 5682 Sola
2410 5634 2559 5700 editio
2579 5641 2707 5700 Iov,,_
2728 5647 2822 5699 quo
2835 5635 3254 5700 nobiscumct'dent
3275 5644 3321 5688 et
3349 5651 3585 5700 passeres.
3608 5647 3664 5687 ξι
3692 5653 3778 5687 tu-

2165 5693 2256 5760 τη,
2278 5707 2371 5757 quo
2389 5687 2575 5746 videbat
2599 5687 2776 5746 Tobias.
2799 5706 2894 5746 Non
2917 5698 3063 5760 male,
3089 5687 3431 5749 reterendo'ad
3445 5735 3460 5760 ,
3479 5712 3698 5750 sensum.

2232 5759 2252 5787 ⁸
2287 5763 2334 5804 In
2357 5765 2460 5806 Mss.
2484 5765 2760 5807 constanter
2781 5765 2859 5808 est
2875 5792 2889 5815 ,
2917 5759 3064 5810 Tob.s.

2233 5821 2254 5852 ³
2287 5822 2434 5879 Edili,
2467 5818 2516 5870 iu
2552 5825 2718 5870 morte.
2758 5827 2812 5869 Al
2857 5821 3194 5884 manuscripti,
3247 5819 3298 5873 in
3332 5828 3568 5883 mortem;
3612 5822 3778 5885 juxta

2166 5895 2396 5942 εει-ίιξςυιιι.
