4034 6182
259 274 357 332 497

257 390 369 460 ipso
396 387 488 455 sit,
519 394 572 442 ut
615 387 684 442 ab
728 386 846 459 ipso
884 390 1234 445 emanavcrit.
1268 408 1288 443 ι
1326 389 1436 448 lloc
1485 393 1627 447 enim
1677 392 1836 447 etiam

256 479 470 535 verbum
502 479 601 533 iste
628 480 802 548 posuit
830 480 971 536 inter
999 492 1214 553 caetera,
1259 484 1449 554 quibus
1478 485 1529 538 in
1564 483 1665 540 hac
1688 501 1838 555 qua:-

254 570 424 625 stione
467 568 532 624 ad
560 569 791 626 immane
839 572 1188 642 praecipitium
1233 574 1568 629 exorbitavit.
1615 576 1680 629 At
1710 588 1838 629 vero

253 659 349 714 hoc
378 659 421 712 si
452 667 502 713 te
529 658 748 727 docuit,
782 661 905 716 nolo
934 677 1019 717 me
1046 661 1281 718 doceas:
1312 663 1419 716 imo
1444 664 1604 718 etiam
1631 664 1752 718 volo
1783 673 1840 718 ut

251 747 389 817 quod
418 747 714 815 didiceras,
761 748 876 820 ipse
922 749 1185 806 dediscas.
1231 751 1424 807 Parum
1450 760 1533 807 est
1563 754 1702 808 enim
1732 768 1838 807 non

249 839 466 894 credere
492 855 663 911 neque
690 840 870 896 dicere
898 842 1041 912 quod
1070 857 1192 912 pars
1216 844 1309 897 Dei
1334 844 1401 901 sit
1429 844 1625 897 anima.
1653 843 1838 914 Neque

248 931 386 984 enim
414 940 470 986 et
498 930 686 985 Filium
711 932 796 987 vel
825 932 1081 1001 Spiritum
1106 940 1345 988 sanctum
1375 944 1576 1004 partem
1602 935 1694 989 Dei
1718 950 1839 991 esse

246 1022 470 1075 dicimus
494 1038 507 1075 :
535 1030 588 1077 et
611 1032 785 1078 tamen
815 1024 1041 1080 dicimus
1064 1026 1275 1081 Patrem
1301 1035 1356 1083 et
1379 1025 1570 1081 Filium
1590 1037 1642 1082 et
1668 1027 1835 1097 Spiri-

250 1120 351 1163 tum
385 1119 629 1166 sanctum
661 1113 817 1168 unius
854 1114 1201 1185 ejusdemque
1240 1130 1362 1172 esse
1389 1126 1612 1171 naturas.
1644 1118 1835 1172 Parum

246 1208 323 1253 est
351 1214 479 1269 ergo
507 1208 564 1254 ut
588 1216 693 1256 non
724 1202 965 1260 dicamus
1003 1206 1235 1260 animam
1280 1220 1402 1261 esse
1445 1216 1650 1277 partem
1698 1208 1831 1263 Dei:

246 1289 336 1346 sed
360 1290 462 1346 hoc
492 1293 653 1346 etiam
675 1308 809 1363 Opus
828 1303 985 1350 estut
1012 1296 1272 1362 dicamus,
1305 1313 1409 1352 non
1437 1314 1553 1353 eam
1584 1307 1641 1353 et
1665 1298 1833 1354 Deum

247 1382 397 1434 unius
416 1380 767 1452 ejusdemque
790 1400 910 1441 esse
927 1394 1158 1441 naturze.
1184 1386 1335 1444 Unde
1349 1388 1438 1444 ille
1457 1398 1601 1445 recte
1620 1390 1834 1460 quidem

247 1473 340 1535 ait,
373 1490 392 1523 ι
424 1488 596 1542 genus
625 1474 719 1529 Dei
747 1490 868 1531 esse
892 1478 1119 1546 animas,
1160 1495 1383 1536 munere
1406 1522 1420 1547 ,
1453 1496 1557 1536 non
1586 1490 1828 1548 natura,»

247 1578 306 1616 ac
334 1578 427 1631 per
456 1564 560 1619 hoc
590 1581 693 1620 non
725 1569 959 1623 omnium
987 1586 1003 1635 ,
1034 1570 1130 1626 εει]
1177 1571 1411 1628 ﬁdelium
1454 1592 1468 1628 :
1513 1574 1609 1630 sed
1647 1591 1835 1631 rursus

246 1653 307 1705 ad
337 1652 384 1706 id
411 1655 555 1723 quod
582 1656 942 1714 declinaverat
963 1659 1243 1717 devolutus
1267 1673 1372 1731 est,
1403 1672 1457 1719 et
1483 1664 1647 1721 Deum
1671 1676 1833 1737 atque

245 1746 471 1800 animam
517 1747 753 1817 ejusdem
785 1750 917 1805 dixit
941 1767 1061 1808 esse
1099 1764 1339 1821 naturae;
1370 1772 1473 1811 non
1503 1759 1717 1828 quidem
1750 1761 1833 1815 his

246 1835 437 1901 verbis,
469 1835 569 1892 sed
592 1848 773 1908 aperta
803 1840 1189 1915 manifestaque
1217 1846 1498 1902 sententia.
1529 1849 1663 1904 Cum
1687 1852 1829 1905 enim

247 1928 472 1982 animam
498 1929 567 1982 ita
597 1945 716 1986 esse
739 1931 866 1987 dicit
892 1949 958 1987 ex
983 1935 1126 2004 Deo,
1156 1945 1214 1991 ut
1242 1953 1360 1992 eam
1387 1955 1486 1995 nec
1513 1956 1579 1995 ex
1607 1941 1710 1996 alia
1739 1958 1833 1996 ua-

250 2029 378 2081 tura,
412 2034 514 2073 nec
542 2034 609 2073 ex
636 2020 823 2086 nihilo,
852 2023 945 2078 sed
978 2041 1042 2080 ex
1071 2028 1358 2098 semetipso
1384 2032 1675 2096 creaverit;
1705 2032 1832 2102 quid

247 2108 564 2178 persuadere
603 2124 850 2195 conatur,
891 2116 991 2171 nisi
1031 2116 1082 2170 id
1125 2118 1265 2188 quod
1295 2120 1413 2174 aliis
1441 2120 1616 2177 verbis
1651 2131 1829 2196 negat,

248 2201 470 2254 animam
496 2200 698 2256 scilicet
719 2188 956 2273 ejusdem
980 2207 1132 2276 cujus
1162 2209 1299 2263 Deus
1322 2219 1423 2274 est,
1450 2227 1569 2267 esse
1594 2213 1830 2267 natura)?

248 2292 422 2347 Omnis
446 2294 645 2367 quippe
675 2307 861 2352 natura
891 2299 971 2354 vel
1006 2301 1141 2356 Deus
1168 2313 1249 2356 est
1274 2343 1288 2363 ,
1317 2304 1404 2372 qui
1447 2305 1646 2359 nullum
1674 2304 1832 2360 habet

246 2392 545 2448 anctorem;
574 2385 659 2438 vel
697 2401 762 2440 ex
794 2387 902 2441 Deo
928 2400 1045 2453 est,
1087 2390 1209 2459 quia
1255 2392 1424 2461 ipsum
1464 2392 1625 2449 habet
1649 2405 1832 2450 aucto-

247 2489 372 2526 rem.
391 2474 496 2528 Scd
523 2491 638 2545 qtae
662 2476 818 2533 habet
839 2487 1107 2535 auctorem
1136 2482 1298 2555 Deum
1316 2499 1381 2538 ex
1401 2500 1504 2554 quo
1528 2495 1630 2550 εει,
1657 2486 1831 2559 aliqua

248 2562 373 2617 facta
404 2580 509 2618 non
553 2575 657 2633 est,
703 2566 875 2638 aliqua
905 2568 1042 2623 facta
1070 2581 1171 2626 est.
1222 2573 1387 2629 Porro
1413 2590 1531 2644 quze
1560 2577 1692 2630 facta
1723 2593 1830 2633 non

246 2664 350 2724 est,
380 2668 431 2711 et
460 2666 635 2711 tamen
679 2675 742 2712 ex
785 2659 899 2730 ipso
941 2672 1043 2727 est,
1069 2670 1161 2717 aut
1194 2664 1369 2734 genita
1398 2676 1480 2721 est
1504 2669 1572 2722 ab
1600 2668 1708 2735 illo,
1737 2678 1831 2726 aut

248 2750 479 2819 procedit
511 2766 578 2805 ex
613 2751 702 2806 illo
735 2769 748 2805 :
778 2768 896 2822 qua:
920 2755 1096 2824 genita
1122 2766 1204 2812 est
1225 2797 1241 2824 ,
1290 2756 1454 2812 Filius
1484 2768 1568 2814 est
1604 2760 1824 2826 unicus;

248 2856 356 2909 qua:
382 2841 642 2909 procedit,
665 2842 897 2912 Spiritus
923 2857 1139 2900 sanctus
1162 2864 1177 2901 :
1200 2857 1250 2905 et
1276 2849 1390 2904 lucc
1416 2849 1648 2905 Trinitas
1674 2852 1829 2907 unius

247 2941 324 2985 est
349 2932 692 3004 ejusdemque
740 2945 961 2992 naturze.
990 2938 1120 2994 Nam
1152 2940 1266 2997 [nec
1287 2943 1383 2998 tria
1410 2959 1574 2999 unum
1603 2954 1744 3011 sunt,
1771 2956 1829 3003 et

245 3022 501 3093 singulum
528 3026 775 3096 quodque
807 3027 962 3095 Dens,
1008 3039 1064 3085 et
1104 3032 1261 3087 simul
1301 3035 1475 3089 omnia
1522 3052 1659 3091 unus
1689 3037 1828 3093 Deus

248 3112 606 3206 immutabilis‘
636 3117 1014 3185 sempiternus,
1063 3120 1179 3176 sine
1225 3125 1480 3193 temporis
1525 3126 1633 3181 ullo
1677 3127 1826 3183 initio

245 3205 349 3260 sive
378 3205 626 3262 termino.
654 3210 721 3263 At
750 3225 876 3264 vero
907 3211 991 3266 illa
1017 3222 1205 3269 natura
1236 3231 1355 3286 qua:
1383 3217 1524 3295 facta
1545 3227 1653 3287 est,
1675 3235 1830 3277 crea-

250 3306 358 3351 tura
383 3308 718 3369 nuncupatur
760 3318 776 3356 :
819 3301 1042 3358 Creator
1077 3314 1253 3361 autem
1295 3308 1458 3376 Deus,
1503 3311 1591 3367 illa
1623 3312 1828 3370 scilicet

245 3385 489 3443 Trinitas.
519 3390 769 3446 Creatura
796 3409 923 3464 ergo
949 3395 1019 3449 ita
1044 3408 1163 3452 esse
1190 3397 1384 3455 dicitur
1403 3417 1466 3456 ex
1489 3402 1619 3468 Deo,
1642 3413 1701 3460 ut
1717 3384 1825 3461 non

248 3493 305 3532 ex
330 3479 446 3549 ejus
473 3488 660 3536 natura
692 3480 826 3536 facta
855 3484 946 3538 sit.
989 3485 1070 3540 Ex
1099 3487 1193 3542 illo
1217 3491 1358 3545 enim
1392 3503 1667 3563 propterea
1693 3496 1824 3552 dici-

248 3577 343 3634 tur,
374 3572 497 3642 quia
525 3571 696 3644 ipsum
719 3587 988 3631 auctorem
1020 3578 1175 3635 habet
1201 3592 1254 3636 ut
1283 3584 1351 3637 sit
1380 3600 1393 3637 :
1423 3601 1527 3641 non
1556 3586 1650 3651 ita,
1678 3597 1732 3643 ut
1755 3590 1823 3648 ab

247 3658 332 3712 illo
353 3671 474 3716 nata
503 3663 595 3730 sit,
627 3664 706 3719 vel
743 3668 1093 3737 processerit;
1123 3671 1217 3725 sed
1246 3673 1314 3741 ab
1340 3673 1430 3729 illo
1454 3657 1656 3745 creata,
1688 3694 1821 3735 con-

245 3748 363 3815 dita,
390 3750 531 3808 facta
560 3756 647 3823 sit,
672 3758 863 3825 partim
889 3774 952 3813 ex
982 3761 1124 3816 nulla
1147 3762 1271 3830 alia,
1294 3752 1356 3819 id
1382 3776 1485 3833 est,
1517 3771 1734 3825 omnino
1754 3787 1819 3826 ex

243 3840 418 3908 nihilo,
456 3845 595 3900 sicut
643 3847 838 3904 cmlum
886 3860 939 3906 et
991 3862 1169 3918 terra,
1215 3855 1299 3910 vel
1339 3857 1513 3927 potius
1558 3861 1821 3918 universa:

244 3935 517 3990 mundanae
546 3931 698 3993 molis
728 3940 970 3995 universa
1004 3958 1126 3998 cum
1166 3946 1365 4002 mundo
1388 3960 1666 4006 concreata
1703 3968 1818 4006 ma-

243 4026 363 4079 teria
386 4043 401 4092 ;
431 4029 619 4097 partim
643 4045 770 4085 vero
798 4048 866 4087 ex
894 4034 995 4088 alia
1018 4034 1128 4105 jam
1151 4045 1336 4097 ,ereata
1367 4050 1523 4111 atque
1559 4043 1821 4100 existente

242 4125 444 4179 natura,
472 4118 609 4173 sicut
634 4120 714 4174 vir
744 4137 807 4176 ex
832 4122 978 4190 limo,
1003 4125 1192 4181 mulier
1213 4142 1279 4181 ex
1308 4131 1444 4196 viro,
1472 4144 1541 4185 ex
1583 4133 1818 4200 parenti-

230 4202 330 4259 .bus
359 4206 524 4262 homo
548 4227 561 4263 :
586 4220 828 4266 creatura
857 4220 1031 4267 tamen
1061 4215 1236 4269 omnis
1258 4231 1325 4270 ex
1356 4218 1481 4284 Deo,
1514 4219 1607 4274 sed
1635 4236 1822 4275 crean-

239 4302 289 4349 te
309 4297 387 4351 vel
416 4315 483 4353 ει
506 4299 671 4355 nihilo
702 4302 781 4358 vel
805 4318 867 4358 ex
891 4304 1091 4375 aliquo,
1117 4320 1223 4361 non
1245 4318 1420 4365 autem
1450 4311 1703 4382 gignente
1734 4315 1817 4368 vel

238 4387 559 4455 producente
584 4392 651 4446 de
676 4408 735 4448 se
761 4394 897 4464 ipso.

303 4479 355 4534 6.
382 4480 440 4536 Si
470 4482 586 4539 haec
610 4500 730 4539 cum
758 4488 1019 4545 catholico
1040 4490 1249 4562 loquor,
1276 4494 1443 4566 magis
1471 4511 1817 4556 commonens

235 4583 387 4636 quam
429 4570 650 4630 docens.
681 4576 863 4648 Neque
909 4579 1051 4633 enim
1081 4596 1201 4637 esse
1246 4584 1338 4638 tibi
1388 4586 1615 4641 arbitror
1657 4606 1811 4655 nova,

237 4661 312 4714 vel
336 4662 516 4718 audita
541 4667 751 4735 quidem
778 4678 831 4723 et
854 4680 1029 4738 antea,
1078 4688 1183 4728 non
1215 4683 1391 4730 tamen
1416 4679 1617 4734 credita
1651 4699 1662 4734 :
1696 4683 1811 4749 sed,

235 4761 289 4806 ut
315 4755 563 4811 existimo
583 4799 598 4822 ,
627 4759 704 4814 sic
732 4760 862 4832 legis
898 4764 1176 4834 epistolam
1207 4782 1377 4823 meam
1398 4809 1415 4834 ,
1444 4779 1499 4824 ut
1530 4769 1614 4825 hic
1642 4788 1809 4841 agno-

234 4856 343 4918 scas
370 4846 533 4901 etiam
561 4847 715 4902 fidem
743 4859 909 4918 tuam,
932 4869 1052 4923 qua:
1082 4856 1235 4910 nobis
1263 4858 1312 4911 in
1340 4859 1601 4916 catholica
1628 4863 1815 4919 Eccle-

233 4931 324 4995 sia,
354 4934 580 4990 Domino
602 4939 833 4995 donante
852 4982 866 5005 ,
895 4946 1193 5000 communis
1222 4956 1322 5001 est.
1352 4947 1408 5004 Si
1435 4965 1562 5020 ergo
1589 4952 1724 5018 haec,
1759 4963 1815 5010 ut

232 5023 403 5081 dicere
436 5043 723 5099 coeperam,
748 5048 868 5086 cum
899 5036 1163 5091 catholico
1186 5037 1400 5109 loquor;
1430 5042 1572 5097 unde
1591 5045 1814 5101 obsecro

231 5116 401 5200 credjs
421 5134 542 5174 esse
569 5123 820 5190 animam,
845 5140 949 5180 non
972 5128 1385 5201 uniuscujusque
1407 5143 1647 5190 nostrum
1668 5136 1808 5205 dico,

232 5208 321 5262 sed
352 5210 576 5279 primam
604 5213 777 5283 primo
806 5217 881 5271 illi
915 5217 1113 5274 homini
1143 5221 1355 5279 datam?
1377 5225 1432 5280 Si
1460 5244 1526 5282 ex
1554 5229 1739 5297 nihilo,
1759 5242 1811 5287 et

230 5298 412 5355 laetam
447 5312 619 5359 tamen
652 5306 1086 5382 insufﬂatamque
1112 5330 1141 5368 a
1173 5316 1320 5372 Deo:
1365 5318 1416 5372 id
1455 5321 1629 5377 credis
1669 5326 1810 5394 quod

228 5404 342 5460 ego.
373 5393 429 5447 Si
455 5406 632 5450 autem
659 5414 721 5452 ex
750 5400 922 5471 aliqua
949 5404 1051 5457 alia
1082 5414 1346 5472 creatura,
1374 5425 1492 5478 qua:
1525 5412 1663 5467 unde
1688 5393 1807 5469 ani-

228 5497 305 5534 ma
336 5484 509 5549 fieret,
544 5497 791 5558 tanquam
820 5495 1071 5550 materies
1104 5497 1411 5567 subjacebat
1438 5502 1624 5557 artifici
1662 5504 1803 5573 Deo;

226 5572 356 5628 sicut
385 5576 555 5644 pulvis
596 5580 738 5635 unde
781 5581 930 5638 fieret
959 5584 1158 5649 Adam,
1190 5588 1271 5641 vel
1317 5602 1463 5645 costa
1508 5593 1622 5661 ejus
1666 5598 1807 5653 unde

227 5662 352 5733 Eva,
388 5669 467 5722 vel
499 5670 634 5726 sicut
658 5688 805 5745 aqua:
833 5676 974 5731 unde
999 5680 1168 5750 pisces
1198 5689 1250 5735 rt
1271 5682 1531 5752 volttrres,
1566 5688 1645 5741 vel
1669 5690 1803 5744 sicut

1600 275 1801 330 LIBER
1836 277 2212 337 SECUNDUS.

3431 294 3535 351 493

1951 402 2089 449 terra
2122 396 2259 450 unde
2283 396 2533 456 animalia
2571 416 2793 474 quaeque
2833 402 3105 460 terrestria
3139 424 3153 461 :
3183 421 3287 460 non
3327 414 3411 461 est
3447 423 3535 463 ca-

1948 486 2222 555 tholicum,
2252 505 2355 545 non
2384 501 2467 546 est
2496 508 2696 548 verum.
2740 496 2895 563 Quod
2934 498 2977 553 si
3024 514 3196 571 neque
3230 516 3294 555 ex
3340 500 3531 567 nihilo,

1947 592 2121 648 neque
2144 595 2209 635 ex
2231 581 2332 635 alia
2360 597 2698 655 quacumque
2736 597 3001 653 creatura,
3032 590 3128 645 sed
3154 605 3219 645 ex
3246 592 3534 663 semetipso

1946 666 2135 734 Deum,
2167 668 2270 724 hoc
2297 681 2400 732 est,
2430 688 2492 726 ex
2533 682 2717 730 natura
2743 690 2837 733 Sua
2870 677 3075 743 fecisse,
3105 679 3189 735 vel
3216 679 3391 736 facere
3418 683 3534 737 ani-

1945 775 2082 827 ntas,
2117 761 2257 829 quod
2291 764 2448 831 absit,
2474 767 2746 822 existimas
2776 786 2791 822 :
2823 768 2925 825 hoc
2948 770 3160 840 quidem
3187 774 3253 825 ab
3276 772 3379 827 isto
3400 772 3535 828 didi-

1943 849 2096 917 cisti;
2138 851 2233 907 sed
2263 868 2366 908 non
2400 855 2491 910 tibi
2517 858 2771 925 gratulor,
2807 875 2978 930 neque
3015 861 3289 926 blandior;
3334 862 3492 932 longe
3514 866 3530 896 ί

1943 953 2064 995 eum
2085 942 2174 996 illo
2194 958 2223 996 a
2246 944 2347 999 fide
2360 945 2618 1003 catholica
2639 936 2969 1007 exorbitasti.
2988 951 3341 1008 Tolerabilius
3362 955 3527 1021 enim;

1942 1031 2083 1100 quod
2104 1032 2320 1102 quidem
2352 1036 2539 1090 falsum
2570 1048 2686 1105 est;
2717 1048 2918 1106 tamen,
2943 1050 2999 1096 ut
3024 1042 3156 1109 dixi,
3182 1044 3527 1107 tolerabilius,

1942 1136 2007 1176 ex
2050 1124 2220 1193 aliqua
2270 1126 2371 1179 alia
2417 1138 2698 1197 creatura,
2745 1145 2903 1201 quam
2947 1132 3160 1202 quidem
3194 1135 3301 1201 jam
3333 1136 3529 1192 fecerat

1943 1211 2105 1280 Deus,
2128 1230 2286 1283 quam
2328 1231 2395 1272 ex
2435 1218 2528 1272 Dei
2561 1229 2746 1274 natura
2777 1223 3006 1277 animam
3044 1224 3311 1293 conditam
3338 1227 3527 1282 crede-

1942 1319 2049 1367 res,
2071 1311 2127 1358 ut
2146 1305 2287 1375 quod
2311 1316 2389 1363 est
2406 1310 2701 1373 mutabilis,
2724 1312 2863 1381 quod
2887 1322 3088 1382 peccat,
3106 1316 3244 1383 quod
3267 1316 3325 1370 lit
3346 1318 3525 1386 impia,

1939 1394 2080 1464 quod
2130 1398 2289 1452 etiam
2343 1401 2387 1454 si
2430 1402 2588 1470 impia
2640 1405 3005 1472 perdurat-erit
3036 1406 3086 1460 in
3118 1406 3246 1474 line,
3271 1409 3386 1462 sine
3425 1408 3528 1464 line

1939 1485 2298 1554 damnabitur,
2334 1506 2439 1545 non
2465 1492 2529 1546 ad
2575 1492 2664 1547 Dei
2704 1503 2943 1549 naturam
2974 1511 3094 1550 cum
3117 1496 3383 1553 horrenda
3410 1499 3524 1554 bla-

1938 1570 2177 1644 sphemia
2206 1580 2517 1636 referretur.
2549 1582 2770 1653 Abjiee,
2802 1586 2997 1653 frater,
3028 1587 3200 1655 abjiee
3222 1629 3236 1651 ,
3265 1590 3490 1643 obsecro
3511 1630 3524 1653 ,

1938 1665 2128 1734 istam,
2156 1683 2262 1723 non
2309 1670 2466 1739 plane
2496 1673 2674 1735 (idem,
2725 1676 2817 1730 sed
2856 1678 3199 1733 exsecranda:
3239 1679 3526 1748 impietatis

1936 1769 2198 1825 errorem,
2218 1775 2283 1814 ne
2309 1761 2468 1815 homo
2490 1764 2671 1832 gravis
2698 1765 2947 1821 seductus
2963 1783 2991 1820 a
3015 1767 3237 1838 juvene,
3262 1782 3313 1825 et
3332 1787 3363 1825 a
3392 1772 3525 1826 laico

1938 1848 2232 1921 presbyter,
2255 1866 2375 1907 cum
2404 1854 2554 1909 istam
2582 1857 2895 1913 catholicam
2920 1858 3075 1914 ﬁdem
3093 1875 3214 1917 esse
3228 1863 3524 1930 arbitraria,

1935 1936 2003 1992 de
2029 1955 2253 1995 numero
2281 1941 2532 2009 ﬁdelium,
2564 1945 2704 2015 quod
2729 1963 2756 1999 a
2789 1957 2838 2002 te
2862 1958 3066 2004 avertat
3096 1950 3370 2018 Dominus,
3425 1968 3522 2006 ex-

1937 2026 2133 2084 imaris.
2158 2028 2274 2085 Non
2302 2033 2445 2087 enim
2476 2035 2552 2089 sic
2579 2044 2751 2090 tecum
2775 2038 3034 2107 agendum
3053 2049 3157 2106 est,
3183 2054 3237 2095 ut
3262 2058 3382 2096 eum
3409 2044 3520 2109 illo;

1934 2127 2025 2172 aut
2048 2135 2109 2173 ea
2144 2124 2296 2176 venia
2335 2133 2456 2179 tuus
2494 2126 2593 2181 iste
2634 2136 2740 2182 tam
2786 2128 3080 2186 horrendus
3106 2171 3124 2200 ,
3163 2148 3263 2202 qua
3307 2134 3520 2203 juvenis

1934 2207 2107 2272 illius,
2141 2211 2260 2267 licet
2288 2213 2355 2266 ab
2383 2214 2475 2269 illo
2499 2216 2563 2269 ad
2598 2226 2647 2272 te
2678 2220 2986 2287 transierit,
3015 2237 3168 2277 error
3194 2234 3277 2278 est
3305 2226 3519 2295 dignus.

1933 2297 2027 2354 ille
2065 2301 2189 2355 ovili
2234 2303 2498 2359 catholico
2540 2310 2807 2365 sanandus
2850 2323 3021 2377 nuper
3062 2313 3322 2376 accessit,
3369 2323 3421 2367 tu
3468 2315 3520 2367 in

1933 2390 2207 2446 catholicis
2246 2395 2547 2467 pastoribus
2585 2397 2876 2467 deputaris.
2914 2399 3173 2455 Nolumus
3211 2403 3280 2456 ita
3307 2418 3524 2457 curetur

1934 2498 2052 2552 quae
2077 2484 2220 2538 venit
2248 2485 2317 2539 ab
2345 2484 2545 2541 errore‘
2566 2488 2633 2542 ad
2674 2489 2998 2546 dominicum
3020 2507 3267 2562 gregem,
3291 2503 3349 2548 ut
3376 2495 3524 2564 prius

1933 2574 2183 2644 pestifera
2225 2578 2537 2649 contagione
2576 2578 2852 2652 disperdat
2894 2582 3010 2638 ovis
3057 2583 3298 2639 ulcerosa
3339 2593 3521 2654 pasto-

1932 2677 2047 2718 rem
2056 2702 2071 2717 .

2004 2754 2059 2807 7.
2098 2752 2251 2822 Quod
2274 2755 2321 2812 si
2348 2755 2503 2822 dicis,
2533 2757 2646 2813 Hoc
2676 2774 2760 2815 me
2787 2760 2875 2815 ille
2901 2774 3010 2816 non
3039 2760 3240 2829 docuit,
3273 2778 3371 2817 nec
3399 2763 3521 2818 huic

1931 2842 2101 2897 errori
2121 2843 2238 2917 ejus
2264 2844 2373 2902 ullo
2402 2846 2582 2912 modo,
2611 2848 2900 2918 quamlibet
2926 2850 3109 2906 diserti
3129 2862 3183 2906 et
3211 2852 3382 2905 ornati
3408 2866 3521 2906 ser-

1932 2933 2107 2988 monis
2148 2934 2359 2991 illectus
2400 2938 2663 2993 suavitate
2691 2942 2937 2995 consensi
2969 2958 2983 2997 :
3013 2957 3113 3012 ago
3140 2942 3380 3012 ingentes
3411 2944 3519 2998 Deo

1926 3028 2148 3098 gratias.
2181 3028 2288 3084 Sed
2312 3045 2518 3099 quaero,
2551 3031 2692 3087 unde
2740 3032 2817 3086 illi
2857 3045 3017 3102 caput
3056 3035 3414 3102 exosculatus,
3462 3044 3521 3091 ut

1928 3119 2124 3174 dicitur
2146 3161 2161 3184 ,
2192 3122 2390 3191 gratias
2416 3124 2590 3192 egeris
2618 3133 2668 3177 te
2694 3123 2943 3179 didicisse
2969 3126 3109 3196 quod
3141 3141 3308 3196 usque
3334 3126 3401 3181 ad
3425 3142 3522 3181 au-

1927 3209 2096 3266 ditam
2123 3210 2533 3282 disputationem
2575 3214 2720 3271 illius
2763 3215 3042 3286 ignorabas
3076 3234 3090 3272 :
3120 3229 3212 3271 aut
3237 3219 3280 3272 si
3327 3219 3519 3273 lalsum

1929 3310 2031 3366 est,
2060 3300 2163 3359 hoc
2205 3309 2257 3357 te
2294 3301 2490 3360 fecisse
2530 3314 2691 3376 atque
2719 3307 2916 3363 dixisse
2936 3308 2979 3371 ',
3028 3308 3131 3364 hoc
3179 3309 3352 3379 ipsum
3396 3320 3519 3381 peto

1928 3392 2084 3447 nobis
2111 3392 2359 3449 intimare
2387 3395 2626 3467 digneris
2647 3439 2662 3463 ,
2696 3409 2751 3452 ut
2776 3398 2953 3453 inanis
2977 3416 3160 3455 rutnor
3188 3402 3288 3456 tuis
3330 3402 3517 3457 litteris

1926 3484 2220 3540 refellatur.
2253 3484 2308 3541 Si
2331 3495 2507 3543 autem
2536 3503 2723 3543 verum
2745 3499 2847 3553 est,
2872 3491 2959 3545 illa
2987 3490 3287 3548 humilitate
3314 3493 3515 3549 homini

1926 3577 2100 3648 egisse
2131 3586 2183 3633 te
2214 3580 2446 3650 gratias;
2472 3581 2681 3651 gaudeo
2712 3581 2925 3653 quidem
2954 3584 2999 3638 si
3026 3594 3078 3639 te
3116 3585 3243 3640 illud
3283 3602 3388 3641 nou
3419 3587 3517 3641 do-

1924 3668 2057 3732 cuit,
2087 3669 2229 3737 quod
2254 3671 2501 3739 superius
2525 3687 2682 3743 quam
2712 3672 2780 3728 sit
2802 3673 3172 3730 detestandum
3194 3681 3517 3736 cavendum-

1902 3772 2030 3827 que
2052 3759 2374 3826 monstravi;

1994 3846 2219 3906 CAPUT
2250 3850 2338 3906 ιν.
2368 3881 2442 3892 -
2468 3852 2538 3909 Ει
2587 3869 2693 3910 non
2744 3855 3080 3925 reprehendo
3133 3859 3273 3927 quod
3331 3867 3544 3929 gratus'

1922 3935 2089 3993 fueris
2112 3948 2254 3997 lauta
2280 3942 2580 4000 humilitate
2604 3944 2831 4010 doctori,
2862 3946 2905 4000 si
2934 3946 3134 4017 aliquid
3163 3949 3304 4004 aliud
3329 3951 3512 4019 dispu-

1925 4036 2069 4085 tante
2098 4030 2211 4095 illo,
2242 4047 2430 4087 verum
2460 4043 2620 4104 atque
2663 4035 2791 4093 utile
2817 4034 3049 4091 didicisti
3081 4055 3096 4091 :
3128 4038 3222 4093 sed
3255 4039 3353 4095 hoc
3385 4042 3509 4109 quid

1922 4120 1990 4175 sit
2017 4121 2264 4191 inquiro;
2295 4137 2361 4176 an
2402 4123 2539 4179 forte
2567 4126 2799 4180 animam
2830 4144 2935 4181 non
2962 4128 3207 4197 spiritum
3237 4146 3387 4196 esse,
3416 4132 3508 4186 sed

1920 4210 2147 4279 corpus?
2175 4210 2293 4265 Non
2339 4212 2553 4282 quidem
2602 4229 2851 4285 magnum
2900 4218 3160 4273 doctrinae
3204 4221 3509 4276 christiana:

1920 4286 2151 4356 arbitror
2193 4317 2314 4358 esse
2338 4298 2717 4360 detrimentum
2748 4307 2846 4361 ista
2872 4309 3079 4364 nescire
3104 4325 3117 4362 :
3146 4320 3201 4366 et
3224 4312 3267 4365 si
3297 4312 3365 4367 de
3390 4329 3510 4367 cor-

1922 4407 2108 4463 porum
2152 4393 2438 4464 generibus
2488 4396 2754 4452 subtiliter
2795 4397 3112 4467 disputetur,
3160 4402 3261 4457 hoc
3306 4406 3509 4475 majore

1919 4484 2233 4542 difficultate
2274 4502 2431 4558 quam
2465 4488 2688 4544 utilitate
2719 4490 3054 4561 perdiscitur.
3087 4493 3143 4550 Si
3180 4506 3358 4551 autem
3402 4500 3508 4551 llo-

1918 4579 2094 4635 minus
2121 4581 2349 4635 voluerit
2378 4589 2436 4635 ut
2474 4581 2542 4638 ad
2569 4583 2717 4637 illum
2763 4584 2932 4653 ipsum
2969 4588 3218 4656 juvenem
3250 4593 3503 4657 scribam,

1917 4669 2057 4722 sicut
2073 4669 2341 4740 desidero,
2362 4672 2433 4727 ibi
2455 4675 2585 4729 sciet
2607 4676 2829 4730 fortasse
2852 4677 3075 4733 Dilectio
3098 4682 3203 4746 tua,’
3225 4682 3383 4738 etiam
3408 4686 3509 4740 hoc

1917 4774 2075 4830 quam
2102 4778 2207 4816 non
2239 4772 2291 4818 te
2318 4763 2598 4821 docuerit:
2632 4768 2676 4821 si
2724 4776 2898 4823 tamen
2950 4769 3002 4824 id
3052 4780 3103 4826 te
3148 4774 3216 4827 ab
3256 4775 3344 4828 illo
3372 4776 3503 4830 diali-

1917 4853 2054 4907 cisse
2077 4854 2291 4909 laetaris.
2315 4855 2420 4911 Sed
2445 4874 2511 4913 ue
2536 4859 2662 4929 quid
2690 4861 2827 4916 forte
2847 4861 2988 4916 aliud
3014 4864 3103 4928 sit,
3131 4866 3270 4933 quod
3298 4880 3507 4923 constat

1916 4958 2037 5000 esse
2064 4946 2225 5013 utile,
2256 4957 2310 5002 et
2334 4948 2400 5001 ad
2437 4950 2591 5006 tidem
2619 4956 2973 5008 necessariam
3004 4954 3026 4985 ³
3051 4958 3316 5024 pertinere
3335 4999 3349 5023 ,
3382 4971 3505 5029 peto

1916 5040 2211 5095 rescribere
2239 5057 2343 5095 non
2371 5044 2626 5113 graveris.

1987 5131 2041 5184 8.
2081 5130 2213 5186 Nam
2245 5132 2377 5187 illud
2405 5135 2548 5204 quod
2587 5137 2885 5195 rectissime
2924 5148 2977 5193 et
3023 5140 3177 5196 valde
3221 5142 3505 5201 salubriter

1915 5222 2103 5288 credit,
2126 5222 2353 5293 judicari
2391 5227 2597 5282 animas
2637 5243 2758 5283 cum
2800 5230 2864 5285 de
2906 5234 3223 5302 corporibus
3251 5238 3499 5303 exierint,

1915 5321 2198 5384 antequam
2230 5316 2446 5371 veniant
2484 5317 2552 5373 ad
2580 5318 2710 5373 illud
2731 5320 3021 5389 judicium,
3045 5340 3150 5393 quo
3177 5342 3267 5381 eas
3292 5340 3501 5397 oportet

1925 5461 1939 5474 ⁸
2029 5473 2165 5549 gditi,
2190 5472 2328 5549 longe
2344 5475 2535 5549 quippe.
2560 5476 2939 5549 ᾼὶιεειηᾳτίὶηρε,
2967 5492 2994 5528 a
3018 5485 3277 5549 manuSrrij
3296 5486 3373 5534 tis.

1977 5536 1996 5565 ⁸
2029 5536 2246 5585 Nonnulli
2268 5536 2490 5594 codices,
2530 5546 2673 5598 atque
2710 5536 2952 5590 didicisse.
2990 5545 3240 5593 \‘alicmus
3264 5536 3329 5595 ἰιι
3374 5550 3499 5598 auti-

1911 5598 2172 5672 qn'issimus
2193 5600 2534 5672 .lteutigianus,
2561 5607 2668 5672 "aut
2692 5602 2747 5672 ,εἰ
2789 5603 2965 5672 [illium
2986 5612 3082 5665 est,
3123 5606 3208 5657 Ima:
3233 5614 3278 5660 te
3297 5610 3499 5672 fecisse,

1911 5657 2228 5725 rdierinunis
2252 5657 2414 5725 rumor
2437 5661 2531 5711 ιιςίς
2554 5662 2724 5712 litteris
2750 5657 3011 5725 réli‘ll;:tm'.

1978 5723 1997 5752 ³
2029 5722 2101 5769 διε
2122 5729 2223 5771 Mss.
2248 5729 2302 5771 At
2322 5722 2456 5779 editi,
2480 5722 2817 5776 net‘cssarimu.
