4010 6186
469 248 577 309 (199

471 369 580 437 iam
607 367 830 424 redditis
866 367 1178 438 corporibus
1199 364 1446 435 judicari,
1478 374 1636 435 atque
1663 363 1713 417 in
1743 363 1855 432 ipsa
1877 361 1928 414 in
1955 373 2059 431 qua

475 462 566 518 hic
590 459 852 525 vixerunt,
883 474 1046 514 carne
1075 459 1329 527 torqueri,
1363 458 1475 512 sive
1504 455 1716 526 gloriari
1741 470 1756 515 ;
1790 452 1891 505 hoc
1921 451 2063 504 itane

473 553 690 609 tandem
740 553 854 623 ipse
891 550 1208 606 nesciebas?
1235 550 1366 620 Quis
1409 550 1668 604 adversus
1716 547 2060 616 Evangelium

475 654 621 702 tanta
647 644 1004 700 obstinatione
1026 643 1220 698 mentis
1245 641 1542 707 obsurduit,
1566 649 1624 694 ut
1649 641 1699 693 in
1723 639 1814 692 illo
1832 651 2063 706 paupere

473 735 564 806 qui
594 742 712 806 post
739 743 965 790 mortem
992 735 1200 788 ablatus
1235 741 1320 788 est
1357 732 1412 786 in
1439 734 1614 786 sinum
1647 728 1896 795 Abralue,
1928 737 1983 782 et
2009 727 2060 782 in

475 827 568 880 illo
595 825 760 881 divite
794 824 946 895 cujus
973 825 1027 878 in
1054 823 1263 879 inferno
1289 822 1558 879 cruciatus
1585 822 1604 854 ¹
1630 821 1934 890 exponitur,
1963 819 2060 872 ista

472 932 581 970 non
620 916 821 981 audiat,
863 915 945 970 vel
987 915 1165 970 audita
1205 928 1312 970 non
1348 913 1570 969 credat?
1594 911 1700 968 Sed
1731 909 1982 982 numquid
2011 917 2063 964 te

472 1006 671 1071 docuit,
717 1005 985 1078 quomodo
1017 1006 1193 1060 anima
1225 1006 1344 1062 sine
1370 1019 1596 1076 corpore
1623 1003 1690 1058 de
1729 1003 1896 1074 digito
1938 1016 2065 1071 pau-

473 1097 620 1166 peris
662 1112 814 1166 aquat
859 1097 1056 1150 stillam
1101 1095 1410 1151 desiderare
1439 1095 1611 1165 potuit
1637 1092 1787 1166 (Luc.
1813 1107 1934 1167 .xw,
1959 1090 2062 1145 22-

473 1189 601 1257 324);
641 1203 763 1244 cum
791 1188 906 1258 ipse
930 1186 1210 1242 confessus
1235 1187 1324 1251 sit,
1353 1187 1604 1241 alimenta
1635 1197 1893 1253 corporea
1921 1196 2062 1236 non-

474 1281 576 1336 nisi
626 1291 843 1350 propter
882 1279 1176 1335 l‘ulciendas
1219 1282 1401 1334 ruinas
1441 1277 1801 1346 corruptibilis
1824 1273 2064 1344 corporis

475 1371 557 1425 sui
588 1372 817 1426 animam
841 1371 1118 1441 qumrcre?
1141 1370 1312 1426 Verba
1335 1371 1452 1437 ejus
1480 1369 1578 1424 ista
1605 1364 2064 1436 suntchumquid

475 1461 598 1531 quia
629 1462 825 1527 anima,
859 1479 879 1512 ι
913 1463 1104 1530 inquit,
1137 1477 1157 1512 ι
1189 1468 1280 1514 aut
1303 1460 1482 1515 cibum
1518 1459 1710 1528 quzerit
1737 1465 1828 1512 aut
1853 1465 2062 1554 potum,

475 1551 544 1604 ad
570 1551 738 1620 ipsam
765 1551 992 1605 transire
1011 1551 1279 1609 credimus
1307 1550 1552 1620 pastum?
1579 1566 1600 1600 ι
1632 1551 1698 1604 Ει
1725 1549 1884 1620 paulo
1913 1549 2062 1618 post:

483 1659 504 1692 α
534 1639 685 1695 Unde
715 1642 1041 1712 intelligitur,
1073 1661 1094 1694 ι
1142 1642 1342 1712 inquit,
1394 1659 1413 1693 ι
1441 1649 1497 1697 ct.
1540 1642 1814 1712 probatur,
1855 1655 1959 1694 non
1999 1639 2064 1695 ad

475 1731 710 1785 animam
752 1732 1019 1800 pertinere
1049 1731 1290 1786 ciborum
1317 1731 1698 1798 sustentacula,
1726 1731 1819 1786 sed
1853 1730 1920 1786 ad
1945 1745 2068 1785 cor-

477 1835 614 1889 pus;
637 1822 720 1877 cui
746 1823 905 1878 etiam
933 1831 1126 1890 praeter
1149 1822 1327 1878 cibum
1349 1832 1662 1892 procuratur
1680 1822 1840 1876 simili
1862 1820 2066 1875 ratione

478 1914 734 1979 vestitus,
762 1922 820 1970 ut
848 1914 922 1969 illi
963 1915 1296 1970 necessarius
1320 1915 1566 1970 videatur
1605 1925 1832 1986 pasturae
1873 1929 2066 1986 sugge-

483 2017 621 2072 stus,
663 2007 747 2061 cui
793 2007 1048 2077 competit
1093 2015 1148 2062 et
1188 2007 1332 2076 ipsos
1371 2007 1568 2062 habere
1595 2007 1834 2061 vestitus.
1866 2025 1885 2056 ι
1920 2006 2068 2060 Hane

485 2100 570 2155 ille
597 2100 912 2155 sententiam
943 2115 1094 2154 suam
1125 2101 1254 2156 satis
1279 2101 1554 2156 evidenter
1579 2100 1904 2170 expositam,
1934 2112 2070 2154 non-

483 2193 626 2248 nulla
653 2193 812 2248 etiam
839 2193 1189 2250 similitudlne
1209 2193 1504 2260 illustrans,
1531 2193 1744 2262 adjecit.
1771 2201 1931 2264 atque
1954 2193 2066 2248 ait:

487 2301 507 2334 ‹
539 2285 674 2352 Quid
722 2293 897 2340 autem
950 2295 1194 2355 putamus
1243 2285 1555 2354 inquilinum
1595 2299 1915 2354 quemquam
1958 2297 2070 2338 sum

482 2373 792 2428 habitationi
838 2375 1181 2444 prospicere?
1222 2373 1410 2429 Nonne
1457 2373 1502 2428 si
1548 2388 1664 2426 eam
1713 2373 1940 2427 senserit
1980 2381 2072 2428 aut

485 2477 625 2522 tecto
653 2476 902 2532 tremere,
924 2475 1017 2522 aut
1042 2476 1232 2522 nutare
1255 2466 1476 2536 pariete,
1501 2473 1594 2520 aut
1609 2465 1788 2520 labare
1803 2463 2070 2520 fundami-

486 2572 570 2619 ne,
601 2557 840 2612 destinas
862 2557 1070 2626 quaerit,
1098 2567 1272 2612 strues
1291 2557 1550 2626 congerit,
1574 2555 1764 2625 quibus
1789 2554 2072 2608 imminen-

485 2657 591 2703 tem
621 2649 780 2718 possit
831 2649 1040 2705 ruinam
1085 2647 1270 2704 sedulo
1311 2645 1696 2718 diligenterque
1739 2643 1950 2712 fulcire,
2003 2659 2072 2699 ne

481 2741 582 2795 sub
621 2742 859 2812 periculo
901 2740 1194 2796 mansionis
1236 2739 1521 2810 discrimen
1567 2738 1811 2794 videatur
1839 2736 2072 2808 pendere

482 2833 715 2887 mansori
739 2833 800 2886 ’ἲ
828 2832 900 2888 lta
928 2847 1056 2904 ergo
1084 2841 1139 2887 et
1163 2831 1396 2886 animam
1426 2843 1749 2901 recognosce
1769 2871 1786 2896 ,
1817 2845 1836 2881 ι
1863 2829 2070 2899 inquit,

486 2942 507 2974 ‹
535 2923 682 2977 carni
709 2938 820 2978 sua:
848 2923 1154 2978 desiderare
1178 2923 1354 2978 cibum
1374 2961 1390 2988 ,
1417 2936 1484 2976 cx
1511 2937 1612 2992 qua
1645 2921 1815 2990 ipsum
1840 2917 2072 2990 concipit

488 3013 608 3066 sine
636 3011 799 3067 dubio
822 3012 1170 3068 desiderium.
1199 3029 1221 3064 ι
1253 3011 1380 3066 llzec
1407 3025 1600 3080 nempe
1625 3010 1713 3064 ille
1735 3008 1950 3082 juvenis
1975 3023 2072 3064 sua

482 3118 639 3158 sensa
679 3103 856 3159 verbis
895 3102 1330 3159 luculentissiiuis
1373 3109 1429 3157 et
1469 3101 1932 3158 Sollicientissimis
1973 3113 2071 3154 ex-

485 3197 730 3264 plicavit,
763 3206 1010 3250 asserens
1051 3210 1158 3249 non
1200 3193 1392 3246 anima:
1431 3192 1628 3262 requiri
1659 3191 1908 3246 alimenta
1929 3231 1944 3256 ,
1974 3189 2071 3246 sed

482 3285 729 3356 corpori;
760 3299 886 3341 cura
914 3283 1128 3356 quidem
1171 3283 1314 3338 illius
1336 3323 1352 3349 ,
1383 3282 1477 3338 sed
1507 3292 1753 3352 tanquam
1783 3279 2072 3337 habitantis

485 3381 538 3433 in
563 3381 745 3443 domo,
797 3387 851 3433 et
897 3376 1230 3432 moribunda:
1276 3375 1452 3431 carnis
1503 3375 1843 3430 imminentes
1889 3375 2072 3430 ruinas

483 3469 706 3540 provida
747 3469 1038 3524 reiectione
1078 3468 1363 3524 fulcicutis.
1396 3467 1462 3522 Et
1503 3466 1632 3522 illud
1679 3482 1808 3537 ergo
1836 3467 2072 3537 explicet

483 3560 600 3624 tibi,
631 3559 756 3630 quid
807 3560 980 3614 anima
1030 3559 1118 3613 illa
1147 3557 1326 3614 divitis
1365 3559 1628 3612 ruiturum
1667 3555 1936 3613 destinare
1973 3573 2071 3612 cu-

482 3652 680 3722 piebat.
712 3668 832 3722 qua:
861 3651 1087 3707 mortale
1115 3667 1308 3722 corpus
1331 3650 1441 3721 jam
1473 3651 1653 3722 utique
1679 3665 1786 3705 non
1817 3649 2068 3719 habebat,

485 3753 540 3798 et
565 3752 739 3797 tamen
769 3744 1003 3810 sitiebat,
1035 3751 1091 3800 et
1114 3759 1266 3814 aquae
1291 3743 1489 3798 stillam
1528 3741 1596 3799 de
1619 3743 1784 3814 digito
1822 3743 2072 3814 pauperis

483 3835 806 3906 requirebat.
842 3835 1011 3890 liabet
1036 3834 1125 3888 ubi
1154 3851 1214 3890 se
1241 3843 1486 3890 exerceat
1511 3834 1610 3888 iste
1632 3833 1820 3889 doctor
1845 3849 2070 3890 senum:

423 3953 432 3972 κ
484 3937 710 3998 quaerat,
755 3937 811 3984 et
853 3928 1123 3994 inveniat,
1165 3927 1212 3982 si
1250 3927 1518 3996 potuerit,
1555 3927 1639 3982 cui
1671 3927 1747 3982 rei
1775 3927 1951 3980 anima
1983 3927 2070 3981 illa

485 4017 625 4086 apud
653 4017 850 4073 inferos
889 4017 1162 4072 humidum
1202 4017 1538 4082 alimentum,
1577 4016 1662 4070 vel
1690 4024 1797 4071 tam
1823 4015 2070 4087 exiguum

484 4109 837 4175 mendicaret,
861 4125 982 4166 cum
1011 4110 1228 4164 ruinoso
1259 4107 1558 4164 habitacula
1577 4107 1688 4178 jam
1712 4115 1942 4163 careret.

559 4200 785 4258 CAPUT
829 4201 1056 4257 V.—9.
1093 4201 1468 4270 [incorporeum
1522 4211 1652 4254 sane
1699 4197 1866 4255 Deum
1917 4213 2038 4255 esse

486 4293 625 4365 quod
661 4293 850 4358 credit,
911 4293 1150 4365 gratulor
1191 4308 1314 4348 eum
1344 4291 1465 4348 hinc
1507 4291 1693 4347 saltem
1725 4287 2068 4346 aTcrtullia-

489 4384 938 4438 ni-deliramcntis
959 4399 1078 4437 esse
1111 4383 1420 4438 discretum.
1441 4381 1532 4438 Ille
1565 4383 1761 4452 quippe
1788 4381 1925 4436 sicut
1953 4382 2070 4437 aui-

488 4490 654 4538 mam,
687 4475 757 4528 ita
783 4474 942 4528 ctiam
967 4475 1132 4528 Deum
1162 4487 1478 4542 corporeum
1504 4487 1634 4548 esse
1663 4471 1939 4527 contendit
1971 4471 2068 4544 (a).

489 4569 531 4621 A
565 4580 672 4636 quo
697 4566 795 4618 iste
824 4564 875 4617 in
907 4564 1008 4619 hoc
1023 4564 1362 4629 dissentiens,
1388 4563 1706 4617 mirabiliora
1738 4564 2061 4632 persuadere

491 4657 728 4718 molitur,
775 4656 938 4709 Deum
982 4655 1375 4724 incorporeum,
1409 4667 1511 4708 non
1539 4653 1607 4708 de
1658 4653 1825 4708 nihilo
1860 4651 2058 4718 facere,

489 4747 582 4802 sed
610 4746 677 4802 de
697 4747 982 4816 semetipso
1019 4746 1202 4798 ﬂatum
1241 4744 1492 4799 exhalare
1533 4759 1872 4815 corporeum.
1902 4747 1946 4801 0
1969 4747 2071 4800 do-

489 4839 712 4894 ctrinam
739 4836 824 4892 cui
845 4837 1019 4891 oinuis
1047 4847 1176 4891 tetas
1203 4851 1360 4890 aures
1385 4836 1640 4908 subrigat,
1677 4853 1795 4908 qua:
1827 4836 2072 4892 homines

488 4945 742 4990 annosus.
775 4945 895 5000 quae
937 4929 1167 4999 denique
1206 4929 1551 5000 presbyteros
1579 4939 1849 4984 mereatur
1875 4929 2071 4986 habere

489 5023 821 5092 discipulos!
852 5023 1036 5094 chat,
1087 5021 1224 5091 legat
1268 5021 1320 5075 in
1364 5021 1622 5077 concione
1646 5021 1787 5091 quod
1824 5020 2060 5090 scripsit,

490 5125 645 5168 notos
670 5125 827 5184 atque
857 5113 1086 5184 ignotos,
1116 5112 1304 5168 doctos
1331 5121 1490 5184 atque
1532 5112 1774 5168 indoctos
1822 5114 2071 5168 recitatu-

488 5223 581 5262 Itis
603 5207 805 5260 ἰυγίιιιι.
836 5207 1105 5269 Sonitu-es,
1139 5220 1260 5262 cum
1281 5206 1580 5276 junioribus
1596 5207 1897 5273 convenite,
1923 5205 2064 5275 quod

491 5293 808 5350 nt-scicba'is
839 5292 1046 5358 discite,
1087 5293 1230 5364 quod
1272 5310 1542 5365 nunquam
1575 5294 1860 5350 audieratis
1885 5295 2038 5350 audi-

555 5423 572 5454 ι
610 5429 674 5494 t_ta_
696 5422 1064 5486 Cygirannensis
1083 5430 1136 5474 ct
1154 5422 1251 5473 duo
1271 5423 1447 5490 Belgici
1466 5433 1569 5474 MSS.
1607 5430 1660 5474 Αι
1683 5423 1831 5484 editi,
1862 5423 2076 5490 sitiemus

492 5491 753 5536 cruciatus.

553 5549 573 5577 ¹
607 5553 654 5594 ιιι
682 5557 784 5595 uss.
804 5581 819 5603 ,
843 5546 1052 5606 pendere
1075 5559 1329 5598 immane.

553 5610 626 5667 tu)
650 5607 989 5674 'rortulliauus,
1007 5609 1087 5658 lib.
1113 5608 1177 5657 de
1204 5611 1379 5674 anima.
1407 5609 1522 5661 \‘ide
1548 5607 1880 5674 Augustinum,
1910 5612 1990 5664 lib.
2010 5613 2075 5664 de

491 5672 782 5730 heredibus,
802 5684 906 5733 cap.
927 5671 1004 5731 86,
1034 5678 1086 5721 et
1109 5675 1252 5730 epist.
1273 5671 1378 5722 190.

1361 243 1450 305 DE
1490 245 1702 304 ΑΝΙΜᾹ
1745 236 1834 301 ΕΤ
1875 237 2039 299 Ellis
2077 239 2375 320 ῡιιιαιΝΕ,
2418 245 2473 298 S.
2517 237 2884 302 AIIGUSTINI

3647 251 3751 311 500

2174 367 2242 414 te.
2286 359 2421 415 Esce
2453 361 2552 415 isto
2579 363 2826 423 docente,
2859 376 2962 416 non
2993 363 3208 419 aliunde
3239 363 3377 434 quod
3401 359 3578 436 aliquo
3594 369 3753 424 modo

2169 458 2270 515 cst,
2301 465 2400 506 nec
2443 467 2508 505 ex
2551 469 2616 506 eo
2657 452 2797 523 quod
2839 455 3056 507 omnino
3095 470 3201 508 non
3248 465 3350 518 cst,
3393 457 3534 512 Deus
3569 459 3755 515 ﬂatum

2167 553 2309 600 creat
2342 561 2357 608 ;
2391 545 2484 599 sed
2505 561 2568 600 ex
2597 561 2662 600 eo
2687 545 2828 616 quod
2858 547 2970 616 ipse
2991 558 3091 612 est,
3119 563 3241 603 cum
3285 551 3356 603 sit
3381 549 3752 620 incorporeus,

2167 648 2359 702 corpus
2387 634 2580 689 sufllat.
2619 635 2870 690 Naturam
2901 653 3030 706 ergo
3061 652 3235 700 suam,
3265 648 3548 710 antequam
3581 654 3756 700 mnte-

2167 730 2255 776 tur
2281 723 2335 777 in
2365 726 2566 794 peccati
2595 740 2840 796 corpore,
2872 727 2984 796 ipse
3029 736 3198 783 mutat
3238 730 3288 783 in
3315 745 3530 800 corpus.
3565 733 3642 788 Au
3668 734 3754 789 di-

2168 813 2260 876 cit,
2283 815 2426 884 quod
2449 831 2513 870 ex
2540 830 2637 870 sua
2667 827 2854 871 natura
2893 833 2997 872 non
3029 828 3196 872 mutat
3229 819 3448 890 aliquid,
3472 837 3594 876 cum
3637 822 3701 876 lla
3721 853 3743 866 -

2171 913 2280 958 tum
2307 905 2478 960 facit?
2505 905 2619 960 Non
2649 923 2779 978 ergo
2799 923 2922 963 eum
2948 909 3015 964 de
3041 925 3100 964 se
3127 909 3243 979 ipso
3265 911 3391 966 facit
3415 929 3429 966 :
3459 929 3566 968 non
3608 915 3750 969 enim

2167 993 2312 1050 aliud
2341 1004 2424 1050 est.
2444 995 2578 1066 ipse,
2600 997 2740 1052 aliud
2777 1008 2964 1053 natura
3008 999 3144 1069 ejus.
3167 1001 3300 1067 Quis
3329 1002 3432 1068 ltoc
3475 1005 3754 1060 insanissi-

2168 1102 2288 1142 mns
2314 1088 2562 1158 opinetur
2581 1089 2608 1143 Ἰ
2632 1089 2785 1158 Quod
2811 1092 2854 1145 si
2881 1092 3029 1159 dicit,
3055 1094 3126 1148 ita
3159 1095 3323 1150 Deum
3350 1095 3417 1150 de
3441 1111 3538 1152 sua
3563 1109 3754 1168 natura

2169 1179 2344 1234 facere
2391 1179 2610 1244 ﬂatum,
2660 1191 2718 1237 ut
2771 1180 3129 1254 ipseinteger
3179 1195 3434 1252 maneat;
3464 1204 3568 1244 non
3617 1191 3746 1246 inde

2169 1271 2394 1339 quaestio
2438 1281 2520 1326 est
2550 1271 2682 1336 ;sed
2730 1283 2906 1329 utrum
2958 1270 3098 1345 quod
3138 1292 3243 1332 non
3285 1277 3518 1344 aliunde,
3545 1295 3645 1336 nec
3686 1283 3758 1338 de

2171 1361 2356 1428 nihilo,
2385 1365 2478 1418 sed
2505 1363 2571 1418 de
2593 1365 2685 1418 illo
2713 1373 2796 1421 cst
2818 1383 2832 1421 :
2857 1381 2964 1422 non
2991 1367 3093 1423 hoc
3137 1369 3208 1423 sit
3236 1369 3380 1438 quod
3429 1371 3535 1436 ille,
3566 1372 3618 1426 id
3644 1382 3754 1440 est,

2168 1452 2408 1522 ejusdem
2435 1463 2640 1509 naturze
2675 1465 2730 1510 et
2769 1458 3036 1512 essentne.
3060 1457 3192 1512 Nam
3217 1468 3271 1514 et
3292 1457 3428 1514 Filio
3457 1461 3636 1531 genito
3663 1462 3753 1516 iri-

2144 1555 2318 1616 teger
2368 1547 2704 1614 manet;sed
2753 1549 2874 1618 quia
2913 1563 3035 1605 eum
3079 1552 3261 1622 genuit
3281 1551 3347 1608 de
3375 1567 3436 1608 se
3465 1554 3601 1622 ipso,
3644 1569 3755 1609 non

2169 1639 2315 1694 aliud
2359 1641 2544 1711 genuit
2570 1657 2728 1712 quam
2773 1641 2824 1696 id
2870 1641 3012 1714 quod
3059 1643 3173 1713 ipse
3199 1653 3302 1699 est.
3342 1645 3580 1716 Excepto
3609 1649 3756 1702 enim

2169 1730 2313 1800 quod
2363 1731 2632 1787 hominem
2685 1735 2993 1802 assumpsit,
3043 1741 3098 1788 et
3127 1735 3360 1790 Verbum
3386 1751 3512 1790 caro
3556 1735 3755 1800 factum

2170 1829 2274 1886 cst,
2299 1821 2436 1877 alios
2464 1832 2541 1877 est
2571 1823 2786 1894 quidem
2821 1824 3051 1880 Verbum
3079 1825 3170 1880 Dei
3200 1825 3388 1892 Filius,
3417 1826 3511 1882 sed
3542 1843 3646 1881 non
3673 1837 3760 1884 est

2170 1913 2312 1968 aliud
2341 1931 2354 1967 :
2387 1913 2486 1968 hoc
2502 1923 2605 1980 est,
2637 1915 2740 1968 alia
2770 1930 2998 1984 persona
3028 1923 3132 1980 est,
3162 1915 3254 1970 sed
3284 1930 3388 1970 non
3410 1915 3618 1972 diversa
3654 1929 3753 1972 na-

2174 2014 2309 2058 tura.
2339 2004 2408 2059 Et
2447 2005 2588 2061 unde
2640 2005 2760 2070 hoc,
2792 2007 2898 2061 nisi
2936 2007 3056 2076 quia
3109 2023 3214 2061 non
3260 2016 3472 2063 creatus
3513 2024 3580 2064 ex
3625 2007 3758 2074 alio,

2172 2097 2254 2152 vel
2273 2111 2339 2152 ex
2367 2096 2556 2164 nihilo,
2604 2098 2699 2152 sed
2742 2106 2897 2151 natus
2924 2113 2990 2152 ex
3028 2098 3144 2170 ipso
3170 2107 3286 2162 cst;
3317 2114 3421 2153 non
3467 2107 3525 2154 ut
3566 2100 3762 2156 melior

2171 2202 2331 2258 quam
2359 2195 2476 2242 erat
2517 2197 2679 2251 esset,
2711 2187 2807 2242 sed
2848 2189 3068 2243 omnino
3117 2196 3174 2242 ut
3210 2196 3374 2255 esset,
3421 2189 3641 2258 etquod
3674 2201 3762 2246 est

2173 2279 2282 2346 ille,
2319 2279 2460 2335 unde
2483 2289 2636 2333 natus
2655 2287 2758 2339 est,
2785 2287 2950 2342 esset,
2985 2279 3086 2333 hoc
3107 2288 3210 2346 est,
3233 2280 3388 2335 unius
3411 2279 3764 2352 ejusdemque

2173 2381 2397 2437 natura),
2427 2371 2675 2442 aequalis,
2705 2381 3027 2437 coaeternus,
3051 2373 3195 2426 omni
3223 2372 3380 2426 modo
3408 2371 3620 2437 similis,
3656 2389 3761 2442 ρει-

2173 2465 2304 2520 riter
2332 2465 2696 2531 immutabilis,
2727 2461 2924 2530 pariter
2949 2462 3250 2527 invisibilis,
3277 2463 3475 2530 pariter
3506 2463 3768 2532 incorpo-

2172 2569 2320 2622 reus,
2379 2556 2578 2622 pariter
2625 2557 2806 2621 Deus;
2849 2557 2950 2611 hoc
2993 2555 3214 2609 omnino
3241 2553 3384 2624 quod
3427 2553 3606 2619 Pater,
3653 2554 3762 2608 nisi

2173 2645 2315 2717 quod
2337 2646 2502 2702 Filius
2527 2657 2608 2702 est
2632 2648 2765 2718 ipse,
2790 2659 2894 2701 non
2924 2647 3126 2701 Pater?
3153 2645 3400 2700 Siautem
3423 2652 3607 2699 manet
3631 2645 3761 2714 qni-

2174 2738 2296 2797 dem
2327 2739 2441 2808 ipse
2485 2739 2690 2811 integer
2740 2741 2900 2806 Deus,
2928 2751 3029 2795 nec
3073 2747 3248 2793 tamen
3279 2737 3346 2792 de
3359 2739 3546 2800 ,nullo,
3577 2738 3660 2792 vel
3689 2737 3762 2793 de

2173 2831 2299 2898 alio,
2321 2831 2416 2888 sed
2445 2832 2514 2888 de
2533 2847 2591 2888 se
2618 2833 2734 2902 ipso
2746 2829 3014 2888 diversum
3033 2831 3230 2902 aliquid
3259 2831 3309 2885 in
3335 2829 3569 2886 deterius
3585 2839 3760 2898 creat,

2175 2931 2230 2978 et
2251 2923 2319 2978 de
2361 2923 2676 2994 incorporeo
2723 2914 2831 2979 Deo
2861 2937 3083 2990 corpus,
3106 2930 3352 2985 emanat;
3383 2921 3522 2976 absit
3565 2927 3624 2976 ut
3656 2920 3766 2976 hoc

2173 3014 2471 3070 catholicus
2526 3015 2734 3068 animus
2777 3015 2965 3069 blbat:
3016 3026 3121 3069 non
3169 3014 3309 3068 enim
3355 3020 3440 3068 est
3490 3011 3758 3068 ﬂuentum

2175 3106 2337 3161 fontis
2359 3105 2545 3169 divini,
2569 3107 2660 3162 scd
2686 3107 2992 3176 ﬁgmentum
3023 3105 3200 3162 cordis
3223 3105 3462 3160 humani.

2247 3199 2470 3254 CAPUT
2512 3199 2592 3254 Vl.
2617 3202 2798 3255 —to.
2837 3199 3086 3254 Jamvcro
3136 3213 3294 3269 quam
3324 3198 3502 3266 inepte
3527 3195 3760 3263 laboret,

2177 3294 2428 3360 animam,
2481 3309 2640 3365 quam
2685 3301 2835 3364 putat
2873 3310 2994 3350 esse
3027 3307 3362 3362 corponeam,
3411 3290 3686 3345 vindicare
3731 3305 3763 3345 a

2177 3385 2786 3455 passionihuscorporis,
2819 3383 3096 3453 disputans
3115 3383 3182 3436 de
3210 3382 3404 3436 animae
3432 3381 3669 3439 infantia,
3687 3379 3764 3434 de

2177 3475 2478 3548 paralyticis
2516 3487 2567 3531 ct
2595 3476 2865 3546 Oppressis
2892 3473 3085 3529 anima:
3130 3471 3397 3538 sensibus,
3424 3470 3492 3526 de
3516 3479 3768 3540 amputa-

2177 3571 2244 3624 tis
2275 3569 2530 3624 membris
2582 3567 2822 3637 corporis
2864 3568 3066 3636 absque
3109 3566 3301 3620 animae
3353 3564 3614 3626 sectione,
3644 3579 3762 3618 non

2178 3670 2374 3724 tecum,
2399 3660 2494 3714 sed
2534 3673 2655 3714 cum
2684 3659 2776 3714 illo
2817 3656 2994 3727 potius
3017 3670 3174 3728 agere
3213 3656 3421 3712 debeo:
3447 3655 3520 3709 illi
3559 3655 3765 3724 quippe

2175 3751 2528 3807 insudandum
2559 3759 2663 3818 est,
2688 3759 2746 3806 ut
2787 3750 3045 3804 rationem
3095 3745 3283 3803 reddat
3321 3746 3581 3802 dictorum
3634 3760 3767 3801 suo-

2176 3857 2294 3896 rum
2321 3859 2336 3909 ;
2364 3857 2431 3896 ne
2459 3840 2526 3896 de
2568 3856 2732 3910 opere
2775 3840 2989 3910 juvenis
3018 3835 3152 3894 velle
3205 3837 3427 3908 fatigare
3477 3835 3760 3891 videamur

2173 3932 2485 4002 gravitatem
2516 3931 2681 3986 senis.
2721 3929 2872 3998 Quod
2923 3938 3100 3986 autem
3141 3924 3516 3982 similitudines
3543 3941 3759 3980 morum

2175 4025 2264 4094 qui
2291 4023 2692 4093 reperiunturin
2733 4021 2876 4088 ﬁliis,
2900 4036 3004 4076 non
3034 4036 3100 4076 ex
3125 4021 3318 4092 animge
3345 4018 3550 4074 semine
3573 4017 3762 4072 venire

2176 4115 2454 4185 disputat:
2492 4129 2824 4186 consequens
2853 4123 2939 4168 est
2985 4112 3228 4184 quidem,
3276 4120 3336 4166 ut
3377 4108 3480 4164 hoc
3527 4107 3764 4164 sentiant

2177 4206 2496 4276 quicumque
2549 4205 2742 4260 anima:
2795 4205 3139 4275 propaginem
3169 4202 3489 4260 destruunt;
3527 4199 3622 4254 sed
3650 4213 3754 4254 nec

2180 4297 2254 4352 illi
2283 4297 2370 4367 qui
2397 4297 2534 4352 hanc
2570 4305 2835 4361 astrnunt,
2877 4295 2947 4350 ibi
2976 4293 3311 4348 constituunt
3339 4290 3548 4362 pondus
3577 4304 3759 4343 asser-

2179 4389 2338 4442 tionis
2358 4403 2488 4443 sum.
2517 4387 2711 4443 Vident
2740 4387 2882 4442 enim
2918 4394 2972 4440 ct
3000 4386 3136 4440 filios
3172 4392 3448 4454 parentum
3471 4381 3760 4436 dissimiles

2179 4478 2416 4532 moribus
2445 4494 2458 4530 :
2487 4477 2630 4547 quod
2673 4476 2792 4532 ideo
2835 4475 2946 4530 ﬁeri
2979 4482 3183 4546 putant,
3223 4474 3346 4544 quia
3376 4480 3431 4528 et
3472 4471 3585 4544 ipse
3623 4486 3763 4525 unus

2179 4571 2341 4624 homo
2369 4569 2678 4639 plerumque
2727 4569 2838 4623 suis
2867 4568 3104 4622 muribus
3135 4567 3270 4620 alios
3300 4581 3478 4620 mores
3518 4563 3759 4618 dissimi-

2179 4662 2258 4718 lcs
2281 4661 2460 4728 habet,
2490 4676 2595 4716 non
2627 4663 2811 4731 utique
2839 4661 3015 4714 anima
3057 4659 3222 4714 altera
3253 4665 3490 4725 accepta,
3519 4657 3612 4708 sed
3642 4654 3752 4707 vita

2179 4754 2535 4811 inmeliusvel
2567 4754 2618 4808 in
2641 4753 2872 4809 deterius
2918 4759 3274 4808 commutata.
3307 4744 3377 4802 lta
3399 4747 3602 4810 dicunt,
3642 4761 3751 4798 non

2179 4861 2299 4902 esse
2321 4846 2646 4916 impossibile
2673 4854 2734 4899 ut-
2752 4845 2926 4899 anima
2949 4859 3053 4898 non
3073 4843 3264 4897 habeat
3289 4855 3384 4896 eos
3399 4853 3598 4900 mores,
3625 4849 3761 4907 quos

2181 4935 2339 4992 habet
2371 4937 2456 4993 ille
2479 4954 2507 4991 a
2542 4952 2648 5008 quo
2673 4937 2691 4968 ¹
2723 4941 3007 5006 propagata
3031 4945 3113 4990 est
3136 4950 3151 4996 ;
3171 4927 3598 5004 quandoquidem
3643 4930 3756 4998 ipsa

2182 5044 2284 5083 una
2313 5044 2452 5082 nunc
2468 5028 2620 5092 alios,
2636 5028 2766 5081 alias
2787 5028 2920 5080 alios
2947 5021 3143 5080 habere
3171 5037 3348 5078 mores
3369 5029 3563 5091 potest.
3583 5019 3762 5087 Quare

2181 5121 2227 5178 si
2255 5121 2356 5177 hoc
2385 5132 2435 5176 te
2459 5120 2632 5176 credis
2658 5119 2725 5172 ab
2761 5119 2862 5174 isto
2881 5115 3152 5180 didicisse,
3179 5114 3322 5185 quod
3352 5114 3528 5168 anima
3563 5127 3668 5166 non
3689 5107 3758 5164 sit

2183 5229 2250 5268 cx
2282 5212 2496 5268 traduce
2530 5211 2771 5266 :utinam
2819 5209 2872 5264 id
2915 5224 3042 5265 vere
3081 5207 3400 5270 didicisses;
3431 5221 3516 5260 me
3541 5204 3632 5259 tibi
3659 5201 3757 5257 do-

2183 5304 2406 5361 cendum
2433 5303 2782 5358 libentissime
2807 5301 3093 5356 traderem.
3129 5297 3234 5354 Sed
3257 5297 3400 5352 aliud
3424 5304 3508 5351 est
3533 5295 3758 5358 discere,

2184 5399 2326 5452 aliud
2368 5397 2532 5453 videri
2561 5397 2659 5451 sibi
2688 5395 2956 5449 didicisse.
2997 5395 3052 5450 Si
3079 5407 3205 5464 ergo
3240 5401 3291 5446 te
3341 5391 3593 5446 didicisse
3621 5385 3760 5445 arbi-

2186 5491 2341 5546 traris
2375 5489 2512 5560 quod
2541 5486 2714 5542 ad‘huc
2761 5487 2980 5552 nescis;
3011 5503 3116 5541 non
3169 5483 3324 5558 plane
3372 5485 3621 5552 didicisti,
3666 5481 3760 5537 sed

2250 5673 2267 5704 ι
2304 5669 2493 5734 Aliquot
2508 5673 2636 5730 ιω,
2662 5666 2748 5718 illa
2770 5679 2830 5718 et
2852 5679 2960 5730 qua.
