4034 6182
274 333 366 390 set
745 271 760 324 ἶ
1588 311 1786 370 LIBER
1824 310 1843 368 ε

1955 308 2202 368 UND‘US.
2516 293 2532 308 ‘
2593 301 2642 335 ’ἰ

273 457 464 503 temere
483 433 757 496 credidisti
791 433 932 507 quod
978 434 1201 489 libenter
1237 429 1452 496 audisti,
1499 437 1552 484 ct
1580 427 1848 498 subrepsit

271 538 360 592 tibi
392 530 746 602 falsiloquium
797 541 906 598 per
935 523 1356 593 suaviloquium.
1384 519 1538 589 Quod
1567 535 1672 575 non
1727 519 1850 574 ideo

270 627 404 684 dico.
427 623 546 694 quia
571 621 761 676 falsum
788 631 908 672 esse
919 615 1030 686 jam
1057 623 1236 670 certus
1265 614 1385 677 sim,
1429 613 1637 666 animas
1671 609 1849 680 potius

270 713 527 772 insufﬂari
575 725 765 777 novas,
804 723 962 779 quam
990 705 1058 761 de
1103 705 1310 776 origine
1352 712 1630 773 parentum
1671 699 1845 766 trahi;

269 807 364 860 hoc
381 804 522 860 enim
553 801 728 856 adhuc
772 799 840 853 ab
869 799 946 853 eis
975 797 1064 868 qui
1092 795 1286 850 docere
1316 794 1366 849 id
1395 799 1638 864 possunt,
1661 793 1848 848 existi-

267 912 352 950 mo
396 891 771 964 requirendum
798 907 812 945 :
841 887 936 944 sed
965 887 1086 958 quia
1114 887 1216 942 iste
1246 885 1314 941 de
1353 884 1453 940 hac
1493 900 1550 940 re
1579 885 1648 938 ita
1675 885 1845 939 disse-

266 987 464 1048 ruit,ut
491 997 594 1036 non
616 981 789 1036 solum
828 994 969 1044 eam,
1017 993 1136 1048 qum
1166 975 1340 1031 adhuc
1381 973 1712 1030 discutienda
1738 979 1842 1038 est,

265 1091 370 1131 non
397 1074 632 1128 solveret
653 1071 1001 1142 quaestionem
1023 1085 1038 1134 ;
1059 1083 1242 1123 verum
1271 1068 1432 1122 etiam
1465 1066 1587 1121 talia
1613 1065 1838 1129 diceret,

267 1179 379 1233 qua:
412 1162 654 1216 falsitatis
680 1173 790 1214 non
840 1157 1072 1213 habeant
1096 1156 1502 1211 dubitationem.
1535 1154 1666 1209 Cum
1698 1153 1841 1208 enim

266 1255 422 1308 vellet
460 1253 687 1324 probare
743 1249 924 1316 dubia,
982 1263 1140 1304 ausus
1171 1258 1253 1304 est
1298 1247 1480 1304 dicere
1526 1249 1642 1303 sine
1685 1246 1846 1302 dubio

264 1343 616 1414 reprobanda.

330 1433 558 1491 CAPUT
602 1432 708 1488 ΥΠ.
735 1432 908 1487 -Η.
929 1431 1008 1486 An
1029 1445 1157 1486 vero.
1176 1440 1228 1484 tu
1257 1430 1543 1499 reprobare
1557 1429 1844 1497 dubitabis,

262 1522 398 1593 quod
425 1539 551 1578 cum
572 1521 638 1577 de
679 1522 858 1576 anima
887 1520 1212 1590 loqueretur,
1251 1537 1273 1572 ι
1322 1519 1437 1574 Non
1467 1520 1566 1582 vis,
1605 1539 1622 1571 ι
1654 1519 1844 1588 inquit,

260 1615 490 1667 animat
530 1629 595 1668 ex
633 1627 792 1667 carne
845 1611 1042 1680 peccati
1085 1610 1404 1664 contrahere
1463 1599 1866 1688 valetudinem,

263 1706 327 1759 ad
371 1720 532 1775 quam
588 1704 820 1759 vicissim
865 1703 1337 1760 sanctiﬁcationcm
1383 1703 1836 1772 videasﬁtransire

264 1813 354 1868 per
374 1811 614 1862 carnem,
638 1803 695 1850 ut
729 1809 822 1864 per
851 1795 1016 1864 ipsam
1065 1802 1279 1864 reparet
1316 1803 1531 1855 statmu,
1562 1809 1656 1862 per
1679 1809 1838 1864 quam

264 1887 568 1958 perdiderat
615 1885 911 1940 meritum?
942 1886 1046 1938 Aut
1082 1883 1335 1954 numquid
1397 1885 1519 1954 quia
1574 1884 1846 1954 Baptismo

264 1993 456 2047 corpus
483 1977 736 2040 abluitur,
769 1990 876 2030 non
902 1973 1088 2028 transit
1121 1973 1185 2028 ad
1209 1973 1440 2028 animam
1463 1975 1543 2028 vel
1574 1975 1841 2044 spiritum,

257 2068 396 2138 quod
415 2066 650 2121 creditur
677 2065 906 2122 conferri
931 2079 1029 2135 per
1072 2065 1444 2133 Baptismutn?
1477 2063 1666 2118 Merito
1715 2079 1845 2134 ergo

269 2173 359 2226 per
387 2161 628 2220 carnent‘,
657 2156 883 2224 priscam
927 2165 1138 2222 reparat
1166 2153 1550 2219 habitudinem,
1575 2169 1732 2222 quam
1769 2154 1838 2208 vi-

263 2262 316 2300 sa
349 2245 523 2301 fuerat
561 2246 826 2316 paulisper
853 2244 1095 2299 amisisse
1114 2258 1210 2314 per
1233 2258 1468 2308 carnem,
1500 2253 1556 2298 ut
1583 2259 1682 2316 per
1717 2260 1838 2300 eam

263 2339 477 2407 incipiat
494 2337 722 2403 renasci,
739 2353 832 2406 per
846 2351 1002 2407 quam
1017 2344 1284 2390 meruerat
1304 2337 1566 2406 inquinari
1595 2354 1614 2388 ι
1648 2335 1700 2408 (1
1705 2341 1842 2409 nfra,

263 2429 342 2481 lib.
373 2429 433 2494 5,
467 2445 519 2481 η.
562 2427 595 2484 9
615 2428 634 2497 )
653 2427 678 2479 ἲ
704 2426 830 2482 Vide
871 2427 923 2480 itt
975 2425 1058 2480 his
1098 2425 1294 2490 verbis,
1325 2436 1580 2496 quantum
1602 2426 1704 2482 iste
1727 2435 1848 2482 tuus

261 2523 518 2576 erraverit
555 2521 758 2575 doctor.
810 2519 972 2585 Dixit,
1007 2537 1026 2572 ι
1054 2519 1286 2574 animam
1317 2534 1412 2588 per
1435 2535 1654 2574 carnem
1687 2534 1844 2590 repa-

264 2631 374 2667 rare
403 2623 623 2678 statum,
653 2628 750 2681 per
773 2627 932 2682 quam
963 2611 1268 2681 perdiderat
1306 2611 1571 2666 meritum.
1611 2629 1630 2664 ι
1656 2611 1848 2667 llabuit

263 2719 386 2774 ergo
416 2704 586 2758 anima
617 2703 846 2773 aliqueut
877 2709 1074 2757 statum
1145 2711 1198 2757 et
1224 2700 1436 2772 aliquod
1484 2702 1730 2757 meritum
1753 2700 1850 2756 bo-

267 2809 388 2848 num
433 2803 555 2849 ante
579 2808 794 2848 carnem
823 2833 838 2858 ,
868 2792 1010 2863 quod
1036 2793 1149 2847 vult
1175 2807 1292 2846 eam
1323 2807 1572 2861 reparare
1600 2807 1697 2860 per
1723 2806 1841 2847 car-

266 2900 409 2948 nem,
438 2882 648 2954 quando
711 2897 837 2939 caro
880 2883 1092 2938 lavacro
1133 2883 1550 2952 regenerationis
1595 2882 1844 2938 abluitur.

268 2975 686 3044 \‘ixeratitaque
727 2973 921 3028 alicubi
949 2982 1073 3028 ante
1100 2989 1314 3030 carnem
1343 2973 1394 3028 in
1429 2982 1570 3030 statu
1595 2984 1652 3030 et
1676 2973 1846 3030 meri-

269 3073 320 3118 to
345 3065 489 3120 bono
523 3079 722 3135 ;qucm
761 3072 958 3119 statum
1001 3073 1056 3120 et
1097 3064 1240 3134 quod
1288 3065 1536 3120 meritum
1585 3064 1835 3134 perdidit,

265 3171 381 3210 cum
406 3156 634 3211 venisset
661 3156 714 3208 in
741 3171 974 3210 carnem.
994 3155 1155 3220 Dixit,
1187 3172 1208 3206 ‹
1241 3170 1359 3210 eam
1392 3171 1488 3226 per
1507 3170 1724 3211 carnem
1750 3171 1840 3212 re-

266 3262 450 3315 parare
475 3247 836 3302 habitudinem
879 3247 1127 3316 priscam,
1165 3263 1322 3318 quam
1353 3249 1466 3304 visa
1506 3247 1678 3304 fuerat
1709 3263 1844 3320 pau-

267 3340 425 3409 lisper
463 3341 705 3395 amisisse
732 3355 825 3410 per
855 3355 1092 3395 carnem.
1127 3358 1146 3392 ι
1180 3340 1371 3394 Habuit
1395 3355 1522 3411 ergo
1550 3350 1674 3397 ante
1709 3356 1828 3396 car-

267 3447 384 3486 nem
434 3429 798 3485 habitudinem
828 3431 1146 3500 antiquam;
1184 3429 1285 3484 hoc
1341 3440 1425 3486 est
1467 3433 1608 3486 enim
1663 3449 1682 3484 t
1728 3432 1840 3502 pri-

265 3534 442 3574 scam:
480 3539 498 3571 ι
534 3522 600 3574 et'
615 3520 712 3574 ista
740 3521 909 3588 qualis
933 3534 1052 3574 esse
1097 3520 1288 3590 potuit,
1339 3519 1441 3575 nisi
1471 3521 1621 3576 beata
1679 3530 1842 3593 atque

265 3610 540 3666 laudabilis
559 3610 854 3664 habitudo?
882 3613 1050 3678 Quam
1073 3611 1306 3681 reparari
1331 3627 1425 3680 per
1450 3620 1842 3668 sacramentum

267 3701 604 3770 Baptiunatis
631 3711 896 3757 asseverat
929 3716 1090 3768 ;cum
1127 3717 1244 3756 eam
1278 3702 1410 3757 nolit
1451 3718 1514 3757 ex
1552 3704 1635 3758 illa
1671 3703 1837 3772 origi-

266 3810 385 3849 nem
409 3792 621 3848 trahere
667 3809 760 3862 per
787 3795 1126 3864 propaginem
1159 3795 1199 3860 ⁸,
1233 3811 1390 3866 qttam
1420 3804 1630 3862 constat
1651 3795 1702 3850 in
1741 3810 1838 3866 pa-

265 3884 442 3939 radiso
467 3883 750 3954 aliquando
784 3883 952 3940 fuisse
978 3885 1204 3941 felicem.
1231 3885 1510 3955 Quomodo
1540 3889 1699 3957 igitur
1729 3888 1836 3943 alio

268 3974 383 4030 loco
419 3993 439 4027 ‹
470 3976 704 4030 animam
733 3995 752 4028 ›
780 3991 839 4031 se
883 3976 1008 4031 dicit
1041 3995 1059 4027 ε
1098 3986 1405 4032 constanter
1432 3993 1692 4045 asserere,
1727 3993 1835 4032 non

264 4081 328 4122 ex
357 4067 597 4133 traduce,
625 4083 799 4139 neque
827 4085 891 4122 ex
921 4069 1105 4136 nihilo,
1131 4085 1301 4140 neque
1331 4086 1426 4140 per
1468 4071 1828 4141 semctipsam,

265 4172 438 4227 neque
469 4166 595 4213 ante
623 4160 865 4229 corpus?
897 4179 914 4211 ι
950 4159 1086 4215 Ecce
1115 4161 1216 4214 isto
1243 4160 1356 4215 loco
1372 4162 1479 4215 vult
1499 4161 1702 4216 animas
1724 4170 1849 4217 ante

263 4264 458 4318 corpus
494 4251 691 4305 alicubi
735 4252 913 4306 vivere
941 4261 1047 4306 tam
1082 4253 1268 4316 beate,
1299 4263 1356 4305 ut
1399 4253 1584 4307 eadem
1615 4253 1718 4308 illis
1753 4270 1849 4324 per

266 4341 593 4411 Baptismum
612 4343 885 4398 beatitudo
915 4343 1187 4398 reddatur.
1223 4344 1290 4398 Et
1333 4353 1580 4416 tanquam
1609 4346 1691 4400 sui
1724 4361 1848 4400 rur-

263 4446 354 4486 sus
377 4431 573 4486 oblitus
609 4431 844 4502 adiungit
867 4441 920 4487 et
957 4433 1084 4487 dicit
1113 4450 1126 4485 :
1157 4451 1178 4486 ι
1223 4433 1291 4489 Ut
1322 4449 1575 4502 peream,
1615 4454 1633 4487 ι
1671 4435 1842 4501 idest,

265 4538 360 4592 per
383 4539 624 4592 carnem,
657 4544 676 4578 t
711 4528 930 4597 incipiat
957 4528 1189 4592 renasci,
1239 4541 1334 4596 per
1367 4543 1527 4598 quam
1571 4539 1841 4584 meruerat

267 4613 562 4683 inquinari.
603 4634 624 4668 ›
647 4616 902 4686 Superius
943 4617 1188 4671 meritum
1221 4617 1616 4688 signiﬁcaverat
1646 4618 1844 4674 bonmn

265 4703 534 4772 perditum
587 4705 748 4761 fuisse
773 4721 868 4776 per
897 4721 1147 4762 carnem:
1181 4722 1327 4762 nunc
1369 4715 1544 4762 autem
1575 4707 1838 4778 significat

261 4795 462 4867 malum
496 4799 766 4864 meritum,
799 4813 904 4868 quo
933 4798 1126 4852 factum
1149 4807 1233 4853 est
1260 4809 1316 4853 ut
1343 4801 1644 4856 vcniretvel
1673 4802 1846 4855 mitte-

261 4898 412 4942 rctur
442 4889 494 4942 in
524 4903 760 4956 carnem,
787 4891 1034 4954 dicendo,
1065 4909 1085 4943 ι
1122 4905 1218 4961 per
1255 4907 1414 4961 quam
1446 4901 1714 4948 meruerat
1767 4894 1847 4946 in-

260 4980 492 5048 quinari.
527 5000 546 5032 i
578 4981 632 5034 Si
658 4983 799 5036 enim
841 4991 1075 5038 meretur
1111 4984 1394 5054 inquinari,
1424 5000 1526 5039 non
1551 4993 1634 5038 est
1663 4985 1843 5054 utique

257 5073 510 5127 meritum
539 5072 756 5128 bonum.
799 5075 988 5143 Dicat,
1015 5076 1142 5146 quid
1173 5078 1402 5146 peccavit
1435 5088 1722 5148 antequam
1751 5093 1848 5148 per

255 5179 476 5218 carnem
504 5165 887 5236 inquinaretur,
916 5176 974 5222 ut
1003 5183 1098 5238 per
1127 5170 1622 5240 carneminquinari
1654 5184 1840 5224 mere-

258 5267 430 5312 retur.
485 5257 655 5322 Dicat,
685 5259 728 5313 si
774 5268 974 5329 potest,
1018 5259 1160 5330 quod
1219 5261 1363 5316 nullo
1417 5260 1574 5316 modo
1626 5270 1843 5331 potest;

255 5349 381 5416 quia
437 5348 674 5405 invenire
729 5350 814 5406 hic
855 5349 991 5422 quid
1019 5367 1201 5406 verum
1255 5352 1423 5419 dicat,
1465 5354 1684 5407 omnino
1735 5365 1867 5406 non

278 5450 456 5496 mtest.

278 5457 456 5496 tutost.

254 5457 272 5512 1
325 5530 557 5588 CAPle
585 5532 718 5588 'i’lll.
743 5531 916 5588 —12.
939 5533 1066 5587 ltetn
1085 5533 1357 5606 aliquanto
1373 5535 1580 5606 postait
1611 5553 1622 5589 :
1657 5553 1677 5588 t
1710 5534 1838 5590 Ani-

253 5707 446 5830 ersic
487 5714 588 5759 tres
625 5709 950 5772 manuscripti.
997 5711 1166 5762 thteri
1210 5724 1317 5762 cum
1352 5713 1578 5774 excusis,
1621 5725 1707 5776 per
1753 5716 1854 5767 ori-

2783 253 2786 255 .
2832 247 2844 254 -σ
2909 249 2924 280 .

3435 311 3540 368 5&2

1955 443 2040 481 ma
2068 427 2244 496 itaque
2274 424 2316 478 si
2369 414 2630 494 peccatrix
2672 439 2790 482 esse
2843 424 3056 490 meruit,
3086 441 3223 497 quas
3259 434 3534 498 peccatrix

1953 531 2196 572 essenon
2227 514 2414 584 potuit,
2470 523 2645 570 tamen
2687 531 2859 586 neque
2891 515 2944 571 in
2990 524 3210 586 peccato
3253 520 3533 587 remansit,

1953 609 2074 680 quia
2104 611 2154 664 in
2179 607 2392 663 Christo
2417 605 2766 678 praeﬁgurata,
2800 610 2852 663 in
2875 619 3096 681 peccato
3135 625 3256 666 esse
3284 626 3390 666 non
3433 611 3533 666 tle-

1955 698 2084 763 buit,
2108 697 2243 753 sicut
2265 711 2384 760 esse
2407 713 2511 751 non
2539 699 2708 766 potuit
2764 717 2782 751 ι
2837 698 2856 770 (
2883 699 3074 769 Supra,
3107 700 3194 754 lib.
3225 701 3277 766 l,
3311 718 3364 754 η.
3398 703 3452 768 8,
3489 711 3536 756 et

1949 789 2106 857 infra,
2137 787 2224 841 lib.
2281 788 2336 854 '5,
2367 805 2418 840 η.
2449 789 2509 842 Η
2535 787 2577 856 ).
2611 789 2760 858 Rogo
2805 797 2878 856 te,
2923 789 3108 856 frater,
3154 799 3380 860 putasne
3425 791 3526 846 ista

1952 878 2141 934 saltem
2173 887 2352 948 postea
2375 877 2546 948 legisti
2575 887 2629 932 et
2651 880 3022 947 considerasti,
3064 881 3268 952 etquid
3305 883 3354 936 in
3399 884 3539 938 reei-

1952 978 2097 1025 tante
2125 969 2444 1033 laudaveris,
2474 969 2556 1024 vel
2596 969 2735 1026 unde
2765 979 2885 1041 post
2930 973 3292 1028 recitationem
3337 975 3534 1044 gratias
3629 1027 3640 1048 κ

1951 1061 2124 1130 egeris
2143 1061 2423 1131 cogitasti?
2449 1060 2585 1128 Quid
2636 1069 2738 1126 est,
2781 1061 3006 1117 obsecro
3039 1071 3112 1126 te,
3145 1082 3166 1116 ς
3203 1065 3391 1119 Anima
3437 1067 3538 1120 ita-

1951 1167 2056 1222 que
2081 1153 2124 1205 si
2155 1151 2417 1220 peccatrix
2445 1166 2566 1206 esse
2590 1153 2808 1215 meruit,
2841 1168 2958 1222 qua:
2990 1154 3251 1222 peccatrix
3281 1170 3399 1211 esse
3425 1173 3530 1211 nou

1953 1245 2162 1314 putuit?
2189 1262 2212 1295 ›
2233 1243 2369 1310 Quid
2397 1251 2480 1297 est
2507 1261 2526 1294 ‹
2560 1244 2779 1310 meruit,
2816 1263 2836 1297 ι
2870 1253 2922 1298 ct
2950 1262 2968 1296 t
2998 1259 3103 1300 non
3137 1246 3337 1316 potuit;
3374 1263 3532 1302 tcum

1952 1334 2143 1388 mereri
2181 1334 2282 1388 hoc
2334 1349 2437 1388 non
2481 1333 2763 1403 potuisset,
2830 1334 2929 1388 nisi
2986 1337 3248 1404 peccatrix
3305 1336 3534 1402 fuisset;

1951 1441 2058 1480 non
2087 1433 2264 1479 autem
2289 1424 2491 1490 fuisset,
2523 1424 2623 1480 nisi
2647 1440 2767 1480 esse
2813 1425 3110 1494 potuisset;
3145 1437 3200 1480 ut
3227 1436 3352 1481 ante
3377 1443 3538 1484 omne

1950 1519 2146 1573 malum
2176 1519 2420 1572 meritum
2449 1531 2701 1588 peccans,
2735 1517 2857 1572 inde
2882 1518 2979 1573 sibi
3027 1521 3273 1574 meritum
3317 1520 3534 1580 faceret;

1949 1609 2090 1664 unde
2117 1607 2182 1661 ad
2211 1609 2309 1662 alia
2343 1617 2576 1677 peccata,
2600 1607 2884 1663 deserente
2905 1609 3150 1675 Domino,
3184 1612 3487 1680 perveniret
3515 1612 3537 1664 '!

1949 1701 2031 1756 An
2075 1699 2194 1755 ideo
2239 1699 2391 1763 dixit,
2426 1717 2444 1750 ε
2481 1714 2600 1769 qua:
2652 1699 2920 1770 peccatrix
2971 1715 3090 1754 esse
3128 1715 3232 1754 non
3277 1702 3468 1770 potuit,
3511 1721 3528 1750 ι

1948 1791 2070 1861 quia
2093 1791 2190 1845 nisi
2219 1789 2270 1844 in
2297 1805 2510 1845 carnem
2549 1791 2774 1856 veniret,
2806 1791 3068 1860 peccatrix
3097 1805 3217 1846 esse
3247 1807 3350 1846 non
3394 1807 3526 1862 pos-

1949 1881 2078 1936 set?
2105 1879 2240 1948 Quid
2273 1895 2399 1950 ergo
2421 1883 2632 1946 meruit,
2659 1887 2717 1935 ut
2765 1896 2830 1936 eo
2875 1881 3190 1946 mitteretur,
3226 1883 3312 1937 ubi
3342 1898 3531 1952 pecca-~

1952 1975 2053 2026 trix
2081 1985 2200 2026 esse
2249 1980 2452 2042 posset,
2485 1986 2591 2042 quo
2620 1971 2724 2026 nisi
2773 1971 3024 2040 venisset,
3076 1973 3200 2028 alibi
3255 1978 3522 2042 peccatrix

1949 2077 2070 2118 esse
2095 2077 2198 2116 non
2223 2071 2400 2132 posset
2425 2062 2448 2116 ?
2477 2063 2643 2130 Dicat,
2671 2062 2796 2134 quid
2819 2063 3046 2118 meruit?
3075 2063 3130 2118 Si
3161 2065 3306 2120 enim
3333 2067 3526 2120 meruit

1949 2164 2068 2208 esse
2095 2153 2362 2222 peccatrix
2389 2151 2624 2222 ;aliquid
2667 2152 2780 2223 jam
2828 2161 3160 2222 peccaverat,
3193 2154 3332 2210 unde
3357 2170 3527 2209 mere-

1947 2252 2097 2299 retur
2120 2244 2311 2298 iterum
2341 2257 2460 2298 esse
2488 2244 2773 2314 peccatrix.
2802 2243 2906 2300 Sed
2937 2243 3052 2300 lnrc
3078 2245 3319 2300 fortassis
3339 2247 3533 2301 obscu-

1949 2351 2007 2392 ra
2024 2351 2144 2392 esse
2169 2335 2471 2402 videantur,
2516 2343 2608 2390 aut
2651 2335 2875 2392 obscura
2901 2351 3023 2393 esse
3071 2337 3364 2408 jactentur,
3405 2355 3527 2392 cum

1949 2428 2428 2498 sintapertissima.
2466 2426 2648 2496 Neque
2697 2427 2838 2482 enim
2891 2427 3071 2483 dicere
3098 2427 3300 2493 debuit,
3330 2447 3350 2480 ε
3387 2429 3534 2498 quod

1950 2521 2127 2575 anima
2153 2519 2408 2576 meruerit
2457 2518 2720 2588 peccatrix
2761 2533 2882 2574 esse
2929 2533 3026 2588 per
3067 2533 3304 2585 carnem,
3335 2539 3354 2572 ι
3380 2520 3534 2589 ctijus

1950 2625 2052 2667 nec
2078 2611 2274 2666 bonum
2293 2623 2392 2665 nec
2412 2609 2608 2664 malum
2633 2609 2880 2664 meritum
2909 2609 3144 2680 reperire
3179 2611 3375 2680 poterit
3409 2621 3537 2666 ante

1949 2715 2186 2758 Carnem.

2021 2791 2247 2848 CAPUT
2283 2791 2376 2846 1X.
2405 2821 2470 2832 —
2499 2791 2586 2846 l3.
2618 2789 2722 2846 Sed
2753 2789 2819 2845 ad
2846 2789 3209 2846 manifestiora
3233 2789 3536 2846 veniamus.

1950 2883 2082 2940 Cum
2110 2883 2254 2938 enim
2297 2881 2506 2952 magnis
2545 2889 2908 2937 coarctaretur
2957 2881 3235 2952 angustiis,
3267 2883 3537 2952 quemmlo

1950 2977 2143 3034 anima:
2161 2973 2436 3043 originalis
2465 2973 2666 3044 peccati
2692 2971 2904 3027 vinculo
2929 2979 3210 3026 teneantur
3229 2971 3527 3039 obstrictze,

1950 3067 1996 3122 si
2017 3081 2122 3121 non
2144 3081 2208 3122 ex
2233 3065 2322 3120 illa
2345 3063 2558 3118 trahunt
2579 3063 2836 3134 originem
2891 3077 3010 3132 qua:
3057 3063 3226 3133 prima
3269 3065 3530 3133 peccavit,

1951 3156 2166 3214 sedeas
2215 3170 2375 3227 puras
2421 3155 2488 3210 ab
2517 3155 2660 3209 omni
2687 3153 3002 3223 contagione
3049 3163 3102 3208 ct
3150 3154 3528 3224 propagatione

1951 3249 2177 3322 peccati,
2201 3247 2481 3320 peccatrici
2511 3246 2658 3302 carni
2683 3245 2909 3302 Greater
2934 3245 3207 3312 insufﬂat;
3232 3263 3297 3302 ne
3321 3248 3527 3301 dicatur

1951 3343 2050 3411 illi,
2072 3341 2214 3413 quod
2239 3340 2318 3395 sic
2341 3338 2660 3394 insufﬂando
2685 3353 2776 3394 eas
2809 3338 2949 3393 Deus
2979 3337 3143 3393 efﬁcit
3168 3353 3286 3393 reas
3310 3355 3324 3392 :
3359 3339 3534 3408 primo

1951 3436 2018 3493 de
2037 3435 2370 3509 pncscientia
2404 3434 2497 3488 Dei
2519 3433 2656 3487 hanc
2683 3432 2986 3502 opinionem
3041 3431 3250 3487 munire
3291 3431 3532 3498 tentavit,

1957 3548 1978 3582 ε
2014 3529 2155 3602 quod
2183 3529 2264 3585 eis
2317 3525 2697 3597 prceparavcrit
2746 3523 3192 3594 redemptionem.
3224 3541 3244 3575 ›
3291 3522 3348 3577 In
3383 3525 3536 3590 cujus
3573 3548 3584 3558 -

1951 3619 2332 3690 redemptionis
2393 3617 2740 3673 Sacramento
2783 3615 2986 3685 parvuli
3038 3615 3371 3684 baptizantur
3401 3657 3415 3680 ,
3480 3627 3538 3670 ut

1952 3711 2198 3766 abluatur
2242 3708 2504 3779 originale
2542 3713 2842 3777 peccatum,
2884 3704 3023 3776 quod
3053 3703 3120 3759 de
3160 3719 3320 3759 carne
3355 3715 3536 3759 traxe-

1951 3810 2078 3858 runt
2105 3817 2119 3867 ;
2145 3801 2296 3872 quasi
2328 3798 2465 3854 faeta
2505 3812 2598 3852 sua
2633 3797 2777 3852 Deus
2804 3794 3073 3864 emendet,
3123 3794 3264 3866 quod
3313 3810 3405 3849 cas
3451 3795 3534 3848 in-

1951 3904 2135 3952 sontes
2177 3894 2378 3950 fecerat
2403 3891 2686 3963 inquinari.
2720 3890 2825 3946 Sed
2853 3899 3192 3961 posteaquam
3217 3889 3428 3944 veniunt
3453 3898 3546 3944 est

1950 3996 2012 4044 ut
2030 3987 2096 4043 de
2115 3988 2222 4042 illis
2242 3987 2574 4056 loqueretur,
2607 3984 2798 4055 quibus
2820 3983 2908 4038 tali
2941 3999 3046 4038 non
3089 3983 3403 4038 subvenitur
3436 3997 3533 4038 au-

1951 4079 2099 4144 xilio,
2122 4087 2176 4133 et
2199 4087 2480 4146 antequam
2511 4075 2850 4145 baptizentur
2878 4075 3154 4144 exspirant
3175 4091 3224 4126 ε(
3262 4075 3315 4127 ln
3348 4073 3470 4136 hoc,
3507 4095 3526 4126 ι

1951 4160 2142 4240 inquit,
2179 4187 2197 4220 ι
2226 4169 2344 4223 loco
2369 4183 2471 4222 non
2496 4182 2582 4222 me
2617 4167 2765 4236 quasi
2788 4177 3061 4220 auctorem
3109 4167 3375 4234 spondeo,
3425 4169 3520 4222 sed

1951 4259 2150 4330 aliquid
2179 4258 2244 4312 de
2270 4257 2516 4326 exemplo
2545 4255 2798 4326 conjicio.
2849 4255 3157 4310 liabemlam
3197 4256 3426 4310 dicimus
3456 4259 3524 4313 tle

1953 4351 2241 4406 infantibus
2261 4347 2560 4402 istiusmodi
2585 4347 2870 4411 rationem,
2902 4347 2996 4417 qui
3024 4347 3382 4417 prtedestiuati
3428 4349 3530 4403 Ba-

1952 4443 2168 4514 ptismo,
2218 4440 2339 4494 vitae
2391 4438 2712 4508 prtesentis,
2769 4448 3053 4508 antequam
3095 4442 3526 4496 rcnascanturiu

1951 4533 2181 4598 Christo,
2203 4529 2596 4601 praeveniantur
2631 4527 2876 4584 occiduo.
2929 4529 3178 4600 Legimus
3206 4533 3371 4597 enim,
3408 4551 3426 4583 ι
3453 4534 3534 4586 in-

1951 4624 2086 4695 quit,
2127 4642 2146 4676 ι
2171 4621 2240 4676 de
2263 4621 2458 4675 talibus
2473 4621 2729 4690 scriptu'n
2761 4637 2774 4675 :
2807 4619 3002 4692 Raptus
3024 4631 3098 4676 est
3120 4638 3182 4676 ne
3205 4622 3402 4676 malitia
3423 4640 3536 4676 mtt-

1951 4723 2076 4768 taret
2100 4714 2238 4769 illius
2275 4711 2602 4778 intellectum,
2633 4719 2720 4764 aut
2751 4727 2813 4765 ne
2859 4712 2996 4781 fictio
3022 4713 3274 4784 deciperet
3299 4715 3524 4768 animum

1952 4807 2079 4878 ejus.
2109 4803 2328 4872 Propter
2351 4802 2444 4856 hoc
2465 4801 2750 4873 properavit
2777 4802 2840 4856 de
2867 4802 3032 4857 medio
3079 4803 3358 4871 iniquitatis
3380 4803 3538 4858 illum

1952 4896 2159 4950 educere
2187 4909 2206 4948 :
2235 4891 2422 4966 placita
2447 4893 2579 4946 enim
2627 4891 2738 4946 Deo
2781 4901 2887 4946 crat
2916 4893 3086 4945 anima
3115 4893 3224 4961 ejus
3252 4902 3365 4958 ;ct,
3398 4893 3503 4946 (Ιοιι
3521 4923 3536 4934 ο

1951 4995 2230 5042 smnmalus
2258 4985 2309 5038 in
2339 4978 2490 5046 brevi,
2523 4983 2730 5053 replevit
2758 4992 2984 5053 tempora
3017 4981 3173 5054 longa
3198 4983 3258 5052 ι(
3293 4981 3426 5051 Sep.
3457 4999 3532 5049 tv,

1955 5081 2040 5146 ll,
2074 5077 2252 5141 M,15
2283 5077 2322 5145 ).
2371 5075 2500 5142 Quis
2542 5074 2702 5129 istum
2748 5074 3062 5146 dedignctur
3101 5073 3297 5130 habere
3349 5074 3527 5130 docto-

1953 5175 2106 5230 rem?
2136 5175 2341 5247 Ergone
2369 5176 2592 5246 parvuli,
2625 5189 2759 5245 quos
2801 5172 3112 5243 plerumque
3141 5171 3320 5226 volunt
3353 5171 3530 5226 homi-

1954 5282 2052 5320 nes
2079 5266 2352 5336 baptizari,
2385 5277 2439 5322 ct
2484 5267 2609 5322 dum
2655 5265 2906 5324 curritur,
2939 5273 3063 5318 ante
3117 5263 3440 5329 moriantur,
3487 5264 3534 5320 si

1955 5357 2354 5414 retardarentur
2383 5359 2434 5412 in
2452 5358 2546 5411 ista
2579 5355 2854 5428 paululum
2878 5355 3003 5418 vita,
3037 5365 3092 5408 ut
3127 5356 3372 5424 baptizati
3403 5371 3532 5411 con-

1957 5452 2103 5507 tinuo
2121 5459 2474 5518 morerentur,
2494 5451 2689 5504 malitia
2713 5456 2943 5504 mutaret
2957 5449 3281 5504 intellectum
3303 5449 3534 5516 illorum,

1955 5546 2012 5592 et
2051 5537 2190 5592 fictio
2211 5537 2481 5604 deciperet
2503 5535 2733 5589 animam
2765 5549 2971 5602 eorum,
2998 5544 3052 5590 ct
3079 5551 3144 5594 ne
3169 5533 3268 5590 hoc
3298 5535 3377 5597 eis
3401 5551 3536 5593 con-

1957 5631 2202 5700 tingeret,
2226 5629 2542 5682 sulivcntum
2560 5627 2664 5681 illis
2690 5635 2791 5692 est,
2812 5636 2869 5680 ut
2885 5635 3009 5682 ante
3038 5637 3352 5698 raperentur
3374 5643 3531 5699 quam

1961 5720 2353 5792 baptizarcntur
2380 5715 2481 5771 'lln
2499 5717 2631 5799 ipso
2658 5730 2786 5785 ergo
2816 5717 3146 5787 Baptismatc
3191 5727 3544 5777 mutarentur
