4010 6186
478 305 586 365 503

421 425 434 438 '
475 421 532 476 in
559 419 730 490 pejus,
759 427 812 473 et
829 417 1043 472 fictione
1095 408 1494 484 deciperentur,
1537 412 1582 465 si
1631 410 2062 480 post-Baptisms

487 521 820 583 raperentur.
862 507 908 563 0
934 504 1246 562 admiranda
1269 512 1430 575 atque
1457 503 1706 558 sectanda
1733 503 1747 534 ¹
1771 501 2011 556 doctrina
2045 503 2058 558 !

481 602 586 656 Sed
615 599 795 654 hocde
820 607 995 652 vestra
1023 595 1322 666 prudentia,
1353 594 1444 664 qui
1475 593 1739 660 adfuistis,
1771 607 1892 648 cum
1927 593 2066 647 reci-

479 700 636 751 taret,
667 691 766 744 iste
801 688 1158 760 prtesumpsit,
1201 694 1256 742 et
1305 685 1374 740 de
1399 694 1486 739 tua
1535 685 1768 739 maxime
1797 683 1864 738 ad
1905 699 2062 754 quem

478 781 712 850 scripsit,
743 790 798 836 et
823 779 910 835 cni
941 779 1191 834 recitatos
1216 777 1380 834 libros
1408 775 1642 842 tradidit,
1683 783 1741 830 ιιι
1769 774 2068 830 credituros

474 885 574 926 vos
598 887 722 926 esse
751 869 1066 936 eonfidcret,
1093 869 1161 924 de
1189 884 1295 922 non
1325 867 1605 936 baptizatis
1627 865 1918 922 infantibus
1945 879 2066 920 esse

475 967 753 1036 scriptum,-
811 962 954 1034 quod
1011 961 1080 1017 de
1131 961 1366 1015 omnium
1421 966 1727 1014 sanctorum
1771 957 2068 1014 immaturis

475 1058 722 1113 aetatibus
751 1057 1006 1124 scriptum
1033 1057 1132 1120 est,
1153 1067 1272 1109 cum
1299 1052 1495 1122 quibus
1513 1051 1653 1106 male
1690 1060 1866 1104 actum
1919 1049 2066 1105 stulti

475 1151 824 1213 arbitrantur,
854 1149 901 1203 si
923 1148 990 1204 de
1008 1147 1108 1202 hac
1137 1146 1243 1199 vita
1277 1140 1529 1200 celeriter
1553 1145 1688 1212 rapti
1717 1138 1932 1208 fuerint,
1961 1157 2061 1196 nec

474 1240 544 1296 ad
565 1251 733 1295 annos
745 1253 878 1312 quos
893 1238 1252 1306 bominesprn
1275 1249 1466 1306 magno
1491 1233 1674 1288 divino
1701 1241 1922 1288 munere
1947 1232 2050 1286 sibi

385 1337 399 1343 “
478 1339 750 1401 exoptant,
777 1329 1056 1400 pervenire
1071 1327 1361 1398 potuerint.
1385 1324 1553 1392 Quale
1569 1333 1653 1379 est
1669 1331 1846 1378 autem
1863 1323 2062 1389 dicere,

484 1440 504 1473 ι
543 1423 772 1477 infantes
822 1419 1233 1491 prcedestinatos
1261 1407 1554 1486 Daptismo,
1605 1413 1728 1468 vita:
1761 1413 2063 1483 praesentis,

477 1521 763 1582 antequam
783 1517 1128 1564 renascantur
1143 1507 1194 1561 in
1206 1504 1438 1572 Christo,
1457 1503 1682 1560 occiduo
1697 1503 1978 1574 praeveniri
1995 1519 2010 1568 ;
2041 1519 2060 1554 ι

477 1603 620 1658 velut
639 1601 815 1671 aliqua
842 1601 920 1654 vis
947 1599 1195 1664 fortunte,
1217 1598 1332 1653 sive
1355 1596 1471 1658 fati,
1502 1597 1614 1656 sive
1643 1595 1928 1666 cujuslibet
1957 1595 2058 1658 rei,

479 1708 586 1748 non
611 1692 881 1762 permittat
907 1691 1074 1745 Deum
1101 1687 1245 1760 quod
1269 1687 1668 1759 praedestinavit
1693 1685 1962 1755 implere?
1993 1685 2064 1740 Et

476 1785 746 1856 quomodo
771 1785 885 1855 ipse
911 1783 1030 1838 illos
1085 1781 1242 1852 rapit,
1283 1781 1404 1851 quia
1456 1779 1776 1849 placuerunt
1805 1777 1927 1830 illi?
1977 1779 2062 1831 An

477 1891 574 1930 eos
601 1885 657 1930 et
680 1875 792 1944 ipse
825 1873 1166 1944 prcedestinat
1207 1871 1484 1940 baptizari,
1523 1877 1576 1924 et
1601 1868 1718 1939 ipse
1743 1867 1884 1940 quod
1931 1881 2070 1938 prae.

477 1966 782 2026 destinavit,
812 1981 916 2019 non
949 1964 1074 2019 sinit
1105 1963 1218 2018 ﬂeri
1244 1962 1268 2016 ?
1769 1947 1778 1964 ’

547 2051 776 2113 CAPUT
805 2054 873 2110 Χ.
903 2085 976 2096 —-
1006 2055 1092 2110 M.
1120 2053 1222 2110 Sed
1253 2052 1470 2108 attende
1489 2048 1615 2123 quid
1639 2047 1818 2107 adhuc
1845 2049 2062 2118 audeat,

478 2141 564 2204 cui
603 2147 850 2218 diSplicet
889 2145 946 2201 in
977 2153 1120 2200 tanta
1164 2145 1324 2215 hujus
1370 2143 1728 2214 profunditate
1754 2141 2068 2213 quaestionis

478 2249 687 2296 cautior
712 2253 872 2310 quam
903 2237 1159 2299 scientior
1187 2244 1372 2292 uOstra
1397 2234 1686 2290 cunctatio.
1723 2252 1742 2287 ι
1774 2233 1956 2288 Ausim
1985 2231 2070 2286 di-

477 2345 624 2395 cere,
646 2347 666 2382 ι
689 2329 874 2399 inquit,
896 2347 916 2380 ι
937 2329 1070 2384 istos
1085 2329 1366 2398 pervenire
1385 2341 1540 2396 posse
1553 2326 1620 2380 ad
1637 2325 1974 2396 originalium
1990 2325 2069 2378 in-

476 2419 746 2489 dulgentia
755 2435 805 2472 ιιι
822 2427 1182 2489 peccatorum,
1199 2433 1302 2470 non
1323 2425 1496 2470 tamen
1513 2425 1567 2468 nt
1581 2416 1802 2471 omlcste
1820 2414 2069 2469 inducan-

479 2520 566 2564 tur
593 2510 644 2564 in
662 2523 886 2580 regnum
907 2524 922 2562 :
940 2507 1096 2562 sicuti
1119 2507 1308 2561 latroni
1331 2505 1576 2564 confesso
1592 2505 1826 2576 quidem,
1847 2505 1940 2559 sed
1960 2520 2064 2560 non

478 2595 766 2670 baptizato,
799 2599 1053 2654 Dominus
1076 2613 1181 2654 non
1202 2598 1460 2654 etnlornm
1489 2613 1712 2668 regnum
1747 2598 1946 2664 tribuit,
1973 2597 2067 2653 sed

478 2692 783 2761 paradisum
819 2689 968 2764 (Luc.
994 2707 1144 2758 nm,
1170 2691 1294 2762 43);
1318 2705 1438 2744 cum
1463 2690 1646 2760 utique
1667 2689 1776 2759 jam
1803 2699 2066 2756 maneret,

481 2783 582 2850 Qui
592 2800 692 2838 non
704 2792 905 2837 renatus
920 2781 1072 2852 fuerit
1083 2797 1145 2836 ea:
1158 2797 1288 2852 aqua
1304 2791 1350 2834 et
1367 2781 1568 2852 Spiritu
1583 2789 1780 2848 sancto,
1793 2794 1894 2835 non
1909 2781 2044 2834 intra
2053 2809 2072 2822 -

478 2875 547 2932 bit
567 2878 620 2930 in
635 2892 842 2948 regnum
861 2875 1100 2929 caelorum
1117 2873 1294 2945 (Joun.
1316 2888 1394 2936 ut,
1408 2872 1488 2943 5).
1509 2872 1782 2942 Praecipue
1793 2861 1914 2942 quia
1935 2870 2073 2926 mul-

481 2979 561 3022 tas
586 2981 706 3022 esse
727 2967 1030 3021 mansiones
1055 2965 1194 3034 apud
1222 2965 1435 3019 Patrem
1459 2979 1612 3018 suum
1636 2962 1890 3017 Dominus
1908 2961 2073 3032 profi-

480 3063 640 3122 tetur,
671 3056 726 3110 in
753 3055 944 3126 quibus
977 3055 1323 3124 designantur
1363 3055 1552 3109 merita
1587 3053 1750 3107 multa
1779 3061 1835 3108 et
1858 3051 2073 3110 diversa

481 3161 790 3202 rnansorum
805 3163 818 3198 ι
836 3155 892 3201 ιιι
906 3145 991 3200 hic
1005 3161 1107 3200 non
1123 3145 1416 3214 baptizatus
1431 3143 1750 3214 perducatur
1759 3142 1826 3198 ad
1839 3144 2070 3211 veniam,

486 3237 780 3307 baptizatus
805 3236 872 3291 ad
900 3236 1153 3306 palmam,
1185 3251 1305 3306 qua:
1331 3243 1414 3290 est
1443 3242 1623 3304 parata
1653 3249 1750 3304 per
1771 3235 2016 3305 gratiam.
2043 3253 2065 3288 ι

482 3329 670 3384 Cernis
684 3328 1284 3399 hominem.paradisnm
1296 3338 1455 3398 atque
1469 3327 1773 3382 mansiones
1785 3329 1804 3358 ¹
1817 3343 1936 3397 qua:
1947 3335 2072 3384 sunt

481 3420 622 3490 apud
650 3421 880 3484 Patrem,
897 3435 928 3475 a
950 3435 1114 3490 regno
1137 3434 1386 3492 separare
1407 3418 1688 3485 caelorum,
1707 3427 1765 3474 ut
1784 3419 1944 3475 etiam
1963 3436 2070 3476 non

484 3508 765 3583 baptizatis
793 3512 1068 3570 abundent
1107 3513 1222 3568 loca
1262 3513 1602 3584 sempiterna:
1631 3513 1919 3568 felicitatis.
1960 3513 2071 3570 Nec

483 3605 649 3665 videt,
677 3621 797 3658 cum
828 3606 929 3660 ista
955 3605 1103 3673 dicit,
1141 3606 1213 3661 ita
1237 3621 1296 3661 se
1323 3606 1467 3661 nolle
1496 3605 1746 3676 baptizati
1773 3605 2070 3676 cujnspiam

485 3697 692 3769 parvuli
739 3699 1069 3753 mansionem
1113 3714 1143 3752 a
1190 3697 1448 3753 cartorum
1498 3713 1664 3768 regno
1697 3711 1968 3768 separare,
2014 3705 2074 3753 ut

487 3791 658 3860 ipsam
690 3790 782 3844 Dei
809 3789 981 3844 Patris
1001 3789 1241 3852 domum,
1269 3790 1353 3844 vel
1373 3789 1580 3858 aliquas
1606 3796 1782 3859 partes
1805 3791 1921 3858 ejus
1947 3788 2074 3846 inde

485 3896 738 3950 separare
766 3894 871 3934 non
902 3880 1105 3934 timeat.
1135 3878 1320 3949 Neque
1347 3879 1488 3934 enim
1523 3879 1777 3935 Dominus
1803 3879 1982 3947 Jesus,
2015 3880 2072 3936 ln

487 3969 839 4025 universitate
878 3981 1160 4036 creaturas,
1209 3969 1295 4024 vel
1337 3969 1390 4023 in
1440 3969 1675 4038 qualibet
1717 3969 2076 4028 universitatis

487 4071 674 4132 parte;
726 4062 842 4129 sed,-
888 4061 958 4116 In
1008 4063 1156 4116 donto
1197 4060 1374 4116 Patris
1418 4062 1536 4125 mei,
1587 4061 1741 4126 dixit,
1787 4063 2075 4118 mansiones

489 4156 664 4208 multa:
691 4166 807 4208 sunt
842 4153 953 4226 (Id.
981 4146 1100 4220 nv,’
1137 4153 1218 4224 2).
1269 4153 1548 4220 Quomodo
1583 4169 1710 4224 ergo
1738 4155 1842 4209 erit
1883 4155 1934 4209 in
1979 4155 2073 4211 Dei

487 4245 664 4299 Patris
685 4243 846 4299 domn
873 4259 978 4322 non
1009 4243 1340 4314 baptizatus,
1378 4259 1500 4299 cum
1533 4243 1696 4298 Deum
1737 4253 1946 4314 patrem
1974 4246 2072 4299 ha-

487 4337 614 4391 bere
643 4351 746 4388 non
773 4336 945 4404 possit
984 4335 1082 4389 nisi
1124 4335 1372 4406 renatus9
1400 4333 1516 4390 Non
1556 4334 1626 4389 sit
1658 4334 1898 4404 ingratus
1941 4336 2070 4402 Deo,

486 4426 719 4494 quicum
751 4425 996 4494 dignatus
1024 4433 1108 4480 est
1143 4441 1173 4479 a
1215 4425 1610 4479 Donatistarum
1647 4425 1731 4479 vel
1769 4425 2072 4496 Rogatista-

490 4529 610 4568 rum
641 4514 898 4570 divisione
928 4515 1179 4580 liberare,
1224 4523 1282 4568 ut
1319 4514 1489 4585 ipsam
1518 4514 1734 4570 domum
1775 4515 1871 4571 Dei
1900 4516 2101 4576 Patris.

489 4607 696 4676 qtta'rat
733 4604 1000 4670 dividere.
1044 4615 1098 4660 et
1139 4605 1368 4676 aliquam
1405 4605 1520 4672 ejus
1563 4616 1768 4676 partem
1803 4616 1952 4662 extra
1991 4623 2078 4664 re-

490 4715 654 4770 gnum
683 4699 942 4755 caelatum
965 4713 1180 4768 ponere,
1211 4697 1299 4752 ubi
1333 4711 1438 4750 non
1466 4696 1716 4766 baptizati
1735 4697 1948 4753 valeant
1975 4697 2074 4752 ba-

485 4793 679 4848 bitare.
729 4793 796 4846 Et
819 4808 923 4862 quo
949 4798 1099 4860 pacto
1128 4789 1245 4860 ipse
1273 4803 1496 4858 regnum
1526 4789 1787 4843 coelorum
1817 4803 1876 4844 se
1904 4789 2073 4843 intra-

487 4892 666 4940 turum
712 4899 832 4939 esse
875 4881 1170 4952 prarsnmit,
1210 4879 1276 4934 de
1315 4893 1424 4950 quo
1451 4893 1617 4949 regno
1654 4879 1706 4933 in
1745 4888 1937 4948 quanta
1965 4879 2078 4934 vult

493 4985 646 5044 parte
687 4975 902 5028 domum
947 4972 1111 5042 ipsius
1155 4971 1296 5041 regis
1337 4969 1614 5026 excludit?
1645 4969 1750 5026 Sed
1777 4970 1844 5026 de
1870 4970 2076 5026 latrone

486 5067 602 5129 illo,
634 5067 722 5138 qui
749 5065 1214 5138 juxta,Dominum
1238 5061 1523 5117 crucifixus
1549 5062 1778 5132 speravit
1811 5063 1860 5115 in
1897 5062 2074 5117 Domi-

486 5175 614 5214 num
643 5161 804 5214 etiam
834 5157 1170 5222 crucifixum,
1199 5165 1254 5211 et
1276 5155 1345 5211 de
1374 5155 1538 5212 fratre
1564 5167 1768 5211 sanctae
1796 5155 2074 5225 Perpetua:

491 5253 773 5307 Dinocrate
799 5258 1220 5320 argutnenuitur.
1259 5245 1402 5317 quod
1439 5247 1597 5302 etiam
1640 5261 1745 5299 non
1789 5245 2068 5314 baptizatis

489 5345 606 5399 dari
651 5345 820 5415 possit
862 5343 1189 5412 indulgentia
1235 5349 1573 5410 peccatorum
1617 5347 1672 5393 et
1711 5337 1867 5393 sedes
1894 5338 2069 5407 aliqua

547 5496 565 5522 ι
603 5487 686 5531 tttc
707 5477 921 5530 nonnulli
959 5485 1068 5528 διες.
1097 5476 1294 5536 addunt,
1318 5473 1416 5526 imo
1437 5486 1548 5526 vero
1567 5471 1852 5534 detestanda
1865 5477 1912 5524 et
1932 5485 2074 5524 exse-

487 5544 672 5594 cranda
689 5542 707 5592 .’

555 5609 573 5638 ι
607 5612 716 5652 Iov.
739 5617 751 5651 :
773 5611 938 5652 (‘ernts
961 5599 1200 5649 hominem
1217 5611 1299 5648 cas
1318 5597 1602 5649 mansiones.
1631 5607 1730 5647 Am.
1759 5605 1810 5648 et
1827 5603 1899 5645 l-rr.
1922 5611 1934 5645 :
1961 5607 2076 5646 Γρι-

489 5680 517 5713 ιι
527 5663 569 5713 ἔκ
581 5664 821 5714 hominem
842 5675 976 5720 a’qnc
997 5660 1264 5710 mansiones
1292 5673 1310 5710 :
1345 5668 1396 5709 et
1416 5661 1641 5708 omittttnt
1666 5661 1884 5717 verbum,
1927 5673 2076 5720 paru-

486 5729 669 5782 nium;
691 5727 820 5788 quod
849 5733 1008 5772 tamen
1051 5724 1152 5788 hic,
1175 5722 1393 5788 adjuncta
1419 5724 1644 5782 tat'ticula
1663 5757 1676 5782 ,
1701 5729 1970 5785 fllQilt’,‘l‘t'|
1989 5735 2077 5770 ra:-

487 5795 677 5839 senuat
699 5785 922 5846 plerique
951 5795 999 5833 et
1024 5785 1221 5844 antiqua
1240 5797 1322 5832 res
1345 5791 1446 5830 Mss.

1372 288 1461 354 DE
1500 292 1712 353 ANlllA
1752 291 1839 352 ΕΤ
1877 297 2042 353 EJUS
2079 287 2381 360 ORiGINE,
2422 293 2462 350 S
2520 284 2889 352 AUGUSTINI
2939 354 2942 358 .

3662 306 3761 363 505

2182 431 2456 484 beatorum
2489 449 2500 484 :
2531 429 2680 500 quasi
2718 431 3019 500 quisquam,
3063 432 3150 486 cui
3197 449 3302 489 n0n
3345 436 3564 493 credere
3611 441 3760 498 nefas

2177 529 2338 584 esset,
2368 518 2489 574 huic
2518 518 2826 574 indicaverit
2856 519 2998 589 quod
3021 537 3124 575 non
3153 521 3351 578 fuerint
3381 525 3652 596 baptizati.
3688 533 3761 588 De

2176 611 2368 680 quibus
2406 619 2582 664 tamen
2629 609 2681 664 in
2723 623 2790 665 eo
2829 610 2987 678 libro,
3017 627 3175 682 quem
3215 615 3404 686 scripsi
3447 618 3511 672 ad
3542 619 3760 677 fratrem

2177 709 2416 755 nostrum
2463 701 2750 769 Renatum,
2785 701 2994 771 plenius
3030 703 3155 772 quid
3187 705 3318 760 mihi
3359 707 3631 765 videretur
3659 728 3756 768 ex-

2181 791 2331 860 posui
2360 791 2558 864 (Supra
2579 833 2594 856 ,
2621 792 2711 846 lib.
2742 792 2796 858 1,
2827 809 2916 845 nn.
2947 793 3034 860 11,
3067 789 3157 864 η)
3197 813 3212 848 :
3243 797 3384 865 quod
3416 807 3503 854 tua
3543 801 3763 858 Dilectio

2176 884 2376 952 poterit
2402 896 2596 945 nosse,
2627 882 2674 936 si
2711 898 2819 936 non
2853 883 3117 952 apreveris
3159 884 3369 955 legere;
3400 903 3522 942 nam
3559 890 3646 946 ille
3668 908 3763 961 pc-

2176 974 2308 1028 tenti
2335 987 2442 1028 non
2473 973 2667 1042 poterit
2693 973 2982 1042 denegare.

2245 1063 2472 1120 CAPUT
2497 1063 2591 1135 XI.
2620 1095 2694 1107 —
2719 1065 2807 1120 15.
2837 1063 3054 1119 ,ιΕςιιιιιι
3078 1075 3252 1122 tamen
3284 1067 3406 1133 iste,
3440 1080 3596 1142 atque
3625 1073 3762 1128 lior-

2174 1155 2358 1212 reudis
2408 1155 2697 1212 suffocatur
2722 1157 3002 1227 angustiis.
3047 1159 3318 1215 Attentins
3353 1163 3496 1216 enim
3537 1164 3766 1221 fortasse

2174 1262 2334 1317 quam
2376 1257 2430 1301 ιιι
2461 1248 2586 1318 quid
2617 1249 2742 1304 mali
2771 1248 2915 1303 dicat
2939 1251 3183 1315 attendit,
3215 1263 3410 1322 praeter
3429 1253 3627 1312 Christi
3655 1261 3765 1313 sci-

2173 1337 2300 1392 licet
2325 1337 2650 1406 Baptismum
2677 1338 2812 1392 solvi
2837 1338 2890 1393 in
2913 1339 3144 1406 parvulis
3171 1343 3430 1413 originale
3453 1358 3756 1416 peccatum.

2175 1428 2434 1498 Denique,
2461 1438 2519 1483 ιιι
2546 1429 2881 1500 aliquatenus
2910 1430 2960 1484 in
2989 1431 3089 1486 hac
3117 1447 3280 1488 causa
3303 1435 3387 1488 vel
3413 1451 3535 1492 sero
3564 1439 3630 1492 ad
3663 1439 3768 1492 Ec.

2174 1518 2350 1573 clesite
2393 1518 2734 1574 Sacramenta
2773 1519 3062 1591 confugiat,
3115 1539 3133 1574 ι
3165 1523 3270 1577 Pro
3314 1523 3396 1579 his
3425 1541 3576 1594 sane,
3615 1548 3633 1578 ι
3686 1531 3768 1584 itt-

2175 1608 2310 1678 quil,
2343 1627 2362 1660 ι
2396 1608 2694 1664 oblationes
2722 1609 2983 1676 assiduas,
3021 1621 3077 1665 e't
3114 1611 3383 1667 offerenda
3406 1615 3604 1686 jngiter
3637 1635 3766 1672 san-

2175 1707 2379 1755 ctorum
2406 1714 2603 1754 censeo
2627 1699 2884 1754 sacrificia
2907 1701 3264 1757 sacerdotum.
3298 1724 3317 1757 ι
3343 1705 3548 1762 Habeto
3576 1713 3764 1777 istum,

2173 1791 2219 1846 si
2268 1791 2461 1860 placet,
2510 1791 2671 1846 etiam
2702 1806 3006 1855 censorem,
3053 1793 3098 1848 si
3140 1811 3326 1865 parum
3369 1797 3541 1852 fuerat
3566 1797 3768 1856 ltahere

2173 1879 2470 1946 doctorem,
2515 1889 2573 1936 ut
2609 1881 2928 1937 sacrificium
2972 1885 3212 1954 corporis
3251 1886 3447 1942 Christi
3479 1890 3637 1944 etiam
3669 1909 3767 1959 pro

2175 1969 2260 2026 his
2295 1969 2512 2038 offeras,
2558 1973 2646 2041 qui
2692 1970 2906 2027 Christo
2943 1988 3048 2028 non
3089 1987 3211 2030 sunt
3257 1977 3596 2048 incorporati.
3629 1981 3768 2038 Item

2174 2061 2370 2132 quippe
2401 2070 2508 2116 tam
2551 2079 2764 2126 novam,
2807 2073 2967 2134 atque
3013 2081 3044 2118 a
3089 2065 3366 2137 disciplina
3405 2072 3770 2129 ecclesiastica

2175 2158 2229 2204 et
2255 2165 2284 2204 a
2313 2152 2492 2220 regula
2519 2151 2759 2207 veritatis
2787 2154 3037 2216 alienant,
3065 2170 3188 2210 cum
3221 2149 3372 2214 libris
3401 2163 3512 2216 suis
3541 2164 3769 2220 auderet

2175 2239 2432 2308 inserere,
2461 2257 2568 2296 non
2595 2244 2695 2306 ait,
2726 2243 2897 2309 Puto,
2931 2262 3036 2300 non
3067 2248 3162 2316 ait,
3191 2248 3482 2318 Existimo;
3515 2270 3621 2308 non
3657 2257 3756 2323 ait,

2177 2329 2452 2396 Arbitror;
2493 2346 2598 2386 non
2638 2333 2714 2386 ait
2751 2334 2962 2402 saltem,
2997 2336 3255 2407 Snggero,
3297 2341 3404 2405 vel,
3438 2342 3600 2408 Dico;
3644 2347 3770 2414 sed,

2181 2437 2200 2470 ι
2236 2435 2468 2476 censeo:
2499 2441 2518 2474 ι
2569 2431 2626 2477 ιιι
2651 2425 2855 2480 scilicet
2897 2427 2942 2480 si
2983 2427 3382 2486 ofl'enderemur
3406 2435 3641 2492 novitate
3667 2454 3774 2494 seu

2178 2514 2538 2582 perversitate
2581 2518 2862 2572 sententiae
2886 2559 2901 2584 ,
2949 2529 3272 2577 terreremur
3294 2529 3612 2584 auctoritate
3635 2545 3740 2585 ceu
3757 2561 3774 2574 ο

2174 2621 2334 2659 θυι-ιιι.
2366 2605 2585 2674 Ἥᾴθιίθ⁸
2616 2617 2706 2674 ιιι,
2751 2607 2935 2676 frater,
2975 2613 3243 2681 quomodo
3285 2617 3549 2674 sustinere
3591 2623 3773 2691 possis

2175 2695 2333 2751 istum
2366 2697 2383 2728 ²
2411 2696 2691 2754 docentem
2719 2702 2749 2754 ἰ
2789 2700 3049 2756 Catholici
3089 2712 3266 2759 tamen
3311 2707 3400 2778 qui
3443 2725 3630 2765 sanum
3673 2728 3771 2767 sa-

2175 2789 2329 2860 piunt
2354 2791 2680 2857 sacerdotes,
2729 2792 2922 2862 quibus
2947 2804 3002 2850 et
3042 2803 3092 2850 te
3122 2800 3595 2872 oportet'adjungi,
3625 2804 3772 2860 absit

2175 2889 2236 2934 ut
2262 2881 2602 2950 acquiescant
2629 2881 2791 2936 istum
2817 2884 3003 2940 audire
3029 2899 3361 2956 censentem,
3389 2908 3546 2960 quem
3589 2897 3770 2962 potius

2176 2978 2362 3041 optant
2389 2973 2794 3043 resipiscenlem
2823 2991 2886 3030 ac
2911 2977 3206 3044 dolentem,
3253 2989 3308 3035 et
3330 2984 3470 3052 quod
3511 2985 3610 3041 ista
3641 3003 3771 3044 seu-

2175 3062 2326 3127 serit,
2359 3061 2469 3117 imo
2501 3077 2632 3118 vero
2657 3066 2816 3118 etiam
2847 3067 3146 3136 scripserit,
3171 3074 3504 3130 correctione
3526 3077 3772 3133 saluber-

2175 3152 2308 3207 rima
2355 3154 2724 3222 paenitentem.
2775 3173 2796 3208 ι
2829 3155 2938 3212 Sed
2984 3157 3108 3224 hoc,
3146 3178 3166 3212 ι
3217 3161 3406 3231 inquit,
3453 3184 3472 3216 ι
3519 3171 3772 3240 exemplo

2175 3244 2600 3301 Macbabarorum
2623 3247 2674 3301 in
2695 3249 2878 3318 prtelio
2897 3248 3198 3306 cadentium
3226 3263 3409 3309 astruo
3437 3255 3770 3328 faciendum,

2175 3339 2266 3408 qui
2313 3354 2434 3394 cum
2483 3337 2666 3394 furtim
2707 3340 2776 3396 de
2813 3342 3110 3399 interdictis
3139 3345 3412 3402 auferrent
3437 3351 3481 3415 ³,
3523 3359 3685 3421 atque
3717 3355 3770 3409 in

2175 3429 2294 3500 ipso
2335 3429 2627 3485 certamine
2673 3431 3013 3499 cecidissent,
3061 3449 3090 3486 a
3145 3437 3531 3506 sacerdotibus,
3590 3460 3610 3493 ι
3667 3444 3769 3511 ait,

2179 3535 2202 3570 ι
2241 3519 2540 3575 invenimus
2567 3520 2670 3576 hoc
2709 3521 2896 3578 initum
2925 3523 3207 3580 consilium
3238 3525 3422 3592 fuisse,
3457 3539 3514 3583 ut
3538 3548 3770 3600 quorum

2175 3610 2383 3666 animas
2418 3627 2486 3666 ex
2532 3613 2697 3667 vetito
2726 3625 2904 3669 reatus
2945 3616 3328 3685 obstrinxerat,
3379 3624 3769 3681 sacrificiorum

2176 3701 2374 3758 oblatio
2413 3711 2684 3774 repararet
2715 3724 2736 3758 ι
2777 3706 2843 3776 (ll
2878 3707 3116 3764 Macltab.
3151 3727 3247 3778 xu,
3273 3714 3484 3787 59-46).
3511 3717 3586 3770 lla
3625 3718 3775 3776 istud

2177 3795 2325 3862 dicit,
2367 3795 2522 3866 quasi
2561 3812 2661 3869 pro
2700 3797 3086 3856 incircumcisis
3127 3803 3216 3858 illa
3245 3805 3420 3860 oblata
3461 3808 3650 3879 legerit
3675 3826 3771 3865 sa-

2177 3884 2374 3938 crificia
2398 3927 2414 3950 ,
2442 3885 2578 3940 sicut
2608 3887 2722 3943 tunc
2753 3901 2933 3944 nostra
2973 3907 3068 3961 pro
3101 3909 3207 3948 non
3237 3895 3517 3966 baptizatis
3557 3903 3771 3959 censuit

2177 3975 2468 4032 oﬂ'erenda.
2495 3976 2842 4036 Circumcisio
2871 3984 3069 4054 quippe
3099 3985 3195 4041 fuit
3225 3988 3366 4044 illius
3395 3995 3650 4062 temporis
3673 4011 3768 4050 sa.

2178 4079 2534 4137 cramentntn,
2567 4073 2708 4143 quod
2753 4075 3126 4146 prmfigurabat
3168 4082 3336 4136 nostri
3383 4086 3636 4154 temporis
3664 4087 3771 4142 Ba-

2180 4159 2456 4229 ptismum.

2249 4251 2478 4309 CAPUT
2505 4251 2622 4308 Xll.
2659 4281 2724 4306 —-.
2749 4255 2836 4310 16.
2877 4255 3256 4318 Verumtamen
3284 4263 3384 4320 iste
3428 4265 3479 4320 in
3506 4266 3585 4320 sui
3613 4283 3771 4322 com-

2183 4344 2460 4412 paratione
2489 4347 2662 4414 qualis
2690 4349 2954 4420 posterius
2989 4355 3252 4420 apparuit.
3295 4358 3620 4414 tolerabilius
3669 4361 3764 4414 ad-

2182 4432 2287 4488 huc
2310 4443 2476 4488 errat.
2520 4435 2650 4488 Nam
2677 4438 2820 4491 velut
2849 4441 3152 4506 ptrnituerit
3178 4459 3300 4498 eum
3328 4443 3471 4516 (non
3498 4449 3638 4518 quod
3669 4450 3766 4504 de-

2179 4522 2302 4578 buit
2322 4526 2603 4594 paenitere,
2635 4527 2684 4582 id
2712 4539 2811 4594 est,
2841 4531 2982 4600 quod
3010 4548 3170 4589 ausus
3201 4534 3353 4591 fuerit
3387 4553 3632 4595 asserere
3663 4560 3770 4596 non

2182 4614 2464 4686 baptizatis
2503 4619 2733 4674 relaxari
2773 4621 3029 4691 originale
3072 4635 3370 4694 peccatum,
3401 4639 3560 4698 atque
3590 4631 3770 4686 indul-

2179 4708 2412 4777 gentiam
2448 4708 2562 4764 dari
2591 4711 2830 4765 omnium
2872 4723 3232 4780 peccatorum,
3266 4728 3322 4770 ut
3348 4719 3398 4772 in
3439 4721 3770 4790 paradisum,

2182 4797 2288 4854 hoc
2309 4807 2412 4867 est,
2455 4801 2628 4856 locum
2661 4811 2820 4858 tantae
2849 4801 3116 4862 felicitatis
3144 4808 3439 4877 mittantur,
3487 4821 3542 4868 et
3580 4813 3769 4868 beatas

2181 4891 2487 4947 mansiones
2528 4892 2582 4946 in
2625 4893 2786 4948 domo
2816 4895 2985 4950 Patris
3013 4897 3211 4954 habere
3239 4902 3622 4970 mereantur);
3670 4906 3768 4958 sed

2182 4981 2312 5037 illud
2341 4997 2464 5037 eum
2499 4984 2675 5054 potius
2702 4986 3040 5053 pmnituerit,
3069 4988 3210 5058 quod
3241 4990 3320 5044 eis
3346 4994 3570 5046 minoris
3599 4993 3766 5046 beati-

2183 5074 2379 5130 tudinis
2405 5084 2554 5130 extra
2575 5090 2799 5146 regnum
2825 5078 3084 5133 cualorum
3101 5082 3429 5136 concesserit
3455 5082 3646 5148 sedes;
3676 5077 3777 5136 ad;

2175 5165 2374 5235 junxit,
2405 5174 2564 5236 atque
2590 5167 2664 5220 ait
2702 5185 2716 5218 :
2750 5185 2778 5218 ο
2797 5169 2902 5222 Ant
2929 5169 2973 5223 si
3006 5168 3144 5226 forte
3168 5172 3430 5241 quiSpiam
3461 5173 3768 5236 reluctetnr,

2182 5258 2399 5312 latronis
2420 5259 2611 5312 animas
2634 5260 2714 5315 vel
2747 5259 3042 5316 Dinocratis
3069 5263 3282 5317 interim
3311 5265 3632 5333 temporarie
3648 5269 3764 5318 col-

2183 5349 2342 5404 latum
2373 5349 2708 5418 paradisum;
2753 5366 2875 5405 nam
2919 5366 3204 5422 superesse
3236 5354 3338 5408 illis
3365 5354 3542 5410 adhuc
3583 5355 3633 5409 in
3674 5371 3764 5408 ru-

2180 5443 2512 5496 surrectione
2557 5443 2834 5511 prteminm
2895 5445 3043 5515 regni
3086 5445 3344 5500 caelorum
3399 5463 3412 5499 :
3467 5462 3769 5517 quanquam

2247 5539 2264 5566 ³
2301 5535 2374 5584 Sic
2395 5541 2502 5585 MSS.
2528 5541 2584 5584 Αι
2606 5535 2741 5594 editi,
2767 5537 2877 5586 ista.

2245 5598 2264 5628 ³
2299 5605 2363 5645 tta
2387 5599 2643 5660 scribimus
2661 5611 2724 5648 cx
2751 5598 3046 5648 editionibus
3068 5603 3141 5660 Fr.
3168 5598 3316 5660 tugtl.
3351 5605 3546 5648 ven..et
3577 5612 3637 5648 ex
3663 5600 3772 5650 ipso

2184 5670 2333 5707 sensu
2359 5659 2449 5706 loci
2490 5660 2640 5715 citati,
2662 5665 2693 5707 ll
2719 5661 2926 5710 alat-hab.
2955 5673 3048 5716 xu,
3074 5659 3154 5709 40.
3179 5659 3255 5708 sic
3282 5661 3428 5710 etiam
3459 5661 3770 5711 scribendum

2187 5717 2360 5830 cen‘set
2373 5719 2580 5828 Murre],
2613 5722 2846 5772 Element.
2891 5723 3049 5770 Ct'it'tc.
3077 5757 3091 5781 ,
3138 5733 3250 5785 pag.
3277 5723 3385 5773 5M.
3425 5729 3474 5772 tn
3497 5729 3582 5786 8.,
3626 5721 3772 5784 offer-

2187 5794 2270 5830 rcn
2295 5818 2306 5828 .
2416 5815 2428 5828 .

2187 5788 2306 5830 τεηι.
2373 5788 2428 5828 Μ.
