4034 6182
319 299 430 357 505

319 411 589 470 sententia
622 409 711 466 illa
737 407 1045 482 principalis
1070 405 1323 469 obsistat,
1353 403 1486 472 Quia
1515 401 1602 472 qui
1629 417 1727 454 non
1761 417 1910 453 rena-

326 513 414 558 tus
437 501 589 572 fuerit
609 518 672 557 ea:
696 517 830 573 aqua
861 509 908 554 et
937 499 1136 569 Spiritu
1165 505 1360 560 sancto,
1392 510 1494 548 non
1524 491 1729 546 intrabit
1755 491 1805 543 in
1835 506 1914 541 re-

316 610 477 664 gnum
493 579 733 647 caelorum
749 609 768 648 :
793 600 968 646 tamen
989 596 1168 644 teneat
1190 587 1349 641 etiam
1373 597 1548 638 meum
1567 583 1618 635 in
1641 580 1741 634 hac
1764 587 1914 650 parte

317 700 430 738 non
475 683 763 740 invidentis
791 695 1093 744 assensum,
1138 675 1299 731 modo
1337 671 1726 728 misericordia:
1774 685 1914 738 prte-

315 777 668 843 scientimque
685 772 880 828 divina:
895 780 948 826 et
965 769 1214 826 effectum
1233 782 1316 820 am
1326 761 1863 834 plificetetall'ectum.
1887 779 1908 812 ι

319 867 450 922 llaec
471 865 630 920 verba
658 865 711 917 in
735 861 972 917 secundo
995 860 1112 929 ejus
1132 858 1268 912 libro
1291 857 1426 910 lecta
1448 853 1728 922 descripsi.
1752 851 1916 906 Numt

315 957 446 1028 quid
465 957 516 1010 in
537 956 635 1009 hac
655 969 813 1009 causa
835 951 1034 1008 erroris
1053 949 1349 1011 audaciam,
1375 945 1752 1004 temeritatem.
1777 957 1914 1012 prte-

317 1047 678 1116 sumptionem
712 1043 910 1098 habere
929 1041 1188 1110 quiSpiam
1209 1048 1394 1107 posset
1414 1033 1766 1104 ampliorem?
1795 1033 1912 1104 Ipse

316 1136 642 1191 sententiam
682 1133 1004 1188 dominicam
1053 1127 1384 1191 recordatur,
1425 1126 1540 1196 ipse
1580 1138 1911 1178 commemo-

319 1237 441 1292 rat,
487 1228 602 1298 ipse
634 1227 745 1280 suis
784 1223 973 1280 litteris
1011 1221 1316 1290 interponit,
1351 1219 1464 1287 ipse
1503 1216 1649 1280 dicit,
1689 1235 1708 1267 ι
1743 1230 1912 1286 quan-

317 1335 477 1390 quam
509 1319 770 1372 sententia
796 1311 881 1370 illa
906 1311 1213 1384 principalis
1240 1311 1487 1376 obsistat,
1519 1308 1654 1376 Quia
1688 1308 1773 1376 qui
1805 1323 1909 1360 non

316 1422 524 1464 renatus
551 1410 702 1479 fuerit
727 1424 790 1462 ea:
814 1423 944 1477 aqua
967 1415 1014 1459 et
1043 1403 1244 1473 Spiritu
1263 1409 1460 1463 sancto,
1489 1416 1590 1454 non
1623 1397 1830 1452 intrabit
1857 1398 1910 1451 in

317 1519 531 1573 regnum
560 1501 836 1564 caelorum;
870 1517 888 1552 ι
937 1507 992 1552 et
1019 1495 1181 1550 audet
1206 1504 1382 1574 tamen
1411 1509 1522 1547 sua:
1559 1507 1801 1546 censurae
1835 1491 1912 1545 lc-

317 1608 448 1647 vare
475 1593 740 1648 cervicem
765 1600 951 1645 contra
980 1587 1298 1645 sententiam
1327 1583 1710 1654 principalem!
1745 1601 1763 1634 t
1800 1581 1906 1636 Τε-

319 1693 465 1751 neat,
510 1703 530 1736 δ
562 1682 750 1754 inquit.
785 1700 804 1733 t
838 1681 998 1736 etiam
1037 1692 1214 1733 meum
1257 1691 1364 1730 non
1410 1674 1697 1728 invidentis
1722 1688 1910 1726 assen-

319 1791 437 1831 sum
472 1794 486 1829 :
528 1794 546 1827 ι
577 1774 665 1844 qui
695 1772 825 1828 dicit
853 1772 1058 1824 animas
1087 1783 1191 1824 non
1221 1767 1605 1835 haptizatnrum
1637 1774 1907 1833 tempora-

318 1869 400 1924 rie
451 1867 644 1922 mereri
685 1864 1016 1936 paradisum;
1063 1870 1282 1932 propter
1319 1860 1416 1914 has
1443 1859 1607 1924 enim,
1647 1857 1908 1910 latronem

316 1969 479 2027 atque
510 1958 864 2018 Dinocratem,
889 1964 1139 2024 tanquam
1170 1947 1589 2022 przescribendo,
1619 1947 1700 2002 vel
1731 1947 1910 2016 potius

320 2049 719 2118 pra-.jntlicando
747 2051 1132 2100 commemorat
1161 2061 1176 2096 :
1209 2043 1260 2096 in
1301 2041 1691 2095 resurrectione
1730 2047 1906 2093 autem

319 2142 372 2196 in
419 2141 644 2194 meliora
692 2136 969 2193 transferri
1025 2145 1079 2190 et
1129 2135 1278 2204 rigui
1325 2133 1584 2188 calorum
1635 2129 1910 2199 percipere

317 2233 638 2302 pra-mium:
675 2247 694 2281 t
727 2242 1028 2298 quanquam
1053 2225 1336 2288 sententia,
1371 2242 1390 2274 ι
1427 2221 1617 2292 inquit,
1655 2238 1672 2272 t
1709 2219 1908 2288 princi-

319 2322 455 2392 palis
481 2321 724 2376 obsistat.
759 2338 780 2371 ι
818 2318 936 2372 Jam
963 2331 1092 2386 ergo
1124 2317 1237 2385 ipse
1271 2313 1548 2368 considera
1568 2352 1584 2376 ,
1626 2325 1808 2380 qumso
1834 2318 1906 2375 te,

319 2411 488 2466 frater
510 2453 526 2475 ,
571 2409 809 2480 quisquis
841 2407 1069 2476 cuipiam
1115 2404 1318 2475 pra-bet
1353 2417 1629 2457 assensum
1656 2399 1910 2455 adversus

317 2501 688 2556 auctoritatem
719 2499 999 2554 sententia:
1031 2495 1366 2566 principalis,
1401 2509 1560 2564 quam
1589 2491 1909 2546 sententiam

317 2594 614 2648 tuerebitur
636 2591 930 2663 principis?

395 2687 484 2742 t7.
523 2686 772 2742 Novellos
813 2684 1090 2740 hatreticos
1119 2681 1431 2752 Pelagianos
1455 2677 1754 2748 justissime
1780 2692 1910 2732 con-

273 2759 288 2773 ’
319 2779 566 2834 ciliorum
595 2778 974 2832 catholicorum
1003 2787 1056 2829 et
1085 2773 1242 2828 Sedis
1279 2771 1600 2841 Apostolic:e
1633 2771 1906 2824 damnavit

321 2871 628 2936 auctoritas,
673 2884 738 2926 eo
768 2869 908 2940 quod
945 2868 1058 2922 ausi
1101 2865 1299 2920 fuerint
1338 2879 1441 2917 non
1481 2862 1758 2931 baptizatis
1785 2876 1909 2930 par-

323 2965 457 3018 vulis
499 2964 629 3017 dare
683 2961 875 3031 quietis
927 2967 982 3016 et
1023 2959 1207 3012 Salutis
1251 2957 1464 3018 locum,
1505 2954 1664 3007 etiam
1716 2959 1911 3022 praeter

325 3069 546 3125 regnum
568 3053 845 3110 caelorum.
879 3050 1031 3119 Quod
1059 3049 1172 3104 ausi
1204 3064 1308 3102 non
1340 3047 1582 3110 fuissent,
1615 3043 1718 3098 nisi
1747 3058 1909 3114 nega-

323 3157 443 3203 rent
465 3161 562 3202 eos
595 3147 794 3200 habere
823 3143 1079 3213 originale
1107 3150 1402 3211 peccatum,
1432 3135 1573 3206 quod
1603 3148 1739 3206 opus
1767 3142 1912 3190 esset

323 3238 525 3293 absolvi
557 3253 651 3306 per
679 3236 1018 3305 Baptismatis
1043 3239 1456 3288 sacramentum.
1475 3228 1576 3282 Istc
1596 3235 1772 3280 autem
1795 3226 1907 3280 sic-

323 3341 379 3385 ut
414 3330 711 3386 catholicus
752 3327 901 3393 dicit,
933 3325 1180 3396 parvulos
1207 3321 1452 3393 originali
1485 3319 1769 3374 obstrictos
1789 3332 1910 3374 esse

325 3434 562 3494 pet-cato,
593 3431 649 3477 et
677 3432 850 3476 tamen
874 3435 968 3475 eos
1009 3419 1075 3472 ab
1115 3415 1416 3487 huiusmodi
1448 3414 1660 3468 vinculo
1685 3411 1802 3466 sine
1828 3411 1909 3464 la-

324 3529 483 3568 vacro
521 3512 941 3584 regenerationis
968 3508 1217 3572 absolvit,
1255 3515 1309 3562 et
1343 3513 1462 3575 post
1487 3514 1710 3558 mortem
1732 3501 1784 3555 in
1814 3515 1908 3570 pa-

324 3593 557 3660 radisum
589 3604 890 3658 misericors
915 3601 1104 3666 mittit;
1151 3609 1272 3668 post
1309 3595 1751 3652 resurrectionem
1783 3606 1910 3646 vero

323 3698 479 3750 etiam
525 3696 575 3748 in
603 3709 826 3764 regnum
863 3692 1121 3748 caelorum
1162 3687 1562 3744 misericordior
1601 3683 1906 3740 introducit.

322 3783 464 3842 Talis
493 3785 595 3840 sibi
619 3785 744 3840 Saitl
771 3784 1074 3838 misericors
1113 3781 1260 3836 visus
1283 3787 1384 3843 est,
1423 3776 1638 3848 quando
1673 3775 1912 3846 pepercit

322 3879 431 3948 regi
459 3892 618 3947 quem
658 3876 798 3931 Deus
837 3873 1086 3945 pra‘cepit
1111 3872 1280 3926 occidi
1323 3886 1337 3924 :
1383 3871 1477 3926 sed
1508 3870 1697 3924 merito
1727 3867 1910 3922 inobe-

323 3969 474 4022 diens
504 3965 870 4022 misericordia
895 4005 910 4028 ,
955 3964 1040 4020 vel
1068 3963 1375 4018 misericors
1419 3948 1772 4014 inobedientia
1817 3975 1910 4014 rea-

322 4062 544 4130 probata
589 4068 748 4127 atque
787 4057 1035 4112 damnata
1084 4064 1167 4111 est
1195 4053 1240 4126 (ι
1277 4051 1405 4124 Reg.
1440 4052 1528 4122 xv)
1577 4069 1591 4105 :
1638 4060 1695 4105 ut
1725 4059 1912 4105 caveat

326 4150 505 4215 homo,
537 4166 602 4204 ne
627 4151 695 4204 ab
727 4149 814 4202 illo
844 4147 1260 4203 misericordiam
1285 4153 1550 4200 mereatur
1581 4145 1759 4209 homo,
1781 4156 1910 4200 con-

325 4250 404 4296 tra
435 4243 552 4308 ejus
595 4241 916 4295 sententiam
947 4255 976 4294 a
1019 4256 1124 4308 quo
1155 4238 1322 4292 factus
1350 4246 1434 4292 est
1477 4236 1658 4290 homo.
1703 4236 1912 4290 Intonat

325 4349 420 4402 per
460 4349 522 4386 os
565 4333 762 4401 pr0prii
805 4333 1044 4402 Corporis
1087 4331 1332 4386 Veritas;
1371 4328 1434 4384 Si
1477 4329 1588 4397 quis
1615 4345 1714 4382 non
1758 4329 1910 4400 fuerit

324 4435 530 4477 renatus
576 4440 639 4476 ea:
681 4439 814 4494 aqua
843 4432 888 4476 et
919 4422 1138 4494 Spiritu,
1184 4437 1285 4474 non
1323 4429 1484 4490 potest
1519 4419 1722 4472 introire
1748 4419 1800 4471 in
1829 4434 1911 4472 re—

325 4533 479 4585 gnum
511 4514 602 4567 Dei
636 4513 810 4583 (Joun.
841 4529 917 4575 In.
942 4515 1019 4584 5).
1049 4517 1219 4582 Atque
1246 4525 1300 4566 ut
1321 4512 1387 4565 ab
1415 4512 1513 4566 hac
1533 4512 1794 4565 sententia
1816 4526 1910 4564 ex-

323 4617 510 4675 ceptos
553 4616 814 4676 martyres
851 4603 1028 4669 faciat,
1077 4603 1270 4672 quibus
1317 4602 1600 4672 contigerit
1640 4611 1763 4655 ante
1806 4616 1904 4670 pro

323 4696 521 4751 Christi
547 4697 762 4750 nomine
781 4695 970 4760 occidi,
991 4708 1148 4763 quam
1178 4693 1377 4748 Christi
1406 4691 1729 4761 Baptismate
1752 4690 1904 4757 dilui,

323 4787 450 4842 dicit
465 4789 571 4843 alio
591 4787 710 4842 loco
733 4803 745 4838 :
775 4785 872 4852 Qui
891 4783 1164 4857 perdiderit
1183 4784 1407 4836 animam
1421 4799 1565 4837 suam
1582 4791 1786 4853 prapter
1805 4798 1906 4846 me,

321 4881 534 4935 inveniet
558 4897 669 4934 eam
697 4879 908 4952 (Matth.
934 4895 989 4943 x,
1012 4877 1124 4949 59).
1151 4877 1217 4932 Et
1237 4894 1304 4932 ne
1327 4877 1572 4947 cuiquam
1590 4877 1682 4952 qui
1705 4891 1809 4930 non
1832 4892 1910 4930 re-

327 4981 484 5025 natus
511 4971 668 5026 fuerit
689 4970 992 5024 christiana:
1023 4969 1142 5024 lidei
1172 4970 1403 5032 lavacro,
1429 4947 1766 5038 promittatur
1791 4982 1911 5038 pec-

321 5061 424 5114 cati
453 5061 730 5130 originalis
753 5059 992 5123 abolitio,
1021 5059 1216 5114 clamat
1244 5057 1528 5126 Apostolus
1561 5074 1574 5109 :
1617 5057 1720 5111 Per
1753 5057 1911 5126 unius

322 5152 558 5206 delictum
578 5151 630 5204 in
651 5166 822 5205 omnes
842 5150 1066 5204 homines
1082 5149 1148 5202 ad
1165 5149 1628 5202 condemnationem
1650 5146 1831 5218 (Rom.
1851 5163 1902 5209 ν,

324 5243 434 5311 18).
447 5241 644 5296 Contra
657 5256 814 5312 quam
831 5241 1324 5295 condemnationem
1341 5239 1594 5294 Dominus
1609 5255 1770 5292 unum
1789 5255 1908 5293 esse

321 5333 611 5388 ostendens
653 5333 836 5388 salutis
875 5335 1128 5388 auxilium
1173 5351 1187 5387 :
1241 5333 1340 5402 Qui
1383 5333 1668 5399 crediderit,
1717 5333 1906 5403 inquit,

322 5433 365 5478 et
391 5425 691 5494 baptizatus
704 5425 857 5495 fuerit
883 5465 898 5487 ,
930 5425 1100 5479 salvus
1124 5427 1250 5490 erit;
1289 5425 1372 5494 qui
1400 5441 1514 5477 vero
1549 5441 1648 5478 non
1677 5424 1908 5478 credide-

322 5516 410 5582 rit,
435 5515 850 5571 candemnabitur
879 5517 1072 5588 (Marc.
1114 5533 1227 5580 xw,
1259 5518 1370 5587 16).
1401 5517 1564 5586 Cujus
1583 5512 1906 5588 mysterium

321 5607 651 5665 credulitatis
700 5611 752 5664 in
793 5611 1026 5680 parvulis
1076 5627 1170 5680 per
1210 5627 1394 5666 eorum
1431 5614 1830 5680 responsionem
1877 5631 1905 5666 a

323 5701 514 5770 quibus
541 5712 832 5773 gestantur,
857 5702 1144 5774 impletur;
1177 5719 1242 5759 ne
1281 5705 1324 5758 si
1369 5705 1559 5758 tactum
1593 5722 1697 5760 non
1727 5707 1902 5770 fuerit,

1639 280 1836 342 LIBER
1877 278 2253 344 SECUNDUS.

3502 297 3606 354 506

2024 411 2146 454 eant
2189 419 2250 455 ex
2284 417 2388 456 uno
2430 417 2616 458 omnes
2663 405 2711 459 in
2743 400 3240 464 eondemnatiancm
3311 407 3380 464 Et
3419 409 3600 469 tamen

2019 505 2204 547 contra
2250 503 2354 548 tam
2401 496 2706 551 manifestas
2737 514 2913 560 voces,
2958 516 3088 568 quas
3115 503 3348 556 concinit
3377 505 3602 565 veritas.

2022 586 2259 653 procedit
2303 587 2354 640 in
2399 588 2632 666 medium
2671 591 2838 660 magis
2877 607 3065 646 vecors
3112 609 3266 662 quam
3298 599 3606 652 misericors

2019 680 2225 734 vanitas
2249 721 2263 746 ,
2292 689 2347 735 et
2373 681 2502 737 dicit
2534 700 2548 736 :
2575 682 2692 737 Non
2731 683 2901 738 solum
2937 700 3042 738 non
3067 697 3192 740 euut
3224 687 3276 740 in
3307 687 3605 743 damnatio-

2022 786 2142 826 nem
2191 775 2416 842 parvuli,
2463 776 2564 830 etsi
2598 776 2800 831 nullum
2841 792 2932 831 eos
2970 777 3276 833 christiana:
3307 781 3426 836 lidei
3459 783 3606 835 lava-

2019 876 2169 916 crum
2215 878 2244 916 a
2287 865 2498 920 vinculo
2537 867 2808 936 originalis
2852 868 3050 937 peccati
3095 870 3382 935 absolvat;
3417 888 3601 928 verum

2017 952 2176 1006 etiam
2225 953 2475 1010 felicitate
2518 957 2744 1024 paradisi
2790 967 2910 1026 post
2955 967 3180 1012 mortem
3231 961 3438 1015 interim
3481 978 3603 1032 per-

2017 1040 2264 1098 fruuntur
2286 1086 2302 1110 ,
2335 1054 2454 1114 post
2481 1048 2930 1102 resurrectionem
2960 1064 3088 1103 vero
3118 1052 3276 1104 etiam
3309 1054 3454 1122 regni
3485 1067 3601 1110 cte-

2017 1135 2186 1189 lorntn
2217 1137 2532 1204 :felicitalem
2574 1139 2941 1208 possidebunt.
2991 1142 3116 1197 llaec
3145 1143 3246 1196 iste
3284 1153 3466 1200 contra
3505 1162 3602 1201 ca-

2018 1225 2265 1280 tholicam
2299 1229 2717 1284 fundatissimam
2761 1231 2918 1286 fidem
2951 1233 2967 1264 ¹
3001 1235 3254 1304 numquid
3285 1235 3464 1290 dicere
3503 1251 3599 1290 au-

2015 1318 2184 1380 deret,
2229 1319 2274 1372 si
2313 1321 2661 1389 quzrstionem
2707 1323 3015 1379 solvendam
3061 1325 3129 1380 de
3171 1327 3361 1380 anima:
3391 1324 3598 1399 origine

2015 1410 2155 1464 vires
2183 1425 2306 1464 suas
2332 1412 2675 1468 excedentem
2705 1416 2977 1485 suscipere
2999 1432 3104 1470 non
3131 1419 3392 1474 auderet?

2085 1500 2311 1556 CAPUT
2339 1501 2552 1560 Xlll.—
2580 1505 2666 1559 18.
2701 1506 2990 1562 llorrendis
3015 1517 3098 1563 est
3125 1511 3265 1564 enim
3292 1522 3596 1569 coarctatus

2012 1593 2270 1662 atigustiis
2310 1595 2376 1648 ab
2401 1595 2479 1650 eis
2501 1595 2589 1665 qui
2615 1597 2831 1661 dicunt,
2871 1617 2888 1649 ι
2912 1597 3020 1654 Cur
3052 1599 3192 1655 Deus
3221 1603 3452 1657 animam
3489 1617 3595 1660 tam

2011 1684 2208 1754 injusta
2250 1685 2713 1743 animadversione
2741 1689 3014 1744 muletavit
3033 1733 3046 1757 ,
3077 1701 3133 1747 ut
3171 1691 3223 1746 in
3251 1709 3445 1764 corpus
3473 1712 3593 1752 eam

2013 1776 2217 1844 peccati
2257 1777 2496 1847 relegare
2527 1780 2754 1834 voluerit
2778 1797 2794 1847 ;
2819 1796 2942 1836 cum
2968 1785 3238 1839 consortio
3267 1787 3442 1840 carnis
3470 1805 3599 1857 pec-

2011 1868 2177 1922 catrix
2207 1883 2327 1924 esse
2356 1870 2572 1939 incipit,
2595 1887 2714 1941 qua:
2743 1874 3004 1942 peccatrix
3025 1890 3146 1930 esse
3184 1892 3288 1930 non
3325 1881 3528 1948 potuit?
3565 1898 3586 1934 ι

2017 1960 2204 2031 Utique
2229 1961 2370 2017 enim
2405 1963 2613 2030 dicunt,
2650 1965 2802 2019 tNon
2835 1968 3005 2036 potuit
3045 1970 3221 2025 anima
3247 1986 3367 2028 esse
3403 1979 3559 2044 pecea
3580 2004 3595 2016 -

2014 2053 2137 2117 trix,
2156 2052 2259 2106 nisi
2289 2068 2406 2108 eam
2431 2054 2570 2109 Dens
2591 2057 2891 2113 miscuisset
2913 2060 3090 2114 carnis
3105 2064 3372 2116 consortio
3401 2080 3594 2135 pecca-

2014 2143 2222 2198 tricis.»
2257 2144 2369 2214 Qua
2407 2161 2536 2216 ergo
2561 2146 2764 2216 justitia
2806 2148 2858 2203 id
2899 2148 3086 2205 fecerit
3124 2153 3300 2221 Deus,
3341 2169 3462 2210 cum
3493 2169 3595 2213 iste

2013 2236 2256 2291 invenire
2297 2251 2404 2291 non
2435 2248 2614 2307 posset
2643 2255 2658 2306 ;
2699 2241 2936 2295 maxime
2980 2251 3196 2312 propter
3223 2254 3477 2300 aeternam
3503 2247 3598 2300 da-

2014 2330 2340 2384 mnationem
2355 2331 2694 2386 morientium
2714 2333 3074 2401 parvulorum,
3093 2337 3284 2406 quibus
3307 2353 3410 2393 non
3427 2339 3598 2408 bapti-

2013 2421 2145 2476 zatis
2189 2422 2464 2491 expiatum
2507 2438 2612 2478 non
2653 2421 2812 2479 fuerit
2848 2426 3105 2496 originale
3141 2439 3416 2496 peccatum
3457 2448 3598 2486 :cnr

2015 2512 2194 2582 itaque
2241 2513 2383 2570 Deus
2414 2515 2592 2584 justus
2611 2524 2674 2571 .et
2712 2517 2918 2582 bonus,
2971 2521 3310 2589 parvulorum
3354 2522 3594 2586 animas,

1930 2655 1933 2658 _
2012 2603 2203 2674 quibus
2224 2607 2492 2676 praescivit
2518 2623 2625 2662 non
2667 2609 3047 2665 subventurum
3077 2611 3380 2666 christianm
3410 2615 3598 2683 gratia;

2011 2694 2444 2764 Sacramentum,
2468 2699 2536 2752 ab
2554 2699 2700 2752 omni
2730 2714 2866 2754 noxa
2893 2701 3198 2770 propaginis
3221 2701 3440 2768 liberas,
3467 2705 3593 2758 mit-

2014 2786 2174 2841 tendo
2207 2785 2260 2842 in
2289 2801 2482 2858 corpus
2502 2789 2644 2858 quod
2667 2806 2734 2844 ex
2763 2790 2933 2845 Adam
2961 2791 3202 2856 trahitur,
3221 2793 3435 2848 vinculo
3461 2811 3589 2862 pec-

2008 2876 2114 2932 cati
2129 2877 2396 2949 originalis
2410 2878 2775 2948 obstrinxerit,
2789 2888 2946 2952 atque
2963 2881 3066 2936 isto
3078 2881 3236 2936 modo
3250 2897 3366 2938 reas
3377 2891 3596 2940 auertite

2011 2971 2366 3026 damnationis
2391 2971 2657 3039 effecerit,
2683 2987 2804 3028 cum
2835 2974 3074 3029 invenire
3109 2991 3216 3028 non
3246 2983 3456 3044 posset;
3497 2992 3595 3032 nec

2011 3064 2178 3119 vellet
2197 3063 2376 3120 dicere
2395 3065 2554 3120 etiam
2583 3065 2728 3136 ipsas
2753 3081 2818 3121 ex
2843 3066 2931 3122 illa
2955 3055 3060 3120 una
3087 3067 3350 3137 originem
3384 3067 3597 3124 trahere

2011 3154 2397 3226 peccatricem:
2426 3156 2612 3210 maluit
2631 3173 2728 3227 per
2749 3157 3077 3228 naufragium
3105 3159 3406 3215 miserabile
3423 3163 3592 3220 exire.

2011 3266 2169 3321 quam
2199 3251 2538 3318 temerarium
2553 3266 2768 3308 cursum
2788 3253 2920 3309 velis
2937 3253 3210 3323 depositis,
3229 3265 3282 3310 et
3302 3255 3464 3311 remis
3485 3271 3596 3311 sese

2011 3341 2384 3410 diSpntationis
2411 3343 2669 3410 inhibitis,
2700 3345 2915 3414 provida
2945 3345 3329 3402 deliberatione
3357 3345 3589 3401 frenare.

2012 3434 2178 3492 Viluit
2217 3438 2414 3506 quippe
2448 3439 2628 3508 juveni
2666 3437 2848 3491 senilis
2890 3447 3070 3494 nostra
3113 3439 3412 3504 cunctatio,
3439 3440 3590 3507 quasi

2013 3529 2140 3584 huic
2173 3529 2566 3600 molestissima:
2585 3543 2649 3584 ac
2677 3528 3140 3598 periculosissime
3164 3529 3443 3600 quzestioni
3472 3543 3591 3582 ma-

2011 3623 2092 3692 gis
2117 3621 2274 3676 fuerit
2298 3621 2528 3692 impetus
2555 3621 2910 3690 eloquentiae,
2949 3633 3108 3690 quam
3147 3619 3432 3674 consilium
3461 3634 3594 3688 prn-

2011 3713 2206 3768 dentize
2232 3713 2614 3768 necessarium.
2651 3713 2718 3767 Et
2743 3710 2983 3782 praevidit
3013 3709 3116 3764 hoc
3141 3709 3300 3763 etiam
3328 3709 3470 3777 ipse,
3498 3709 3594 3762 sed

2014 3807 2228 3862 frustra.
2251 3805 2384 3860 Nam
2405 3805 2520 3860 haec
2539 3804 2639 3860 sibi
2667 3803 2812 3859 velut
2837 3802 2905 3858 ab
2929 3799 3250 3856 adversariis
3286 3799 3592 3869 propositu-

2013 3915 2104 3956 rus
2126 3900 2364 3969 objecta,
2399 3917 2419 3952 t
2447 3897 2527 3954 Ex
2568 3898 2693 3954 hinc
2719 3897 2850 3961 alia,
2875 3914 2894 3948 ι
2929 3895 3131 3964 inquit,
3172 3910 3192 3943 ι
3215 3891 3594 3946 substruuntur

2013 3993 2297 4065 opprobria
2322 3993 2562 4062 querulis
2587 3987 3095 4048 murmurationibus
3114 3983 3510 4057 oblatrantium.
3537 3991 3593 4036 et

1983 4109 1990 4117 κ
2013 4087 2222 4144 excussi
2248 4085 2399 4156 quasi
2427 4084 2655 4154 quodam
2677 4082 2904 4146 turbine,
2935 4078 3222 4134 identidem
3245 4078 3382 4130 inter
3403 4075 3593 4129 imma-

2015 4179 2099 4232 nia
2129 4192 2254 4232 saxa
2281 4175 2600 4230 collidimur.
2623 4191 2642 4224 ο
2669 4173 2762 4228 His
2780 4170 3050 4241 praedictis
3065 4168 3410 4238 quasstionem
3431 4181 3590 4235 supra

2015 4269 2208 4324 dictam
2235 4263 2718 4335 scopulosis-simam
2739 4261 2838 4316 sibi
2863 4259 3160 4330 proposuit,
3192 4258 3279 4312 ubi
3305 4272 3333 4312 a
3367 4257 3472 4312 (ide
3497 4273 3590 4311 ca-

2017 4361 2207 4415 tholica
2251 4357 2608 4426 nauiragavit,
2658 4355 2758 4409 nisi
2797 4352 3045 4408 refecerit
3095 4349 3401 4422 ptenitcndo
3449 4350 3592 4420 quod

1997 4451 2191 4526 fregit.
2221 4451 2372 4504 lllmn
2401 4463 2500 4514 ego
2529 4449 2548 4480 ¹
2577 4448 2843 4502 turbinem
2869 4454 3025 4515 atque
3047 4445 3134 4498 illa
3161 4460 3287 4508 saxa
3313 4443 3554 4528 devitans
3573 4481 3590 4508 ,

2017 4559 2200 4596 navem
2228 4541 2329 4594 illis
2349 4539 2680 4594 committere
2707 4537 2850 4592 nolui
2873 4555 2888 4594 :
2910 4547 2964 4592 et
2983 4539 3049 4592 de
3080 4537 3179 4591 hac
3203 4551 3262 4591 re
3289 4537 3357 4590 ita
3384 4536 3593 4602 scrips‘,

2015 4642 2073 4686 ut
2101 4631 2358 4686 rationem
2396 4631 2568 4700 potius
2604 4629 2960 4684 cunctationis
2991 4643 3154 4692 uncae,
3185 4641 3344 4697 quam
3378 4627 3594 4679 temeri-

2014 4731 2180 4778 tatem
2224 4720 2654 4791 praesumptionis
2697 4719 3033 4774 ostenderem
3076 4717 3214 4789 (Lib.
3253 4718 3286 4771 5
3325 4716 3388 4768 de
3415 4713 3593 4768 Libero

2015 4817 2255 4880 Arbitrio,
2285 4833 2336 4870 η.
2360 4815 2562 4880 59-62;
2587 4815 2674 4869 lib.
2695 4814 2732 4869 2
2749 4814 2814 4868 de
2841 4812 3170 4868 Peccatorum
3190 4811 3406 4874 Meritis,
3426 4827 3478 4863 η.
3503 4809 3595 4873 59';

2016 4910 2162 4979 epist.
2211 4908 2336 4972 166,
2383 4909 2450 4962 ad
2479 4907 2879 4978 Hieronymum,
2921 4915 2972 4960 et
3018 4904 3153 4970 190,
3183 4905 3250 4957 ad
3292 4902 3594 4974 Optatum).

2013 4986 2166 5072 Quod
2218 5003 2530 5073 opusculum
2579 5017 2754 5056 meum
2795 5016 2915 5055 cum
2968 4994 3108 5068 apud
3159 5005 3210 5052 te
3256 4997 3546 5052 invenisset
3575 5034 3592 5060 ,

2015 5095 2210 5162 irrisit,
2242 5109 2406 5164 seque
2436 5095 2539 5150 illis
2565 5093 2808 5148 cautibus
2843 5091 3165 5146 animosiorc
3207 5090 3404 5158 impetu
3435 5102 3594 5160 quam

2015 5188 2339 5244 cousultlore
2367 5187 2651 5263 commisit.
2680 5184 2785 5240 Sed
2823 5200 2928 5252 quo
2968 5197 3091 5236 eum
3133 5179 3459 5252 prmlidentia
3496 5182 3594 5236 ista

2015 5279 2356 5352 perduxerit,
2387 5286 2516 5348 puto
2541 5275 2682 5347 quod
2721 5291 2862 5330 nunc
2901 5273 3082 5328 videas
3121 5292 3134 5328 :
3175 5274 3387 5328 uberius
3417 5284 3594 5328 anteit

2014 5369 2116 5443 ago
2142 5375 2251 5428 Deo
2282 5371 2512 5442 gratias,
2535 5369 2578 5424 si
2612 5376 2669 5422 et
2703 5377 2857 5422 antea
2884 5367 2995 5437 jam
3026 5365 3263 5421 videbas.
3295 5365 3425 5420 Cum
3455 5381 3596 5420 eum:

2015 5467 2180 5521 nollet
2199 5463 2447 5519 cohibere
2479 5461 2800 5531 prmcipitem
2822 5475 3060 5523 cursum,
3083 5467 3299 5529 propter
3314 5462 3589 5520 ancipitem

2015 5573 2326 5617 excursum,
2356 5553 2710 5608 miserabilem
2755 5551 2954 5606 invenit
2999 5552 3298 5614 incursum,
3349 5561 3590 5603 asserens

2083 5676 2096 5702 ι
2138 5669 2265 5731 Apud
2289 5663 2417 5731 tm.)
2446 5665 2942 5730 fundatisaimamque.

2080 5735 2098 5764 ²
2134 5729 2270 5792 mliti,
2296 5729 2434 5782 illum
2455 5743 2589 5793 ergo.
