4010 6186
388 233 490 295 507

391 348 558 404 Deum
575 345 807 416 parvulis
827 342 940 398 sine
953 339 1236 396 christiana
1267 337 1666 417 regeneratione
1680 334 1966 398 defunctis,

389 449 443 494 et
473 437 631 492 modo
666 433 964 505 paradisum
985 471 1000 496 ,
1025 439 1078 485 et
1107 440 1292 500 postea
1333 444 1551 500 regnum
1585 427 1828 482 conferre
1856 441 1972 480 caa-

397 531 593 584 lorum.

323 679 328 707 .
462 635 684 694 CAPUT
709 632 848 690 XIV.
869 661 942 674 —-—
981 631 1067 687 I9.
1091 629 1486 700 Scripturarum
1518 643 1646 684 vero
1673 625 1975 683 testimonia

322 723 328 736 '
393 742 739 802 quaecumque
762 725 955 796 posuit,
980 723 1168 794 quibus
1194 724 1400 776 animas
1429 721 1595 775 Deum
1618 735 1724 774 non
1750 734 1814 774 ex
1833 717 1978 772 illius

391 821 576 890 prima:
617 816 906 888 prOpagine
945 813 1232 877 attrahere,
1270 811 1364 867 sed
1395 811 1530 866 sicut
1553 811 1720 881 ipsam
1751 809 1976 877 primam

387 923 512 962 snas
539 908 836 978 quibusque
861 903 1086 975 singulis
1118 900 1412 969 iusufﬂare,
1443 901 1586 956 velut
1631 901 1857 970 probare
1883 913 1976 989 co-I-

388 1005 544 1052 natus
570 1007 670 1062 est,
699 995 770 1050 ita
795 1003 936 1059 sunt,
956 993 1096 1064 quod
1117 992 1184 1047 ad
1213 993 1365 1046 istam
1397 992 1742 1062 quaestionem
1764 991 1976 1056 attinet,

389 1090 589 1144 incerta
621 1099 675 1142 et
695 1088 973 1156 ambigua,
1006 1086 1242 1139 utetiam
1269 1085 1424 1139 aliter
1441 1085 1608 1154 accipi
1630 1127 1646 1150 ,
1678 1099 1835 1153 quam
1866 1085 1981 1152 ipse

390 1180 536 1241 vult,
583 1177 831 1232 facillime
871 1175 1094 1245 possint.
1127 1173 1278 1242 Quod
1309 1173 1420 1245 jam
1469 1174 1525 1228 in
1561 1189 1626 1229 eo
1657 1174 1793 1228 libro
1821 1187 1980 1242 quem

390 1268 578 1338 scripsi
605 1267 671 1321 ad
699 1267 926 1321 amicum
946 1275 1207 1330 nostrum,
1237 1264 1388 1334 cujus
1413 1263 1978 1319 commemorationem

392 1358 639 1426 Superius
671 1357 799 1420 feci,
830 1355 989 1417 satis,
1021 1365 1274 1424 quantum
1307 1353 1586 1420 existimo,
1617 1351 1978 1407 demonstravi

393 1449 612 1519 (Supra,
635 1449 720 1501 lib.
757 1448 808 1512 I,
834 1465 887 1500 η.
919 1446 984 1501 I7
1005 1445 1142 1515 sqq.)
1167 1445 1492 1499 Testimonia
1515 1445 1710 1515 quippe
1734 1444 1844 1513 ipsa
1863 1457 1982 1513 qua:

397 1539 656 1602 adhibuit,
683 1537 769 1590 ubi
803 1538 995 1604 legitur
1017 1536 1158 1590 Dens
1185 1536 1390 1590 animas
1407 1535 1487 1590 vel
1510 1534 1658 1599 dare,
1676 1533 1760 1587 vel
1786 1534 1980 1596 facere,

393 1631 476 1686 vel
507 1631 734 1698 ﬁngere;
767 1629 904 1683 unde.
931 1628 1045 1682 illas
1067 1627 1177 1687 det,
1206 1627 1288 1682 vel
1315 1627 1452 1682 unde
1480 1627 1635 1682 faciat
1659 1627 1774 1681 sive
1797 1625 1980 1696 ﬁngat,

395 1739 499 1776 non
527 1721 848 1783 ostendunt;
885 1732 1060 1774 utrum
1093 1735 1154 1774 ex
1185 1720 1473 1790 propagine
1506 1719 1648 1774 illius
1677 1719 1886 1788 primae,
1916 1735 1983 1772 an

396 1812 720 1868 insufllando
742 1814 876 1866 sicut
910 1813 1050 1866 illam
1083 1811 1328 1878 primam.
1360 1810 1462 1865 Iste
1482 1821 1657 1866 autem
1686 1827 1752 1866 ex
1779 1827 1846 1866 eo
1871 1812 1984 1879 ipso

395 1905 535 1974 quod
566 1907 760 1974 legitur
789 1905 996 1958 animas
1025 1906 1161 1958 Deus
1191 1903 1352 1965 dare,
1383 1903 1493 1959 sive
1512 1903 1705 1967 facere,
1739 1903 1852 1980 siyc
1884 1903 1984 1957 Iin-

371 1994 692 2066 ogereusai.
720 2009 844 2058 aut,
874 1995 925 2057 ii;
956 2011 1082 2059 Lvn,
1113 1983 1196 2058 Ili,
1229 2005 1275 2048 et
1291 1993 1450 2048 Zach.
1481 2011 1579 2059 xu,
1616 1995 1684 2065 I),
1709 1995 1814 2057 jam
1841 2003 1987 2064 putat

397 2089 693 2142 animarum
735 2096 976 2155 negatam
1017 2103 1136 2142 esse
1183 2087 1524 2157 propaginem
1581 2103 1594 2139 :
1639 2103 1762 2141 eum
1817 2089 1982 2150 Deus,

398 2179 584 2232 eadem
613 2179 880 2248 Scriptura
912 2187 1064 2245 teste,
1097 2180 1256 2232 etiam
1279 2194 1501 2249 corpora
1529 2177 1638 2242 det,
1671 2179 1784 2234 sive
1809 2179 1982 2243 faciat,

401 2271 512 2324 sive
537 2271 714 2338 ﬁngat,
749 2285 866 2339 quze.
897 2279 1070 2324 tamen
1103 2270 1168 2324 ab
1203 2269 1294 2323 illo
1316 2285 1380 2324 ex
1418 2270 1706 2339 propagine
1730 2270 1986 2324 seminis‘

403 2359 516 2413 dari
536 2401 548 2422 ,
579 2361 714 2423 fieri,
737 2360 880 2428 fingi,
903 2375 1058 2412 nemo
1087 2359 1326 2428 ambigit.

473 2450 564 2504 20.
603 2451 728 2504 Item
757 2450 897 2520 quod
923 2451 1174 2520 scriptum
1205 2461 1286 2506 est
1305 2493 1319 2517 ,
1349 2467 1411 2506 ea;
1430 2468 1530 2505 uno
1552 2454 1798 2522 sanguine
1819 2453 1986 2506 Deum

405 2540 593 2596 fecisse
619 2559 764 2594 omne
789 2558 943 2612 genus
971 2542 1231 2595 hominum
1255 2539 1390 2614 (Act.
1414 2558 1548 2608 xv",
1575 2543 1700 2613 ‘26);
1731 2543 1815 2597 vel
1844 2541 1988 2612 quod

406 2631 481 2684 ait
526 2631 720 2691 Adam.
758 2630 871 2684 Hoc
915 2649 1046 2684 nunc
1089 2649 1144 2685 os
1187 2648 1250 2685 ea:
1277 2631 1470 2686 assibus
1498 2633 1648 2696 meis,
1687 2643 1733 2685 et
1775 2649 1892 2687 caro
1931 2633 1994 2687 de

407 2737 560 2774 carne
597 2720 890 2790 mea.(Gen.
921 2737 986 2784 ιι,
1017 2720 1109 2794 25)
1140 2738 1153 2774 :
1187 2723 1309 2791 quia
1339 2738 1509 2792 neque
1543 2723 1610 2776 ibi
1647 2723 1844 2776 dictum
1872 2731 1988 2787 est,

413 2812 488 2866 Ex
518 2829 622 2868 una
665 2813 875 2878 anima;
922 2829 1090 2883 neque
1133 2813 1248 2880 hic,
1293 2811 1481 2868 Anima
1522 2813 1588 2869 de
1629 2815 1804 2868 anima
1841 2830 1990 2880 mea;

409 2915 557 2974 putat
586 2907 765 2976 negari
797 2903 1002 2960 animas
1029 2906 1253 2960 ﬁliorum
1286 2921 1350 2961 ex
1381 2905 1708 2976 parentibus,
1741 2905 1824 2960 vel
1851 2906 1992 2960 illius

413 2998 650 3052 mulieris
677 3015 740 3051 ex
772 2977 920 3050 viro:
949 2997 1098 3066 quasi
1118 3011 1240 3050 vero
1267 2997 1308 3050 si
1339 3012 1466 3059 non,
1499 3013 1561 3051 ex
1589 3012 1688 3050 uno
1715 2996 1992 3065 sanguine,

413 3086 528 3151 sed,
561 3087 634 3140 Ex
669 3103 768 3142 una
793 3088 966 3140 anima
995 3087 1280 3152 (liceretur,
1312 3086 1451 3140 aliud
1481 3103 1637 3156 quam
1668 3095 1808 3141 totus
1835 3089 1996 3140 homo

413 3179 818 3247 intelligeretur,
852 3193 949 3232 nec
977 3179 1214 3247 Corporis
1247 3169 1884 3248 propagatio'negarctur.
1909 3178 1996 3232 Sic

413 3268 570 3322 e'iam
617 3267 660 3322 si
697 3268 893 3321 dictqu
925 3275 1094 3331 esset,
1142 3268 1332 3321 Anima
1375 3267 1441 3321 de
1487 3267 1662 3321 anima
1703 3283 1847 3331 mea;
1889 3283 1994 3320 non

413 3359 594 3427 utique
622 3365 902 3424 negaretur
925 3373 1078 3414 caro.
1108 3374 1264 3426 quam
1294 3357 1361 3412 de
1396 3358 1487 3412 illo
1507 3347 1809 3425 caetuptam
1832 3357 1996 3411 fuisse

416 3449 714 3502 constabat.
753 3449 792 3501 Δ
827 3457 974 3517 parte
1013 3449 1152 3502 enim
1187 3455 1386 3510 totum,
1427 3447 1565 3502 sic-tt
1609 3449 1767 3500 etiam
1813 3462 1840 3500 a
1883 3455 1996 3501 toto

417 3547 618 3606 partem
651 3538 962 3608 plerumque
991 3536 1262 3606 Scriptura
1303 3536 1580 3606 signiﬁcat.
1609 3537 1739 3591 Nam
1779 3545 1924 3592 certe
1951 3536 1997 3592 si

413 3645 520 3683 non
541 3671 554 3694 ,
584 3645 646 3683 ea:
669 3645 768 3682 uno
795 3630 1066 3700 sanguine,
1097 3629 1211 3693 sed,
1243 3629 1318 3683 Ex
1349 3645 1457 3684 uno
1484 3629 1698 3684 homine
1717 3673 1731 3695 ,
1758 3631 1848 3685 illo
1877 3631 1998 3686 loco

413 3719 667 3788 scriptum
694 3727 854 3785 esset,
887 3721 1182 3774 institutum
1203 3735 1319 3774 esse
1336 3736 1502 3790 genus
1519 3721 1829 3790 Iunnanum,
1853 3723 1996 3778 unde

414 3809 513 3863 iste
541 3809 782 3864 adhibuit
809 3810 1198 3874 testimonium,
1233 3825 1340 3864 non
1381 3809 1751 3880 pra'judicaret
1772 3813 1886 3866 istis
1906 3814 1995 3883 qui

412 3907 608 3968 negant
660 3900 954 3954 animarum
1004 3900 1381 3970 propaginem;
1423 3903 1664 3971 quamvis
1719 3919 1824 3958 non
1874 3901 1987 3960 so'la

412 3993 617 4054 anima,
651 4007 748 4046 nec
790 3991 900 4046 sola
949 4006 1104 4058 caro,
1137 3991 1228 4046 sed
1253 3999 1535 4062 utrumque
1563 3994 1631 4047 sit
1673 3993 1854 4048 homo.
1887 3995 1995 4050 lle-

415 4081 741 4152 sponderent
761 4082 900 4136 enim
923 4097 952 4136 a
977 4090 1088 4135 toto
1118 4091 1343 4152 partem,
1372 4082 1421 4136 id
1445 4091 1545 4148 est,
1569 4083 1635 4139 ab
1667 4085 1884 4141 homine
1905 4102 1995 4141 so-

414 4176 518 4230 lam
541 4175 771 4229 hominis
790 4191 1028 4241 carnem,
1059 4176 1388 4246 Scripturam
1410 4177 1707 4248 signiﬁcare
1736 4179 1992 4248 potuisse.

413 4266 503 4320 Sic
527 4281 652 4336 ergo
685 4273 739 4319 et
777 4267 810 4320 ii
847 4267 937 4336 qni
969 4267 1261 4323 defendunt
1297 4269 1590 4323 animarum
1618 4271 1988 4340 propaginem,

415 4357 542 4412 illud
565 4359 703 4426 quod
726 4357 922 4411 dictum
951 4368 1053 4423 est,
1077 4375 1140 4412 ea:
1158 4376 1257 4413 uno
1275 4361 1540 4430 sanguine,
1564 4375 1658 4430 per
1683 4362 1994 4430 sanguinem

419 4447 620 4499 Scilicet
648 4445 914 4502 hominem
937 4489 950 4508 ,
985 4448 1034 4501 id
1066 4457 1165 4513 est,
1200 4463 1229 4502 a
1257 4458 1404 4518 parte
1439 4459 1606 4503 totum
1645 4450 1994 4518 signiﬁcatum

415 4551 534 4591 esse
556 4535 900 4590 ceutendunt.
923 4537 1070 4592 Sicut
1098 4540 1238 4592 enim
1269 4537 1476 4594 videtur
1505 4540 1828 4609 illosjuvarc
1851 4541 1995 4609 quod

417 4625 614 4680 dictqu
644 4633 744 4691 est,
776 4642 838 4680 ea:
864 4643 964 4680 uno
993 4629 1268 4698 sanguine,
1307 4643 1408 4683 nec
1435 4629 1633 4684 dictum
1658 4640 1759 4692 est,
1787 4632 1860 4686 Ex
1890 4648 1996 4685 uno

423 4719 638 4772 homine
667 4735 680 4770 :
715 4717 790 4772 sic
818 4717 1024 4773 videtur
1045 4729 1096 4772 et
1122 4720 1250 4773 istos
1284 4719 1471 4788 juvare
1503 4721 1641 4789 quod
1672 4721 1868 4776 dictum
1891 4732 1992 4784 est,

423 4809 520 4863 l’er
549 4826 703 4862 mmm
747 4808 997 4864 hominem
1028 4820 1281 4879 percolunt
1308 4812 1512 4864 intrarit
1549 4812 1601 4864 in
1642 4812 1918 4874 mundum,
1949 4823 1997 4867 cl

415 4917 502 4966 per
528 4907 784 4975 peccatum
810 4915 974 4962 mors;
1000 4911 1045 4953 et
1067 4902 1134 4952 ita
1161 4900 1212 4952 in
1237 4917 1408 4954 omnes
1435 4901 1659 4956 homines
1683 4904 1994 4972 pertransiit,

413 4992 462 5041 in
482 5008 576 5058 quo
599 5007 767 5043 omnes
789 5002 1111 5061 peccaverunt
1139 4990 1313 5063 (Rom.
1337 5009 1392 5057 v,
1418 4993 1527 5066 19);
1553 5010 1650 5050 nec
1673 4997 1870 5050 dictum
1893 5006 1992 5062 est,

415 5081 468 5132 lu
497 5097 600 5146 quo
631 5081 864 5135 OlllIlllIm
893 5097 1016 5135 caro
1055 5083 1308 5149 peccavit.
1341 5081 1578 5154 Itemque
1604 5087 1740 5140 sicut
1776 5085 1896 5140 illos
1920 5086 1995 5138 vi-

415 5170 570 5223 detur
590 5171 775 5237 juvare
799 5171 941 5240 quod
972 5171 1168 5226 dictum
1189 5182 1309 5240 est,
1347 5173 1455 5228 Hoc
1477 5191 1608 5227 nunc
1636 5191 1692 5228 os
1718 5191 1781 5228 ea:
1803 5174 1998 5228 ossibus

417 5257 536 5312 uicis
555 5301 570 5322 ,
599 5270 645 5314 et
684 5277 802 5314 caro
840 5261 904 5315 de
931 5278 1083 5316 carne
1109 5279 1254 5328 mea;
1287 5265 1406 5331 quia
1438 5281 1559 5334 pars
1584 5274 1668 5319 est
1687 5263 1829 5319 dicta
1848 5306 1864 5329 ,
1891 5279 1996 5318 non

417 5360 580 5402 tt‘otnm
613 5366 628 5403 :
661 5367 738 5406 sic
773 5351 960 5406 iterum
987 5355 1117 5408 istos
1137 5397 1151 5420 ,
1175 5357 1314 5424 quod
1342 5357 1409 5409 ibi
1440 5357 1692 5412 continuo
1716 5357 1957 5428 sequitur
1977 5398 1993 5426 ,

421 5448 544 5496 llwc
573 5444 826 5497 conititur
851 5451 1046 5510 Μαίη-ν,
1071 5449 1308 5516 quoniam
1334 5449 1397 5502 de
1422 5451 1524 5502 riro
1555 5469 1644 5505 suo
1672 5460 1872 5518 sumpta
1901 5460 1992 5506 est.

472 5617 488 5648 ι
524 5625 699 5666 tnnncs
723 5624 852 5676 Mss,
877 5632 940 5668 ω·
962 5621 1214 5684 ριόρ;ις;ἑι.ἱ
1229 5639 1236 5664 ε
1256 5623 1446 5674 semine.

1240 222 1328 284 DE
1367 225 1576 282 ANIMA
1616 224 1705 280 ET
1746 219 1907 279 Ι·ιέΰὸ
1945 219 2244 284 ORIGINE,
2285 223 2342 278 S.
2383 219 2756 281 AUGUSTINI

3551 221 3654 278 508

2085 335 2274 390 Debuit
2303 337 2443 392 enim
2473 337 2575 394 dici
2599 381 2613 404 ,
2644 339 2822 401 aiunt,
2854 338 3113 408 Quoniam
3155 336 3224 392 de
3261 336 3374 390 viro
3410 349 3506 388 suo
3535 350 3661 390 caro

2081 427 2196 498 ejus
2219 437 2428 500 smnpta
2451 440 2565 498 est;
2602 431 2648 486 si
2679 447 2781 485 non
2814 440 2919 486 tom
2943 430 3154 495 mulier,
3187 428 3238 483 id
3266 439 3366 491 est,
3395 443 3514 482 cum
3538 444 3660 481 aut-

2082 535 2198 583 ma,
2229 521 2324 577 sed
2363 523 2476 576 sola
2504 537 2630 578 caro
2667 533 2972 578 sumeretur
3001 538 3065 577 cx
3102 523 3236 577 viro.
3282 521 3448 575 Porro
3478 531 3654 574 autem

2083 615 2322 682 utrisque
2351 613 2574 680 auditis,
2596 613 2684 684 qui
2711 613 2824 668 sine
2857 614 3031 668 studio
3074 613 3302 683 partium
3325 611 3527 680 judicat
3545 651 3560 674 ,
3587 611 3671 663 vi~

2081 704 2449 774 det'profecto,
2481 720 2578 760 nec
2607 713 2791 760 contra
2813 705 2942 758 istos
2965 705 3054 774 qui
3086 703 3425 774 propaginem
3459 702 3663 754 anima-

2084 809 2202 848 rum
2223 793 2513 848 defendunt
2532 793 2845 863 proferenda
2865 795 2954 848 illa
2977 795 3276 849 testimonia
3303 793 3390 847 ubi
3421 809 3542 862 pars
3571 808 3667 846 uo-

2084 886 2346 952 minatur;
2369 886 2490 955 quia
2512 887 2686 956 potuit
2711 886 2980 956 Scriptura
3003 886 3302 954 signiﬁcare
3323 886 3431 941 illic
3455 901 3484 940 a
3515 898 3665 954 parte

2088 985 2288 1042 totum,
2333 975 2470 1031 sicut
2507 975 2720 1032 Verbum
2753 993 2872 1030 cura
2902 977 3096 1045 factum
3123 985 3196 1030 est
3238 975 3416 1046 (Joan.
3444 993 3478 1039 ι,
3519 978 3588 1030 Η
3619 978 3660 1046 ),

2083 1082 2206 1122 cum
2237 1067 2488 1138 legimus,
2526 1085 2628 1122 non
2657 1068 2838 1139 utique
2879 1083 3096 1124 carnem
3127 1069 3332 1133 solam,
3370 1069 3465 1124 sed
3496 1069 3668 1124 homi-

2086 1172 2208 1212 nem
2239 1167 2406 1212 totum
2433 1159 2812 1228 intelligimus:
2855 1175 2954 1214 nec
2979 1168 3158 1214 contra
3196 1161 3314 1215 illos
3343 1161 3434 1229 qui
3477 1175 3669 1230 prOpa-

2083 1248 2263 1319 gincm
2293 1249 2590 1304 animarum
2621 1251 2920 1315 destruunt,
2945 1249 3044 1305 ista
3075 1251 3410 1320 proferenda,
3444 1252 3532 1306 ubi
3561 1269 3667 1307 non

2085 1355 2209 1410 pars
2240 1339 2488 1406 hominis,
2524 1340 2617 1394 sed
2645 1348 2812 1396 totum
2835 1335 3314 1405 commemoratur;
3347 1343 3468 1412 quia
3499 1343 3668 1410 potuit

2087 1431 2156 1484 ibi
2178 1431 2450 1500 Scriptum
2472 1448 2499 1482 a
2531 1439 2644 1484 toto
2676 1439 2876 1501 partem
2899 1431 3218 1502 signiﬁcare,
3243 1433 3377 1487 sicut
3400 1435 3666 1502 sepultum

2087 1521 2403 1576 conﬁtemur
2425 1521 2694 1576 Christum
2719 1563 2738 1590 ,
2761 1537 2882 1577 cum
2911 1523 3026 1592 ejus
3054 1537 3178 1578 caro
3209 1525 3320 1578 sola
3346 1525 3554 1595 sepulta
3575 1526 3666 1580 sit.

2087 1611 2165 1664 Ac
2191 1626 2286 1680 per
2304 1610 2404 1665 hoc
2420 1612 2762 1682 propaginem
2781 1613 3078 1666 animarum
3098 1627 3196 1667 nec.
3215 1623 3416 1670 temere
3429 1623 3672 1671 astruen-

2088 1699 2230 1766 dam,
2270 1717 2370 1756 nec
2399 1711 2596 1756 temere
2619 1701 2990 1757 destruendam
3012 1702 3236 1758 dicimus
3270 1705 3396 1760 :sed
3417 1706 3672 1762 admone-

2090 1807 2207 1847 mus
2225 1835 2240 1859 ,
2281 1794 2382 1847 alia
2411 1795 2711 1850 testimonia
2739 1809 2862 1850 esse
2899 1796 3211 1866 qumrenda,
3238 1813 3356 1868 qua)
3383 1813 3488 1853 non
3519 1799 3668 1854 inve-

2093 1884 2301 1936 niantur
2328 1885 2602 1953 ambigua.

2159 1972 2384 2029 CAPUT
2414 1972 2530 2029 XV.
2564 2004 2636 2016 —
2657 1973 2747 2028 2|.
2773 1974 3128 2041 Quamobrem
3155 2018 3167 2041 ,
3200 1978 3324 2048 quid
3355 1987 3406 2034 te
3433 1978 3531 2035 iste
3567 1981 3672 2035 do-

2090 2064 2276 2129 cuerit,
2311 2076 2361 2118 ct
2398 2063 2535 2118 unde
2567 2067 2766 2135 gratias
2799 2067 3004 2136 egeris,
3044 2067 3276 2122 nondum
3317 2071 3450 2126 scio.
3492 2071 3671 2128 Manet

2089 2156 2284 2226 quippe
2337 2157 2422 2210 illa
2459 2159 2683 2226 quzestio
2717 2159 2858 2213 sicut
2895 2168 3042 2226 erat,
3086 2160 3138 2213 in
3183 2177 3282 2231 qua
3318 2163 3575 2249 quarritar
3605 2165 3676 2220 de

2091 2249 2385 2301 animarum
2421 2249 2657 2319 origine,
2707 2258 2880 2304 utrum
2930 2250 3048 2305 illas
3103 2252 3242 2306 Dens
3281 2269 3345 2307 ex
3385 2257 3674 2326 propagine

2094 2341 2233 2395 illius
2259 2342 2446 2405 unius,
2483 2358 2640 2411 quam
2679 2343 2852 2412 primo
2900 2341 3188 2398 insufﬁavit
3237 2343 3472 2411 homini;
3509 2363 3577 2401 an
3606 2365 3676 2404 ex

2093 2429 2218 2484 ﬂatu
2251 2446 2366 2494 suo,
2401 2433 2536 2486 sicut
2573 2433 2742 2502 primo
2777 2431 3002 2497 homini,
3031 2432 3140 2498 del,
3172 2433 3350 2499 faciat,
3380 2434 3544 2506 ﬁngat
3573 2437 3674 2492 ho-

2095 2523 2355 2589 minibus,
2380 2539 2510 2592 quas
2537 2542 2658 2578 enin
2683 2527 2842 2588 dare.
2873 2526 3048 2582 facere.
3067 2568 3084 2592 ,
3119 2527 3316 2598 ﬁngere
3335 2569 3350 2592 ,
3377 2530 3508 2585 ﬁdes
3527 2531 3676 2586 chri-

2093 2616 2262 2668 stiana
2287 2632 2390 2668 non
2413 2616 2640 2672 dubitat.
2657 2618 2822 2687 Quam
2842 2621 3190 2690 quzestioncm
3210 2619 3307 2674 iste
3327 2637 3446 2676 cum
3462 2625 3680 2681 solvere

2093 2714 2408 2772 conaretur,
2438 2722 2538 2761 nec
2567 2710 2705 2764 vires
2738 2726 2862 2764 suas
2896 2713 3222 2781 intueretur,
3255 2711 3534 2770 destruens
3561 2719 3676 2770 ani-

2097 2812 2302 2851 marum
2344 2801 2682 2869 propaginem
2710 2842 2724 2866 ,
2756 2810 2811 2857 et
2842 2817 3088 2860 asserens
3118 2823 3208 2861 eas
3243 2824 3402 2877 puras
3433 2809 3501 2862 ab
3529 2811 3676 2864 (uniti

2096 2882 2411 2959 eontagionc
2439 2891 2660 2959 peccati,
2692 2909 2794 2946 non
2825 2893 2892 2948 de
2919 2896 3102 2962 nihilo,
3134 2897 3228 2953 sed
3264 2899 3332 2954 de
3363 2913 3422 2953 sc
3446 2899 3561 2967 ipso
3590 2901 3676 2952 in-

2097 2981 2310 3036 sul'ﬁare
2337 2984 2672 3061 Creatorem,
2710 2994 2766 3039 et
2795 2997 3034 3041 naturam
3076 2990 3164 3043 Dei
3194 2991 3554 3045 mutabilitatis
3580 3007 3679 3058 op-

2100 3071 2332 3143 probrio,
2369 3076 2508 3145 quod
2538 3092 2756 3134 necesse
2783 3095 2887 3132 non
2920 3079 3111 3144 fuerat,
3142 3083 3445 3146 infamavit;
3468 3093 3522 3138 et
3549 3084 3674 3136 dum

2098 3168 2204 3222 vult
2235 3169 2456 3224 reddere
2491 3171 2786 3237 rationem,
2813 3187 2877 3226 ue
2907 3173 3324 3229 Deus.crcdatnr
3345 3175 3602 3244 injustas,
3630 3173 3676 3228 si

2099 3275 2258 3328 puras
2279 3261 2346 3314 ab
2375 3260 2520 3315 omni
2549 3273 2766 3330 peccato
2795 3264 3030 3330 animas,
3049 3269 3208 3320 etiam
3243 3267 3358 3321 illas
3382 3281 3514 3337 quas
3535 3267 3680 3321 chri-

2100 3350 2269 3404 stiana
2310 3353 2714 3420 regeneratione
2750 3369 2854 3407 non
2891 3356 3105 3410 redimit
3145 3359 3186 3421 ί,
3219 3359 3430 3413 vinculo
3475 3361 3678 3430 peccati

2099 3442 2366 3511 originalis
2388 3443 2628 3510 innectit,
2654 3459 2715 3499 ea
2743 3444 2873 3499 dixit
2893 3461 3008 3516 quae
3037 3455 3088 3501 te
3107 3449 3508 3504 nolodocncrit.
3537 3451 3679 3504 Tan-

2101 3541 2208 3586 tum
2240 3533 2382 3588 enim
2410 3533 2596 3590 salutis
2615 3545 2669 3589 et
2699 3535 2963 3591 felicitatis
2990 3552 3094 3590 non
3127 3539 3402 3607 baptizatis
3445 3541 3678 3610 parvulis

2101 3623 2302 3686 tribuit,
2326 3635 2578 3692 qumtnm
2609 3641 2708 3680 nec
2735 3625 3013 3696 Pelagiana
3043 3627 3264 3682 hmresis
3285 3630 3472 3699 potuit.
3505 3631 3567 3685 Et
3592 3639 3674 3684 ta—

2099 3729 2219 3767 men
2251 3713 2319 3768 de
2362 3723 2437 3768 tot
2467 3715 2700 3769 millibus
2747 3717 3088 3786 parvulorum
3113 3758 3129 3782 ,
3159 3721 3582 3789 quimascunlur
3609 3737 3676 3776 ex

2100 3804 2296 3873 impiis,
2342 3815 2396 3859 et
2421 3805 2558 3859 inter
2589 3806 2780 3876 impios
2807 3808 3124 3875 moriuntur,
3154 3827 3258 3864 non
3289 3813 3482 3881 quibus
3509 3813 3677 3867 homi-

2099 3911 2195 3948 nes
2231 3911 2323 3966 per
2353 3895 2675 3964 Baptismum
2695 3939 2708 3960 ,
2738 3912 2858 3952 cum
2901 3899 3089 3966 velint,
3117 3901 3401 3957 subvenire
3427 3919 3530 3958 non
3548 3919 3676 3973 pos-

2098 3997 2240 4054 sunt,
2269 3987 2362 4042 sed
2383 3987 2656 4056 dequibns
2686 3989 3012 4059 baptizandis
3039 4008 3194 4046 nemo
3221 3995 3390 4061 potuit
3410 3995 3494 4049 vel
3521 4005 3672 4063 pote-

2099 4081 2168 4133 rit
2190 4081 2447 4148 cogitare;
2475 4095 2573 4135 nec
2587 4082 2862 4152 quisquam
2883 4097 2980 4152 pro
2998 4084 3075 4139 eis
3093 4084 3283 4139 obtulit
3306 4087 3386 4141 vel
3405 4087 3676 4142 oblaturus

2099 4181 2181 4226 est
2209 4172 2523 4226 sacriﬁcium
2543 4212 2560 4238 ,
2599 4174 2742 4242 quod
2783 4174 2882 4230 iste
2907 4176 3065 4230 etiam
3093 4192 3188 4246 pro
3217 4179 3371 4233 nobis
3397 4179 3678 4248 baptizatis

2098 4263 2306 4317 censuit
2351 4263 2678 4319 offerendum
2733 4266 2776 4332 ’,
2807 4267 2932 4336 quid
2967 4267 3171 4324 diceret
3203 4285 3308 4322 non
3347 4269 3562 4327 invenit.
3599 4271 3679 4326 De

2100 4352 2290 4421 quibus
2317 4353 2360 4406 si
2387 4351 2545 4408 fuerit
2573 4354 2948 4426 interrogatus,
2975 4371 3162 4412 eorum
3192 4359 3382 4414 anima:
3406 4361 3530 4432 quid
3566 4377 3680 4416 me-

2100 4446 2334 4510 ruerint,
2365 4453 2422 4500 ut
2459 4445 2574 4500 illas
2600 4445 2742 4502 Deus
2777 4462 2877 4502 nec
2913 4449 3201 4505 abluendas
3235 4451 3536 4522 Baptismo,
3581 4469 3680 4508 nec

2101 4535 2388 4605 expiandas
2418 4533 2616 4592 Christi
2645 4539 2885 4608 corporis
2913 4547 2968 4594 et
2994 4541 3266 4611 sanguinis
3303 4542 3598 4609 sacriﬁcio,
3626 4551 3682 4597 et

2103 4625 2154 4678 in
2175 4636 2430 4680 :eternum
2458 4627 2786 4684 damnandas
2810 4629 2957 4686 carni
2993 4630 3191 4687 inserat
3213 4635 3490 4700 peccatrici
3516 4634 3558 4698 ³;
3589 4644 3679 4688 aut

2100 4719 2316 4770 omnino
2344 4717 2582 4782 haerebit,
2608 4728 2660 4773 et
2685 4721 2733 4775 ci
2758 4732 2934 4775 nostra
2963 4725 3228 4777 cunctatio
3256 4725 3334 4778 vel
3367 4741 3488 4780 sero
3513 4727 3683 4795 plaee-

2101 4809 2176 4862 bit
2201 4851 2216 4872 ,
2261 4818 2351 4862 aut
2390 4811 2545 4863 simul
2573 4825 2667 4879 pro
2703 4813 2952 4867 omnibus
2983 4816 3247 4882 parvulis,
3286 4818 3372 4884 qui
3415 4826 3524 4870 toto
3545 4819 3683 4872 orbe

2101 4909 2360 4954 terrarth
2379 4900 2493 4954 sine
2525 4901 2816 4956 christiano
2844 4903 3164 4973 Baptismate
3185 4907 3498 4968 moriuntur,
3521 4909 3682 4962 etiam

2100 5006 2284 5044 eorum
2317 4992 2620 5045 nominibus
2639 4993 2845 5060 tacitis,
2871 4993 3120 5064 quoniam
3151 5000 3460 5050 nesciuntur
3491 4997 3543 5050 in
3578 4997 3680 5050 Ec-

2100 5083 2261 5137 clesia
2295 5082 2525 5150 Christi,
2555 5099 2658 5138 non
2693 5085 3041 5156 incorporatis
3069 5089 3282 5156 corpori
3301 5087 3516 5151 Christi,
3547 5089 3680 5142 olfe-

2103 5174 2325 5227 rendmn
2357 5189 2550 5244 corpus
2575 5175 2771 5230 Christi
2789 5192 2910 5232 esse
2934 5177 3195 5232 censebit.

2171 5262 2395 5320 CAPUT
2424 5265 2560 5320 XVI.
2583 5295 2654 5306 —
2675 5265 2765 5318 ‘22.
2795 5267 2949 5321 Absit
2981 5284 3011 5320 a
3042 5277 3121 5332 te,
3147 5267 3338 5332 frater,
3364 5279 3426 5322 ut
3455 5267 3568 5321 lure
3590 5267 3680 5322 tibi

2165 5379 2180 5410 ¹
2217 5381 2288 5429 sic
2318 5380 2655 5429 Germanensis
2673 5379 2826 5430 codex
2853 5387 2905 5430 et
2929 5381 3209 5429 Victorinus.
3237 5381 3372 5438 mliti,
3399 5381 3620 5430 redeunt.

2163 5441 2184 5470 ί
2219 5448 2317 5505 Am.
2345 5447 2417 5505 Er.
2445 5449 2492 5489 et
2509 5439 2740 5505 plerique
2784 5449 2887 5490 Mss.
2909 5479 2922 5502 ,
2948 5440 3092 5491 etiam
3131 5455 3220 5504 pro
3255 5455 3347 5491 non
3386 5439 3681 5505 baptizwidi:

2101 5501 2618 5570 censuit_o/_ﬂ»_rer_tdiun.
2660 5501 2672 5504 ’
2883 5561 2893 5570 _
2911 5501 2915 5502 “
2940 5560 2950 5570 ⁸
3131 5501 3166 5570 '_
3422 5562 3434 5570 _
3448 5501 3480 5570 '_
3625 5569 3628 5570 ν
3665 5559 3674 5570 ε

2167 5565 2186 5594 ³
2226 5563 2400 5633 uclgjt-i
2442 5565 2538 5633 duo
2576 5571 2676 5610 MSS.
2699 5597 2714 5620 ,
2755 5561 2893 5612 carni
2931 5561 3184 5615 inseruerit
3219 5562 3495 5628 peccatrici.
3533 5561 3678 5614 Nostri

2103 5638 2297 5684 omnes,
2334 5631 2497 5676 insert!
2530 5635 2814 5687 :corruptc.
