4034 6182
317 223 425 285 509

315 343 596 414 placeant,
628 340 768 399 absit
797 354 852 400 ιιι
888 344 986 399 ista
1015 346 1091 399 vel
1124 343 1371 400 didicisse
1401 344 1664 415 gaudeas,
1694 347 1775 400 vel
1813 346 1910 398 do—

314 449 438 490 cere
454 449 750 504 prmsumas
780 452 794 489 :
818 435 1052 506 alioquin
1081 435 1236 505 longe
1263 435 1452 490 melior
1479 435 1776 489 invenietur
1796 435 1911 502 ipse

311 540 474 594 quam
536 535 610 581 tu.
654 525 790 597 Quia
821 526 874 580 in
919 526 1140 582 exordio
1183 525 1335 595 primi
1371 528 1452 580 sui
1505 525 1626 580 libri
1668 524 1910 580 modeste

311 626 474 686 atque
493 615 766 672 humiliter
789 617 1112 686 praelocutus
1138 626 1238 682 est,
1255 617 1441 673 dicens
1465 631 1486 673 ί
1510 615 1671 672 «Cum
1697 617 1786 671 tibi
1811 629 1908 686 pa-

310 719 435 759 rcre
455 705 725 768 desidero,
759 714 942 762 notam
979 708 1410 777 prmsumptionis
1449 707 1664 762 incurro
1711 707 1750 760 ί.
1789 726 1810 760 ι
1841 708 1912 764 Et

311 795 472 862 paulo
499 803 618 864 post
643 813 657 850 :
693 815 712 848 ι
733 797 1227 868 Quandoquidem,»
1259 797 1446 867 inquit,
1473 815 1492 850 ι
1521 813 1622 854 nec
1638 797 1765 852 mihi
1793 797 1914 870 ipse

309 884 413 938 sim
434 885 705 950 credulus,
727 901 788 942 ea
816 902 936 957 qure
956 887 1143 944 dixero
1173 903 1330 958 posse
1355 888 1567 958 probari
1595 905 1612 955 ;
1635 889 1910 946 studeam-

311 989 418 1044 que
444 991 659 1044 semper
695 977 858 1032 etiam
895 979 1162 1048 propriam
1193 981 1512 1034 sententiam
1543 995 1648 1035 non
1679 981 1835 1045 tueri,
1861 981 1906 1036 si

309 1065 683 1134 inprobabilis
709 1067 1017 1137 delegatur;
1049 1077 1106 1124 et
1131 1069 1202 1123 sit
1225 1069 1352 1124 mihi
1373 1070 1544 1134 cordi,
1573 1073 1791 1140 proprio
1812 1071 1903 1142 ju-

203 1207 212 1224 ,
306 1153 451 1209 dicio
473 1154 758 1222 damnato,
783 1157 1004 1211 meliora
1027 1158 1196 1228 magis
1223 1166 1278 1214 et
1299 1175 1418 1229 qum
1447 1160 1554 1214 sint
1580 1161 1788 1216 veriora
1812 1177 1904 1218 se-

305 1247 462 1300 ctari.
485 1246 618 1300 Nam
641 1259 698 1302 ut
724 1258 808 1305 est
834 1251 1018 1318 optimi
1040 1252 1296 1320 propositi
1331 1252 1691 1324 laudandique
1714 1255 1897 1310 consi-

304 1338 393 1401 lii,
418 1337 574 1393 facile
597 1339 665 1393 ad
698 1340 907 1395 veriora
939 1341 1243 1408 transduci;
1273 1343 1344 1397 ita
1372 1344 1600 1410 improbi
1626 1344 1904 1399 obstinati~

303 1445 410 1493 que
441 1430 630 1498 judicii
659 1439 770 1498 est,
802 1433 942 1488 nolle
969 1435 1126 1488 citius
1160 1434 1227 1489 ad
1269 1437 1532 1491 tramitem
1573 1439 1796 1492 rationis
1823 1438 1904 1491 in-

305 1520 468 1576 ﬂecti.
508 1523 688 1586 illaec
725 1523 922 1594 quippe
961 1525 1050 1582 ille
1077 1526 1124 1582 si
1155 1529 1417 1582 veraciter
1441 1529 1606 1594 dixit,
1639 1541 1800 1601 atque
1843 1538 1902 1585 ut

256 1633 274 1645 -
304 1610 518 1664 locutus
541 1619 626 1667 est
652 1615 834 1680 sentit,
856 1629 1060 1684 magna:
1087 1617 1326 1686 profecto
1349 1621 1464 1688 spei
1483 1621 1718 1675 animum
1739 1623 1897 1692 gerit.

305 1699 434 1755 item
467 1701 521 1754 in
545 1703 647 1756 line
675 1703 794 1758 libri
823 1706 1044 1760 secundi
1069 1725 1084 1758 :
1105 1724 1124 1758 ι
1151 1707 1262 1763 Nec
1286 1717 1461 1778 putes,
1500 1728 1520 1762 ι
1555 1710 1744 1781 inquit,
1792 1729 1811 1762 ι
1831 1711 1896 1766 ad

303 1790 556 1846 invidiam
586 1801 728 1847 tuam
769 1793 989 1850 forsitan
1014 1797 1402 1864 revocandum,
1437 1801 1578 1870 quod
1619 1801 1668 1854 in
1699 1810 1784 1856 tua
1811 1800 1898 1856 di-

302 1893 514 1938 ctorum
533 1899 772 1939 meorum
793 1888 1112 1942 constituam
1137 1891 1691 1963 potestatejudicittm.
1723 1895 1800 1949 Ae
1827 1905 1895 1948 ne

301 1972 439 2028 forte
459 1975 772 2044 cujusquam
793 1979 986 2034 curiosi
1015 1979 1230 2036 lectoris
1254 1983 1492 2050 obtutus,
1535 1985 1675 2040 inter
1694 1986 1851 2043 illitas
1872 1989 1892 2020 ¹

301 2064 462 2120 ﬁbras
487 2067 872 2124 elementorum
921 2073 1140 2142 vestigia
1174 2077 1501 2131 remanentia
1523 2078 1812 2134 sollicitent
1841 2087 1895 2134 et

299 2155 602 2224 oll'endant,
649 2167 953 2214 contextam
998 2163 1206 2233 pagina:
1243 2167 1438 2222 seriem
1467 2169 1657 2238 pollice
1693 2185 1886 2226 severo

297 2246 543 2318 discerpe
571 2266 583 2301 :
611 2265 803 2320 meque
833 2251 990 2319 hujus
1009 2255 1278 2311 censionis
1301 2268 1542 2327 experte,
1571 2261 1716 2330 puni,
1750 2272 1893 2316 atra-

297 2348 480 2393 menta
507 2355 624 2409 quae
652 2341 863 2412 indigna
891 2343 1100 2415 eloquia
1127 2347 1471 2416 signaverunt
1504 2351 1546 2416 8;
1579 2367 1646 2406 ne
1672 2353 1770 2408 hac
1795 2368 1888 2408 oc-

295 2430 514 2486 casione
542 2441 596 2485 et
633 2441 774 2486 tuum
807 2448 928 2504 erga
975 2452 1060 2491 me
1093 2437 1384 2508 judicium,
1428 2457 1534 2509 quo
1572 2443 1700 2497 mihi
1723 2443 1888 2500 velte-

293 2530 509 2576 menter
545 2521 786 2593 indulges
809 2565 825 2590 ,
861 2533 916 2580 et
951 2541 1084 2582 mere
1121 2541 1241 2600 quae
1277 2523 1515 2587 latebant
1553 2533 1767 2604 ineptiae
1814 2535 1890 2590 rio
1929 2595 1936 2603 ,

293 2610 542 2666 deantur.
581 2631 602 2665 ι

359 2704 592 2762 CAPUT
629 2705 792 2764 XVII.
821 2739 893 2751 ——
917 2711 1007 2766 25.
1033 2711 1140 2767 isto
1172 2713 1332 2784 igitur
1359 2729 1480 2770 cum
1523 2716 1611 2774 ille
1637 2731 1764 2775 suos
1816 2719 1883 2773 li-L

288 2793 417 2851 bros
453 2805 508 2851 et
549 2797 699 2854 initio
725 2803 1155 2870 prmmunivcrit,
1185 2813 1238 2860 et
1267 2807 1495 2860 termino
1522 2809 1885 2864 communive-

289 2885 396 2950 rit,
431 2894 592 2956 atque
622 2889 725 2942 tuis
769 2889 1003 2947 humeris
1048 2893 1366 2964 imposuerit
1410 2911 1545 2950 onus
1571 2899 1880 2968 religiosum

287 2979 642 3032 correctionis
667 2989 721 3034 et
761 2983 1149 3040 emendationis
1177 3001 1286 3040 sure
1313 3003 1330 3042 :
1361 2987 1460 3043 hoc
1487 2989 1626 3058 apud
1656 3002 1708 3046 te
1730 2991 1880 3046 inve-

289 3067 400 3120 niat
424 3067 566 3136 quod
597 3069 815 3138 petivit,
854 3081 910 3126 ut
951 3075 1204 3131 emendes
1233 3091 1354 3132 eum
1379 3077 1553 3148 justus
1588 3080 1638 3133 in
1666 3081 1878 3135 miseri-

284 3159 464 3213 cordia
485 3201 500 3225 ,
535 3170 589 3215 et
615 3176 804 3233 arguas
834 3179 985 3230 eum;
1016 3167 1194 3221 oleum
1241 3179 1417 3224 autem
1445 3174 1745 3240 peccatoris
1772 3189 1880 3244 quo

287 3249 650 3320 impinguetur
685 3263 842 3324 caput
870 3255 985 3326 ejus
1014 3255 1187 3326 (Psal.
1216 3275 1320 3316 cxt.
1343 3303 1359 3326 ,
1407 3262 1504 3332 5),
1537 3264 1677 3318 absit
1701 3280 1729 3318 a
1761 3282 1877 3319 ma-

285 3345 440 3399 nibus
468 3354 627 3416 atque
667 3347 837 3402 oculis
880 3349 1018 3415 tuis,
1051 3351 1103 3405 id
1131 3361 1246 3419 est,
1292 3356 1583 3410 assentatio
1623 3356 1877 3414 indecens

345 3517 365 3585 ξ
400 3513 539 3585 editi,
564 3513 767 3585 incurri.
794 3525 896 3568 nuo
919 3526 1046 3580 Mss,
1068 3519 1283 3573 incurro.

343 3576 365 3606 °
398 3582 449 3623 In
473 3583 604 3634 5135.,
628 3576 840 3629 illicitas.

345 3637 368 3667 ³
401 3644 628 3706 amare,
649 3646 894 3706 (aper-tem
913 3640 1066 3706 pingi;
1091 3651 1142 3694 et
1164 3644 1308 3694 iidem
1323 3659 1431 3696 cum
1454 3653 1584 3706 Lov.,
1609 3652 1874 3702 ali-amento

281 3708 392 3775 qtae
409 3695 622 3775 indigno
633 3695 820 3775 elvjyuiu
841 3695 1250 3775 signi/iratorum.
1267 3695 1366 3775 uos
1381 3722 1442 3758 ex
1465 3695 1509 3772 pl
1519 3695 1870 3775 (siis-latentis",

279 3765 581 3832 utraptema;
605 3775 666 3810 ex
691 3765 1000 3832 GermanenSi
1024 3768 1210 3832 codice,
1249 3765 1571 3832 signaverunt.
1607 3765 1727 3822 'I’rcs
1760 3765 1869 3824 Mss:

279 3821 406 3896 apud
429 3826 537 3870 Lov.
561 3835 575 3870 :
600 3832 768 3896 [neque
787 3824 930 3896 hujus
953 3821 1458 3896 cettsiottisc.rﬁcrlcm
1474 3867 1487 3888 ,
1514 3821 1720 3896 puniant
1736 3821 1870 3886 ἀενᾶὲ

281 3887 436 3930 meum
458 3893 568 3943 qua:
592 3881 790 3946 indigna
807 3881 996 3948 eloquia
1019 3881 1428 3954 signi/icauérunt.
1475 3881 1554 3942 't't.

293 3997 1406 4032 Μ

1677 223 1878 286 ωηιξη
1917 221 2230 288 TERTIUS.

3501 249 3605 305 5M

2020 345 2282 402 adulantis
2307 388 2320 410 ,
2349 355 2403 402 et
2422 347 2726 419 deceptorio
2755 349 2992 405 lenitndo
3019 351 3360 411 blandientis.
3387 357 3537 425 Quod
3561 363 3608 416 si

2019 435 2309 492 emendare
2331 439 2551 509 negligis
2571 456 2692 494 cum
2712 442 2890 496 videas
2915 444 3329 512 emendandum,
3351 449 3608 506 adversus

2016 524 2330 580 charitatem
2357 527 2486 582 facis
2515 546 2528 582 :
2558 530 2603 584 si
2630 541 2805 586 autem
2834 533 2927 587 tibi
2965 535 3333 592 emendandus
3356 551 3605 609 prepter-

2015 629 2078 670 ea
2109 630 2212 671 non
2243 617 2483 684 videtur,
2533 622 2654 690 quia
2689 632 2843 692 putas
2871 639 2993 679 eum
3022 636 3166 682 recte
3207 627 3304 683 ista
3333 630 3606 694 sensisse;

2015 703 2274 762 adversus
2307 709 2586 766 veritatem
2627 716 2791 783 sapis.
2833 715 2910 770 Et
2953 716 3072 771 ideo
3117 719 3204 773 ille
3249 720 3465 786 melior,
3515 725 3605 794 qui

2013 798 2286 854 emendari
2327 813 2410 857 est
2454 805 2720 872 paratior,
2762 807 2806 860 si
2851 822 2954 862 non
3001 809 3226 866 defuerit
3268 814 3603 881 emendator,

2013 901 2170 957 quam
2200 897 2276 956 tu,
2294 891 2342 945 si
2369 893 2452 948 vel
2482 893 2659 950 sciens
2687 895 2967 952 irridenter
2979 902 3286 968 contemnis
3311 913 3599 980 errantem,

2011 978 2094 1034 vel
2138 980 2383 1035 nesciens
2426 985 2626 1052 pariter
2653 987 2876 1041 sectaris
2901 1003 3158 1044 errorem.
3201 991 3388 1046 Omnia
3423 978 3604 1064 itaque

2013 1067 2064 1122 in
2095 1068 2296 1123 eisdem
2345 1070 2493 1127 libris
2533 1074 2598 1126 ad
2646 1084 2698 1130 te
2741 1077 2954 1146 scriptis
2983 1087 3033 1133 et
3067 1081 3172 1142 tibi,
3187 1083 3394 1138 traditis
3421 1086 3604 1142 sobrie

2010 1157 2396 1228 vigilanterque
2419 1163 2697 1220 considera
2718 1206 2733 1230 ,
2763 1175 2818 1220 et
2859 1167 3006 1236 plura
3035 1185 3194 1239 quam
3225 1187 3325 1240 ego
3356 1175 3594 1232 invenies

2009 1245 2238 1303 fortasse
2259 1250 2542 1319 eulpanda.
2559 1255 2629 1310 Et
2648 1271 2996 1328 quatcumque
3021 1259 3089 1314 ibi
3119 1269 3243 1315 sunt
3264 1268 3601 1332 approbanda

2009 1345 2170 1408 atque
2195 1339 2456 1396 laudanda
2476 1383 2492 1407 ,
2515 1345 2558 1398 si
2594 1347 2721 1414 quid
2745 1347 2796 1402 in
2824 1349 2902 1403 eis
2924 1365 3111 1406 revera
3143 1352 3362 1410 forsitan
3391 1357 3602 1428 ignora-

2010 1425 2133 1492 bas,
2175 1437 2334 1498 atque
2378 1431 2480 1488 isto
2507 1433 2809 1492 disserente
2835 1439 3101 1508 didicisti,
3130 1425 3600 1517 evidentervproﬁ-

2009 1527 2122 1574 tere
2149 1521 2274 1590 quid
2306 1523 2434 1578 illud
2461 1527 2564 1590 sit;
2610 1536 2670 1582 ut
2709 1529 2776 1584 de
2816 1533 2918 1587 hoc
2949 1541 2999 1588 te
3026 1537 3223 1604 gratias
3251 1538 3424 1609 egisse
3446 1581 3461 1606 ,
3491 1557 3598 1598 non

2005 1607 2074 1663 de
2102 1610 2184 1664 his
2215 1627 2334 1681 quae
2364 1615 2470 1670 illic
2499 1617 2844 1686 improbanda
2879 1632 2982 1677 tam
3023 1625 3186 1681 multa
3217 1607 3374 1693 sunt,
3403 1646 3594 1688 omnes

2005 1701 2286 1768 noverint,
2330 1706 2420 1775 qui
2460 1707 2546 1762 vel
2589 1711 2846 1768 recitante
2888 1713 2980 1768 illo
3011 1725 3182 1771 tecum
3226 1720 3384 1774 simul
3413 1723 3596 1778 audie-

2004 1801 2125 1846 runt
2151 1834 2166 1858 ,
2199 1795 2286 1849 vel
2321 1797 2538 1853 eosdem
2582 1809 2766 1869 postea
2797 1803 2964 1860 libros
2993 1807 3268 1878 legerunt:
3299 1827 3366 1866 ne
3397 1813 3448 1866 in
3479 1814 3594 1884 ejus

2005 1891 2195 1936 ornato
2221 1883 2434 1955 eloquio
2461 1897 2708 1960 tanquam
2747 1892 2798 1946 in
2841 1899 3074 1964 pretioso
3120 1901 3312 1968 poculo
3357 1909 3408 1958 te
3452 1883 3590 1959 invi-

2003 1983 2178 2040 tante,
2207 1979 2309 2032 etsi
2341 1995 2446 2061 non
2474 1981 2686 2040 bihente
2706 2027 2720 2051 ,
2745 2002 3011 2044 venenum
3051 1991 3267 2060 bibant,
3301 1996 3345 2051 si
3379 2005 3430 2051 tu
3460 1999 3588 2068 quid

2000 2062 2124 2118 inde
2153 2058 2388 2134 biberis,
2420 2079 2474 2126 et
2511 2073 2637 2143 quid
2666 2091 2770 2130 non
2811 2078 3010 2134 biberis
3055 2058 3329 2151 nesciunt,
3361 2099 3416 2142 et
3461 2058 3586 2159 pro-

2006 2163 2124 2222 pter
2149 2156 2356 2213 laudem
2389 2167 2529 2216 tuam
2561 2167 2738 2220 omnia
2769 2167 2880 2224 illic
2925 2169 3154 2228 bibenda
3194 2156 3478 2232 salubriter
3502 2195 3592 2234 ara-

1998 2244 2284 2304 bitrantur.
2312 2249 2564 2317 Quamvis
2591 2265 2648 2310 et
2674 2257 2858 2314 audire
2876 2301 2890 2322 ,
2916 2269 2969 2315 et
2990 2262 3196 2332 legere,
3225 2274 3280 2320 et
3300 2284 3418 2337 quae
3445 2270 3587 2326 dicta

1995 2344 2119 2390 sunt
2145 2335 2358 2395 haurire
2377 2345 2654 2412 memoria,
2677 2347 2800 2417 quid
2830 2359 2912 2404 est
2939 2352 3041 2407 nisi
3073 2354 3293 2411 bibere?
3319 2335 3424 2413 Sed
3447 2375 3587 2429 prmo

1994 2425 2131 2481 dixit
2158 2428 2413 2486 Dominus
2441 2432 2508 2488 de
2539 2434 2780 2493 fidelibus
2809 2441 2920 2494 suis
2941 2483 2955 2506 ,
3001 2443 3144 2513 quod
3185 2454 3232 2500 et
3271 2447 3318 2500 si
3355 2425 3586 2522 mortife-

1993 2532 2110 2570 rum
2131 2519 2254 2589 quid
2277 2521 2523 2588 biberint,
2546 2542 2646 2580 non
2667 2529 2737 2583 eis
2762 2533 2958 2587 nocebit
2985 2533 3177 2606 (Marc.
3210 2554 3294 2593 xvi
3313 2578 3330 2606 ,
3362 2539 3473 2612 18).
3503 2519 3583 2598 de

1993 2623 2092 2677 per
2121 2609 2222 2666 hoc
2249 2613 2340 2681 qui
2367 2629 2486 2670 cum
2511 2617 2712 2686 judicio
2737 2621 2936 2691 legunt.
2959 2634 3012 2679 et
3035 2627 3324 2684 secundum
3346 2609 3579 2699 regulam

1992 2697 2115 2752 ﬁdei
2158 2703 2502 2770 approbanda
2550 2710 2870 2778 approbant,
2922 2723 2976 2768 et
3021 2717 3324 2785 improbant.
3379 2697 3579 2791 impro-

1989 2788 2200 2856 banda;
2231 2794 2438 2850 etiamsi
2482 2803 2856 2856 commendant
2899 2809 3171 2861 memoriae
3214 2827 3332 2878 quae
3375 2812 3578 2884 impro-

1990 2878 2169 2937 banda
2209 2882 2478 2954 dicuntur,
2511 2889 2655 2943 nulla
2684 2901 2943 2948 venenata
2988 2901 3369 2954 sententiarum
3397 2878 3577 2972 pravi-

1989 2977 2098 3025 tate
2145 2971 2430 3030 lmduntur.
2480 2977 2605 3034 llaec
2644 2996 2732 3035 me
2768 2983 3094 3042 Gravitatem
3147 2999 3200 3044 et
3247 2991 3576 3062 Religionem

1989 3069 2132 3116 tuam
2153 3104 2169 3120 .
2220 3064 2334 3120 sive
2361 3075 2540 3122 mutua
2562 3108 2580 3132 .
2627 3072 2741 3127 sive
2784 3077 2980 3142 prrevia
3017 3078 3276 3136 charitate
3306 3085 3578 3142 monuisse

1987 3149 2071 3206 vel
2101 3155 2497 3212 commonuisse
2541 3159 2764 3216 minime
2803 3166 3110 3232 anitcbit,
3147 3169 3371 3226 Domino
3414 3175 3577 3230 mise-

1984 3251 2166 3305 rante,
2195 3245 2599 3312 quomodolibet
2641 3252 2906 3320 accipias,
2958 3258 3101 3324 quod
3138 3259 3231 3312 tibi
3276 3277 3578 3331 perrogan-

1984 3329 2108 3411 dutn
2141 3335 2342 3400 putavi.
2387 3337 2552 3406 Agam
2581 3355 2710 3395 vero
2739 3343 2786 3396 ei
2817 3345 3010 3400 uberes
3053 3349 3249 3416 gratias
3271 3391 3285 3414 ,
3313 3350 3382 3406 de
3423 3329 3576 3420 cujus

1983 3422 2346 3480 misericordia
2387 3428 2794 3487 saluberrimum
2823 3441 2907 3488 est
2938 3435 3133 3502 ﬁdere,
3163 3439 3205 3491 si
3236 3440 3304 3494 ab
3334 3441 3420 3496 his
3450 3457 3574 3512 pra-

1981 3514 2238 3570 vitatibus
2267 3525 2320 3572 et
2344 3520 2652 3587 erroribus,
2693 3538 2830 3593 quos
2869 3540 2937 3581 ex
2981 3527 3130 3581 libris
3156 3527 3314 3598 hujus
3344 3533 3574 3587 hominis

1979 3605 2266 3662 Ostendere
2319 3608 2402 3664 his
2454 3610 2648 3668 litteris
2707 3616 2890 3683 potui,
2945 3617 3172 3674 alienam
3222 3631 3383 3690 atque
3429 3625 3571 3680 inte-

1978 3709 2128 3765 gram
2155 3697 2314 3754 tidem
2346 3708 2488 3756 tuam
2510 3743 2526 3769 ,
2555 3703 2640 3759 vel
2668 3703 2930 3762 invenerit
2952 3707 3175 3778 epistola
3223 3711 3317 3765 ista
3335 3752 3352 3777 ,
3380 3714 3461 3768 vel
3491 3715 3571 3770 le-

1982 3787 2134 3842 cerit.

1821 4025 3566 4058 Μ

1277 4013 1818 4199 ῖῑῇ
1833 4091 2146 4204 TER
2159 4099 2325 4206 T1
2345 4102 2549 4212 [λὶς.

1350 4275 1460 4336 AD
1501 4277 2000 4342 VINCENTIUM
2043 4281 2484 4346 VICTOREM.

337 4386 588 4440 iVincentio
623 4390 794 4440 victori
819 4394 1052 4444 mnstret
1073 4403 1183 4458 qum
1209 4407 1415 4446 necesse
1438 4405 1514 4447 est
1543 4398 1590 4447 in
1621 4399 1802 4470 suisde
1828 4400 2017 4464 origine
2042 4403 2214 4452 animm
2231 4404 2369 4454 libris
2405 4408 2655 4480 emendet,
2695 4411 2736 4460 si
2779 4412 2884 4464 vult
2921 4429 3033 4466 esse
3063 4419 3364 4473 catholicus:
3405 4438 3564 4490 eaque

337 4451 761 4490 nerinrilitmlilwiq
782 4455 840 4490 ml
868 4462 1094 4490 Rmmlnm
1142 4464 1188 4490 οι
1235 4457 1292 4490 ml
1325 4465 1515 4490 υυιιιηιη
1536 4461 1626 4490 ἷτὶηι
1663 4466 1868 4490 “nini-An
1919 4465 2008 4490 ιυυ.
2041 4467 2186 4490 amna.
2208 4467 2264 4490 ...ι
2289 4474 2522 4490 unum...
2549 4483 2700 4490 ..._.-__
2728 4477 2816 4490 --η-
2856 4484 2866 4490 .
3044 4488 3050 4490 .
3088 4483 3098 4490 .
3173 4483 3184 4490 .
3230 4483 3240 4490 .
3358 4489 3361 4490 ,

274 4451 607 4521 superioribus
627 4451 761 4521 libris
782 4455 840 4521 ad
868 4451 1106 4521 uenatum'
1142 4464 1194 4507 et
1234 4457 1292 4506 ad
1325 4465 1515 4507 Petrum
1529 4461 1627 4519 jam
1663 4462 1890 4521 ret'utata,

273 4513 529 4573 sustines,
572 4521 624 4580 et
653 4513 714 4562 ad
743 4515 969 4566 undecim
1003 4529 1220 4567 errorum
1253 4522 1408 4582 capita
1439 4513 1655 4570 revocat.

1917 4465 2008 4514 hoc
2041 4467 2188 4515 tertio
2207 4467 2266 4516 ad
2289 4474 2524 4518 Victorem
2549 4465 2704 4533 ips1un
2725 4477 2905 4538 scripto
2923 4465 3564 4546 persuiiiigii‘Baete-“iiii?

1724 4627 2093 4682 sesama»

341 4719 569 4778 CAPUT
609 4723 890 4780 PRIMUM.
921 4756 993 4766 —
1032 4727 1082 4783 L
1111 4726 1262 4796 Quod
1289 4729 1417 4784 mihi
1449 4731 1514 4786 ad
1539 4739 1590 4786 te
1611 4732 1854 4788 scriben-

270 4813 396 4869 dum
440 4815 656 4885 putavi,
705 4815 806 4870 hoc
835 4817 980 4884 prius
1017 4820 1248 4888 cogites,
1283 4821 1354 4874 tili
1383 4820 1730 4878 dilectissime
1763 4824 1854 4878 Vi-

268 4914 405 4967 ctor,
438 4905 590 4967 volo,
639 4905 684 4960 si
723 4915 773 4960 te
812 4913 1246 4972 cenis-moerent,
1293 4925 1623 4982 nequaquam
1669 4912 1722 4968 id
1770 4929 1855 4968 me

269 4992 434 5049 fuisse
456 4994 734 5050 ucturum.
758 4996 869 5052 Nec
895 4998 1014 5052 ideo
1041 5007 1215 5053 tamen
1247 5001 1548 5059 humilitate
1577 5012 1754 5059 nostra
1776 5005 1854 5062 sic

268 5084 504 5140 abutaris
522 5125 538 5148 ,
567 5095 623 5140 ut
649 5097 926 5158 propterea
955 5097 1007 5144 te
1032 5090 1302 5146 existimes
1323 5093 1674 5163 approbatum
1694 5137 1709 5158 ,
1733 5095 1852 5164 quia

267 5177 443 5230 cernis
469 5193 574 5230 non
601 5175 764 5232 fuisse
789 5191 1170 5250 contemptum.
1194 5181 1307 5237 Non
1331 5185 1471 5237 enim
1499 5185 1851 5254 sequendum,

265 5266 358 5320 sed
403 5269 776 5337 corrigendum
819 5281 871 5324 te
909 5270 1070 5340 diligo
1113 5282 1210 5327 :ct
1235 5275 1486 5343 quoniam
1520 5291 1619 5331 nec
1656 5277 1852 5348 corrigi

230 5369 423 5426 "posse
466 5358 733 5428 despero,
785 5361 909 5414 nolo
961 5363 1170 5416 mireris
1217 5379 1304 5419 me
1351 5374 1698 5421 contemnere
1743 5382 1849 5422 nou

263 5463 424 5517 posse
452 5466 610 5520 quem
657 5451 838 5522 diligo.
867 5453 922 5507 Si
949 5453 1092 5508 enim
1125 5464 1175 5509 te
1204 5465 1486 5528 antequam
1518 5459 1670 5513 nobis
1697 5474 1849 5514 com-

264 5543 595 5606 munieares,
667 5544 888 5614 diligere
944 5545 1138 5606 debui,
1198 5556 1257 5602 ut
1313 5564 1459 5604 esses
1520 5550 1850 5615 catholicus;

266 5642 464 5700 quanto
490 5635 657 5700 magis
681 5635 854 5704 tcjaut
885 5641 1365 5695 connuunicantetn
1393 5639 1615 5708 diligere
1641 5641 1810 5696 debeo
1832 5683 1848 5708 ,

1969 4749 2038 4789 ne
2067 4735 2140 4788 sis
2168 4750 2340 4792 novus
2366 4737 2680 4810 haereticus,
2703 4753 2757 4800 et
2783 4755 2840 4799 ut
2865 4746 2938 4801 sis
2969 4747 3086 4802 talis
3113 4747 3404 4804 catholicus
3425 4793 3437 4815 ,
3471 4753 3558 4808 cui

1965 4825 2216 4880 resistere
2237 4827 2410 4883 nullus
2436 4833 2604 4900 possit
2625 4833 2944 4890 luereticus?
2981 4839 3242 4905 Quantum
3270 4841 3411 4895 enim
3440 4859 3542 4912 ap-

1965 4923 2115 4980 paret
2159 4929 2225 4968 ex
2270 4915 2424 4970 donis
2473 4920 2708 4990 ingenii,
2754 4941 2871 4993 qme
2905 4925 3016 4995 jam
3069 4927 3160 4982 tibi
3207 4929 3424 5000 largitus
3466 4945 3549 4988 est

1967 5002 2126 5066 Deus,
2148 5003 2384 5072 profecto
2409 5010 2622 5078 sapiens
2635 5013 2763 5078 eris,
2799 5014 2843 5067 si
2872 5023 2924 5068 te
2950 5031 3052 5070 non
3084 5031 3203 5072 esse
3221 5019 3514 5076 credideris
3540 5041 3554 5089 ;

1962 5101 2122 5164 atque
2144 5104 2201 5150 ut
2228 5097 2333 5162 sis,
2365 5099 2433 5154 ab
2473 5100 2562 5154 illo
2591 5103 2678 5172 qui
2712 5105 2834 5158 facit
2863 5107 3128 5174 Sapientes
3151 5149 3165 5171 ,
3197 5109 3282 5179 pit».
3303 5153 3317 5173 ,
3347 5116 3554 5182 suppli-

1962 5186 2114 5248 citer.
2161 5188 2526 5262 instanterque
2585 5197 2924 5263 poposceris;
2972 5207 3026 5252 ct
3073 5201 3324 5258 malueris
3369 5219 3554 5264 errore

1961 5290 2066 5329 non
2095 5276 2308 5347 decipi,
2347 5295 2502 5350 quam
2529 5285 2817 5338 errantium
2849 5285 3091 5341 laudibus
3118 5289 3390 5348 honorari.

2032 5370 2258 5428 (APUT
2288 5372 2350 5428 Il.
2378 5404 2450 5414 —
2472 5374 2528 5428 2.
2563 5376 2718 5432 Prius
2748 5394 2831 5432 rue
2863 5378 2912 5432 io
2947 5380 3093 5438 libris
3125 5384 3229 5441 tuis
3260 5387 3441 5444 titulus
3473 5397 3544 5449 tui

1961 5461 2190 5515 nominis
2227 5477 2323 5531 pro
2353 5473 2404 5518 te
2449 5465 2732 5521 sollicitum
2781 5470 3030 5525 reddidit.
3082 5473 3214 5529 Cum
3259 5479 3400 5531 enim
3431 5482 3548 5548 quis

1959 5563 2104 5608 esset
2131 5554 2436 5611 Vincentius
2469 5557 2666 5624 Victor,
2715 5561 2781 5613 ab
2821 5563 2898 5615 eis
2937 5565 3026 5634 qui
3073 5575 3123 5619 te
3170 5581 3458 5638 noverant,
3494 5572 3550 5626 ei.

1959 5643 2092 5700 forte
2131 5647 2388 5716 aderant,
2421 5649 2794 5721 requisisscm;
2822 5655 3002 5710 audivi
3050 5667 3099 5713 te
3131 5661 3290 5714 fuisse
3325 5660 3545 5715 Donati-
