4034 6182
399 258 496 314 BH

398 385 574 440 stam,
595 372 680 429 vel
722 371 899 442 potius
925 365 1255 438 Rogatistam
1276 403 1292 430 ,
1335 374 1506 430 nuper
1529 361 1706 410 autem
1733 363 1979 407 commu-

401 463 612 519 nicasse
639 461 947 517 Catholicae.
981 459 1048 512 Et
1083 471 1204 512 cum
1230 452 1514 525 gauderem
1531 445 1748 502 tantum
1773 482 1790 510 ,
1816 454 1986 512 quan-

403 567 512 612 tum
543 555 610 612 de
630 556 712 610 his
732 555 966 610 solemus
985 592 1001 618 ,
1022 563 1157 620 quos
1178 547 1247 602 ab
1271 545 1363 600 illo
1384 556 1568 598 errore
1595 537 1848 593 liberatos
1867 545 1988 586 esse

403 649 812 720 cognoscimus;
857 646 965 699 imo
990 658 1118 699 vero
1147 641 1308 694 etiam
1349 636 1518 692 multo
1557 629 1819 698 amplius,
1847 623 1990 720 quod

403 715 673 812 ingenium
701 749 848 794 tuum
873 779 888 803 ,
931 734 1072 807 quod
1112 729 1416 788 delectabar
1443 727 1495 780 in
1523 721 1714 779 litteris
1737 719 1841 774 tuis
1864 759 1879 785 ,
1909 715 1990 770 vi-

403 810 596 888 debam
641 846 746 885 non
792 829 1115 884 remansisse
1158 823 1299 893 apud
1336 815 1672 876 adversarios
1705 810 1989 867 veritatis:

408 927 645 980 additum
675 933 758 980 est
783 938 813 976 a
839 918 1229 982 referentibus,
1271 928 1379 985 quo
1423 926 1508 965 me
1535 908 1676 962 inter
1713 903 1804 958 illa
1859 915 1994 971 gau-

408 1017 496 1070 dia
534 1015 904 1078 contristaret,
953 1011 1072 1065 ideo
1115 1017 1167 1062 te
1199 1000 1560 1075 cognominari
1598 995 1831 1051 voluisse
1863 991 1995 1046 Vin-

407 1107 672 1170 centium,
701 1103 842 1175 quod
882 1102 1068 1172 [togati
1096 1108 1458 1154 successorem
1482 1133 1496 1155 ,
1527 1089 1617 1160 qui
1649 1087 1752 1141 hoc
1779 1081 1996 1138 nomine

411 1199 710 1266 appellatus
738 1204 819 1250 est
841 1235 858 1260 ,
883 1193 1057 1248 adhuc
1098 1200 1348 1259 tanquam
1377 1197 1625 1253 magnum
1656 1189 1712 1234 et
1752 1183 1994 1232 sanetum

412 1289 588 1342 virum
636 1285 814 1338 animo
843 1293 1057 1346 teneas;
1087 1289 1141 1336 et
1165 1279 1234 1332 ob
1275 1276 1376 1330 hoc
1420 1274 1558 1328 illius
1588 1284 1779 1324 nomen
1802 1307 1816 1330 ,
1850 1275 1996 1330 tuum

413 1376 652 1430 volueris
678 1389 798 1428 esse
823 1355 1141 1442 cognomen.
1173 1368 1283 1424 Nec
1311 1364 1592 1420 defuerunt
1616 1361 1706 1430 qui
1733 1358 1992 1420 dicerent,

414 1469 575 1520 etiam
604 1465 705 1520 hoc
725 1482 753 1518 a
784 1474 835 1520 te
857 1461 1289 1532 fuissejactatum
1319 1459 1358 1522 ί,
1392 1454 1531 1526 quod
1557 1455 1669 1522 ipse
1697 1451 1790 1505 tibi
1819 1448 2000 1504 nescio

415 1572 520 1626 qua
553 1556 753 1608 visione
777 1552 1113 1622 apparuerit.
1144 1557 1305 1617 atque
1333 1545 1400 1600 ad
1430 1545 1528 1599 hos
1555 1538 1917 1597 conficiendos
1938 1537 2002 1591 li-

417 1648 582 1709 hros,
623 1646 691 1698 de
721 1644 911 1713 quibus
943 1652 1116 1697 tecum
1161 1653 1322 1709 agere
1370 1637 1470 1690 isto
1515 1643 1699 1687 nostro
1741 1627 2002 1698 opusculo

417 1735 654 1802 institui,
691 1735 768 1789 sic
805 1733 1098 1802 adjuverit,
1131 1739 1186 1784 ut
1221 1744 1294 1798 ea
1333 1727 1424 1782 tibi
1463 1721 1744 1780 scribenda
1765 1723 1808 1786 ',
1836 1735 2004 1790 quatt-

422 1837 536 1880 tum
568 1825 632 1879 ad
677 1841 762 1880 res
805 1825 946 1893 ipsas
977 1821 1316 1890 rationesque
1360 1817 1583 1880 attinet,
1612 1813 1727 1883 ipse
1755 1811 2000 1864 dictaret.

418 1915 576 1982 Quod
604 1915 648 1968 si
681 1928 863 1968 verum
903 1920 981 1967 est
1003 1952 1019 1976 ,
1056 1912 1167 1981 jam
1199 1921 1250 1964 te
1291 1908 1377 1962 illa
1416 1905 1595 1960 dicere
1627 1901 1861 1972 potuisse
1897 1913 2004 1953 non

427 2009 614 2068 miror,
637 2022 755 2076 qua:
775 2047 790 2070 ,
821 2005 865 2059 si
891 2004 1151 2073 patienter
1177 2000 1444 2055 auscultes
1471 1993 1821 2052 admonitioni
1847 2005 2001 2051 meae.

421 2109 479 2153 et
506 2113 600 2152 eos
643 2099 805 2152 libros
845 2095 1106 2151 catholica
1145 2101 1321 2147 mente
1357 2088 1665 2144 consideres
1695 2097 1852 2154 atque
1882 2098 2008 2153 per-

425 2196 622 2242 tractes
641 2229 656 2253 ,
682 2199 733 2240 te
757 2185 956 2241 dixisse
984 2184 1164 2254 procul
1185 2181 1347 2237 dubio
1375 2177 1670 2250 pmnitebit.
1699 2175 1790 2230 Ille
1812 2174 2009 2244 quippe

423 2279 626 2348 quise,
657 2279 794 2331 sicut
828 2292 950 2332 eum
997 2273 1174 2344 prodit
1215 2271 1536 2342 Apostolus,
1583 2268 1910 2338 transﬁgurat
1957 2265 2010 2318 in

425 2370 664 2440 angelum
701 2370 827 2423 lucis
855 2367 937 2438 (ll
963 2367 1078 2422 Cor.
1107 2383 1160 2421 χι
1181 2407 1196 2430 ,
1228 2363 1340 2436 ll),
1371 2364 1423 2417 in
1453 2377 1574 2417 eum
1606 2361 1698 2415 tibi
1727 2368 1810 2414 est
1839 2367 2010 2412 trans-

433 2461 684 2531 figuratus
703 2498 717 2520 ,
760 2473 916 2527 quem
947 2467 999 2511 tu
1033 2455 1195 2512 fuisse
1234 2455 1315 2509 vel
1337 2468 1456 2508 esse
1482 2463 1730 2522 tanquam
1759 2450 1892 2504 lueis
1920 2465 2014 2501 an-

429 2552 607 2622 gelum
633 2549 826 2604 credis.
850 2549 916 2602 Et
943 2561 1009 2604 eo
1029 2547 1240 2618 quidem
1268 2543 1440 2598 modo
1457 2543 1632 2596 minus
1655 2540 1719 2596 ad
1747 2539 2016 2611 decipien-

436 2644 536 2697 dos
559 2641 862 2697 Catltolicos
882 2641 1052 2704 valet,
1081 2636 1295 2709 quando
1319 2652 1378 2690 se
1404 2635 1586 2689 nonin
1615 2633 1748 2686 lucis
1775 2631 2013 2700 ungulas,

433 2731 530 2786 sed
558 2731 609 2784 in
642 2729 920 2784 hzereticos
947 2727 1284 2796 transfigurat
1321 2742 1336 2778 :
1383 2723 1479 2779 sed
1504 2731 1555 2778 te
1583 2721 1650 2776 ab
1686 2735 1752 2777 eo
1779 2719 1885 2774 falli
1904 2719 2015 2790 jam

434 2821 756 2877 catholicum
803 2819 1020 2874 nollem.
1067 2817 1347 2872 Crucietur
1373 2830 1500 2886 ergo
1527 2822 1578 2867 te
1603 2811 1854 2867 didicisse
1899 2824 2018 2878 qua)

439 2930 563 2969 vera
593 2922 751 2977 sunt,
781 2919 982 2982 quanto
1024 2911 1192 2980 magis
1217 2910 1424 2964 lanatos
1452 2905 1626 2962 fuerat
1653 2921 1712 2962 se
1757 2904 1849 2958 tibi
1896 2918 2020 2974 per-

439 3004 673 3058 suasisse
701 3018 818 3069 quaa
844 3001 976 3056 falsa
1003 2989 1144 3056 sunt.
1172 3000 1243 3056 Ut
1283 3005 1458 3053 autem
1501 3012 1606 3052 non
1631 2995 1820 3066 diligas
1844 2993 2021 3048 homi-

441 3109 566 3148 nem
591 3101 879 3157 mortuum,
897 3091 1048 3160 cujus
1073 3089 1286 3144 dilectio
1311 3088 1403 3143 tibi
1431 3088 1620 3143 obesse
1643 3095 1840 3157 potest,
1861 3085 2022 3152 prod-

445 3199 570 3240 esse
610 3185 683 3238 illi
727 3199 835 3237 non
873 3191 1080 3252 potest;
1114 3181 1214 3237 hoc
1243 3181 1476 3236 breviter
1504 3179 1526 3211 ³
1555 3179 1812 3234 intuearis
1840 3177 2024 3231 admo-

447 3289 584 3337 neo;
615 3273 756 3343 quod
786 3273 966 3343 utique
987 3272 1075 3326 ille
1102 3287 1204 3326 non
1231 3280 1314 3327 est
1342 3279 1557 3325 sanctus
1581 3285 1634 3323 et
1657 3269 1832 3339 justus
1852 3311 1867 3335 ,
1899 3267 1946 3322 si
1971 3276 2024 3322 tu

446 3363 820 3418 haereticorum
852 3363 1240 3415 Donatistarum
1275 3359 1361 3414 vel
1399 3359 1783 3429 Rogatistarum
1811 3357 2028 3428 laqueos

445 3455 660 3507 evasisti
687 3454 764 3506 :si
793 3463 970 3507 autem
992 3453 1138 3506 illum
1170 3461 1409 3506 sanctum
1431 3460 1485 3506 et
1505 3451 1704 3519 justum
1731 3449 2025 3514 arbitraris,

449 3555 504 3598 tu
535 3543 974 3604 communicando
1015 3542 1303 3598 Catholicis
1331 3541 1580 3596 in’teristi.
1613 3539 1856 3595 Profecto
1881 3541 2024 3594 enim

450 3642 504 3688 te
529 3632 848 3688 catholicum
895 3634 1080 3702 ﬁngis,
1128 3633 1173 3687 si
1215 3633 1393 3686 animo
1422 3631 1549 3686 illud
1581 3645 1638 3685 es
1665 3629 1709 3696 ‘,
1750 3631 1888 3701 quod
1917 3638 2030 3684 erat

453 3727 545 3782 ille
581 3742 737 3797 quem
767 3726 974 3797 diligis.
993 3727 1056 3780 Et
1082 3725 1221 3780 nosti
1249 3739 1408 3794 quam
1448 3723 1754 3778 terribiliter
1777 3722 2029 3788 scriptum

451 3818 541 3882 sit,
563 3817 702 3887 quod
729 3816 950 3888 Spiritus
969 3825 1169 3870 sanctus
1195 3813 1478 3883 disciplina:
1501 3813 1658 3883 fugiet
1681 3812 1854 3881 ﬁctum
1877 3810 2030 3881 (ευρ.

453 3923 472 3962 t
495 3948 510 3972 ,
545 3909 621 3979 5).
662 3907 717 3963 Si
765 3916 940 3961 autem
985 3905 1246 3960 veraciter
1283 3904 1702 3967 communicans,
1735 3917 1838 3956 non
1868 3910 1919 3955 te
1947 3916 2037 3954 ca-

451 4000 713 4053 tholicum
745 3999 927 4068 lingis;
955 3997 1081 4067 quid
1125 3996 1300 4052 adhuc
1327 3995 1633 4050 hatreticum
1664 4002 1929 4048 mortuum
1960 3994 2036 4048 sic

455 4090 655 4158 diligis,
687 4098 746 4144 ut
769 4090 886 4158 ejus
915 4088 1052 4158 velis
1089 4097 1141 4142 te
1172 4086 1375 4156 jactare
1403 4087 1576 4140 adhuc
1603 4086 1818 4140 nomine
1840 4125 1854 4148 ,
1885 4085 2038 4154 cujus

452 4179 562 4252 iam
591 4196 694 4234 non
727 4180 922 4234 teneris
947 4178 1164 4234 errore?
1194 4177 1448 4232 Nolumus
1475 4186 1526 4232 te
1569 4175 1766 4232 habere
1807 4177 1913 4230 tale
1941 4191 2034 4230 co-

457 4283 803 4342 gnomentum
825 4312 839 4335 ,
874 4280 1120 4340 tanquam
1151 4271 1226 4326 sis
1253 4269 1486 4324 lucretici
1510 4269 1702 4322 mortui
1727 4283 2041 4323 monumen-

459 4367 594 4416 tum.
624 4361 882 4416 Nolumus
912 4361 1067 4416 talem
1115 4361 1324 4416 titulum
1373 4359 1569 4414 habere
1611 4359 1808 4414 librum
1853 4367 2036 4422 tuum,

458 4451 670 4520 qualem
702 4450 893 4505 falsum
921 4466 1042 4506 esse
1071 4451 1368 4506 diceremus
1389 4491 1404 4517 ,
1437 4451 1482 4505 si
1533 4451 1586 4504 in
1631 4451 1746 4521 ejus
1792 4451 2037 4520 sepulcro

460 4543 779 4610 legeremus.
827 4542 942 4596 Non
985 4543 1126 4597 enim
1172 4542 1504 4596 Vincentium
1547 4542 1798 4596 victorem
1844 4541 2042 4596 scimus

461 4647 618 4692 esse.
651 4631 743 4686 sed
771 4632 965 4685 victum
996 4649 1010 4685 :
1042 4639 1096 4687 et
1125 4631 1324 4686 utinam
1355 4631 1641 4697 fructuose,
1665 4630 1803 4685 sicut
1823 4640 1874 4685 te
1899 4631 2040 4684 vinci

461 4725 705 4779 volumus
749 4726 991 4778 veritate.
1042 4723 1228 4778 Astute
1267 4731 1444 4777 autem
1491 4722 1690 4792 putaris
1728 4731 1782 4777 et
1813 4721 2038 4789 callide,

457 4833 582 4870 cum
613 4815 775 4872 libros
803 4825 951 4880 tuos,
979 4831 1112 4886 quos
1150 4815 1292 4870 credi
1323 4814 1471 4883 cupis
1513 4815 1604 4868 illo
1633 4814 1725 4869 tibi
1767 4815 2034 4870 revelante

461 4908 716 4975 dictatus,
763 4907 1000 4977 appellas
1032 4905 1292 4961 Vincentii
1322 4905 1579 4972 Victoris,
1626 4921 1732 4959 non
1778 4914 1884 4960 tam
1916 4905 2042 4959 Viu-

377 5030 390 5050 ι
466 4999 699 5052 centium
739 5007 790 5053 te
833 5014 992 5068 quant
1042 4997 1188 5052 illum
1236 4997 1412 5051 vocari
1461 4997 1694 5052 voluisse
1740 4995 2042 5062 \‘ictorem,

391 5106 396 5111 '
466 5090 610 5146 velut
640 5089 730 5144 tibi
761 5091 1046 5144 revelando
1069 5105 1188 5158 quae
1219 5087 1513 5152 scriberes,
1547 5087 1756 5141 viciSsct
1782 5101 2042 5140 errorem.

470 5180 660 5248 thuid
705 5181 794 5234 tibi
829 5181 925 5235 ista
946 5222 962 5244 ,
1009 5181 1118 5260 fili‘,l
1148 5181 1274 5234 Esto
1320 5179 1495 5249 potius
1522 5194 1708 5238 verus.
1741 5193 1843 5231 non
1894 5178 2047 5233 fictus

465 5273 760 5326 catholicus
781 5314 795 5338 ,
826 5288 893 5326 ne
921 5284 971 5327 te
997 5268 1156 5343 fugiat
1184 5271 1412 5342 Spiritus
1426 5280 1656 5341 ,sanctus
1675 5312 1687 5332 ,
1715 5282 1764 5324 et
1795 5270 1922 5323 nihil
1953 5270 2045 5324 tibi

470 5499 502 5535 Β
529 5425 546 5456 ³
586 5431 634 5474 In
665 5433 796 5486 Mss,
842 5425 931 5476 hoc
969 5431 1014 5478 te
1047 5420 1196 5489 fuisse
1221 5427 1492 5489 jactatum;
1529 5425 1704 5475 omissa
1749 5424 2046 5486 lli‘ft‘jnsillo-

505 5503 564 5535 ιε.
597 5499 644 5535 α.

505 5503 532 5532 t:
597 5499 644 5535 α.

534 5520 564 5578 θ’
585 5549 784 5596 cis-tere.
813 5554 918 5608 tis,
941 5554 990 5598 ut
1007 5561 1084 5598 eos
1107 5547 1196 5600 tibi
1215 5545 1510 5599 scribendos.

537 5609 556 5638 ³
589 5614 636 5654 tu
659 5615 786 5662 Mss,
807 5605 1072 5658 Itoc'brevc.

538 5669 556 5698 ⁵
589 5669 955 5727 Cyg'tratmeusis
978 5676 1071 5718 Ms..
1107 5669 1147 5719 si
1167 5667 1325 5719 animo
1347 5669 1466 5720 illud
1491 5671 1706 5719 sectaris.

1255 241 1346 300 DE
1384 237 1595 298 ANIMA
1633 229 1720 290 ET
1760 228 1921 286 EJUS
1957 223 2254 290 ORIGlNE,
2297 221 2356 278 S.
2397 215 2760 277 AUGUSTINI

3569 203 3678 258 5η

2095 345 2265 416 possit
2299 343 2553 414 prodesse
2577 339 2888 397 Vincentius
2903 379 2919 404 ,
2943 337 2998 392 in
3024 349 3186 408 quem
3210 350 3270 392 se
3295 333 3360 389 ad
3391 344 3443 390 te
3470 333 3633 389 fallen
3649 361 3672 373 —

2095 438 2220 492 dum
2237 432 2630 506 transfiguravit
2645 429 3056 501 malignissimus
3075 425 3324 497 spiritus:
3343 424 3456 496 ejus
3474 424 3673 495 quippe

2096 536 2218 584 sunt
2245 526 2369 590 illa,-
2399 523 2632 594 qualibet
2657 521 2750 576 tibi
2775 518 2960 575 fraude
2989 529 3265 589 persuasa.
3311 514 3440 584 Quae
3483 516 3528 568 si
3567 513 3637 568 ad
3659 543 3680 554 -

2096 618 2330 675 monitus
2356 617 2444 688 pia
2487 613 2787 670 humilitate
2813 619 2869 667 et
2889 609 3150 666 catholica
3179 623 3310 679 pace
3337 608 3636 662 correxeris
3661 646 3678 672 ,

2098 723 2312 765 errores
2359 707 2526 762 fuisse
2571 703 2948 775 judicabantur
3006 699 3380 756 studiosissimi
3426 697 3640 765 juvenis
3663 735 3680 758 ,

2098 797 2369 854 emendari
2399 796 2576 866 potius
2603 807 2762 864 quam
2792 791 2844 846 in
2874 791 2954 846 eis
2994 803 3275 846 remanere
3313 786 3595 856 cupientis.
3623 784 3685 839 Si

2099 899 2278 944 autem
2306 901 2402 957 pro
2425 887 2504 942 eis
2542 884 2636 950 tibi
2665 884 2826 938 etiam
2866 879 3299 944 contentionem,
3331 875 3474 948 quod
3501 875 3645 929 absit
3663 916 3680 941 ,

2101 979 2432 1052 persuaserit
2457 977 2823 1046 pervicacem;
2851 974 2960 1044 jam
2991 980 3242 1042 tanquam
3268 969 3518 1024 haeretica
3545 967 3690 1037 dog-

2102 1079 2244 1125 mata
2272 1084 2390 1124 cum
2425 1083 2523 1122 suo
2561 1081 2782 1122 necesse
2825 1063 2929 1120 erit
2973 1071 3192 1117 auctore
3229 1059 3508 1125 damnari,
3555 1072 3687 1113 cura

2102 1163 2305 1218 scilicet
2333 1159 2583 1230 pastorali
2608 1166 2664 1212 et
2689 1153 2989 1211 medicinali
3013 1195 3028 1220 ,
3060 1152 3366 1224 priusquam
3392 1165 3486 1219 per
3510 1150 3694 1202 incau-

2106 1258 2216 1305 tum
2266 1250 2453 1320 vulgus
2483 1249 2500 1280 ί
2529 1255 2746 1316 serpant
2788 1244 2904 1300 dira
2952 1243 3226 1312 contagia,
3277 1255 3399 1296 cum
3445 1239 3694 1294 dilectio-

2105 1343 2189 1396 nis
2216 1357 2321 1396 non
2353 1341 2602 1406 veritate,
2630 1337 2728 1394 sed
2752 1335 2966 1391 nomine
2986 1376 3002 1404 ,
3031 1333 3263 1389 salubris
3286 1331 3568 1403 negligitur
3595 1329 3689 1384 di-

2104 1432 2324 1502 sciplina
2354 1434 2376 1464 ²
2405 1470 2420 1484 .

2176 1523 2402 1579 CAPUT
2440 1521 2524 1577 lll.
2554 1551 2628 1563 —
2653 1521 2706 1576 '5.
2738 1519 2793 1576 Si
2817 1518 3012 1590 quzeris
3038 1531 3281 1588 quamam
3308 1516 3394 1570 illa
3419 1515 3558 1580 sint,
3589 1529 3692 1584 po-

2109 1615 2240 1682 teris,
2272 1613 2483 1684 quidem
2523 1612 2699 1682 legere
2724 1625 2854 1667 .mea
2893 1609 3088 1680 scripta
3124 1607 3192 1662 ad
3234 1605 3425 1662 fratres
3454 1616 3690 1673 nostros,

2105 1703 2369 1758 [leuatum
2410 1701 2501 1756 Dei
2543 1715 2790 1764 servum,
2833 1707 2888 1754 et
2925 1698 3290 1770 presbyterum
3334 1697 3582 1764 Petrum,
3622 1699 3692 1754 ad

2107 1808 2264 1864 quem
2292 1801 2346 1846 ttt
2371 1775 2556 1846 eadem
2583 1793 2718 1862 ipsa,
2742 1791 2808 1845 de
2833 1790 3023 1860 quibus
3049 1803 3186 1843 nunc
3207 1788 3432 1857 agimus,
3457 1789 3697 1844 scriben-

2109 1883 2174 1938 da
2201 1883 2534 1946 existimasti,
2564 1900 2583 1934 ι
2607 1883 2742 1951 ejus,
2771 1900 2790 1933 ι
2817 1889 2872 1934 ut
2897 1879 3114 1942 asseris,
3142 1897 3162 1931 ι
3188 1877 3445 1933 voluntati
3467 1879 3695 1948 petentis

2111 1975 2504 2044 obtemperans.
2537 1992 2557 2026 ι
2595 1973 2800 2028 Dabunt
2825 1971 2966 2026 enim
2999 1969 3091 2025 tibi
3122 1979 3178 2024 ιιι
3203 1969 3349 2040 legas
3383 1970 3562 2039 procul
3589 1969 3697 2022 du-

2113 2067 2224 2132 bio,
2249 2067 2294 2121 si
2314 2067 2566 2129 volueris,
2589 2073 2644 2119 et
2665 2065 2903 2134 ingerent
2921 2062 3079 2116 etiam
3102 2076 3208 2114 non
3232 2061 3448 2130 petenti.
3475 2059 3698 2115 Verum-

2115 2167 2291 2213 tamen
2323 2157 2481 2212 etiam
2512 2155 2628 2218 hic,
2660 2170 2776 2222 qua:
2806 2153 3035 2208 maxime
3071 2152 3124 2206 in
3162 2151 3360 2207 eisdem
3393 2151 3540 2205 libris
3569 2150 3698 2216 tuis,

2115 2257 2170 2305 et
2199 2249 2251 2303 in
2279 2248 2384 2302 fide
2413 2257 2500 2301 tua
2526 2243 2799 2302 emendari
2822 2243 3061 2314 cupiam,
3091 2257 3195 2298 non
3227 2242 3434 2296 tacebo.
3461 2241 3701 2296 Primum

2115 2349 2231 2405 est,
2261 2337 2402 2409 quod
2437 2355 2456 2389 ι
2483 2338 2728 2392 Animam
2771 2351 2874 2388 non
2915 2334 2984 2388 ita
3022 2334 3102 2388 vis
3130 2349 3158 2386 a
3191 2333 3300 2387 Deo
3329 2347 3448 2388 esse
3485 2333 3700 2400 factam,

2119 2437 2176 2482 ut
2203 2443 2319 2482 eam
2364 2442 2430 2482 ex
2474 2425 2640 2480 nihilo
2668 2424 2872 2488 fecerit,
2903 2423 2998 2480 sed
3021 2437 3083 2478 ex
3107 2423 3396 2493 semetipso
3425 2441 3443 2476 ι
3480 2422 3702 2494 (Supra,

2119 2518 2207 2572 lib.
2237 2518 2286 2583 I,
2317 2535 2372 2570 η.
2398 2518 2451 2580 4,
2480 2527 2526 2570 et
2552 2517 2638 2570 lib.
2665 2516 2721 2583 2,
2753 2534 2804 2570 η.
2957 2514 3058 2572 Ubi
3087 2530 3190 2569 non
3235 2525 3387 2584 putas
3412 2530 3532 2570 csse
3558 2529 3707 2570 ~con-

2120 2626 2349 2685 sequens
2376 2619 2431 2664 ut
2456 2621 2655 2664 natura:
2679 2609 2746 2664 sit
2774 2609 2864 2664 Dei
2891 2627 2904 2664 :
2927 2611 3048 2680 quia
3078 2609 3314 2679 profecto
3335 2624 3491 2678 quam
3514 2609 3583 2662 sit
3606 2609 3708 2662 imo

2123 2704 2291 2774 pium,
2319 2714 2372 2758 et
2399 2704 2510 2774 ipse
2536 2703 2832 2773 cognoscis.
2861 2701 2974 2769 Qua
3003 2704 3271 2772 impietate
3299 2711 3356 2756 ut
3383 2715 3566 2756 careas
3585 2744 3600 2768 ,
3629 2701 3705 2756 ita

2123 2803 2333 2864 oportet
2375 2803 2426 2846 ut
2473 2793 2621 2846 dicas
2664 2795 2855 2847 anima:
2897 2802 3168 2848 auctorem
3211 2793 3406 2859 Deum,
3442 2800 3499 2845 ttt
3525 2792 3591 2844 ab
3617 2793 3709 2845 illo

2125 2883 2259 2938 facta
2283 2884 2370 2948 sit,
2400 2899 2504 2937 non
2531 2883 2596 2937 de
2620 2883 2730 2936 illo.
2753 2883 2903 2950 Quod
2930 2883 3069 2938 enim
3095 2881 3163 2937 de
3189 2881 3280 2936 illo
3303 2891 3406 2946 est,
3433 2882 3568 2936 sicut
3591 2882 3712 2934 uni-

2125 2980 2336 3047 genitus
2361 2977 2558 3038 Filius.
2591 2977 2826 3046 ejusdem
2857 2985 3060 3031 natura:
3093 2978 3244 3045 cujus
3281 2982 3337 3030 et
3373 2975 3459 3028 ille
3495 2983 3596 3028 est.
3639 2973 3714 3029 Ut.

2126 3078 2303 3123 autem
2343 3069 2520 3122 anima
2559 3068 2798 3137 ejusdem
2839 3077 3039 3121 natura:
3074 3081 3178 3120 non
3209 3065 3278 3119 sit
3303 3063 3563 3134 cujnspst
3597 3064 3708 3128 ille,

2127 3159 2264 3215 facta
2287 3170 2367 3215 est
2390 3159 2604 3230 quidem
2629 3159 2696 3212 ab
2724 3159 2834 3221 illo,
2861 3157 2956 3213 sed
2986 3173 3088 3212 non
3115 3157 3183 3213 de
3208 3157 3318 3211 illo.
3345 3159 3453 3210 Aut
3476 3169 3604 3225 ergo
3626 3157 3714 3210 dic

2130 3253 2291 3318 unde,
2319 3262 2409 3307 aut
2434 3253 2598 3308 fatere
2622 3253 2688 3306 de
2717 3251 2902 3306 nihilo.
2930 3251 3064 3319 Quid
3089 3259 3170 3304 est
3196 3249 3335 3320 quod
3361 3249 3516 3314 dicis,
3551 3266 3567 3300 ι
3592 3263 3712 3303 eam

2133 3345 2439 3414 particulam
2464 3359 2582 3398 esse
2605 3343 2883 3413 quamdam
2913 3342 3105 3397 halitus
3125 3349 3327 3396 natura:
3348 3341 3479 3396 Dei?
3508 3360 3527 3392 ι
3551 3339 3718 3395 Num-

2132 3436 2382 3505 quidnam
2408 3436 2578 3504 ipsum
2611 3435 2830 3488 halitum
2861 3441 3064 3488 natura)
3091 3433 3206 3499 Dei,
3237 3432 3390 3499 cujus
3420 3431 3610 3486 halitus
3635 3440 3719 3486 est

2134 3525 2233 3579 ista
2264 3526 2540 3595 particula,
2573 3540 2732 3593 negas
2759 3523 2996 3592 ejusdem
3027 3522 3178 3594 cujus
3207 3523 3357 3578 Deus
3373 3531 3455 3576 est
3479 3536 3599 3576 esse
3623 3536 3721 3576 na-

2138 3617 2307 3669 turm?
2334 3615 2388 3670 Si
2422 3632 2603 3686 negas,
2637 3631 2764 3687 ergo
2793 3615 2859 3670 de
2887 3615 3051 3669 nihilo
3079 3625 3133 3669 et
3159 3615 3315 3669 istum
3348 3614 3562 3668 halitum
3595 3613 3722 3668 fecit

2136 3705 2278 3761 Deus
2298 3745 2316 3772 ,
2344 3705 2495 3775 cujus
2525 3705 2718 3759 halitus
2747 3705 2976 3758 animam
3007 3705 3085 3758 vis
3110 3719 3228 3760 esse
3253 3703 3586 3775 particulam.
3616 3703 3723 3757 Aut

2138 3794 2182 3848 si
2213 3810 2314 3849 non
2342 3795 2409 3849 tle
2437 3795 2622 3860 nihilo,
2651 3794 2736 3850 dic
2759 3792 2899 3848 unde
2924 3795 3069 3849 illum
3099 3795 3283 3849 fecerit
3305 3794 3464 3864 Dens.
3493 3791 3548 3848 Si
3572 3792 3638 3847 de
3661 3809 3724 3848 se

2143 3883 2256 3954 ipso
2277 3927 2290 3948 ,
2323 3900 2450 3955 ergo
2479 3885 2591 3954 ipse
2620 3895 2700 3938 est
2719 3925 2733 3949 ,
2763 3883 2904 3954 quod
2933 3883 3098 3949 absit,
3132 3884 3382 3939 materies
3411 3885 3587 3954 Operis
3615 3885 3720 3939 sui.

2141 3975 2244 4030 Sed
2275 3975 2409 4030 dicis
2427 4015 2442 4042 ,
2478 3994 2498 4027 (
2525 3974 2657 4029 Cum
2689 3974 2754 4028 de
2781 3991 2841 4030 se
2867 3975 2980 4044 ipso
3008 3974 3225 4040 halitum
3254 3975 3336 4030 vel
3367 3973 3546 4030 flatum
3575 3974 3721 4038 facit,

2143 4067 2256 4136 ipse
2283 4067 2486 4136 integer
2513 4074 2732 4120 manet:
2769 4084 2788 4116 ι
2823 4067 2971 4136 quasi
3005 4080 3107 4118 non
3134 4073 3188 4119 et
3220 4064 3354 4134 ignis
3381 4065 3609 4120 lucerna:
3639 4065 3722 4116 in-

2141 4173 2290 4228 teger
2314 4167 2544 4223 maneat,
2569 4160 2689 4210 cum
2719 4155 2786 4210 de
2811 4155 2901 4209 illo
2928 4155 3092 4210 altera
3117 4155 3440 4220 accenditur,
3469 4162 3521 4208 et
3549 4163 3724 4208 tamen

2143 4247 2376 4318 ejusdem
2397 4288 2412 4311 ,
2445 4262 2548 4300 non
2575 4246 2812 4312 alterius,
2838 4245 2904 4300 sit
2935 4256 3157 4300 naturae.

2213 4336 2439 4393 CAPUT
2475 4336 2565 4391 ιν.
2591 4367 2665 4376 -
2698 4337 2752 4390 4.
2799 4355 2817 4387 ι
2847 4335 2953 4390 Sed
2975 4377 2989 4400 ,
3021 4355 3040 4388 ι
3071 4336 3278 4407 inquis,
3317 4355 3336 4388 ι
3363 4351 3483 4391 cum
3515 4351 3543 4389 a
3575 4336 3728 4391 nobis

2145 4441 2264 4486 uter
2292 4429 2538 4494 inflatur,
2578 4444 2681 4484 non
2720 4429 2894 4499 aliqua
2934 4429 3107 4499 portio
3147 4439 3344 4482 nostra:
3381 4438 3614 4494 naturae,
3643 4429 3727 4483 vel

2145 4520 2413 4592 qualitatis
2443 4519 2764 4585 infunditur;
2794 4535 2914 4575 cum
2945 4519 3033 4574 hic
3061 4521 3176 4588 ipse
3203 4519 3438 4586 spiritus,
3467 4535 3571 4590 quo
3597 4519 3732 4574 hau-

2145 4621 2230 4666 sto
2257 4621 2372 4666 uter
2393 4611 2414 4642 ³
2443 4610 2689 4679 impletus
2711 4610 3036 4677 extenditur,
3059 4610 3176 4665 sine
3195 4611 3366 4680 aliqua
3389 4609 3552 4664 nostri
3575 4609 3731 4664 diutis

2147 4703 2364 4766 putione
2388 4711 2652 4771 egeratur.
2684 4719 2704 4754 ι
2735 4701 2828 4756 llis
2853 4701 3032 4757 verbis
3059 4701 3162 4757 tuis
3187 4701 3362 4756 adlmc
3383 4703 3535 4758 addis
3557 4710 3611 4756 et
3633 4704 3734 4757 im-

2150 4793 2394 4858 moraris,
2418 4801 2471 4846 et
2498 4792 2731 4847 inculcas
2755 4791 3150 4847 similitudinem
3177 4793 3326 4863 quasi
3354 4796 3729 4862 necessariam,

2149 4898 2250 4954 qua
2281 4881 2638 4952 intelligamus
2667 4881 2934 4952 quomodo
2957 4881 3097 4938 Deus
3125 4883 3239 4938 sine
3265 4900 3376 4938 suae
3403 4895 3602 4939 naturre
3631 4887 3735 4940 ali-

2150 4989 2254 5044 quo
2283 4973 2624 5039 detrimento,
2652 4983 2706 5028 et
2733 4974 2799 5028 de
2827 4989 2886 5028 se
2915 4974 3030 5044 ipso
3056 4973 3286 5052 animam
3318 4975 3494 5039 faciat,
3519 4985 3571 5032 et
3597 4976 3734 5033 facta

2151 5064 2216 5119 de
2246 5064 2394 5134 ipso,
2427 5079 2532 5118 non
2571 5064 2641 5118 sit
2679 5064 2818 5134 quod
2851 5065 2986 5135 ipse.
3015 5064 3156 5121 Dicis
3193 5067 3335 5120 enim
3369 5085 3382 5121 :
3419 5085 3439 5120 ι
3468 5067 3736 5137 Numquid

2219 5246 2232 5273 ¹
2273 5241 2538 5290 Victorinus
2560 5239 2742 5300 codex,
2789 5239 2958 5292 vulnus
2987 5241 3189 5291 :minus
3220 5249 3378 5292 recte.
3419 5250 3531 5292 nam
3569 5241 3738 5293 alludit

2153 5305 2446 5364 Augustinus
2483 5303 2541 5350 ad
2567 5302 2684 5366 illud
2709 5302 2904 5364 Virgilii,
2938 5301 3022 5352 lib.
3047 5303 3080 5352 5
3100 5311 3294 5366 Geor-3.,
3321 5316 3449 5353 vers.
3475 5304 3588 5364 468,
3607 5304 3698 5354 ιω
3719 5317 3733 5352 :

2277 5365 2506 5427 mutinae
2529 5363 2716 5425 culpam
2744 5363 2872 5413 ferro
2893 5377 3150 5427 compesce
3165 5400 3179 5421 .
3206 5363 3337 5427 [Fraus
3355 5379 3503 5427 quam

2281 5426 2385 5472 Dira
2411 5437 2497 5486 per
2518 5426 2757 5472 incautum
2779 5433 2978 5488 serpant
2999 5425 3429 5488 contagiavnlgus.

2219 5486 2240 5516 ι
2273 5495 2374 5533 Am.
2403 5485 2452 5534 et
2476 5492 2548 5533 Er.
2575 5495 2626 5534 et
2651 5495 2728 5534 vs.
2753 5485 3079 5536 rratelteasis.
3105 5485 3360 5538 meam.

2222 5547 2242 5577 ³
2276 5553 2472 5614 Δίῳ-ΕΓ.
2497 5555 2548 5614 et
2573 5547 2738 5608 plures
2762 5556 2888 5605 vss,
2908 5559 3016 5614 cum
3035 5548 3124 5614 lgor
3137 5547 3242 5612 ipso
3257 5562 3348 5614 quo
3375 5548 3553 5614 spiritu
3572 5550 3737 5614 (tau-vta

2159 5614 2279 5656 nter.
2315 5607 2394 5656 Alii
2429 5610 2772 5676 quitlatn_\:s_s.,
2795 5622 2904 5676 cum
2925 5607 3014 5676 [loc
3043 5607 3199 5673 ipsum
3222 5607 3348 5673 quod
3378 5607 3552 5668 spiritu
3573 5611 3738 5660 hausto

2162 5677 2283 5718 uter.
2306 5676 2436 5728 t.ov.,
2453 5668 2567 5718 mn
2593 5668 2669 5718 hic
2692 5669 2793 5729 ipse
2817 5669 3014 5728 spiritus
3035 5668 3346 5728 It'auslus'auo
3368 5682 3490 5722 uter.

2541 5823 2568 5842 ἢ
