4034 6182
363 418 472 474 513

364 537 558 591 animm
588 543 786 592 nostras
815 546 894 591 cst
937 536 1108 606 portio
1147 534 1280 592 utris
1319 531 1518 587 inﬂatio
1538 574 1554 598 ,
1581 541 1672 586 aut
1709 533 1953 588 homines

365 628 615 698 fingimus
647 643 762 682 cum
795 636 942 682 utres
971 625 1238 690 inﬂamus,
1265 635 1353 678 aut
1377 623 1755 678 detrimentum
1780 625 1949 678 nostri

359 717 416 770 in
445 717 624 786 aliquo
653 716 903 785 patimur,
935 730 1054 772 cum
1083 714 1238 770 ﬂatus
1269 723 1477 768 nostros
1507 713 1558 766 in
1587 712 1796 768 diversa
1827 727 1951 782 par-

358 807 562 862 timur?
597 806 700 863 Sed
747 808 948 862 nullum
993 807 1226 877 patimur
1265 805 1679 871 detrimentum,
1723 821 1845 860 cum
1883 823 1952 861 ex

357 899 517 954 nobis
543 898 608 952 ad
633 897 829 968 aliquid
857 897 1262 952 transmittimus
1287 897 1506 958 ﬂatum;
1539 907 1594 950 et
1623 909 1869 951 manente
1895 897 1947 950 in

359 989 516 1043 nobis
545 989 696 1058 plena
730 988 887 1043 ﬂatus
926 987 1121 1057 proprii
1151 987 1400 1057 qualitate
1429 995 1483 1042 et
1511 987 1710 1056 integra
1740 987 1951 1056 quanti-

358 1087 503 1144 tate,
531 1079 734 1132 nullum
759 1093 856 1133 nos
881 1077 1220 1132 meminimus
1247 1077 1499 1130 damnum
1533 1091 1598 1129 ex
1632 1075 1764 1130 utris
1798 1077 1949 1130 iulia-

359 1169 506 1224 tione
529 1170 751 1224 sentire.
784 1187 804 1222 ι
835 1168 935 1224 Ista
963 1167 1328 1232 similitudine,
1357 1183 1478 1236 quae
1503 1167 1631 1220 satis
1656 1168 1870 1236 elegans
1893 1175 1949 1221 et

355 1273 660 1330 congruens
679 1257 770 1312 tibi
787 1257 1014 1324 videtur,
1033 1268 1284 1327 quantum
1309 1257 1505 1310 fallaris
1521 1255 1754 1310 attende.
1779 1256 1945 1311 Deum

355 1349 557 1419 quippe
581 1349 715 1402 dicis
746 1349 1136 1418 incorporeum,
1165 1364 1268 1401 non
1299 1347 1366 1400 dc
1393 1347 1560 1401 nihilo
1587 1362 1615 1400 a
1643 1363 1700 1402 se
1729 1347 1942 1414 factam,

355 1440 451 1494 sed
499 1439 568 1494 de
613 1455 674 1494 se
717 1439 832 1508 ipso
877 1439 1107 1494 animam
1158 1437 1373 1493 sufﬂare
1416 1452 1724 1506 corpoream
1771 1454 1786 1492 :
1825 1453 1946 1492 cum

355 1527 542 1583 ﬂatnn
570 1543 688 1592 nos,
719 1529 842 1584 licet
867 1543 1204 1599 corporeum,
1233 1527 1565 1583 subtiliorem
1591 1515 1766 1582 tamen
1786 1530 1946 1583 emit-

361 1629 554 1687 tamus,
587 1635 746 1688 quam
778 1623 958 1674 nostra
985 1623 1110 1674 sttnt
1129 1604 1388 1688 corpora;
1421 1633 1518 1673 nec
1536 1633 1660 1674 eum
1683 1617 1750 1674 de
1771 1623 1946 1674 anima

357 1722 572 1776 nostra,
601 1711 695 1766 sed
730 1711 798 1766 de
832 1710 935 1766 hoc
963 1725 1085 1766 aere
1113 1726 1210 1782 per
1240 1711 1438 1766 viscera
1467 1709 1706 1780 corporis
1731 1709 1948 1765 exhale-

357 1817 502 1857 mus.
531 1803 821 1858 Pulmones
849 1803 1045 1874 quippe
1069 1804 1244 1857 anima
1265 1844 1280 1869 ,
1312 1802 1463 1871 cujus
1500 1811 1630 1856 nutu
1668 1811 1948 1857 moventur

355 1893 520 1946 etiam
550 1901 741 1948 caetera
780 1894 1018 1962 corporis
1047 1891 1314 1957 membra,
1342 1891 1407 1946 ad
1435 1891 1578 1946 hunc
1604 1892 1807 1946 aerium
1833 1893 1944 1960 spi-

357 1983 524 2036 ritum
546 1983 844 2038 ducendum
865 1991 1024 2053 atque
1046 1982 1391 2045 reddendum,
1416 1982 1553 2036 sicut
1573 1981 1726 2037 folles
1747 1991 1942 2037 movet.

354 2073 565 2128 Practer
589 2075 729 2129 enim
759 2074 1006 2128 alimenta
1047 2073 1215 2148 solida
1244 2082 1297 2128 et
1323 2071 1493 2138 ﬂuxa,
1523 2071 1664 2128 unde
1689 2081 1772 2128 est
1796 2073 1945 2130 cibus

351 2176 412 2220 et
443 2177 628 2234 potus,
657 2165 759 2220 hoc
790 2171 1000 2220 tertium
1028 2165 1182 2220 nobis
1211 2166 1348 2220 Deus
1375 2166 1684 2220 alimentum
1719 2167 1946 2220 circum-

353 2255 494 2310 fudit
513 2271 784 2321 aurarum,
813 2272 944 2326 quas
969 2257 1039 2310 ita
1065 2256 1351 2325 carpimus,
1381 2265 1438 2308 ιιι
1461 2255 1578 2310 sine
1601 2255 1721 2310 cibo
1743 2264 1796 2311 et
1818 2263 1944 2324 potu

354 2347 449 2402 diu
475 2361 597 2402 esse
626 2349 923 2416 possimus,
968 2347 1086 2401 sine
1123 2345 1227 2401 hoc
1263 2355 1442 2400 autem
1479 2344 1734 2400 alimento
1763 2345 1940 2412 tertio,

354 2437 499 2508 quod
529 2452 656 2492 aura
685 2437 866 2500 nobis,
898 2453 1016 2506 qurc
1045 2436 1280 2507 undique
1303 2436 1666 2502 circumsistit,
1697 2436 1944 2506 spiranti-

355 2529 457 2586 bus
479 2537 534 2582 et
553 2527 937 2597 respirantibus
955 2525 1190 2594 exhibet,
1215 2541 1313 2581 nec
1331 2526 1522 2596 exiguo
1547 2526 1801 2596 temporis
1819 2542 1942 2598 spa-

353 2621 435 2674 tio
471 2619 734 2688 possimus
763 2619 962 2674 vivere.
993 2617 1140 2674 Sicut
1165 2626 1340 2672 autem
1371 2619 1520 2674 cibus
1557 2625 1612 2672 et
1649 2626 1806 2686 potus
1833 2633 1938 2672 non

353 2710 528 2764 solent
557 2709 851 2780 ingerendi,
880 2723 1064 2762 verum
1090 2709 1250 2762 etiam
1283 2723 1378 2778 per
1405 2716 1608 2762 meatus
1631 2707 1698 2762 ad
1730 2707 1832 2761 hoc
1856 2707 1938 2762 in-

354 2801 574 2855 stitutos
602 2799 853 2870 cgerendi
883 2809 1038 2862 sunt,
1071 2814 1139 2852 ne
1179 2806 1402 2867 utroque
1439 2797 1667 2863 lix-dant,
1708 2799 1792 2852 vel
1830 2815 1937 2852 non

353 2891 634 2955 intrando,
679 2890 761 2944 vel
804 2906 908 2944 non
945 2889 1190 2944 exeundo
1234 2907 1248 2944 :
1289 2889 1356 2942 ita
1397 2887 1497 2943 hoc
1525 2889 1738 2944 tertium
1763 2887 1940 2944 ﬂabile

351 2982 686 3048 alimentum,
709 2982 831 3051 quia
855 2982 905 3034 in
928 2981 1082 3036 nobis
1106 2995 1323 3036 manere
1349 2995 1452 3035 non
1479 2981 1686 3045 sinitur,
1715 2996 1815 3036 nec
1843 2982 1941 3036 im-

322 3071 612 3124 .morando
634 3071 1012 3140 corrumpitur,
1041 3071 1136 3125 sed
1162 3071 1394 3140 egeritur
1419 3084 1544 3124 mox
1567 3079 1625 3124 ut
1650 3070 1934 3141 ingeritur;

351 3177 459 3216 non
485 3163 620 3216 alios
640 3203 655 3228 ,
685 3163 778 3218 sed
807 3162 1024 3218 eosdem
1051 3172 1256 3218 meatus
1276 3203 1292 3229 ,
1324 3161 1375 3216 id
1400 3170 1503 3238 est,
1530 3176 1612 3228 os,
1643 3171 1735 3218 aut
1756 3178 1936 3232 nares,

350 3261 445 3308 aut
472 3264 773 3324 utrumque,
805 3265 858 3308 et
881 3269 981 3324 qua
1009 3255 1246 3318 intraret,
1279 3263 1333 3308 et
1359 3269 1461 3324 qua
1489 3255 1680 3322 exiret,
1711 3256 1934 3326 accepit.
1992 3283 1996 3286 ι

423 3347 478 3402 5.
511 3347 571 3400 in
599 3357 650 3402 te
677 3347 790 3416 ipso
819 3346 909 3401 tibi
940 3347 1104 3416 proba
1130 3347 1243 3416 ipse
1267 3346 1410 3416 quod
1434 3347 1554 3402 dico
1581 3363 1594 3401 :
1621 3347 1805 3403 emitte
1829 3349 1938 3419 spi—

351 3437 514 3492 ritum
548 3437 742 3502 ﬂando,
773 3447 828 3494 et
856 3437 977 3494 vide
1005 3448 1181 3493 utrum
1211 3439 1390 3503 dures,
1419 3437 1468 3493 si
1495 3455 1599 3493 non
1630 3437 1933 3509 receperis:

351 3530 532 3598 recipe
559 3529 898 3599 respirando,
930 3539 984 3584 et
1008 3529 1129 3584 vide
1154 3545 1284 3601 quas
1313 3529 1528 3598 patiaris
1551 3531 1828 3601 angustias
1846 3573 1860 3593 ,
1889 3531 1933 3584 si

351 3634 460 3673 non
509 3634 696 3674 rursus
743 3619 1004 3675 emiseris.
1058 3619 1172 3674 Hoc
1219 3619 1375 3690 igitur
1419 3617 1674 3684 facimus,
1723 3619 1936 3690 quando

352 3724 523 3769 utrem
544 3754 560 3778 ,
589 3713 728 3768 sicut
755 3713 920 3782 dicis,
953 3712 1229 3778 inﬂamus,
1261 3711 1400 3782 quod
1443 3711 1664 3767 facimus
1699 3723 1760 3767 ut
1785 3713 1932 3767 vivn-

351 3821 470 3858 mus
491 3823 506 3860 :
528 3805 627 3858 nisi
651 3804 788 3873 quod
813 3811 938 3859 tunc
960 3803 1116 3874 paulo
1134 3803 1256 3874 plus
1273 3803 1538 3870 ducimus,
1561 3812 1619 3858 ut
1637 3805 1794 3872 paulo
1816 3802 1935 3872 plus

349 3897 690 3962 omittamus,
723 3903 780 3950 ut
807 3895 1046 3964 spiritum
1073 3891 1304 3948 ﬂabilem
1325 3935 1341 3961 ,
1383 3893 1434 3947 id
1473 3904 1584 3958 est,
1623 3903 1838 3949 ventum
1879 3894 1931 3948 in

349 3995 520 4040 utrem
550 3985 873 4054 implendum
901 3991 954 4040 et
979 3983 1370 4040 extendendum
1399 3998 1507 4038 non
1530 3985 1708 4054 quiete
1728 3983 1933 4053 spiran-

347 4078 398 4131 di
437 4088 492 4134 ct
529 4077 856 4148 respirandi,
895 4077 990 4134 sed
1029 4076 1310 4133 anhelandi
1351 4077 1546 4146 impetu
1577 4086 1928 4131 coarctetnus.

347 4168 626 4235 Quomodo
651 4184 780 4239 ergo
801 4169 956 4234 dicis,
989 4185 1008 4220 ι
1038 4166 1249 4222 Nullum
1277 4167 1507 4237 patimur
1531 4167 1930 4234 detrimentum,

346 4273 463 4312 cum
487 4275 552 4313 ex
576 4259 730 4314 nobis
753 4258 818 4312 ad
842 4258 1039 4327 aliquid
1069 4257 1475 4312 transmittimus
1495 4256 1712 4321 ﬂatum;
1739 4264 1794 4310 et
1818 4271 1932 4311 rna-

347 4359 507 4402 nrnte
533 4349 583 4402 in
611 4349 763 4402 nobis
789 4349 943 4418 plena
971 4348 1124 4402 ﬂatus
1155 4347 1350 4417 preprii
1378 4346 1629 4416 qualitate
1655 4356 1706 4400 ct
1728 4347 1929 4416 integra

346 4440 668 4508 quantitate,
703 4440 900 4494 nullum
931 4455 1029 4493 nos
1057 4439 1394 4492 meminimus
1427 4437 1677 4491 damnum
1705 4453 1769 4492 ex
1797 4437 1930 4492 utris

347 4530 619 4584 inﬂatione
660 4531 898 4584 sentire?
927 4549 944 4580 ι
983 4530 1212 4599 Apparet
1263 4537 1350 4594 te,
1405 4529 1510 4595 fili,
1557 4529 1602 4583 si
1637 4528 1930 4599 aliquando

347 4632 519 4676 utrem
547 4621 762 4686 intiasti,
791 4637 894 4675 non
921 4620 1212 4676 advertisse
1237 4620 1360 4690 quid
1387 4621 1581 4690 egeris.
1609 4619 1759 4687 Quod
1786 4619 1927 4674 enim

345 4711 580 4765 inﬂando
601 4712 618 4742 ³
647 4711 874 4776 amittis,
906 4712 1084 4764 statim
1115 4711 1418 4780 recipiendo
1459 4726 1565 4764 non
1605 4711 1790 4765 scutis.
1823 4709 1927 4764 Sed

344 4813 495 4871 potes
525 4803 626 4856 hoc
653 4800 901 4856 facillime
926 4800 1154 4865 discere,
1187 4801 1230 4854 si
1260 4801 1362 4854 hoc
1392 4801 1564 4870 potius
1589 4801 1742 4865 velis,
1769 4817 1926 4870 quam

345 4904 428 4946 tua
457 4894 620 4958 dicta,
650 4893 771 4962 quia
795 4893 903 4961 jam
931 4892 1239 4961 dictasnnt,
1267 4907 1369 4946 non
1397 4891 1587 4946 inﬂans
1611 4901 1806 4954 utrem,
1833 4891 1926 4946 sed

341 4985 556 5040 inﬂatus
583 4985 696 5054 ipse
725 4984 1032 5052 defendere,
1065 4994 1120 5038 et
1145 4983 1414 5038 auditores
1444 4993 1594 5052 tuos,
1626 4999 1758 5054 quos
1789 4985 1928 5040 veris

340 5080 544 5132 rebus"
571 5078 838 5132 :editicare
876 5077 1074 5142 debes,
1118 5076 1260 5130 inani
1303 5077 1523 5146 strepitu
1565 5079 1767 5132 ventosi
1809 5093 1926 5132 ser-

338 5171 516 5224 nmnis
544 5169 750 5224 inﬂare.
782 5168 836 5222 ln
865 5168 963 5223 hac
989 5183 1146 5222 causa
1171 5183 1274 5222 non
1304 5178 1354 5222 te
1379 5168 1445 5226 ad
1473 5169 1779 5238 magistrum
1807 5171 1927 5222 mit-

342 5269 430 5325 to,
465 5261 568 5316 nisi
589 5261 612 5292 ³
635 5261 699 5314 ad
729 5270 781 5315 te
806 5261 997 5331 ipsum.
1027 5260 1224 5315 Emitte
1258 5261 1438 5314 ﬂatum
1469 5262 1522 5314 in
1552 5273 1752 5327 utrem,
1783 5271 1838 5316 et
1865 5279 1926 5317 os

337 5349 530 5422 claude
555 5352 808 5406 continuo
829 5392 843 5418 ,
873 5361 1136 5421 naresque
1161 5350 1360 5415 detine,
1394 5361 1446 5405 et
1475 5351 1553 5406 sic
1578 5352 1762 5406 saltem
1789 5354 1924 5407 senti

338 5459 526 5496 verum
557 5459 677 5498 esse
715 5443 856 5513 quod
893 5443 1030 5498 dico.
1072 5441 1205 5497 Cum
1233 5443 1374 5498 enim
1401 5445 1628 5513 cmperis
1657 5446 1925 5514 angustias

336 5534 704 5589 intolerabiles
726 5534 952 5603 perpeti,
983 5532 1108 5604 quid
1139 5533 1322 5602 cupies
1348 5549 1440 5588 ore
1466 5543 1649 5603 aperto
1677 5534 1924 5589 naribus-

403 5703 418 5732 ι
459 5708 558 5748 At".
584 5705 657 5748 Er.
677 5708 727 5749 et
746 5715 758 5762 ι
777 5698 970 5762 lerique
991 5706 1102 5749 Mss.
1122 5734 1138 5760 ,
1159 5697 1460 5764 inﬁrmando.

399 5765 422 5796 ⁸
453 5763 653 5812 Cisterc.
680 5769 783 5821 Ms,
799 5761 914 5823 quos
928 5773 1022 5811 non
1041 5761 1214 5820 verbis,
1233 5761 1316 5812 sed
1343 5761 1504 5812 rebus.

401 5825 419 5855 ³
455 5823 601 5880 ωλι.
625 5823 709 5872 sed
757 5831 808 5873 Αι
832 5829 958 5882 ωε,
977 5823 1087 5873 nisi.

1705 413 1908 470 LIBER
1946 413 2315 472 SECUNDUS.

1997 525 2003 530 ’
2059 545 2162 598 que
2182 532 2461 600 recipere.
2503 535 2545 587 si
2587 536 2796 605 quando
2834 538 3056 593 sufﬂaszi
3081 581 3094 603 ,
3125 540 3254 594 nihil
3289 553 3339 597 te
3367 543 3638 600 existimas

3538 433 3640 490 5M

2055 616 2338 690 atnisisse?
2367 625 2494 679 Vide
2523 626 2574 679 in
2603 644 2706 696 quo
2733 629 2870 682 malo
2900 631 3000 694 sis,
3032 632 3132 686 nisi
3163 632 3452 688 hauriendo
3483 651 3640 689 resu-

2057 729 2170 767 mas
2195 715 2335 784 quod
2363 703 2685 772 eﬂ'undendo
2708 720 3034 774 reddideras.
3064 722 3217 788 Vide,
3247 724 3332 777 illa
3357 724 3640 778 insnfﬂatio

2055 803 2232 873 qualia
2257 804 2449 858 damna
2477 816 2530 860 et
2555 807 2870 861 detrimenta
2902 810 3128 876 fecisset,
3155 812 3252 864 nisi
3278 828 3338 866 ea
3362 815 3640 882 respiratio

2049 907 2373 964 reparasset.
2406 897 2512 951 Nisi
2545 899 2686 951 enim
2717 899 2857 968 quod
2889 901 3210 968 impenderis
3235 901 3300 956 ad
3334 914 3502 960 utrem
3535 905 3636 956 im-

2055 985 2304 1054 plendum
2325 1029 2340 1052 ,
2373 987 2438 1041 ad
2471 997 2520 1043 te
2558 989 2740 1043 itidem
2766 991 3014 1044 alendum
3045 993 3185 1044 aditu
3216 993 3474 1062 patefacto
3513 995 3640 1048 red-

2053 1076 2206 1140 ierit,
2249 1078 2376 1148 quid
2423 1078 2550 1144 tibi,
2585 1096 2687 1133 non
2718 1081 2890 1135 Solum
2921 1081 3062 1134 unde
3104 1083 3250 1137 illum
3295 1083 3504 1150 inﬂare,
3538 1085 3635 1139 sed

2054 1166 2194 1221 unde
2225 1175 2278 1220 tu
2313 1169 2484 1236 possis
2511 1169 3081 1242 viverctretnanebitl

2121 1254 2176 1310 ϐ.
2213 1257 2336 1311 limo
2356 1257 2583 1311 debuisti
2612 1259 2971 1324 considerare,
2996 1275 3116 1313 cum
3139 1261 3428 1316 scriberes:
3455 1273 3509 1317 et
3531 1280 3635 1319 non

2051 1344 2150 1400 ista
2191 1345 2538 1401 similitudine
2579 1349 2774 1402 utrium
2820 1347 3121 1403 inﬂatormn
3166 1351 3245 1404 \cl
3287 1352 3634 1406 inﬂandormn

2051 1434 2392 1490 introducere
2417 1437 2570 1490 nobis
2599 1438 2764 1491 Deum
2783 1480 2796 1502 ,
2827 1450 2914 1492 aut
2941 1455 3006 1494 ex
3038 1441 3138 1493 alia
3169 1451 3355 1495 natura
3382 1458 3500 1511 qua:
3525 1444 3637 1511 jant

2050 1537 2184 1592 erat,
2209 1527 2344 1580 sicut
2370 1542 2468 1580 nos
2487 1543 2551 1581 ex
2577 1529 2677 1581 isto
2698 1529 3020 1583 circumfuso
3042 1547 3166 1584 aere
3187 1530 3366 1584 ﬂatum
3393 1531 3635 1597 facimus,

2049 1615 2255 1670 animas
2281 1617 2410 1670 ﬂare
2441 1635 2454 1670 :
2482 1626 2572 1670 aut
2598 1625 2774 1683 certe,
2816 1617 2955 1688 quod
2987 1629 3040 1672 et
3066 1619 3321 1674 abhorret
3346 1621 3412 1675 ab
3437 1622 3532 1675 ista
3561 1625 3636 1676 si-

2050 1707 2368 1770 militudine,
2397 1719 2450 1762 et
2474 1709 2708 1762 abundat
2735 1709 3025 1778 impietate,
3051 1711 3218 1780 Deum
3243 1711 3360 1764 sine
3387 1712 3494 1766 ullo
3520 1713 3637 1781 qui-

2048 1796 2170 1851 dem
2187 1799 2267 1854 sui
2290 1799 2627 1864 detrimento,
2651 1799 2744 1854 sed
2772 1809 2946 1855 tamen
2973 1800 3039 1856 de
3058 1816 3149 1855 sua
3173 1813 3356 1856 natura
3383 1803 3636 1858 mutabile
3701 1802 3708 1809 ’

2048 1888 2242 1958 aliquid
2269 1891 2350 1943 vel
2381 1890 2646 1958 proferre,
2676 1891 2780 1955 vel,
2810 1892 2951 1960 quod
2977 1901 3058 1946 est
3086 1892 3256 1962 pejus,
3279 1903 3526 1964 tanquam
3553 1897 3634 1950 sui

2047 1981 2224 2050 operis
2251 1981 2498 2036 materies
2525 1983 2638 2050 ipse
2663 1983 2766 2046 sit,
2801 1983 2998 2040 facere.
3035 1983 3103 2040 Ut
3129 2000 3256 2054 ergo
3294 1985 3525 2056 aliquam
3567 1987 3635 2042 de

2048 2082 2230 2127 nostro
2272 2071 2398 2128 ﬂatu
2427 2073 2490 2126 ad
2519 2072 2655 2128 hanc
2679 2089 2794 2128 rem
2821 2075 3168 2130 adhibeamus
3202 2076 3630 2142 similitudinem,

2043 2162 2098 2215 id
2136 2163 2307 2231 potius
2335 2171 2420 2218 est
2446 2162 2768 2218 credendum
2797 2181 2811 2218 :
2841 2165 2979 2233 quod
3009 2165 3146 2218 sicut
3176 2179 3271 2219 nes
3302 2182 3407 2220 non
3439 2167 3505 2220 de
3537 2185 3634 2220 na.

2048 2259 2164 2306 tura
2193 2259 2372 2306 nostra
2394 2293 2410 2317 ,
2441 2251 2535 2306 sed
2564 2252 2684 2322 quia
2723 2253 3118 2322 omnipotentes
3162 2269 3267 2308 non
3311 2271 3524 2322 sumus,
3567 2256 3635 2312 de

2047 2341 2148 2396 isto
2173 2357 2296 2398 acre
2315 2342 2638 2398 circumfuso
2663 2359 2818 2413 quem
2845 2343 3100 2398 trahimus
3123 2354 3174 2399 et
3196 2345 3484 2407 reddimus.
3509 2364 3632 2401 cum

2047 2434 2312 2506 spiramus
2337 2444 2390 2490 et
2415 2435 2741 2505 respiramus
2763 2475 2777 2501 ,
2805 2433 2986 2489 ﬂatum
3028 2435 3250 2490 facimus
3284 2437 3496 2506 quando
3521 2437 3634 2491 suf-

2045 2525 2265 2590 ﬂamus,
2297 2539 2399 2581 nec
2436 2525 2702 2580 viventem
2745 2529 2846 2580 nec
2885 2525 3234 2590 sentientem,
3264 2525 3506 2595 quamvis
3535 2543 3633 2582 nos

2044 2619 2283 2674 vivamus
2310 2629 2470 2688 atque
2497 2620 2823 2682 sentiamus;
2866 2618 2935 2671 ita
2965 2619 3129 2672 Deum
3160 2634 3264 2672 non
3305 2619 3372 2672 de
3410 2633 3504 2672 sua
3535 2635 3632 2672 na-

2046 2717 2196 2774 tura,
2225 2709 2320 2764 sed
2355 2710 2476 2780 quia
2516 2710 2594 2764 sic
2635 2709 2975 2778 ominipotens
3012 2719 3127 2773 est,
3172 2718 3230 2762 ut
3259 2713 3420 2777 possit
3449 2723 3632 2765 create

2043 2798 2183 2871 quod
2210 2800 2318 2853 vult
2338 2839 2353 2864 ,
2381 2799 2540 2855 etiam
2569 2813 2632 2852 ex
2661 2815 2726 2852 eo
2756 2798 2892 2866 quod
2921 2799 3140 2852 omnino
3170 2814 3274 2850 non
3306 2809 3383 2851 est
3403 2839 3416 2860 ,
3445 2797 3496 2851 id
3527 2809 3628 2860 est,

2042 2889 2110 2946 de
2138 2890 2301 2944 nihilo
2327 2888 2504 2944 ﬂatum
2533 2887 2711 2942 facere
2741 2903 2894 2957 posse
2919 2889 3181 2941 viventem
3213 2897 3368 2956 atque
3397 2887 3630 2942 sentien-

2044 2991 2184 3043 tem;
2212 2980 2306 3036 sed
2333 2980 2486 3050 plane
2511 2993 2632 3034 cum
2659 2978 2728 3033 sit
2753 2977 3094 3032 immutabilis
3119 2978 3232 3046 ipse
3259 2978 3564 3032 mutabilem
3581 2960 3626 3032 ’⁸.

2111 3093 2338 3152 CAPUT
2379 3093 2441 3148 V.
2466 3123 2540 3134 —-
2564 3093 2616 3147 7.
2648 3091 2782 3160 Quid
2814 3101 2988 3146 autem
3018 3092 3116 3145 sibi
3146 3093 3294 3152 vult,
3337 3093 3474 3160 quod
3509 3093 3630 3146 lmic
3672 3124 3679 3130 -

2040 3188 2372 3244 similitudini
2395 3186 2694 3242 addendum
2719 3186 2912 3255 putasti
2933 3185 2998 3238 ad
3020 3185 3320 3253 exemplum
3345 3188 3364 3214 ³
3385 3184 3452 3238 de
3475 3185 3630 3238 beato

2041 3281 2238 3339 Elisaeo
2257 3323 2271 3345 ,
2299 3281 2418 3350 quia
2451 3278 2626 3334 ﬂando
2656 3277 2709 3332 in
2739 3277 2853 3346 ejus
2884 3275 3070 3331 faciem
3105 3286 3368 3330 morttnnn
3399 3277 3625 3329 suscita-

2040 3371 2176 3428 Vcrit
2207 3372 2295 3445 (IV
2325 3369 2449 3441 Reg.
2483 3389 2550 3434 ιν,
2582 3370 2672 3436 56,
2702 3368 2836 3437 55)?
2867 3367 3012 3422 ltane
3041 3377 3097 3422 tu
3129 3367 3307 3422 ﬂatum
3338 3367 3517 3421 Elismi
3551 3369 3628 3419 fa-

2038 3472 2181 3519 ctum
2203 3463 2223 3496 ³
2253 3463 2415 3519 fuisse
2435 3471 2589 3531 putas
2610 3461 2838 3515 animam
2867 3460 3056 3529 pueri?
3083 3459 3194 3513 Non
3223 3475 3389 3530 usque
3418 3460 3552 3513 adeo
3576 3469 3627 3514 te

2037 3569 2069 3610 a
2099 3569 2224 3609 vero
2249 3553 2552 3608 exorbitare
2585 3549 2922 3606 crediderim.
2951 3549 3006 3605 Si
3032 3565 3158 3620 ergo
3187 3551 3360 3603 :mima
3391 3549 3476 3603 illa
3507 3567 3626 3618 quae
3687 3591 3692 3595 ρ

2039 3645 2234 3698 viventi
2261 3643 2433 3698 ablata
2464 3642 2637 3702 fuerat
2665 3651 2722 3696 ut
2748 3649 3080 3720 moreretur,
3111 3641 3295 3696 eadem
3327 3641 3436 3709 ipsa
3467 3643 3536 3696 illi
3569 3653 3625 3697 ut

2037 3734 2377 3789 revivisceret
2396 3732 2418 3764 ⁸
2450 3732 2653 3788 reddita
2692 3741 2804 3796 est;
2834 3731 2959 3801 quid
2990 3731 3054 3786 ad
3087 3748 3200 3786 rem
3231 3734 3457 3800 pertinet
3485 3735 3624 3799 quod

2035 3823 2236 3887 dixisti,
2268 3841 2287 3874 ι
2319 3823 2449 3878 nihil
2469 3822 2662 3876 Elisam
2682 3822 2842 3876 fuisse
2861 3821 3200 3883 diminutum,
3229 3839 3246 3871 ι
3273 3821 3420 3889 quasi
3444 3821 3510 3874 ab
3534 3822 3626 3876 illo

2035 3914 2232 3985 aliquid
2265 3915 2549 3981 transisse,
2578 3913 2718 3968 unde
2744 3913 2978 3978 viveret,
3007 3911 3255 3968 credatur
3281 3911 3332 3965 in
3363 3917 3622 3980 puerum?

2035 4008 2188 4074 Quod
2227 4007 2272 4060 si
2313 4017 2590 4076 propterea
2623 4005 2821 4060 dictum
2851 4014 2964 4068 est,
2997 4005 3118 4074 quia
3158 4005 3303 4059 ﬂavit
3337 4014 3390 4058 et
3421 4005 3622 4073 integer

2035 4100 2264 4164 mansit;
2290 4098 2414 4169 quid
2440 4111 2573 4167 opus
2597 4105 2713 4152 erat
2735 4105 2792 4150 ut
2821 4097 2922 4151 hoc
2945 4096 3010 4151 de
3036 4097 3229 4150 Elisa-o
3249 4106 3514 4150 mortuum
3541 4114 3622 4150 re—

2033 4193 2324 4246 suscitant-e
2349 4192 2574 4256 diceres,
2609 4191 2748 4260 quod
2775 4192 2841 4246 de
2865 4191 3059 4262 quovis
3089 4191 3246 4246 ﬂante
3275 4201 3327 4245 et
3354 4193 3618 4246 neminem

2033 4284 2326 4338 suscitante
2367 4283 2546 4338 dicere
2593 4282 2935 4337 nihilominus
2976 4286 3198 4353 posses?
3244 4283 3453 4338 incaute
3492 4299 3622 4340 sane

2035 4375 2242 4428 locutus
2269 4389 2330 4430 es
2360 4373 2667 4446 (cum'absit
2697 4383 2750 4426 ut
2779 4372 2968 4428 credas
2998 4373 3179 4428 ﬂatum
3209 4374 3384 4430 Elismi
3426 4377 3619 4429 laetum

2033 4462 2196 4519 fuisse
2225 4464 2590 4518 reviviscentis
2616 4463 2847 4518 animam
2877 4465 3072 4533 pueri),
3103 4465 3243 4534 quod
3272 4466 3496 4534 primum
3530 4466 3619 4520 Ilei

2033 4555 2263 4619 factum,
2293 4555 2362 4609 ab
2389 4555 2542 4609 istius
2567 4555 2838 4624 prephetm
2867 4553 3005 4609 facto
3033 4555 3132 4609 hoc
3161 4558 3356 4611 distare
3386 4557 3616 4620 voluisti,

2032 4649 2172 4719 quod
2206 4650 2294 4704 ille
2324 4649 2512 4711 semel,
2543 4649 2642 4703 istc
2669 4657 2748 4703 ter
2778 4647 3001 4704 ﬂaverit.
3034 4649 3216 4702 Dixisti
3241 4650 3432 4719 quippe
3463 4668 3480 4697 i
3513 4650 3620 4703 hn-

2033 4755 2198 4796 smum
2231 4741 2280 4796 iu
2314 4740 2500 4796 faciem
2529 4740 2762 4796 defuncti
2795 4741 2880 4794 ﬁlii
2921 4741 3060 4794 illius
3087 4742 3410 4798 Sunamitis.‘
3441 4741 3504 4794 ad
3537 4741 3616 4793 in-

2032 4842 2145 4886 Star
2182 4833 2452 4903 primaeva:
2481 4830 2701 4901 originis
2741 4830 3058 4886 insufﬂasse.
3107 4829 3170 4883 Et
3216 4846 3332 4884 cum
3377 4846 3513 4883 ριιιοι
3531 4840 3616 4883 tua

2033 4926 2292 4990 membra,
2325 4945 2342 4976 ι
2374 4925 2570 4994 inquis,
2605 4943 2622 4976 ι
2657 4925 2707 4978 in
2738 4925 2972 4996 vigorem
3006 4924 3283 4992 pristinum
3314 4923 3616 4978 redanima-

2035 5029 2082 5071 ta
2102 5059 2117 5082 ,
2165 5033 2258 5086 per
2302 5017 2522 5072 halitum
2567 5017 2848 5086 Propheta
2877 5017 3054 5072 divina
3083 5017 3250 5070 virtus
3277 5017 3612 5084 accenderet,

2033 5109 2160 5164 nihil
2193 5110 2380 5164 Elisa-o
2407 5109 2563 5164 fuerit
2595 5109 2947 5173 in‘uninntum,
2981 5123 3076 5177 per
3105 5107 3256 5175 cujus
3284 5108 3463 5162 ﬂatum
3491 5125 3611 5162 cor—

2032 5217 2131 5272 pus
2151 5213 2447 5257 emortumn
2473 5201 2756 5256 redivivam
2783 5201 3014 5253 animam
3041 5198 3239 5269 recepit
3263 5212 3316 5254 et
3341 5201 3612 5268 spiritum:

2033 5294 2132 5348 nisi
2164 5293 2306 5365 quod
2337 5294 2501 5348 semel
2534 5292 2785 5346 Dominus
2818 5291 2867 5344 in
2897 5291 3082 5345 faciem
3113 5289 3343 5347 hominis
3373 5292 3612 5347 insufﬂa-

2032 5383 2127 5449 vit,
2151 5391 2204 5436 et
2225 5381 2387 5447 vixit;
2416 5381 2574 5435 tertio
2596 5380 2818 5434 Elisxns
2844 5381 2894 5434 in
2920 5380 3107 5436 faciem
3129 5381 3319 5436 mortui
3341 5383 3614 5454 aspiravit,

2093 5579 2110 5647 ξ
2147 5579 2231 5628 Hic
2253 5577 2370 5647 editi
2395 5576 2593 5647 addunt,
2616 5577 2749 5647 (erit.

2091 5639 2112 5670 ί
2148 5640 2276 5700 Al;qu
2299 5645 2426 5696 bow,
2453 5637 2630 5700 putasti
2651 5645 2697 5687 et
2719 5637 3008 5700 exmplum.

2095 5700 2116 5763 ἒ
2149 5701 2393 5761 Addimus,
2415 5701 2616 5763 factum,
2649 5713 2711 5749 ex
2738 5702 3088 5763 inannserij-tis.

2095 5761 2117 5794 ⁸
2152 5769 2200 5811 tn
2239 5769 2345 5812 Mss.
2369 5798 2384 5824 ,
2417 5761 2768 5829 revivesceret;
2835 5772 2885 5812 et
2963 5761 3104 5825 paulo
3142 5773 3279 5829 post,
3325 5767 3610 5818 revirrsrru-

2030 5827 2108 5878 (is.
2689 5828 2700 5836 ’
