4034 6182
403 395 510 451 5'15

407 523 462 565 et
505 506 709 562 revixit.
746 523 763 556 ι
799 501 887 556 Sic
916 505 1106 554 sonant
1137 505 1219 551 tua
1261 494 1420 549 verba
1463 495 1560 548 ista
1585 535 1597 558 ,
1642 493 1791 562 quasi
1831 491 1988 544 ﬂandi

409 609 611 653 tantum
641 608 891 649 numerus
917 588 1212 644 interfuerit
1235 588 1275 654 ¹,
1307 596 1362 639 ιιι
1389 602 1492 640 non
1518 584 1658 654 quod
1685 583 1807 638 fecit
1829 583 1990 640 Deus.

407 688 564 742 etiam
599 683 860 754 Propheta
896 679 1086 734 fecisse
1114 675 1379 731 credatur.
1411 675 1476 729 Et
1503 674 1606 726 hoc
1635 687 1762 742 ergo
1803 687 1954 726 cmeu

403 777 632 832 dandum
663 786 763 828 est.
797 773 926 826 'l‘am
955 770 1178 824 multum
1207 769 1399 838 quippe
1431 764 1664 820 interfuit
1697 765 1835 818 inter
1865 764 1990 816 illud

403 886 534 933 opus
564 868 686 932 Dei,
715 873 768 920 et
806 864 907 918 hoc
947 861 1158 926 Elisaei,
1187 870 1242 913 ut
1285 859 1372 912 ille
1403 857 1608 911 flaverit
1635 857 1816 910 flatum
1848 856 1988 919 vite,

403 977 508 1029 quo
539 963 688 1012 ﬁeret
715 958 874 1010 homo
900 955 951 1008 in
977 955 1208 1007 animam
1236 951 1534 1014 viventem;
1568 950 1667 1003 iste
1691 960 1867 1002 autem
1897 948 1992 1002 fla-

404 1054 536 1105 verit
569 1045 780 1110 ﬂatum,
815 1061 985 1115 neque
1015 1045 1332 1098 sentientem
1363 1057 1534 1111 neque
1564 1041 1859 1106 viventem,
1897 1038 1990 1092 sed

400 1142 600 1209 aliquid
621 1137 950 1208 signiﬁcandi
973 1135 1137 1205 gratia
1165 1131 1499 1202 ﬁgurantem.
1527 1130 1762 1200 Denique
1783 1137 1837 1182 ut
1863 1145 1993 1198 puer

403 1236 502 1288 iste
535 1233 908 1291 revivisceret,
944 1244 1047 1280 non
1087 1241 1210 1280 eum
1240 1223 1526 1278 animando
1551 1221 1818 1292 Propheta
1845 1221 1988 1285 fecit,

398 1325 491 1379 sed
522 1324 686 1377 eum1|
727 1319 954 1374 amando
998 1327 1053 1371 ut
1097 1318 1196 1370 hoc
1240 1317 1379 1369 Deus
1425 1314 1622 1370 faceret
1671 1314 1986 1382 impetravit.

399 1415 551 1480 Quod
581 1423 756 1466 autem
789 1411 936 1464 illum
979 1419 1061 1462 ter
1099 1407 1342 1461 sumasse
1380 1405 1547 1469 dicis,
1578 1415 1671 1459 attt
1710 1405 1982 1468 memoria,

398 1508 533 1558 sicut
573 1505 686 1557 ﬁeri
728 1503 892 1568 solet,
937 1510 1026 1553 ant
1073 1498 1398 1553 meudositas
1440 1497 1638 1552 codicis
1684 1505 1734 1550 te
1778 1495 1986 1551 fefellit.

397 1597 532 1664 Quid
571 1594 756 1664 plura?
788 1593 900 1646 Non
929 1600 1049 1645 su..t
1085 1590 1178 1644 tibi
1219 1588 1286 1642 ad
1318 1588 1419 1642 hoc
1443 1587 1788 1642 astruendum
1815 1587 1987 1657 aliqua

397 1687 636 1755 exempla
667 1696 719 1740 et
745 1692 1053 1754 argumenta
1082 1681 1400 1752 querenda,
1445 1680 1538 1735 sed
1584 1680 1759 1749 potius
1801 1695 1986 1734 emen-

395 1779 568 1832 danda
609 1788 664 1831 et
702 1759 1262 1830 mutanda.sententia.
1299 1771 1410 1824 Noli
1441 1786 1567 1840 ergo
1592 1769 1847 1836 credere,
1877 1769 1986 1822 noli

395 1884 523 1938 ergo
549 1869 746 1930 dicere,
783 1866 891 1920 noli
921 1865 1114 1918 docere
1145 1882 1163 1914 ι
1193 1862 1332 1933 quod
1364 1878 1468 1917 non
1495 1861 1562 1916 de
1587 1861 1772 1926 nihilo,
1799 1861 1893 1914 sed
1919 1860 1986 1915 de

393 1978 488 2016 sua
511 1972 692 2013 natura
713 1958 888 2012 fecerit
912 1957 1140 2010 attimam
1168 1955 1358 2018 Deus,»
1377 1953 1422 2007 si
1438 1954 1514 2006 vis
1538 1967 1656 2007 esse
1670 1951 1980 2006 catholicus.

464 2049 687 2106 CAPUT
733 2048 974 2101 \‘l.—8.
1005 2045 1120 2099 Noli
1166 2045 1418 2109 credere,
1471 2059 1571 2098 nec
1613 2043 1827 2106 dicere,
1885 2058 1985 2097 nec

393 2141 605 2205 docere,
658 2159 675 2191 ι
717 2139 818 2194 Per
861 2138 1121 2192 inﬁnitum
1173 2145 1410 2206 tempus,
1451 2146 1612 2205 atque
1650 2136 1721 2188 ita
1767 2149 1983 2204 semper

395 2232 559 2286 Deum
607 2231 810 2284 animas
847 2229 1008 2291 dare,
1051 2227 1190 2282 sicut
1230 2242 1442 2295 semper
1481 2238 1562 2280 est
1589 2226 1702 2295 ipse
1726 2227 1816 2295 qui
1841 2227 1930 2280 dat
1957 2245 1974 2277 ι

397 2322 617 2391 (Supra,
646 2321 734 2374 lib.
765 2322 818 2387 l,
877 2337 928 2372 ιι.
967 2319 1078 2387 9.15).
1111 2318 1153 2370 si
1195 2317 1270 2371 vis
1307 2331 1428 2371 esse
1491 2315 1809 2371 catholicus.
1866 2314 1981 2369 Erit

393 2413 534 2464 enim
571 2423 776 2478 tempus
801 2408 1010 2480 quando
1033 2424 1136 2462 non
1163 2407 1307 2460 dabit
1328 2407 1531 2462 animas
1553 2407 1712 2472 Deus,
1742 2421 1864 2460 cum
1894 2414 1976 2460 ta-

393 2519 514 2556 men
559 2516 677 2555 esse
707 2500 819 2569 ipse
849 2517 952 2552 non
981 2498 1205 2552 desinat.
1237 2498 1453 2552 Poterat
1482 2497 1694 2568 quidem
1721 2498 1800 2553 sic
1833 2498 1974 2552 acci-

393 2593 468 2661 pi,
496 2587 637 2661 quod
683 2591 823 2655 aisti,
859 2608 878 2642 ι
906 2605 1119 2658 semper
1147 2588 1237 2642 dat
1267 2608 1284 2641 ι
1327 2599 1382 2646 ut
1427 2589 1815 2660 intelligeretur
1854 2591 1973 2646 sine

391 2683 690 2736 cessatione
713 2681 841 2735 dare
871 2680 1123 2749 quamdiu
1153 2679 1395 2735 homines
1435 2687 1694 2748 generant
1727 2691 1781 2734 et
1815 2695 1977 2750 gene-

393 2781 594 2834 rantur,
637 2771 771 2824 sicut
811 2769 1006 2824 dicunn
1033 2778 1114 2824 cet
1143 2769 1208 2823 de
1245 2769 1583 2838 quibusdam,
1627 2769 1841 2840 Semper
1891 2771 1974 2824 di-

401 2872 608 2925 scentis,
641 2871 687 2913 et
715 2861 782 2914 ad
811 2859 1030 2914 veritatis
1053 2859 1313 2913 scientiam
1356 2875 1609 2930 nunquam
1639 2861 1977 2931 pervenientes

400 2951 478 3020 (ll
509 2951 638 3004 Tim.
671 2967 750 3015 ιιι,
782 2951 834 3019 7)
864 2969 875 3002 :
908 2965 1014 3004 non
1043 2950 1182 3004 enim
1214 2951 1291 3003 sic
1319 2950 1574 3018 accipitur
1599 2949 1740 3019 quod
1771 2949 1857 3004 hic
1885 2964 1976 3018 po-

401 3049 558 3094 situm
591 3051 690 3105 est,
720 3057 932 3109 semper,
965 3042 1106 3094 velut
1149 3055 1416 3111 nunquam
1447 3038 1696 3092 desinant
1735 3038 1972 3102 discere;

389 3148 513 3187 cum
561 3132 740 3200 procul
779 3132 940 3184 dubio
977 3147 1080 3184 non
1111 3129 1352 3195 discant,
1377 3128 1588 3198 quando
1617 3129 1670 3183 in
1714 3128 1818 3182 hoc
1851 3143 1972 3183 cor-

392 3241 524 3295 pore
566 3224 866 3278 destiterint
901 3224 1098 3287 vivere,
1129 3221 1213 3276 vel
1252 3236 1372 3275 cum
1404 3221 1668 3290 cmperint
1712 3220 1973 3290 supplicio

385 3318 696 3386 gehenuans
753 3315 888 3382 ignis
927 3313 1116 3368 ardere
1149 3331 1163 3366 :
1198 3312 1297 3368 scd
1335 3322 1388 3367 tu
1429 3327 1534 3367 non
1577 3313 1865 3382 permisisti
1896 3313 1973 3368 sic

387 3407 557 3477 accipi
603 3407 821 3460 verbum
868 3415 1044 3471 tuum,
1091 3419 1210 3458 cum
1253 3403 1456 3467 dixisti,
1492 3421 1510 3454 ι
1545 3418 1758 3473 semper
1786 3403 1910 3469 dat;
1949 3423 1966 3456 ι

385 3497 812 3570 quandoquidem
849 3496 898 3550 id
945 3495 1010 3550 ad
1051 3495 1314 3550 inﬁnitum
1361 3505 1570 3564 tempus
1614 3495 1971 3550 revocandum

388 3591 601 3660 putasti.
629 3591 697 3645 Et
726 3605 909 3658 parum
937 3587 1039 3642 hoc
1066 3586 1162 3641 fuit
1195 3604 1208 3640 :
1233 3585 1326 3642 scd
1359 3595 1609 3656 tanquam
1639 3594 1972 3656 quieverctur

383 3683 479 3737 abs
507 3691 577 3747 te,
603 3690 658 3736 ut
677 3680 910 3750 apertius
929 3676 1505 3748 explicarcsquomodo
1521 3677 1742 3743 dixeris,
1777 3695 1796 3728 ι
1826 3691 1972 3732 sem-

384 3789 482 3844 per
505 3773 628 3837 dat;
671 3791 690 3825 ι
723 3769 968 3826 addidisti
996 3778 1154 3839 atque
1183 3768 1382 3834 dixisti,
1420 3787 1439 3819 ι
1470 3768 1608 3822 sicut
1634 3783 1850 3838 semper
1878 3778 1962 3822 est

385 3867 498 3934 ipse
538 3864 625 3933 qui
669 3862 779 3917 dat.
817 3880 836 3913 ι
870 3861 979 3914 Iloc
1018 3875 1144 3913 sana
1177 3867 1231 3913 et
1277 3857 1537 3913 catholica
1577 3858 1710 3912 ﬁdes
1750 3858 1970 3912 omnino

384 3955 726 4008 condemnat.
774 3950 926 4005 Absit
965 3950 1108 4004 enim
1158 3957 1218 4002 nt
1252 3947 1533 4002 credamus
1573 3946 1716 4018 quod
1763 3947 1970 4003 animas

364 4047 526 4102 'Dous
546 4061 756 4114 semper
781 4043 893 4108 dat,
933 4042 1071 4098 sient
1107 4056 1318 4110 semper
1343 4049 1424 4094 est
1457 4040 1570 4109 ipse
1610 4040 1698 4110 qui
1738 4039 1848 4093 dat.
1881 4040 1970 4094 Sic

383 4138 525 4192 enim
568 4151 780 4204 semper
819 4141 902 4189 est
948 4133 1080 4202 ipse,
1124 4143 1180 4186 ut
1225 4147 1494 4201 nunquam
1531 4146 1650 4186 esse
1692 4130 1962 4186 desistat:

383 4229 587 4282 animas
617 4239 793 4281 autem
825 4241 930 4280 non
951 4239 1164 4292 semper
1189 4222 1354 4286 dabit,
1384 4221 1476 4278 sed
1505 4237 1598 4276 eas
1620 4221 1768 4275 ﬁnito
1797 4235 1964 4290 gene-

383 4321 604 4374 rationis
629 4319 843 4383 s;ecnlo,
874 4334 980 4371 ιιοιι
1017 4316 1124 4386 jam
1169 4316 1508 4371 nascentibus
1538 4316 1730 4384 quibus
1773 4314 1966 4372 danda:

381 4410 506 4474 sint,
533 4409 717 4478 procul
737 4407 895 4462 dttbio
923 4407 1051 4462 dare
1069 4407 1320 4462 cessabit.
1665 4413 1675 4418 '
1967 4423 1972 4427 ·

453 4499 680 4556 CAPUT
723 4499 921 4554 ιιι-
946 4498 998 4552 9.
1028 4497 1148 4552 Noli
1185 4499 1426 4564 credere,
1469 4513 1566 4552 nec
1614 4498 1814 4566 dicere,
1865 4515 1964 4556 nec

383 4592 598 4656 docere,
627 4607 646 4640 ι
661 4587 902 4642 Animam
924 4589 1168 4642 meritum
1183 4587 1394 4657 aliquod
1419 4587 1710 4657 perdidisse
1730 4605 1824 4658 per
1843 4604 1965 4644 car-

383 4698 526 4747 nem,
572 4691 818 4751 tanquam
842 4677 963 4732 boni
995 4677 1169 4732 meriti
1194 4676 1350 4732 fuerit
1379 4685 1503 4732 ante
1522 4692 1735 4732 carnem
1777 4697 1796 4732 ι
1827 4679 1962 4752 (Su-

381 4793 494 4844 pra,
529 4774 614 4828 lib.
645 4773 785 4842 2,31.
839 4769 926 4842 Η)
958 4810 974 4833 ,
1032 4771 1075 4824 si
1117 4771 1196 4824 vis
1229 4785 1349 4825 esse
1373 4771 1686 4825 catholicus.
1717 4769 1960 4827 Nondum

379 4870 520 4922 enim
551 4877 704 4920 natos
732 4865 1020 4933 Apostolus
1050 4862 1180 4917 nihil
1207 4863 1381 4932 egisse
1407 4862 1536 4918 dicit
1569 4862 1694 4918 boni
1723 4863 1806 4919 vel
1833 4864 1960 4919 mali

379 4957 553 5028 (llam.
579 4973 629 5012 ix
651 4997 664 5019 ,
693 4954 805 5027 ll).
837 4953 986 5010 Unde
1013 4968 1142 5022 ergo
1171 4952 1348 5007 anima
1374 4954 1544 5022 potuit
1582 4964 1708 5009 ante
1742 4969 1957 5008 carnem

377 5049 858 5104 liabet-emeritum
905 5045 1248 5106 honum.ubi
1297 5046 1425 5100 nihil
1459 5055 1644 5115 egerat
1689 5046 1958 5103 hoai?An

376 5141 513 5195 forte
551 5140 770 5194 audebis
795 5155 912 5194 eam
947 5139 1124 5192 dicere
1151 5148 1276 5192 ante
1303 5152 1518 5191 carnem
1537 5202 1543 5209 _
1565 5137 1698 5192 bene
1739 5138 1956 5203 vixisse,

374 5247 532 5301 quam
575 5247 678 5284 non
698 5241 849 5300 potes
869 5228 1152 5285 ostendere
1182 5229 1264 5282 vel
1295 5227 1496 5283 fuisse?
1526 5227 1804 5296 Quomodo
1831 5245 1959 5298 ergo

379 5323 529 5386 dicis,
565 5339 584 5372 ι
623 5320 734 5374 Non
763 5322 841 5374 vis
869 5322 1098 5374 animum
1131 5336 1194 5374 ex
1217 5335 1379 5374 carne
1411 5320 1612 5389 peccati
1639 5321 1960 5376 contrahet'e

374 5411 765 5468 valetudinem.
802 5409 1052 5479 adquam
1091 5411 1323 5464 vicissim
1365 5411 1841 5466 sanctiﬁcatioucm
1873 5415 1952 5466 vi-

376 5501 504 5555 deas
532 5500 756 5553 transire
790 5517 880 5569 per
910 5515 1160 5565 carnem,
1193 5511 1245 5552 Ill
1277 5515 1369 5568 per
1403 5501 1568 5569 ipsum
1603 5513 1811 5570 reparet
1847 5513 1955 5556 sta-

443 5676 458 5707 ί
493 5672 828 5721 cisterciensis
861 5679 966 5729 tus,
991 5671 1150 5726 demet
1163 5673 1216 5722 it.

438 5735 468 5798 ἰ-
497 5740 644 5780 vetus
657 5733 807 5781 milex
833 5734 1172 5781 cermaaensis
1197 5741 1245 5782 et
1272 5735 1533 5786 \‘lewrinu:
1555 5785 1565 5798 ,

459 5755 468 5800 ι
497 5740 644 5780 \etus
657 5739 807 5781 milex
833 5739 1172 5781 cermaaensis
1197 5741 1245 5782 et
1272 5739 1565 5798 Victorinus,
1611 5739 1695 5791 sed
1718 5743 1955 5802 animum,

373 5806 573 5848 onnsso,
597 5806 718 5842 curn.

1289 383 1376 438 DE
1417 381 1624 436 ANIMA
1668 381 1754 435 ΕΤ
1796 379 1959 434 ιίιυε
1996 379 2296 446 οιιιιιικιι,
2339 380 2394 434 S.
2425 379 2785 436 AUGUSTI.“

2991 357 3016 374 ’
3573 387 3683 443 sui

2108 500 2238 558 tum,
2263 506 2532 562 perquam
2559 492 2860 564 perdiderat
2883 494 3165 550 meritum?
3197 517 3216 550 ι
3253 495 3377 555 [lare
3409 497 3684 569 dogmata,

2098 585 2294 661 quibus
2321 592 2532 652 putatur
2555 585 2731 640 anima
2760 597 2882 642 ante
2911 603 3125 642 carnem
3157 588 3404 645 habuisse
3441 591 3676 661 aliquem

2099 659 2294 727 statarii
2313 675 2507 728 bonum
2534 684 2588 730 et
2615 677 2863 730 meritum
2891 677 3104 743 bonum,
3131 679 3176 734 si
3207 680 3342 735 forte
3369 683 3562 748 nescis,
3581 697 3685 737 cx-

2096 765 2263 832 ceptis
2291 765 2520 835 antiquis
2556 765 2840 831 hwreticis,
2873 767 3031 824 etiam
3069 772 3335 825 recentius
3373 772 3426 826 in
3459 773 3680 827 Priscil-

2097 855 2320 912 lianistis
2339 857 2450 926 jam
2471 859 2728 915 catholica
2760 859 3030 916 damnavit
3061 863 3320 918 Ecclesia.

2168 948 2254 1004 10.
2285 949 2401 1003 Noli
2429 951 2669 1018 credere,
2710 968 2808 1007 nec
2834 953 3040 1018 dicere,
3081 971 3178 1010 nec
3207 955 3432 1022 docere,
3471 977 3492 1009 ι
3544 960 3678 1012 Aui-

2096 1053 2237 1091 mam
2279 1055 2372 1106 per
2399 1054 2611 1094 carnem
2657 1057 2902 1110 reparare
2946 1043 3305 1100 habitudinem
3348 1048 3573 1116 priscam
3625 1059 3680 1104 et

2095 1145 2191 1199 per
2216 1131 2359 1186 illam
2377 1133 2712 1202 renasci,per
2725 1150 2877 1203 quant
2909 1147 3174 1191 meruerat
3200 1137 3460 1209 inquinari
3487 1160 3506 1192 ›
3536 1140 3676 1210 (Su-

2095 1238 2208 1292 pra,
2233 1220 2320 1274 lib.
2357 1222 2405 1285 1,
2439 1238 2489 1275 rt.
2519 1222 2572 1286 6,
2598 1235 2642 1276 et
2665 1224 2752 1277 lib.
2780 1224 2834 1290 ἓ,
2865 1242 2919 1281 η.
2950 1227 3058 1297 Η),
3108 1229 3152 1280 si
3202 1231 3279 1282 vis
3318 1244 3436 1286 esse
3485 1235 3682 1284 catho-

2093 1311 2243 1365 licus.
2273 1311 2342 1366 Ut
2382 1313 2522 1366 enim
2561 1318 2800 1373 omittam
2843 1315 2893 1369 in
2933 1332 2997 1372 eo
3027 1317 3166 1388 quod
3197 1319 3394 1384 dixisti,
3425 1339 3444 1370 ι
3479 1321 3675 1378 Merito

2091 1417 2219 1470 ergo
2241 1417 2334 1470 per
2357 1417 2594 1466 carnem,
2617 1403 2842 1472 priscam
2870 1418 3080 1476 reparat
3107 1408 3489 1477 habitudinem,
3513 1429 3676 1482 quam

2093 1490 2202 1544 visa
2228 1488 2404 1544 fuerat
2424 1494 2690 1562 paulisper
2709 1495 2950 1552 amisisse
2972 1513 3068 1568 per
3091 1513 3328 1566 carnem,
3353 1511 3410 1554 ut
3437 1517 3671 1570 pereant

2091 1579 2308 1650 incipiat
2327 1581 2562 1647 renasci,
2586 1599 2680 1652 per
2706 1601 2862 1653 quam
2888 1599 3156 1646 meruerat
3185 1589 3480 1660 inquinari,
3518 1612 3536 1644 ι
3565 1603 3672 1647 tam

2089 1669 2143 1724 in
2170 1671 2415 1741 proximo
2445 1681 2496 1727 te
2523 1673 2696 1743 ipsum
2717 1677 2810 1731 tibi
2839 1677 2936 1746 ipsi
2966 1681 3235 1736 exstitisse
3262 1685 3584 1738 contrarium
3613 1689 3665 1752 ις

2090 1771 2148 1814 ut
2176 1761 2334 1818 homo
2358 1763 2446 1832 qui
2475 1766 2630 1832 paulo
2653 1775 2780 1822 ante
2808 1767 3020 1826 dixeras
3037 1811 3052 1836 ,
3079 1773 3312 1830 animam
3335 1791 3430 1842 per
3452 1791 3668 1832 carnem

2089 1865 2338 1920 reparare
2379 1864 2572 1912 statum
2618 1872 2712 1926 per
2747 1874 2903 1927 quam
2941 1862 3246 1930 perdiderat
3271 1867 3516 1922 meritttm
3537 1909 3550 1932 ,
3579 1869 3671 1924 ubi

2089 1942 2231 1995 nullo
2263 1943 2419 1999 modo
2437 1955 2609 2014 potest
2629 1947 2726 2001 nisi
2749 1948 2945 2004 bonum
2973 1953 3218 2007 meritum
3249 1955 3490 2028 intelligi,
3520 1961 3668 2028 quod

2085 2033 2166 2088 vis
2197 2034 2378 2104 utique
2408 2051 2502 2105 per
2521 2052 2734 2094 carnem
2765 2039 2822 2093 in
2844 2040 3168 2110 Baptismate
3190 2051 3444 2116 reparari,
3475 2067 3664 2107 rursus

2085 2139 2202 2178 eam
2233 2125 2438 2182 diceres
2461 2129 2721 2198 inquinari
2751 2133 3012 2188 meruisse
3051 2151 3144 2204 per
3164 2152 3379 2193 carnem
3397 2181 3412 2206 ,
3441 2143 3526 2197 ubi
3547 2143 3664 2211 jam

2086 2230 2190 2270 non
2221 2226 2392 2286 potest
2420 2218 2614 2272 bonum
2649 2221 2743 2275 sed
2774 2222 2972 2278 malum
3007 2229 3253 2281 meritum
3294 2230 3515 2302 intelligi
3558 2251 3573 2286 :
3607 2244 3666 2289 ut

2082 2321 2210 2373 ergo
2253 2307 2302 2361 id
2347 2309 2617 2376 omittam;
2665 2327 2883 2381 prorsus
2920 2317 3001 2370 vel
3053 2317 3280 2385 bonum,
3327 2322 3409 2377 vel
3458 2326 3658 2382 malum

2082 2398 2329 2456 meritum
2353 2399 2573 2455 credere
2615 2401 2863 2458 habuisse
2883 2405 3115 2462 animam
3140 2417 3263 2465 ante
3287 2426 3502 2469 carnem
3521 2455 3537 2482 ,
3568 2431 3664 2470 ca-

2081 2485 2335 2542 tholicum
2363 2504 2468 2543 non
2494 2501 2598 2546 est.

2151 2575 2377 2632 CAPUT
2396 2578 2629 2635 \'lll.—l
2648 2584 2664 2636 l
2680 2565 2699 2635 .’
2713 2582 2829 2638 Noli
2843 2585 3083 2654 credere,
3113 2606 3210 2644 nec
3225 2590 3424 2660 dicere,
3446 2611 3543 2650 nec
3561 2595 3664 2652 do-

2080 2682 2223 2734 cere,
2251 2686 2270 2719 ι
2299 2669 2449 2734 Quod
2471 2671 2644 2726 anima
2666 2677 2920 2731 meruerit
2939 2694 3057 2732 esse
3071 2684 3335 2748 peccatrix
3357 2697 3479 2742 ante
3499 2704 3660 2749 omne

2083 2771 2357 2828 peccatum
2390 2780 2408 2814 ι
2448 2761 2663 2834 (Supra,
2695 2767 2780 2820 lib.
2816 2771 2865 2832 l,
2909 2787 2962 2825 ιι.
2993 2772 3047 2839 8,
3089 2785 3135 2826 et
3167 2773 3256 2830 lib.
3298 2775 3352 2840 9.,
3382 2795 3434 2831 η.
3462 2780 3574 2847 l2),
3617 2785 3662 2837 si

2080 2850 2161 2904 vis
2186 2865 2306 2904 esse
2332 2851 2644 2907 catholicus.
2671 2855 2836 2912 Valde
2866 2861 3005 2914 enim
3037 2863 3232 2916 malum
3261 2869 3508 2922 meritum
3539 2882 3653 2937 est,

2079 2943 2338 2997 meruisse
2371 2942 2483 2998 ﬁeri
2515 2948 2886 3014 peccatricem.
2907 2951 2977 3006 Et
2999 2954 3178 3024 utique
3209 2965 3314 3012 tam
3336 2960 3534 3015 malum
3555 2978 3664 3017 nu:-

2079 3030 2238 3086 rituni
2271 3034 2416 3089 nullo
2445 3036 2603 3091 modo
2625 3037 2822 3094 habere
2847 3044 3016 3109 potuit
3038 3056 3161 3101 ante
3182 3063 3340 3104 omne
3362 3061 3656 3120 peccatum,

2078 3124 2372 3191 presertini
2402 3126 2704 3198 ptittsquam
2731 3131 2936 3188 veniret
2962 3135 3014 3190 in
3037 3151 3275 3205 carnem,
3307 3143 3518 3210 quando
3536 3159 3655 3200 tne-v

2077 3210 2238 3267 ritum
2275 3229 2376 3269 nec
2407 3217 2604 3270 malum
2637 3221 2807 3288 potuit
2856 3223 3084 3290 habere,
3118 3242 3218 3283 nec
3255 3229 3473 3287 bonum.
3511 3234 3660 3300 Quo-

2078 3305 2238 3358 modo
2264 3306 2420 3376 igitur
2446 3308 2607 3374 dicis,
2644 3329 2662 3362 ι
2705 3314 2895 3368 Anima
2937 3316 3112 3386 itaque
3151 3319 3195 3373 si
3237 3326 3500 3390 peccatrix
3533 3341 3654 3383 esse

2076 3398 2292 3462 meruit,
2321 3414 2440 3466 qua:
2466 3403 2732 3468 peccatrix
2765 3420 3016 3462 essenon
3051 3409 3240 3479 potuit,
3271 3420 3450 3470 tamen
3481 3433 3656 3488 neque

2077 3486 2130 3540 in
2156 3499 2370 3556 peccato
2407 3496 2689 3560 remansit,
2717 3496 2838 3565 quia
2882 3498 2934 3554 in
2965 3499 3180 3558 Christo
3220 3486 3655 3577 prapﬁgurataﬁn

2073 3589 2294 3648 peccato
2317 3595 2435 3636 esse
2461 3599 2568 3640 non
2591 3585 2792 3648 debuit,
2821 3589 2958 3644 sicut
2982 3607 3102 3646 esse
3132 3610 3236 3648 non
3268 3598 3478 3666 potuit?
3505 3618 3524 3652 ι
3552 3602 3652 3656 At-

2077 3669 2235 3726 tende
2272 3673 2398 3742 quid
2435 3673 2613 3742 dicas,
2643 3687 2697 3732 et
2741 3677 2940 3737 desiste
2977 3682 3086 3752 jam
3132 3683 3335 3742 dicere.
3371 3688 3651 3757 Quomodo

2075 3761 2216 3814 enim
2242 3764 2454 3828 meruit,
2488 3775 2542 3820 et
2569 3769 2834 3834 quomodo
2863 3787 2966 3826 non
2989 3774 3158 3842 potuit
3185 3791 3306 3833 esse
3345 3783 3652 3849 peccatrix?

2073 3848 2365 3920 Quomodo,
2397 3870 2579 3922 quaeso
2611 3867 2680 3920 te,
2700 3861 2962 3926 peccatrix
2990 3877 3108 3918 esse
3133 3848 3356 3933 meruit,
3376 3886 3494 3938 qua:
3513 3873 3652 3926 male

2073 3956 2178 3994 non
2215 3941 2710 4012 vixit?Qnomodo,
2741 3963 2923 4018 quaeso
2949 3961 3006 4017 te,
3061 3957 3325 4022 peccatrix
3369 3959 3504 4012 facta
3547 3975 3648 4028 est,

2072 4046 2190 4098 qua:
2212 4035 2476 4105 peccatrix
2501 4052 2622 4092 esse
2651 4053 2753 4092 non
2785 4041 2992 4108 potuit?
3019 4054 3124 4098 Aut
3143 4046 3188 4100 si
3221 4065 3242 4098 ι
3277 4065 3380 4102 non
3403 4052 3590 4120 potuit,
3625 4073 3644 4112 ι

2072 4120 2194 4176 ideo
2219 4121 2350 4178 dicis
2371 4167 2384 4190 ,
2420 4127 2540 4195 quia
2568 4139 2761 4196 printer
2786 4145 3002 4188 carnem
3027 4151 3132 4190 non
3154 4140 3361 4208 potuit:
3385 4144 3650 4210 quomodo

2071 4229 2199 4283 ergo
2242 4217 2440 4272 meruit
2481 4235 2602 4276 esse
2642 4225 2928 4294 peccatrix,
2961 4243 3067 4298 quo
3107 4233 3299 4287 merito
3342 4237 3394 4290 in
3435 4251 3648 4293 carnem

2070 4307 2371 4362 mitteretur
2399 4325 2413 4374 ;
2441 4312 2870 4384 quandoquidem
2910 4327 3034 4374 ante
3077 4335 3297 4378 carnem
3335 4341 3440 4380 non
3479 4329 3650 4396 potuit

2067 4412 2188 4454 esse
2213 4402 2504 4470 peccatrix,
2533 4404 2674 4460 unde
2700 4407 2824 4464 mali
2852 4409 3050 4480 aliquid
3076 4417 3412 4471 mereretur?

2140 4489 2364 4548 CAPUT
2403 4492 2494 4548 lX.
2518 4524 2588 4536 —
2615 4495 2701 4550 l2.
2741 4495 2861 4553 Noli
2905 4501 3154 4569 credere,
3187 4520 3287 4560 nec
3323 4507 3522 4574 dicere,
3550 4525 3650 4565 nec

2066 4579 2280 4647 docere,
2320 4601 2338 4634 ι
2377 4582 2608 4640 Infantes
2633 4595 2918 4658 antequam
2956 4590 3290 4660 baptizentur
3311 4607 3482 4652 morte
3513 4615 3650 4668 pra-.-

2067 4679 2272 4739 vcntos,
2305 4675 2586 4744 pervenire
2617 4691 2772 4746 posse
2797 4678 2864 4736 ad
2895 4682 3233 4752 originalium
3264 4685 3645 4757 indulgentiam

2067 4771 2404 4830 peccatorum
2436 4783 2455 4820 ι
2489 4765 2507 4835 (
2541 4765 2732 4837 Supra,
2763 4768 2848 4824 lib.
2880 4771 2931 4837 l,
2961 4788 3014 4825 η.
3047 4773 3232 4840 1042,
3258 4784 3306 4829 ει
3339 4777 3426 4830 lib.
3451 4777 3506 4845 2,
3553 4795 3643 4834 im.

2067 4851 2155 4917 15,
2182 4852 2289 4923 14),
2329 4853 2374 4907 si
2397 4855 2476 4908 vis
2497 4871 2616 4910 esse
2635 4856 2946 4914 catholicus.
2970 4861 3224 4933 Exempla
3241 4863 3382 4919 enim
3433 4883 3551 4937 qua:
3595 4877 3647 4922 to

2066 4942 2272 5011 fallunt,
2295 4945 2379 5000 vel
2407 4945 2475 5001 de
2504 4947 2711 5004 latrone
2751 4950 2841 5020 qui
2873 4951 3156 5008 Dominum
3185 4964 3267 5009 est
3291 4956 3567 5012 confessus
3592 4958 3646 5014 in

2065 5051 2223 5090 cruce
2256 5035 2405 5108 (Luc.
2430 5053 2586 5103 χχιιι,
2613 5038 2726 5111 45),
2750 5041 2834 5096 vel
2862 5041 2928 5097 de
2953 5041 3116 5100 fratre
3135 5055 3335 5101 sancte
3371 5047 3648 5118 Perpetua:

2068 5125 2372 5195 Dinocrate,
2397 5128 2528 5182 nihil
2560 5130 2653 5184 tibi
2681 5130 2745 5186 ad
2777 5131 2933 5202 hujus
2963 5137 3163 5190 erroris
3188 5139 3505 5193 sententiam
3532 5139 3648 5192 suf-

2067 5220 2362 5289 fragantur.
2400 5219 2557 5274 Latro
2579 5221 2773 5292 quippe
2801 5223 2909 5291 ille,
2938 5231 3186 5294 quamvis
3208 5229 3438 5297 potuerit
3449 5230 3647 5294 judicio

2066 5309 2244 5364 divino
2279 5310 2415 5365 inter
2451 5326 2546 5366 eos
2585 5312 2862 5383 deputari,
2903 5315 2992 5384 qui
3029 5317 3267 5388 martyrii
3312 5319 3648 5375 confessione

2066 5412 2376 5472 purgantur,
2411 5412 2584 5459 tamen
2607 5407 2766 5463 etiam
2795 5419 2970 5462 utrum
3003 5425 3108 5464 non
3139 5409 3295 5464 fuerit
3327 5411 3640 5480 baptizatus.

2066 5495 2296 5564 ignoras.
2324 5494 2452 5550 Nam
2481 5505 2536 5550 ut
2563 5497 2804 5552 omittam
2830 5498 2972 5569 quod
3009 5501 3242 5556 creditur
3267 5545 3284 5568 ,
3314 5519 3449 5575 aqua
3488 5505 3646 5557 simul

2064 5602 2183 5639 cum
2205 5587 2459 5656 sanguine
2487 5587 2762 5642 exsiliente
2783 5589 2850 5644 de
2881 5589 3046 5646 latere
3071 5591 3301 5664 Domini,
3327 5599 3470 5665 juxta
3499 5608 3631 5648 con.

2101 5742 2145 5806 ,ι
2181 5738 2332 5808 editi,
2358 5744 2454 5786 tam
2477 5736 2527 5787 in
2548 5737 2771 5802 proximo
2788 5747 2838 5791 tu
2860 5739 2963 5804 ipse
2977 5739 3064 5792 tibi
3087 5739 3181 5806 ipsi
3201 5738 3427 5798 exstitisti
3454 5746 3647 5796 contra?

2067 5815 2185 5852 rtus.
2209 5809 2508 5861 castigantur
2544 5815 2604 5850 ex
2639 5808 2748 5852 ωδε.
3715 5811 3726 5827 .
