4034 6182
316 416 432 470 ειῖτ

322 535 465 584 tixus
494 527 729 597 potuisse
760 524 1024 598 perfundi,
1049 535 1206 598 atque
1236 526 1540 597 liujustnodi
1571 509 1910 580 sanctissimo

320 619 645 690 baptismate
672 618 804 674 diltti
839 636 850 672 :
885 619 1033 690 quid,
1057 619 1101 674 si
1131 621 1180 673 itt
1212 634 1430 676 carcere
1471 619 1646 674 fuerat
1673 620 1912 688 baptist-

323 719 434 775 tus,
483 708 624 778 quod
659 718 712 764 et
755 717 936 777 postea
970 709 1356 786 persecutionis
1405 718 1642 778 tempore
1671 710 1909 762 nonnulli

313 793 564 857 clanculo
591 802 877 871 impetrare
918 803 1237 872 potuerunt?
1264 802 1421 870 Quid,
1451 803 1494 856 si
1525 811 1580 857 et
1624 813 1910 872 antequam

315 892 626 946 teneretur?
647 891 828 961 Neqtte
840 892 980 945 enim
997 901 1276 961 prepterea
1291 892 1365 945 illi
1382 892 1606 960 publica:
1621 892 1763 960 leges
1791 908 1912 960 par-

310 998 444 1039 cere
479 992 748 1052 poterant,
781 993 1036 1052 quantum
1067 983 1257 1038 attinet
1285 984 1350 1038 ad
1375 984 1616 1053 corporis
1646 993 1870 1037 mortem
1892 1025 1908 1052 ,

309 1075 568 1142 quoniam
584 1075 836 1129 divinitus
855 1075 1222 1130 remissionem
1241 1084 1520 1146 acceperat
1547 1086 1906 1144 peccatorum.

309 1162 476 1229 Quid,
505 1165 551 1218 si
593 1165 706 1231 jam
745 1164 1040 1232 baptizatus
1086 1165 1137 1218 in
1169 1166 1432 1220 latrocinii
1474 1164 1677 1220 facinus
1717 1176 1771 1220 ct
1800 1167 1907 1219 cri-

307 1267 439 1306 nteu
467 1251 786 1320 incurrerat,
813 1262 867 1308 et
901 1270 1004 1308 non
1047 1269 1238 1323 expers
1275 1255 1633 1324 Baptismatis,
1667 1255 1760 1310 sed
1793 1264 1908 1310 tan.

307 1359 475 1413 quam
509 1343 773 1412 ptenitens
801 1345 1005 1416 accepit
1030 1345 1292 1398 scelerum
1326 1347 1539 1400 veniam
1581 1363 1699 1415 qua:
1732 1347 1904 1414 bapti-

311 1442 472 1487 zatus
513 1433 767 1488 admisit?
794 1435 1221 1506 quandoquidem
1270 1436 1438 1506 pietas
1473 1445 1580 1490 tam
1629 1436 1822 1502 fidelis,
1855 1449 1908 1490 et

315 1523 551 1579 Domino
579 1525 631 1578 in
662 1526 844 1580 animo
880 1527 1016 1596 ejus,
1050 1536 1104 1582 et
1131 1529 1282 1583 nobis
1311 1529 1368 1596 in,
1391 1529 1565 1584 verbis
1591 1529 1705 1598 ejus
1735 1544 1902 1600 appa-

299 1615 441 1669 ruit.
469 1615 600 1670 Nam
625 1616 671 1670 si
695 1631 810 1681 eos,
843 1617 911 1670 de
937 1617 1128 1686 quibus
1163 1633 1270 1672 non
1315 1619 1570 1688 scriptum
1617 1630 1696 1674 est
1727 1630 1902 1674 utrum

310 1705 511 1760 fuerint
541 1706 806 1774 baptizati,
838 1708 952 1761 sine
980 1707 1246 1776 Baptismo
1270 1708 1337 1764 de
1361 1709 1459 1764 bac
1490 1710 1592 1763 vita
1617 1712 1905 1765 recessisse

307 1797 722 1863 contendimus;
749 1797 877 1866 ipsis
897 1799 1282 1853 calumniantur
1312 1803 1600 1870 Apostolis,
1629 1802 1738 1871 qui,
1769 1817 1905 1870 pta:-

309 1899 398 1940 ter
425 1887 724 1956 apostolum
753 1888 970 1942 Paulum
998 1888 1132 1959 (Act.
1167 1905 1240 1956 ix,
1271 1889 1382 1958 18),
1411 1891 1622 1960 quando
1651 1891 1901 1960 baptizati

308 1977 512 2051 iuerint
541 1977 862 2046 ignoramus.
894 1976 998 2033 Sed
1039 1980 1082 2033 si
1124 1979 1266 2048 ipsos
1309 1982 1603 2050 baptizatos
1642 1997 1760 2036 esse
1807 1998 1901 2051 per

303 2045 416 2119 huc
460 2045 609 2121 nobis
649 2069 984 2125 innotescere
1011 2045 1211 2138 potuit,
1243 2045 1394 2140 quod
1415 2073 1570 2126 beato
1609 2072 1768 2127 Petro
1796 2072 1900 2126 Do-

303 2160 486 2213 minus
506 2160 596 2222 ait;
627 2159 724 2225 Qui
749 2162 880 2214 lotus
910 2170 999 2228 est,
1024 2179 1121 2215 non
1147 2162 1332 2233 inding
1362 2163 1458 2217 nisi
1479 2174 1530 2216 ut
1556 2163 1706 2234 pedes
1733 2163 1894 2218 lavet'

305 2246 491 2316 (lam.
521 2265 640 2312 xui,
681 2250 768 2320 10)
799 2252 954 2320 :quid
988 2251 1055 2306 de
1079 2252 1216 2317 aliis,
1247 2253 1314 2308 de
1339 2254 1530 2323 quibus
1557 2255 1636 2308 vel
1669 2255 1772 2310 tale
1813 2256 1897 2310 ni-

306 2341 392 2394 hil
443 2342 666 2410 legimus
703 2342 900 2397 dictant
926 2385 940 2407 ,
992 2343 1060 2400 de
1091 2344 1356 2412 Barnaba,
1397 2345 1464 2400 de
1489 2347 1788 2415 Timotheo,
1827 2348 1896 2404 de

311 2431 457 2495 'l'ito,
485 2433 552 2486 de
594 2433 701 2486 Sila
728 2476 742 2498 ,
773 2435 841 2488 de
872 2435 1184 2492 Philemone
1208 2477 1222 2502 ,
1251 2437 1320 2492 de
1374 2439 1503 2508 ipsis
1547 2443 1894 2511 evangelistis

307 2523 495 2578 Marco
535 2534 588 2578 et
638 2525 801 2592 Lura,
835 2527 902 2582 de
949 2528 1423 2586 innumerabilibus
1469 2533 1718 2599 catt-ris;
1760 2549 1894 2604 quos

301 2615 450 2668 absit
479 2626 533 2669 ut
564 2616 858 2686 baptizatos
877 2635 995 2673 esse
1024 2619 1347 2688 dubitemus,
1395 2624 1639 2692 quamvis
1670 2642 1776 2679 non
1807 2627 1890 2680 le.-

301 2707 534 2774 gatuus?
560 2707 870 2765 Dinocrates
899 2718 1074 2762 autem
1123 2713 1398 2780 septennis
1432 2730 1580 2780 puer,
1595 2715 1662 2788 in
1694 2716 1888 2784 quibus

306 2799 463 2852 anuis
503 2801 651 2868 pueri
677 2816 798 2854 cum
843 2801 1196 2870 baptizantnr,
1241 2804 1350 2873 jam
1401 2805 1712 2876 Symbolum
1768 2806 1889 2860 red-

307 2886 463 2951 dunt,
503 2897 557 2942 et
609 2903 704 2958 pro
735 2905 793 2944 se
836 2890 937 2960 ipsi
969 2891 1033 2945 ad
1070 2892 1388 2962 interrogata
1418 2895 1760 2965 respondent,
1793 2911 1890 2950 cur

307 2996 415 3034 non
447 2981 538 3035 tibi
570 2983 713 3035 visus
734 2981 892 3038 fuerit
931 2983 1224 3052 baptizatus
1250 2987 1486 3054 potuisse
1513 2986 1580 3038 ab
1609 2987 1768 3054 impio
1795 3003 1889 3059 pa-

303 3083 386 3128 tre
407 3073 473 3128 ad
495 3073 780 3128 Gentilium
822 3075 1096 3144 sacrilegia
1128 3078 1363 3130 revocari
1386 3119 1400 3140 ,
1425 3085 1479 3131 et
1505 3078 1574 3131 ob
1599 3078 1698 3132 hoc
1723 3078 1887 3134 fuisse

301 3165 357 3220 in
387 3167 582 3236 poenis,
614 3167 681 3220 de
705 3167 897 3236 quibus
921 3181 1105 3222 sorore
1135 3180 1322 3224 orante
1367 3170 1622 3225 liberatus
1651 3182 1752 3236 est,
1788 3187 1882 3226 ne-

301 3261 436 3314 scio.
465 3258 655 3329 Neque
685 3257 826 3314 enim
853 3270 906 3314 et
937 3261 1108 3330 ipsum
1147 3262 1230 3316 vel
1254 3278 1523 3332 nun-piam
1552 3263 1715 3318 fuisse
1743 3264 1885 3318 chri-

301 3351 536 3405 stianum
559 3391 574 3417 ,
609 3350 692 3404 vel
728 3350 1170 3407 catechumenum
1217 3353 1524 3410 defunctum
1557 3355 1719 3411 fuisse
1747 3357 1881 3426 legi-

307 3443 414 3496 sti?
435 3443 749 3512 Quanquam
781 3441 894 3512 ipsa
925 3443 1084 3497 lectio
1111 3458 1217 3498 non
1249 3447 1317 3500 sit
1351 3447 1401 3499 in
1424 3461 1488 3500 eo
1513 3463 1716 3501 canone
1743 3448 1884 3505 Scri.

301 3541 578 3602 pturarum
599 3575 614 3598 ,
649 3532 789 3587 unde
810 3533 863 3587 iu
890 3531 1194 3602 bujusmodi
1229 3523 1612 3606 qumslictiibus
1641 3539 1881 3593 testimov

292 3621 382 3676 nia
412 3620 733 3690 proferenda
762 3629 906 3678 sunt.

340 3712 572 3770 CAPUT
589 3712 823 3768 X.--l5.
839 3713 954 3768 Noli
968 3714 1208 3782 credere,
1225 3717 1537 3783 treedieere,
1555 3735 1650 3774 nec
1666 3719 1878 3785 docere,

296 3802 439 3868 Quos
458 3802 710 3858 Dominus
727 3805 1098 3874 prazdestinavit
1111 3807 1178 3858 ad
1198 3806 1534 3876 Baptismmn,
1559 3811 1881 3879 pra'destina-

291 3893 418 3945 tioni
442 3891 556 3962 ejus
583 3893 712 3964 eripi
732 3909 898 3963 posse,
923 3905 968 3946 et
989 3907 1104 3948 ante
1129 3896 1338 3966 defungi
1360 3913 1512 3967 quam
1537 3899 1588 3952 in
1633 3901 1704 3952 eis
1731 3903 1880 3970 fuerit

292 3973 431 4052 quod
455 3983 782 4056 Omnipotens
799 3987 1168 4056 praedestinavit
1188 3989 1448 4057 impletum
1467 3989 1685 4060 (Supra,
1711 3993 1799 4046 lib.
1821 3993 1876 4057 2,

292 4093 350 4128 ιι.
381 4076 496 4145 15),
521 4076 565 4129 si
594 4077 673 4130 vis
709 4092 828 4132 esse
877 4078 1190 4133 eatliolicus.
1231 4078 1422 4134 Nescio
1463 4081 1605 4135 enim
1647 4099 1764 4152 qum
1794 4082 1880 4138 hic

291 4174 534 4234 potestas
555 4175 737 4218 contra
767 4175 1084 4234 potestatem
1115 4169 1210 4221 Det
1235 4169 1448 4222 casibus
1479 4170 1654 4236 datur,
1685 4173 1877 4242 quibus

293 4255 624 4310 irruentibus
647 4257 788 4325 quod
812 4257 899 4311 ille
938 4257 1342 4326 prtedestinavit
1375 4258 1486 4314 fieri
1510 4276 1618 4312 non
1651 4263 1874 4316 sinatur.

294 4345 397 4400 llic
420 4361 574 4400 error
600 4356 792 4414 quanta
825 4355 1091 4402 errantem
1121 4349 1374 4418 voragine
1395 4350 1682 4421 impietatis
1699 4353 1872 4406 absor-

292 4437 443 4505 beat,
479 4451 803 4507 exaggerare
830 4452 935 4492 non
983 4452 1122 4508 Opus
1155 4449 1264 4506 est;
1295 4455 1416 4494 cum
1459 4442 1772 4511 prudentem
1802 4447 1880 4499 vi-

293 4542 414 4580 rum
436 4538 491 4582 et
509 4527 701 4597 corrigi
727 4532 966 4597 [aratum
994 4529 1228 4584 breviter
1255 4531 1598 4590 admonuisse
1627 4536 1872 4591 sufﬁciat.

291 4615 405 4670 'l'ua
431 4617 627 4688 quippe
669 4618 766 4672 ista
794 4628 918 4673 sunt
945 4619 1104 4675 verba
1138 4638 1152 4674 :
1186 4619 1486 4676 Habendam
1530 4625 1761 4692 dicimus,
1792 4628 1876 4682 in-

288 4709 413 4778 quis
433 4750 448 4774 ,
475 4711 538 4762 de
566 4709 847 4780 infantibus
895 4711 1180 4766 istiusmodi
1203 4715 1468 4782 rationem,
1501 4717 1586 4785 qui
1612 4718 1874 4786 prwdcsti-

289 4801 401 4852 nati
427 4799 708 4872 Baptismo,
733 4803 846 4855 vita
865 4805 1147 4873 prasentis,
1170 4814 1435 4870 antequam
1473 4821 1802 4866 renascantur
1823 4813 1875 4866 in

285 4889 528 4956 Christo,
560 4891 936 4960 prazveniuntur
977 4893 1216 4948 occiduo.
1260 4895 1472 4966 Ergone
1511 4899 1875 4968 prmdestinati

285 4981 590 5051 Baptismo,
622 4982 743 5037 vitae
785 4984 1084 5052 praesentis,
1127 4993 1410 5056 antequam
1449 4989 1534 5059 ,ad
1573 5005 1693 5044 cmn
1753 5009 1874 5062 per-

281 5075 546 5138 veniant,
608 5075 1004 5143 przeveniuntur
1047 5075 1270 5130 occiduo
1299 5117 1314 5141 ,
1370 5085 1424 5132 et
1470 5080 1876 5148 prae-destinaret

285 5165 434 5217 Deus
474 5163 616 5233 quod
671 5161 902 5218 futurum
947 5179 1052 5220 non
1107 5163 1270 5222 fuisse
1315 5170 1614 5238 praescivit,
1653 5183 1742 5227 aut
1773 5172 1874 5229 boc

285 5255 523 5310 tutorum
579 5270 682 5310 non
721 5255 882 5312 fuisse
930 5257 1153 5313 nescivit
1195 5259 1255 5326 ²,
1302 5269 1360 5314 ιιι
1421 5261 1535 5331 ejus
1597 5273 1686 5318 aut
1737 5281 1874 5336 pra:-

280 5344 574 5400 destinatio
627 5343 1002 5413 frustraretur,
1049 5357 1141 5402 aut
1187 5351 1514 5419 prmscientia
1560 5351 1872 5410 falleretur?

289 5436 454 5493 Vides
495 5447 692 5508 quanta
745 5437 871 5494 hinc
913 5439 1016 5495 dici
1070 5451 1320 5512 possent,
1375 5443 1476 5498 nisi
1529 5446 1668 5516 quod
1717 5449 1872 5518 paulo

346 5635 368 5702 ξ
403 5637 453 5702 tn
473 5635 608 5702 Mss”
653 5644 751 5702 non
768 5634 950 5698 indiget
972 5641 1023 5687 ut
1044 5635 1206 5702 lavet;
1253 5641 1460 5700 omisso,
1493 5643 1591 5694 nisi
1612 5648 1774 5702 pedes.

289 5701 296 5706 '
346 5691 368 5722 ί
403 5698 505 5765 Am.
533 5697 605 5740 Fr.
633 5700 685 5765 ct
707 5691 1030 5765 plures-3.155.,
1041 5691 1256 5765 futurum
1278 5702 1424 5765 fuisse
1443 5691 1872 5764 ἱιίὲὲὲὶιιῖιῖῖιιιὶἀςα

277 5759 502 5863 i‘i‘tﬁi‘ute
524 5755 776 5816 particula.
815 5755 1058 5820 Sagiensis
1099 5755 1288 5824 codex,
1319 5765 1535 5826 futurum
1562 5755 1873 5836 ntali}:

288 5824 440 5862 ςιιισιι.

1685 413 1890 468 LIBER
1932 411 2271 470 Tlﬁll'l‘lUS.’

1993 523 2146 579 'antc
2181 527 2288 581 dixi
2336 539 2596 596 tenerem,
2661 526 2715 586 tit
2757 531 2879 587 liittc
2908 543 2956 589 te
2983 535 3212 593 breviter
3239 539 3601 599 admetterent.
3675 531 3681 536 ’

3503 433 3604 488 513

2097 616 2182 670 14.
2201 615 2314 670 Noli
2337 618 2576 684 credere,
2601 637 2696 676 nec
2713 623 2904 688 dicere,
2937 641 3034 682 nec
3054 628 3272 694 docere,
3295 651 3312 682 ι
3345 633 3416 686 De
3437 635 3577 689 iiilau

2025 722 2044 755 ι
2081 705 2218 759 tibus
2237 708 2393 778 (Sttp.
2419 710 2506 763 lib.
2528 710 2582 776 2,
2605 713 2785 782 ιι.15),
2809 715 2896 782 qui
2923 718 3225 788 priusquam
3259 733 3596 782 renascantur

2027 813 2044 845 ι
2082 795 2130 848 in
2163 797 2374 852 Christo
2401 842 2414 863 ,
2447 803 2844 870 prau'eniuntur
2868 808 3122 875 occiduo,
3154 813 3407 880 scriptum
3436 831 3556 869 esse
3581 857 3594 882 ,
3629 845 3638 850 -

2030 903 2048 936 t
2089 885 2287 957 Raptus
2313 899 2384 966 est
2412 908 2473 944 ne
2498 894 2692 946 malitia
2713 907 2864 949 mutet
2892 897 3028 952 illius
3051 901 3350 956 intellectum
3376 945 3390 970 ,
3424 916 3511 959 aut
3540 924 3598 962 ne

2022 996 2041 1028 ι
2077 981 2216 1046 ﬁctio
2245 982 2465 1048 decipiat
2493 985 2717 1038 animam
2764 989 2895 1058 ejus.
2944 987 3167 1059 Propter
3191 994 3284 1046 Ιιοε
3310 1001 3596 1064 properari!

2023 1086 2041 1119 ι
2075 1071 2136 1121 de
2162 1071 2326 1124 medio
2371 1073 2650 1144 iniquitatis
2680 1077 2823 1129 illum
2853 1078 3101 1143 educere;
3133 1085 3316 1150 placita
3342 1070 3596 1143 enituerat

2021 1177 2038 1210 ι
2077 1158 2182 1213 Deo
2209 1163 2378 1215 anima
2406 1165 2514 1233 ejus
2551 1180 2571 1219 :
2607 1176 2653 1219 et
2687 1180 3065 1224 consummatus
3112 1173 3162 1225 in
3191 1173 3353 1240 brevi,
3382 1177 3594 1245 explerit

2019 1269 2038 1302 ι
2069 1261 2290 1318 tramam
2313 1254 2463 1326 longa
2496 1276 2514 1308 ι
2549 1257 2704 1328 (Sap.
2725 1275 2796 1323 tv,
2827 1261 2915 1325 11,
2949 1262 3033 1327 ll,
3063 1263 3172 1334 15),
3197 1264 3242 1318 si
3264 1281 3344 1320 vis
3363 1282 3480 1322 esse
3508 1285 3590 1324 ca-

2023 1342 2268 1398 tholicus.
2305 1345 2414 1401 lloc
2438 1350 2578 1402 enim
2601 1351 2668 1404 ad
2696 1351 2814 1404 illos
2845 1354 3061 1409 omnino
3089 1371 3192 1410 non
3221 1361 3468 1426 pertinet,
3500 1363 3592 1416 sed

2010 1435 2078 1490 ad
2126 1452 2222 1490 eos
2253 1441 2446 1506 potius,
2476 1443 2562 1510 qui
2606 1443 2854 1512 baptizati
2891 1456 2943 1500 et
2966 1449 3054 1518 pic
3084 1448 3340 1517 viventes,
3369 1451 3456 1506 diu
3490 1471 3592 1508 non

2015 1528 2392 1596 permittuntur
2448 1530 2536 1584 hic
2583 1534 2781 1598 vivere,
2830 1552 2935 1590 non
2989 1540 3182 1606 annis,
3238 1542 3332 1596 sed
3379 1545 3592 1614 sapien-

2019 1615 2106 1670 tia:
2131 1619 2297 1686 gratia
2345 1625 2717 1676 consummati.
2747 1624 2850 1680 lste
2881 1644 3006 1682 vero
3040 1647 3210 1696 error,
3238 1649 3343 1702 quo
3381 1645 3590 1702 putatur

2011 1703 2114 1760 ltoc
2143 1706 2212 1760 de
2263 1710 2499 1778 parvulis
2526 1723 2806 1784 antequam
2853 1717 3190 1786 baptizentur
3240 1727 3588 1780 morientibus

2009 1812 2132 1852 esse
2157 1798 2392 1874 dicttyn;
2428 1801 2526 1872 ipsi
2575 1816 2918 1863 sacrosancto
2943 1809 3156 1865 lavacro
3197 1813 3586 1872 intolerabilem

2007 1887 2128 1942 facit
2147 1888 2415 1959 injuriam,
2444 1894 2487 1946 si
2510 1895 2760 1962 parvulus
2784 1899 2869 1966 qui
2899 1900 3192 1969 baptizatus
3217 1907 3327 1971 rapi
3345 1918 3586 1976 poterat,

2006 1988 2286 2047 proriterea
2313 1981 2461 2051 prius
2490 1984 2712 2052 rapitur,
2746 2002 2814 2042 ne
2841 1991 3039 2044 tnalitia
3074 2001 3240 2048 mutet
3267 1995 3402 2050 illius
3429 1997 3586 2052 intel-

2006 2067 2200 2124 lectum
2227 2111 2242 2134 ,
2273 2081 2365 2126 aut
2393 2088 2461 2128 ne
2481 2074 2624 2130 ﬁctio
2644 2075 2877 2148 decipiat
2905 2083 3134 2137 animam
3157 2085 3272 2156 ejus
3308 2105 3321 2142 :
3353 2091 3500 2158 Quasi
3534 2092 3584 2146 in

2004 2161 2194 2217 eodem
2218 2163 2488 2234 Baptismo
2511 2167 2625 2223 haec
2669 2185 2789 2226 esse
2835 2175 3034 2230 malitia
3063 2181 3330 2243 credatur,
3361 2193 3416 2235 et
3445 2185 3584 2238 tictio

2002 2265 2106 2320 qua
2132 2252 2186 2306 in
2223 2253 2374 2324 pejus
2403 2265 2640 2313 mutetur
2659 2270 2713 2315 et
2745 2261 3039 2332 decipiatur
3061 2309 3076 2334 ,
3121 2269 3166 2323 si
3202 2287 3308 2324 nou
3339 2283 3463 2327 ante
3494 2291 3580 2327 ra-

2003 2343 2198 2412 piatur.
2227 2345 2430 2402 Deinde
2457 2350 2707 2418 quoniam
2737 2353 2929 2423 placita
2955 2367 3070 2411 erat
3099 2359 3210 2414 Deo
3237 2363 3413 2417 anima
3439 2363 3575 2434 ejus,

2003 2439 2306 2506 properavit
2327 2438 2395 2494 de
2420 2441 2598 2496 medio
2629 2445 2924 2515 iniquitatis
2953 2449 3104 2504 illum
3125 2451 3354 2508 educere
3379 2496 3395 2521 ,
3427 2455 3495 2508 ita
3531 2469 3585 2510 ut

2001 2545 2103 2584 nec
2135 2533 2407 2600 paululum
2439 2547 2826 2605 remoraretnr,
2869 2551 2925 2594 ut
2949 2543 3089 2611 quod
3131 2543 3182 2598 in
3209 2561 3274 2598 eo
3305 2547 3582 2616 prmdesti-

1967 2623 1972 2630 '
2001 2631 2153 2675 uarat
2175 2662 2191 2688 ,
2226 2622 2479 2693 impleret
2504 2643 2517 2679 :
2549 2627 2641 2682 sed
2667 2639 2851 2684 contra
2876 2645 3026 2687 suam
3059 2635 3580 2703 [)rwdcsllttallmtt'ttt

2001 2709 2175 2767 facere
2203 2715 2394 2768 maluit
2427 2716 2444 2748 ¹
2477 2725 2729 2787 tanquam
2777 2721 3052 2787 festinans,
3108 2741 3175 2780 ne
3213 2729 3354 2796 quod
3388 2730 3436 2783 ei
3471 2731 3581 2798 pla-

1950 2819 1958 2826 -
1995 2815 2178 2854 cut-rat
2219 2805 2272 2856 in
2329 2819 2435 2859 non
2476 2807 2770 2876 baptiznto,
2811 2813 3263 2870 cxterminarctur
3313 2817 3365 2870 in
3394 2819 3577 2888 Bapti-

1995 2904 2153 2944 Smo:
2187 2900 2438 2964 tanquam
2466 2899 2758 2953 moriturus
2793 2900 2964 2956 infans
2993 2903 3062 2957 ibi
3097 2914 3297 2974 pereat,
3331 2924 3437 2978 quo
3457 2925 3578 2963 enr-

1995 2983 2220 3038 rendum
2247 2996 2329 3040 est
2358 3002 2479 3040 cum
2510 2989 2602 3042 illo
2626 3007 2692 3044 ne
2722 3003 2920 3060 pereat.
2953 2996 3085 3060 Quis
3108 3013 3240 3067 ergo
3271 2997 3385 3054 lucc
3417 3003 3574 3056 verba

2002 3075 2196 3144 scripta
2235 3077 2286 3130 in
2325 3077 2462 3132 libro
2515 3078 2796 3150 Sapientite
2819 3125 2834 3149 ,
2873 3083 2942 3140 de
2987 3089 3218 3155 parvulis
3245 3090 3360 3144 sine
3399 3092 3576 3160 Bapti-

1999 3177 2168 3222 smate
2197 3171 2418 3225 mortuis
2443 3171 2586 3228 dicta
2610 3190 2728 3230 esse
2753 3177 3018 3246 crederet,
3040 3180 3264 3246 diceret,
3293 3184 3572 3252 scriberet,

2001 3258 2271 3323 recitaret,
2301 3261 2342 3312 si
2369 3277 2452 3328 ea,
2483 3262 2962 3334 sicutoportuerat,
2990 3272 3294 3340 cogitaret?

2060 3347 2286 3404 CAPUT
2324 3350 2414 3405 Xl.
2442 3383 2516 3392 —
2541 3354 2622 3410 l5.
2665 3355 2782 3411 Noli
2821 3359 3061 3428 credere,
3102 3377 3200 3418 nec
3239 3363 3436 3432 dicere,
3478 3383 3577 3424 nec

1991 3439 2206 3506 docere,
2245 3460 2263 3493 ι
2295 3443 2512 3514 Aliquas
2549 3449 2854 3504 mansiones
2884 3467 3002 3507 esse
3028 3464 3177 3509 extra
3206 3471 3427 3526 regnum
3458 3461 3570 3524 Dei,

1989 3545 2122 3599 quas
2146 3546 2266 3586 esse
2291 3533 2548 3592 Dominus
2575 3537 2707 3594 dixit
2749 3540 2800 3594 in
2823 3541 2982 3597 domo
3011 3545 3181 3600 l’atris
3202 3549 3283 3602 sui
3309 3567 3328 3602 ι
3353 3551 3570 3622 (Supra,

1988 3623 2078 3676 lib.
2112 3623 2167 3686 2,
2197 3642 2249 3677 η.
2281 3626 2394 3698 id),
2431 3629 2476 3682 si
2508 3629 2586 3684 vis
2635 3645 2755 3687 esse
2793 3633 3106 3691 catholicus.
3137 3637 3254 3694 Non
3301 3643 3441 3696 enim
3476 3647 3570 3706 ait,

1989 3711 2126 3766 sicut
2156 3713 2259 3768 boc
2289 3717 2647 3774 testimonium
2676 3723 2788 3792 ipse
2822 3726 3060 3795 posuisti,
3083 3727 3264 3784 Multa:
3289 3736 3572 3790 mansiones

1987 3814 2102 3856 sunt
2123 3805 2262 3874 apud
2291 3805 2500 3862 Patrem
2524 3827 2687 3866 meum
2705 3831 2726 3881 ;
2747 3816 2886 3885 quod
2914 3819 2958 3872 si
2987 3820 3056 3873 ita
3078 3820 3318 3890 diXlSSCl,
3351 3840 3453 3878 non
3477 3829 3572 3879 ali-

1988 3895 2038 3949 bi
2061 3906 2241 3952 essent
2266 3901 2625 3972 intelligenda'
2651 3922 2808 3976 quam
2840 3909 2893 3964 in
2917 3911 3078 3967 domo
3105 3913 3276 3970 Patris
3297 3917 3445 3986 ejus:
3472 3920 3568 3974 sed

1987 3995 2170 4054 aperte
2197 3991 2292 4054 ait,
2323 3989 2390 4044 In
2411 3992 2560 4046 domo
2594 3993 2765 4052 Patris
2804 4001 2902 4052 mei
2948 4005 3232 4058 nntnsiones
3257 4009 3429 4060 multa:
3453 4021 3569 4063 sunt

1991 4074 2165 4146 (Joan.
2199 4095 2314 4146 xw,
2341 4081 2420 4154 2).
2452 4085 2582 4149 Quis
2613 4085 2788 4156 itaque
2815 4089 3006 4144 audeat
3035 4094 3237 4164 aliquas
3264 4107 3442 4165 partes
3467 4099 3568 4153 do-

1985 4183 2106 4222 mus
2151 4169 2246 4226 Dei
2285 4187 2532 4241 separare
2557 4190 2584 4227 a
2619 4191 2784 4247 regno
2824 4178 2952 4245 Dei;
2980 4192 3036 4235 ut
3081 4199 3202 4238 cum
3233 4202 3384 4257 reges
3412 4195 3568 4245 terra:

1987 4275 2091 4314 non
2120 4269 2322 4316 tantum
2366 4265 2416 4318 in
2463 4266 2626 4321 domo
2664 4284 2780 4332 sua,
2804 4286 2905 4324 nec
2943 4281 3144 4328 tantum
3172 4275 3224 4330 in
3255 4279 3419 4347 patria
3447 4296 3564 4347 sua,

1985 4353 2083 4408 sed
2112 4354 2288 4424 longe,
2319 4357 2528 4428 lateque
2564 4359 2724 4414 etiam
2769 4371 2914 4418 trans
2962 4382 3109 4421 mare
3153 4384 3376 4439 regnare
3421 4373 3564 4430 inve-

1985 4445 2231 4510 niantur;
2261 4463 2353 4502 rex
2397 4450 2484 4518 qui
2527 4450 2650 4506 fecit
2691 4454 2888 4509 etclam
2935 4465 2990 4511 et
3026 4466 3223 4516 terram
3253 4479 3353 4518 nec
3379 4463 3430 4519 in
3460 4473 3566 4520 tota

1984 4534 2144 4590 domo
2168 4552 2262 4591 sua
2293 4553 2518 4608 regnare
2542 4541 2788 4598 dicatur?

2058 4627 2145 4682 16.
2182 4628 2287 4684 Sed
2329 4630 2464 4686 forte
2511 4633 2676 4698 dicas,
2707 4637 2884 4691 omnia
2932 4641 3145 4710 quidem
3190 4646 3458 4714 pertinuere
3499 4650 3565 4704 ad

1987 4714 2078 4770 Dei
2107 4733 2348 4787 regnum,
2379 4722 2502 4790 quia
2532 4735 2718 4795 regnat
2746 4727 2796 4780 in
2823 4729 2993 4797 coriis,
3025 4745 3204 4802 regnat
3235 4737 3289 4790 in
3319 4740 3492 4806 terris,
3515 4741 3564 4797 itt

1983 4807 2210 4878 abyssis,
2259 4811 2311 4864 in
2354 4813 2622 4880 paradiso,
2661 4816 2709 4870 in
2754 4817 2994 4887 inferno,
3031 4824 3142 4890 (ubi
3173 4827 3316 4880 enim
3348 4843 3450 4881 non
3484 4845 3564 4882 re-

1981 4912 2127 4968 gnat,
2160 4901 2318 4970 cujns
2359 4903 2552 4976 ubique
2595 4922 2800 4962 summa
2845 4920 3082 4980 potestas
3125 4919 3268 4989 est?)
3300 4919 3392 4974 sed
3422 4921 3564 4976 aliud

1983 5004 2102 5044 esse
2127 5007 2352 5068 regnum
2379 4996 2662 5064 caelorum,
2691 5015 2794 5069 quo
2822 5001 2898 5056 las
2925 5019 3028 5056 non
3055 5015 3139 5060 est
3164 5009 3438 5072 accedere,
3465 5011 3563 5064 nisi

1981 5082 2194 5138 lavacro
2235 5088 2657 5155 regenerationis
2701 5091 2930 5158 ablutos,
2979 5107 3196 5166 pr0ptcr
3240 5098 3562 5154 dominicam

1983 5188 2162 5228 veram
2195 5174 2458 5246 [iramque
2507 5181 2861 5249 sententiam;
2905 5183 3048 5239 aliud
3099 5197 3273 5242 autem
3315 5205 3434 5246 esse
3474 5208 3562 5245 re-

1980 5280 2142 5334 gnum
2186 5277 2468 5334 terrarum,
2501 5272 2586 5325 vel
2623 5273 2845 5328 aliarum
2885 5286 3144 5333 creaturae
3194 5283 3440 5352 partium,
3475 5286 3560 5340 ubi

1980 5366 2206 5425 possunt
2243 5373 2363 5414 esse
2401 5361 2594 5429 aliqua:
2623 5364 2930 5420 mansiones
2960 5367 3152 5423 domus
3181 5370 3294 5437 Dei,
3323 5378 3562 5444 quamvis

1983 5448 2314 5516 pertinentes
2353 5449 2420 5504 ad
2466 5467 2682 5521 regnum
2715 5455 2830 5520 Dei,
2861 5471 2965 5510 non
3006 5467 3182 5515 tamen
3229 5463 3296 5518 ad
3338 5480 3560 5536 regnum

1980 5539 2261 5609 cmlorum,
2295 5542 2383 5597 ubi
2411 5543 2758 5602 excellentius
2777 5555 2831 5602 et
2851 5549 3056 5606 beatius
3075 5563 3158 5608 est
3179 5572 3396 5626 regnum
3431 5561 3556 5618 Det:

1982 5841 2002 5890 Γ
2045 5781 2071 5890 ιι
2095 5782 2465 5856 (Ζιχςὶιιτιιιιιθιιδὶδ
2492 5793 2590 5847 \Is.,
2633 5792 2814 5850 faceret
2837 5789 2992 5844 aliud.
3027 5800 3175 5848 Locus
3197 5802 3465 5864 perplexas
3509 5809 3556 5852 et

1998 5855 2049 5890 ΟΥ
2080 5863 2102 5889 κέ
2130 5857 2438 5890 υάυιᾘῖζιίυό.

1998 5855 2102 5890 ωιφ
2130 5855 2300 5892 αάυΓὶιῖ
2313 5857 2438 5895 atus.
