4034 6182
419 341 524 400 319

419 458 491 512 ita
519 456 654 523 fieri,
681 462 740 510 ut
778 467 877 509 nec
913 451 1105 522 aliqum
1125 449 1317 506 domus
1341 451 1440 504 Dei
1471 461 1648 520 partes
1670 460 1829 520 atque
1855 465 2005 503 man-

419 549 600 611 siones
619 564 648 600 a
680 561 842 615 regno
874 545 969 600 Dei
991 542 1195 598 nefarie
1229 550 1580 612 separentur;
1611 549 1666 621 et
1695 549 1872 595 tamen
1900 557 2004 594 non

419 654 605 694 oinues
647 639 699 692 in
748 650 913 706 regno
953 635 1213 691 caelorum
1245 635 1584 688 mansiones‘
1605 643 2006 702 praeparentur;

418 739 578 798 atque
604 729 654 780 in
689 728 752 780 iis
779 741 902 795 qua:
931 725 984 779 in
1010 739 1176 795 regno
1203 724 1460 779 caelorum
1491 741 1596 778 non
1625 733 1768 788 sunt,
1801 722 2006 792 possint

418 819 640 874 feliciter
662 817 920 882 habitare,
939 815 1134 885 quibus
1154 829 1246 870 eas
1257 815 1415 868 etiam
1439 830 1542 868 non
1565 815 1843 883 baptizatis
1867 813 2005 866 Deus

417 909 545 964 dare
573 909 832 970 voluerit;
856 917 915 960 ut
939 904 991 960 in
1016 921 1182 974 regno
1212 905 1301 960 Dei
1332 905 1462 968 sint,
1495 905 1736 974 quamvis
1767 905 1817 958 in
1842 920 2005 974 regno

415 1003 692 1065 emtorem,
721 999 843 1070 quia
873 998 1122 1068 baptizati
1167 1013 1273 1052 non
1315 1007 1460 1061 sunt,
1489 1013 1608 1051 esse
1652 1014 1755 1050 non
1781 999 2001 1066 possint.

489 1094 575 1146 17.
607 1092 720 1146 Hoc
759 1092 848 1160 qui
895 1091 1100 1154 dicunt,
1128 1089 1374 1144 videmur
1414 1089 1631 1158 quidem
1679 1089 1781 1144 sibi
1825 1089 2006 1145 dicere

414 1183 650 1252 aliquid,
699 1183 822 1252 quia
875 1181 1182 1250 Scripturas
1236 1181 1565 1250 negligenter
1607 1181 1919 1246 attendunt,
1951 1190 2007 1235 et

414 1273 684 1342 quomodo
711 1287 935 1341 regnum
961 1272 1052 1326 Dei
1082 1272 1308 1332 dicatur,
1340 1271 1478 1324 uade
1507 1284 1721 1322 oramus
1741 1269 1999 1330 dicentes.

429 1361 634 1415 Veniut‘
657 1379 865 1433 regnum
891 1372 1028 1414 tuum
1048 1360 1260 1432 (Matth.
1281 1377 1350 1422 VI,
1382 1359 1490 1428 10),
1520 1375 1624 1414 non
1655 1359 1956 1429 intelligunt
1985 1377 1998 1414 :

415 1456 536 1524 quia
567 1471 785 1523 regnum
813 1457 903 1510 Dei
925 1455 1139 1517 dicitur,
1171 1454 1258 1507 ubi
1301 1470 1422 1508 cum
1468 1453 1560 1508 illo
1609 1453 1778 1508 tidclis
1806 1455 2004 1508 f.unilia

415 1545 533 1614 ejus
557 1546 708 1599 beate
739 1553 794 1599 et
833 1546 1158 1612 sempiterne
1195 1553 1303 1600 tota
1338 1545 1596 1613 regnabit.
1637 1543 1766 1598 Nam
1806 1561 2003 1599 secun-

415 1639 540 1692 dum
575 1647 891 1707 potestatem
921 1654 1037 1706 qua:
1061 1637 1134 1690 illi
1168 1653 1326 1705 super
1348 1638 1524 1689 oninia
1552 1646 1656 1700 est,
1675 1638 1835 1690 etiam
1863 1653 2004 1692 uiuae

416 1731 597 1798 utique
630 1737 833 1798 regnat.
863 1728 998 1795 Quid
1027 1744 1157 1796 ergo
1192 1738 1275 1782 est
1303 1727 1444 1796 quod
1472 1742 1689 1780 oramus
1717 1737 1776 1781 ut
1804 1728 1998 1790 veniat,

414 1822 516 1874 nisi
549 1831 605 1873 ut
645 1835 766 1874 cum
799 1820 888 1876 illo
917 1833 1141 1888 regnare
1173 1815 1513 1871 mereamur?
1543 1816 1652 1870 Sub
1681 1817 1797 1884 ejus
1825 1825 2001 1871 autem

417 1922 679 1982 potestate
707 1912 866 1967 etiam
912 1911 982 1964 illi
1011 1922 1186 1976 ertmt,
1220 1911 1310 1980 qui
1342 1925 1497 1978 poena
1528 1911 1718 1963 illii-H‘lli
1746 1911 1884 1978 ignis
1911 1925 2002 1962 ar-

416 2003 1055 2076 dcbunt:numquidnam
1097 2003 1164 2057 ob
1205 2003 1308 2057 hoc
1352 2003 1514 2056 etiam
1563 2001 1707 2071 ipsos
1749 2002 1801 2056 in
1840 2019 2002 2072 regno

415 2091 512 2148 Dei
567 2093 770 2146 futuros
825 2092 1015 2146 dicturi
1057 2093 1276 2146 sumus?
1321 2091 1480 2150 Aliud
1531 2101 1613 2146 est
1657 2092 1800 2146 enim
1845 2091 2002 2162 regni

419 2184 512 2238 Dei
567 2185 876 2238 humoribus
929 2184 1208 2247 honorari,
1259 2182 1398 2236 aliud
1449 2183 1600 2252 regni
1655 2183 1752 2238 Dei
1800 2183 2002 2253 legibus

414 2279 650 2332 coerceri
691 2279 731 2330 ³ζ
766 2279 832 2333 Ut
867 2287 1045 2332 autem
1093 2278 1183 2330 tibi
1240 2275 1672 2330 manifestissime
1710 2286 1998 2344 appareat.

418 2385 523 2422 non
594 2385 714 2423 esse
793 2385 1011 2437 regnum
1080 2369 1337 2422 cmiorum
1403 2365 1831 2420 distribuendum
1903 2367 2001 2420 ba—

417 2459 648 2527 ptizatis,
681 2468 736 2513 et
779 2459 911 2512 alias
936 2469 1116 2529 partes
1152 2458 1298 2527 regni
1333 2459 1424 2512 Dei
1451 2456 1655 2512 dandas
1683 2457 1873 2526 quibus
1901 2457 1997 2512 tibi

415 2549 588 2602 visum
621 2557 722 2612 est,
754 2564 862 2602 non
888 2547 1200 2617 baptizatis;
1234 2548 1405 2616 ipsum
1437 2547 1717 2602 Dominum
1744 2545 1888 2608 audi.
1909 2549 2002 2618 qui

414 2653 522 2698 non
557 2641 651 2702 ait,
685 2638 746 2693 Si
772 2641 883 2707 quis
913 2656 1013 2692 non
1059 2649 1258 2692 renatus
1283 2639 1435 2710 fuerit
1463 2654 1525 2692 ea:
1549 2655 1681 2706 aqua
1706 2648 1754 2692 et
1775 2639 1998 2709 Spiritu,

415 2745 522 2785 non
554 2740 730 2799 potest
759 2730 958 2786 intrare
982 2730 1038 2786 in
1070 2745 1291 2799 regnum
1314 2729 1609 2796 cmlorum;
1641 2729 1758 2796 sed,
1786 2747 1888 2784 non
1909 2748 2004 2801 po-

414 2832 528 2888 test,
559 2823 746 2890 inquit,
780 2822 968 2874 intrare
996 2821 1047 2874 in
1074 2837 1284 2891 regnum
1313 2819 1429 2873 Dei.
1457 2819 1586 2874 Nam
1612 2821 1770 2876 verba
1797 2821 1917 2890 ejus
1932 2819 2000 2876 de

417 2913 518 2967 hac
566 2929 624 2966 re
673 2916 769 2967 ista
813 2921 939 2966 sunt
975 2912 1039 2965 ad
1079 2911 1669 2972 Nicodemum:Amen,
1701 2927 1848 2964 amen
1888 2910 2001 2964 dico

415 3004 524 3066 tibi,
553 3003 650 3055 nisi
686 3003 796 3070 quis
835 3013 984 3056 nutus
1014 3003 1165 3070 fuerit
1201 3004 1387 3064 denuo,
1420 3019 1521 3056 non
1561 3010 1720 3070 potest
1743 3002 1908 3055 videre
1931 3017 2002 3055 re-

414 3110 568 3164 gnum
589 3092 699 3146 Dei.
729 3092 868 3146 Ecce
889 3109 992 3144 non
1016 3093 1100 3144 hic
1123 3092 1273 3154 dixit,
1302 3091 1541 3160 Regnum
1563 3092 1856 3156 caelorum;
1881 3091 1997 3158 sed,

415 3181 530 3236 Dei.
566 3183 632 3234 Et
665 3198 784 3235 cum
832 3181 1198 3249 respondisset
1221 3180 1543 3235 Nicodcmus
1570 3181 1996 3250 atquedixisset,

417 3274 681 3338 Quomodo
719 3283 878 3342 potest
923 3273 1070 3325 Immo
1110 3273 1270 3335 nasci,
1301 3289 1416 3324 cum
1449 3288 1600 3326 senex
1635 3273 1736 3326 sit?
1757 3275 2001 3344 numquid

415 3374 574 3436 potest
597 3365 648 3416 in
677 3375 893 3418 ventrem
922 3365 1094 3417 matris
1117 3379 1223 3416 sua:
1248 3363 1427 3416 iterato
1453 3363 1681 3430 introire,
1709 3373 1756 3416 et
1777 3363 1998 3422 nasci‘!

414 3455 658 3508 eamdem
710 3453 969 3511 Dominus
1028 3454 1345 3508 sententiam
1399 3454 1604 3522 planius
1659 3455 2002 3525 apertiusque

415 3562 665 3620 rep-titus
690 3553 783 3614 ait,
811 3551 992 3610 Amen,
1036 3565 1181 3602 amen
1226 3548 1340 3601 dico
1387 3548 1497 3613 tibi,
1528 3548 1624 3601 nisi
1651 3549 1764 3618 quis
1795 3560 2000 3603 renatus

418 3641 566 3712 fuerit
587 3657 649 3692 ex
693 3657 823 3711 aqua
851 3649 895 3692 et
927 3639 1146 3708 Spiritu,
1178 3654 1278 3692 non
1307 3647 1465 3709 potest
1490 3638 1694 3691 introire
1713 3638 1768 3692 in
1793 3654 2001 3708 regnum

417 3729 516 3784 Dei
541 3729 717 3802 (Joun.
753 3728 980 3800 ιιι,5-5).
1003 3729 1137 3782 Ecce
1169 3745 1267 3782 nec
1291 3729 1375 3784 hic
1396 3728 1548 3791 dixit,
1575 3729 1814 3799 Regnum
1831 3729 2000 3784 emto-

417 3839 570 3885 rum;
603 3823 714 3886 Sed,
749 3839 956 3893 regnum
980 3821 1091 3874 Dei.
1122 3821 1274 3886 Quod
1304 3821 1445 3874 enim
1475 3820 1702 3885 dixerat,
1734 3819 1852 3874 Nisi
1889 3822 2000 3890 quis

416 3924 564 3967 natus
600 3914 751 3983 fuerit
781 3913 978 3976 denuo;
1011 3912 1112 3965 hoc
1153 3910 1281 3980 quid
1325 3919 1468 3964 esset
1509 3910 1752 3979 exposuit
1793 3910 1994 3974 dicens,

421 4003 538 4058 Nisi
578 4005 688 4073 quis
724 4013 928 4056 renatus
969 4003 1118 4073 fuerit
1167 4019 1230 4055 ex
1257 4017 1387 4070 aqua
1431 4011 1475 4053 et
1516 3999 1733 4073 Spiritu.
1766 4000 1833 4054 Et
1858 4000 1998 4070 quod

417 4097 648 4162 dixerat,
675 4113 774 4149 non
805 4104 962 4166 potest
989 4096 1190 4156 ridere;
1219 4095 1318 4147 hoc
1346 4093 1593 4161 exposuit
1618 4091 1868 4156 dicendo,
1899 4109 1996 4145 non

418 4199 577 4244 potest
624 4188 850 4241 introire.
905 4187 1035 4240 illud
1087 4197 1261 4238 tamen
1303 4184 1443 4250 quod
1487 4181 1758 4246 dixerat',
1791 4199 1999 4252 regnum

419 4279 536 4342 Dei,
569 4295 674 4332 non
695 4253 808 4331 alio
838 4279 1050 4334 nomine
1081 4275 1344 4344 repetivit.
1373 4272 1556 4343 Neque
1593 4288 1734 4327 llllllC
1759 4289 1891 4342 opus
1918 4283 2001 4328 est

417 4386 659 4438 quaerere
686 4379 845 4438 atque
871 4368 1154 4428 disserere,
1183 4377 1362 4419 utrum
1389 4379 1610 4434 regnum
1635 4363 1727 4418 Dei
1746 4379 1998 4434 regamu-

419 4476 522 4529 que
543 4479 555 4509 t
573 4459 798 4515 (nierum
820 4473 938 4510 cum
961 4457 1136 4525 aliqua
1155 4453 1452 4508 differentia
1476 4454 1546 4507 sit
1570 4453 1996 4524 intelligendum,

417 4567 484 4605 an
516 4567 602 4604 res
631 4565 732 4606 uua
778 4550 846 4602 sit
885 4547 1094 4602 duobus
1141 4545 1402 4615 appellata
1445 4545 2000 4600 nominibus:suflicit

417 4643 559 4715 quod
590 4660 692 4696 non
726 4649 898 4712 potest
924 4639 1144 4694 introire
1167 4639 1218 4691 in
1243 4653 1464 4706 rcgnmn
1493 4637 1606 4702 Dei,
1635 4641 1725 4707 qui
1751 4653 1854 4692 non
1883 4638 1995 4692 fue-

417 4737 483 4792 rit
517 4735 726 4790 lavacro
772 4730 1190 4801 regenerationis
1219 4727 1448 4782 ablutus.
1483 4726 1780 4782 Mansiones
1817 4738 1994 4782 autem

416 4828 620 4896 aliquas
643 4825 957 4880 constitutas
983 4823 1034 4876 in
1063 4821 1222 4876 domo
1249 4819 1338 4874 Dei
1370 4833 1617 4888 separare
1638 4835 1666 4871 a
1695 4834 1858 4888 regno
1882 4820 1994 4886 Dei,

414 4932 576 4986 quam
607 4915 962 4996 sitaveritate
983 4912 1214 4976 devium,
1249 4919 1374 4979 puto
1400 4909 1539 4980 quod
1563 4909 1671 4980 jam
1705 4910 1991 4980 intelligas.

420 5010 486 5064 Et
514 5009 631 5062 ideo
657 5006 795 5078 quod
824 5005 1043 5080 putasti,
1077 5004 1127 5058 in
1161 5002 1422 5072 aliquibus
1448 5002 1846 5069 mansionibus;
1865 5019 1996 5075 (luas

418 5105 678 5162 Dutninus
708 5101 902 5155 multas
931 5113 1050 5154 esse
1083 5097 1217 5152 dixit
1248 5095 1300 5149 in
1326 5095 1485 5149 domo
1512 5094 1683 5148 Patris
1710 5096 1808 5158 sui,
1845 5113 1995 5150 inan-

421 5211 572 5250 suros
601 5192 858 5264 quosdam
887 5191 1044 5244 etiam
1073 5204 1177 5244 non
1209 5197 1421 5242 renatos
1447 5203 1509 5240 ex
1542 5203 1675 5256 aque
1704 5197 1756 5240 et
1775 5187 1992 5257 Spiritu,

483 5391 497 5421 ι
538 5396 634 5436 Αιιι.
661 5395 734 5436 Fr.
763 5399 818 5435 ac
839 5386 1060 5448 plerique
1081 5392 1209 5444 Mss.,
1233 5381 1550 5448 pransoribus.

482 5453 501 5481 ι
536 5451 648 5497 mliti
675 5457 727 5498 et
749 5443 1113 5514 tryg'iiaanensis
1148 5443 1230 5494 Ms.
1254 5479 1268 5500 ,
1306 5443 1544 5494 adveni-it.
1564 5443 1810 5514 inquibus
1833 5450 1995 5492 tamen

416 5520 586 5576 justea
607 5514 728 5558 sicut
751 5511 798 5558 in
817 5510 1010 5576 ceteris
1031 5514 1159 5562 uss,
1183 5515 1449 5576 animusut
1477 5510 1645 5574 renuit.

483 5574 502 5604 ³
540 5583 636 5618 Aul.
664 5578 736 5617 Er.
767 5578 817 5618 et
842 5568 1067 5629 plerique
1089 5577 1222 5617 Mssa;
1289 5567 1389 5616 liud
1413 5576 1481 5629 est
1513 5567 1642 5629 enim
1666 5578 1866 5627 regnum
1903 5573 1998 5629 tres

407 5631 694 5688 muneribus
717 5625 1134 5686 Iwndmrifuliud
1171 5641 1366 5689 regnum
1396 5628 1480 5678 1)ιὶ
1503 5628 1517 5676 ι
1537 5627 1678 5689 gibus
1702 5625 1930 5676 euerreii.

486 5695 502 5721 δ
538 5698 666 5746 una,
691 5682 966 5751 etrenusci.
984 5691 1153 5751 Crateri
1181 5682 1306 5751 libri,
1329 5689 1465 5740 iuxta
1489 5682 1718 5751 graecum,
1743 5696 1788 5738 et
1823 5687 1972 5738 nasci.

483 5753 505 5786 ⁵
538 5752 674 5802 witi.
699 5749 822 5800 illud
840 5755 996 5796 mitem
1021 5749 1144 5802 quod
1166 5749 1375 5798 dixerat.

1309 338 1397 394 DE
1435 336 1646 392 ANIMA
1686 335 1774 390 ET
1816 335 1978 392 EJUS
2015 336 2310 402 ORIGINE.
2351 339 2389 394 S
2454 340 2822 399 AUGUSTINI

3601 353 3714 410 5ἳο

2117 461 2176 503 ιιι
2220 450 2377 506 fidem
2416 453 2730 510 catholicam
2783 465 2986 526 teneas,
3008 458 3294 528 admoneo,
3328 463 3372 519 si
3414 468 3708 535 permittis,

2115 545 2405 598 emendare
2428 560 2530 598 non
2559 545 2796 603 diil'eras.

2181 630 2406 688 CAPUT
2440 633 2555 688 XII.
2586 666 2660 677 --
2691 639 2779 692 18.
2811 636 2928 692 Noli
2956 639 3200 709 credere,
3235 658 3333 698 nec
3367 643 3567 711 dicere,
3599 662 3698 704 nec

2113 719 2324 788 docere,
2359 741 2378 774 ι
2413 724 2740 781 Sacrificium
2765 725 3192 784 Christianorum
3236 749 3335 803 pro
3378 734 3442 789 iis
3471 737 3558 806 qui
3589 753 3696 793 non

2081 843 2084 852 ι
2112 809 2360 880 baptizati
2389 813 2457 868 de
2485 830 2710 886 corpore
2740 819 2986 881 exierint,
3018 819 3349 878 offerendum
3411 844 3430 877 ι
3480 826 3500 898 (
3522 826 3698 894 Supra

2112 902 2200 955 lib.
2235 905 2285 968 1,
2319 907 2485 971 11.13,
2509 917 2556 962 ει
2583 908 2672 962 lib.
2713 909 2768 974 2,
2793 927 2846 963 η.
2893 911 3006 980 15),
3037 912 3080 966 si
3105 913 3186 969 vis
3211 931 3331 970 esse
3377 920 3694 974 catholicus.

2109 993 2242 1062 Quia
2272 1013 2371 1053 nec
2398 998 2526 1054 illud
2552 1001 2693 1071 quod
2719 1001 2786 1056 de
2816 1001 3235 1058 Maelmbmorum
3275 1007 3424 1061 libris
3449 1026 3691 1064 comme-

2088 1089 2333 1173 ‘moraSti
2377 1091 2693 1146 sacriﬁcium
2737 1092 3040 1148 .ludzeorum
3070 1095 3147 1166 (ll
3178 1094 3414 1150 Huc/tab.
3446 1115 3514 1152 xu
3547 1142 3562 1165 ,
3595 1101 3704 1154 59-

2109 1177 2226 1249 66).
2261 1196 2354 1248 pro
2381 1181 2459 1236 eis
2485 1184 2572 1252 qui
2602 1199 2708 1240 non
2739 1187 3042 1241 circumcisi
3071 1188 3137 1242 de
3177 1177 3402 1258 corpore
3429 1193 3695 1259 exierant,

2110 1271 2348 1324 ostendis
2394 1273 2650 1328 oblatum.
2697 1275 2752 1330 In
2781 1292 2883 1346 qua
2913 1286 2999 1352 tua
3028 1278 3286 1332 sententia
3317 1289 3422 1332 tam
3455 1297 3612 1348 nova,
3643 1292 3700 1337 et

2109 1370 2292 1414 eontra
2341 1362 2592 1418 Ecclesiie
2638 1366 2797 1420 totius
2838 1369 3206 1422 auctoritatem
3252 1369 3697 1443 disciplinamque

2113 1451 2338 1518 prolata,
2373 1453 2536 1508 verbo
2565 1455 2726 1510 etiam
2760 1457 3178 1511 insolentissiin
3208 1473 3336 1513 usus
3380 1475 3458 1524 es,
3483 1461 3692 1528 dicens,

2115 1559 2132 1590 ι
2170 1541 2271 1595 Pro
2305 1542 2387 1595 his
2416 1558 2545 1598 sane
2572 1544 2868 1600 oblationes
2899 1548 3141 1602 assiduas
3169 1559 3223 1602 et
3248 1549 3516 1605 oll'ereuda
3551 1553 3697 1625 jugi-

2113 1642 2193 1686 ter
2239 1644 2542 1688 sanctorum
2583 1649 2778 1691 censeo
2807 1636 3066 1694 sacriﬁcia
3089 1639 3464 1695 sacerdotum:
3498 1660 3518 1694 ι
3557 1653 3614 1697 ιιι
3638 1655 3693 1700 te

2110 1723 2270 1777 homo
2298 1724 2462 1779 laicus
2491 1727 2854 1782 Sacerdotibus
2883 1728 2973 1784 Dei
3003 1745 3104 1784 nec
3131 1731 3384 1786 discendo
3411 1734 3690 1802 subderes,

2110 1829 2208 1866 nec
2241 1813 2427 1868 εειΙιριιι
2458 1814 2617 1870 simul
2653 1817 2944 1885 quaerendo
2991 1821 3265 1886 misceres,
3297 1821 3392 1876 sed
3425 1825 3694 1880 censendo

2111 1918 2470 1972 praeponeres.
2503 1905 2667 1960 Aufer
2699 1907 2792 1960 tibi
2821 1909 2940 1974 ista,
2975 1909 3047 1963 (ili
3073 1928 3085 1964 :
3111 1926 3216 1964 non
3242 1911 3319 1966 sic
3340 1911 3513 1980 invia,
3533 1931 3694 1984 quam

2106 1991 2352 2048 Christus
2381 1995 2593 2049 humilis
2641 2010 2700 2050 se
2740 1995 2914 2068 ipsum
2964 2015 3085 2054 esse
3131 2000 3330 2066 docuit,
3361 2005 3693 2073 ambulatur;

2108 2081 2284 2137 nullus
2308 2099 2430 2139 cum
2458 2083 2561 2140 hoc
2587 2096 2799 2144 tumore
2826 2105 2921 2160 per
2946 2100 3224 2162 angustam
3251 2106 3460 2164 portam
3479 2097 3695 2168 cjusin-

2105 2174 2368 2243 greditur.

2176 2264 2403 2322 CAPUT
2440 2266 2580 2322 Xlll.
2607 2300 2678 2310 —
2707 2271 2792 2326 19.
2821 2271 2935 2326 Noli
2969 2273 3214 2340 credere,
3240 2291 3339 2333 nec
3367 2277 3563 2346 dicere,
3593 2297 3696 2338 nec

2105 2353 2318 2421 docere,
2355 2375 2374 2408 ι
2409 2359 2628 2429 Aliquos
2669 2375 2854 2414 eorum
2902 2364 2990 2432 qui
3034 2365 3152 2419 sine
3181 2365 3466 2436 Baptismo
3494 2370 3695 2428 Christi

2106 2459 2172 2498 cx
2203 2443 2302 2501 hac
2328 2447 2433 2501 vita
2462 2449 2859 2518 emigraverint,
2884 2452 3094 2509 interim
3126 2471 3231 2510 non
3273 2457 3351 2511 ire
3378 2458 3429 2514 in
3467 2475 3692 2530 regnum

2103 2535 2384 2603 malorum,
2418 2536 2514 2592 sed
2553 2539 2604 2592 in
2649 2540 2952 2609 paradisum
2981 2558 2996 2608 ;
3025 2553 3208 2612 postea
3234 2561 3387 2612 vero,
3418 2548 3470 2602 in
3511 2566 3698 2605 resur-

2106 2626 2344 2681 rectione
2375 2637 2738 2697 mortuorum,
2769 2633 2930 2686 etiam
2957 2633 3022 2688 ad
3052 2637 3196 2704 regni
3225 2637 3483 2692 caelorum
3511 2639 3688 2695 beati-

2107 2715 2342 2772 tudinem
2375 2711 2653 2789 pervenire
2681 2742 2700 2774 ι
2741 2721 2939 2795 (Supra
2966 2723 3055 2780 lib.
3083 2727 3138 2792 2,
3168 2745 3222 2782 τι.
3251 2729 3362 2800 16),
3393 2732 3436 2786 si
3467 2732 3548 2787 vis
3567 2749 3691 2791 esse

2104 2808 2418 2865 catholicus.
2452 2811 2564 2866 Hoc
2590 2813 2734 2868 enim
2765 2815 2844 2870 eis
2870 2814 3004 2872 dare
3034 2833 3134 2872 nec
3157 2818 3441 2892 Pelagiana
3471 2823 3691 2880 haeresis

2103 2915 2234 2955 ausa
2260 2909 2359 2966 est,
2383 2919 2501 2972 qua:
2527 2905 2774 2973 Opinatur
2795 2910 3048 2976 parvulos
3070 2925 3174 2966 non
3201 2912 3411 2969 trahere
3431 2917 3689 2987 originale

2106 3003 2420 3060 peccatum:
2471 3011 2606 3064 quos
2659 3004 2716 3051 tu
2764 2999 3005 3069 quamvis
3034 3001 3173 3056 sicut
3227 3005 3518 3062 catholicus
3560 3024 3682 3064 cum

2106 3093 2324 3150 peccato
2350 3085 2495 3139 nasci
2527 3086 2759 3150 fatearis,
2789 3089 2969 3144 nescio
2993 3106 3094 3159 qua
3128 3100 3304 3148 tamen
3338 3098 3688 3164 perversioris

2105 3173 2340 3228 novitate
2383 3175 2668 3244 opinionis,
2717 3179 2833 3233 sine
2883 3179 3207 3248 Baptismate
3247 3183 3487 3252 salutari,
3515 3197 3569 3242 et
3614 3189 3684 3243 ab

2104 3259 2209 3318 hoc
2234 3274 2451 3334 peccato
2472 3281 2715 3336 cumquo
2737 3279 3028 3324 nascuntur
3055 3271 3283 3338 absolvi,
3310 3282 3365 3328 et
3390 3276 3440 3328 in
3465 3292 3687 3348 regnum

2103 3354 2361 3412 celerum
2397 3358 2594 3432 asseris
2623 3359 2905 3414 introduci.
2938 3359 3120 3432 Neque
3149 3363 3480 3432 consideras,
3506 3370 3557 3422 iu
3587 3369 3688 3426 hac

2104 3462 2266 3502 Causa
2306 3431 2505 3518 quanio
2556 3448 2788 3504 deterius
2841 3452 3016 3520 sapias
3069 3469 3227 3524 quam
3281 3454 3546 3527 Pelagius.
3594 3459 3685 3518 Ille

2103 3542 2298 3611 quippe
2326 3526 2644 3596 dominicam
2666 3543 2982 3610 sententiam
3010 3526 3428 3614 pertimescens,
3446 3567 3547 3620 qua
3573 3569 3680 3607 non

2105 3631 2351 3702 haptizati
2391 3634 2443 3687 in
2494 3650 2714 3705 regnum
2751 3637 3011 3690 maiorum
3055 3651 3162 3692 non
3194 3640 3574 3708 permittuntur
3600 3643 3686 3698 in-

2103 3736 2264 3788 trare,
2293 3725 2419 3782 licet
2445 3742 2538 3780 eos
2568 3742 2702 3796 quos
2727 3727 2795 3782 ab
2835 3728 2978 3782 enini
3019 3739 3240 3800 peccato
3268 3731 3466 3788 liberos
3491 3735 3684 3806 credit,

2105 3835 2210 3873 nun
2241 3819 2330 3872 illo
2355 3819 2513 3873 audet
2542 3820 2796 3888 parvulos
2822 3821 3032 3876 mittere
3061 3839 3074 3874 :
3097 3832 3152 3876 tu
3179 3837 3309 3878 vero
3335 3825 3413 3880 sic
3439 3835 3687 3882 contem-

2105 3909 2187 3964 nis
2215 3910 2352 3978 quod
2375 3908 2573 3962 dictmn
2596 3921 2698 3973 est,
2727 3911 2786 3964 Si
2812 3912 2922 3976 quis
2943 3927 3042 3964 non
3069 3923 3273 3967 renatus
3297 3917 3448 3985 fuerit
3472 3932 3534 3971 ex
3552 3934 3687 3988 aqua

2103 4013 2149 4054 et
2181 4000 2398 4070 Spiritu,
2427 4019 2525 4053 non
2555 4013 2714 4072 potest
2757 4003 2966 4056 introire
3009 4004 3061 4058 in
3106 4022 3318 4074 regnum
3344 4006 3478 4072 Dei;
3505 4019 3560 4062 ut
3585 4027 3685 4064 ex-

2105 4103 2260 4161 Cepto
2285 4108 2486 4154 errore,
2516 4110 2620 4162 quo
2640 4093 2804 4148 audes
2834 4111 2862 4148 a
2894 4110 3056 4164 regno
3085 4095 3176 4152 Dei
3209 4099 3506 4165 paradisum
3528 4115 3685 4168 sep..-

2105 4199 2243 4245 rare,
2273 4183 2586 4252 quibusdam
2633 4201 2768 4253 ιιυηδ
2816 4201 2936 4240 reos
2983 4203 3147 4250 nasci,
3181 4189 3320 4242 sicut
3359 4179 3680 4258 catholicus,

2103 4279 2296 4341 credis,
2327 4280 2443 4334 sine
2470 4277 2790 4346 Daptismate
2821 4277 3073 4342 mortuis,
3105 4288 3158 4333 et
3201 4279 3342 4334 illius
3382 4290 3556 4339 reatus
3583 4284 3684 4336 ab-

2102 4370 2443 4434 solutionem,
2471 4379 2525 4421 et
2551 4383 2767 4436 regnum
2791 4369 3050 4422 uultu-um
3082 4386 3189 4428 non
3220 4370 3434 4433 dubites
3461 4373 3682 4444 insuper

2104 4459 2549 4529 pollicerizquasi
2576 4468 2762 4517 contra
2793 4459 3058 4530 Pelagium
3100 4463 3150 4516 in
3191 4464 3430 4533 originali
3468 4478 3690 4535 peccato

2103 4551 2390 4607 astruendo
2409 4563 2534 4606 tunc
2558 4567 2676 4606 csse
2703 4551 2876 4620 possis
2898 4553 3188 4607 catholicus
3216 4570 3392 4618 terus,
3426 4559 3468 4610 si
3498 4568 3686 4612 contra

2107 4645 2385 4698 Dominum
2414 4643 2575 4698 fueris
2597 4644 2648 4698 in
2680 4643 3000 4698 destruenda
3035 4645 3147 4713 ejus
3174 4647 3240 4698 de
3267 4647 3534 4716 Baptismo
3554 4665 3688 4704 sen-

2104 4735 2266 4790 tentia
2295 4733 2580 4789 baarcticus
2609 4749 2798 4788 novus.
2829 4731 2936 4787 Nos
2968 4743 3038 4799 te,
3071 4735 3434 4804 dilectiSsime,
3469 4756 3572 4793 non
3606 4741 3690 4796 sic

2103 4826 2348 4878 Volumus
2376 4825 2746 4879 luereticorum
2778 4838 2897 4878 esse
2924 4825 3200 4890 victorem,
3235 4836 3293 4881 ut
3329 4844 3480 4882 error
3509 4830 3692 4886 \‘illetl

2102 4931 2359 4978 errorem,
2399 4924 2475 4979 et,
2517 4914 2657 4984 quod
2689 4924 2770 4968 est
2812 4913 2982 4984 pejus,
3025 4915 3192 4985 major
3230 4919 3508 4974 minorem.
3543 4920 3693 4978 Dicis

2103 5012 2282 5065 enini:
2324 5027 2342 5060 ι
2386 5009 2492 5062 Aut
2535 5009 2578 5062 si
2625 5006 2760 5060 forte
2801 5007 3063 5075 quispiam
3104 5008 3411 5076 reluctetur,
3461 5012 3694 5070 latronis

2103 5101 2296 5154 anima:
2333 5099 2416 5153 vel
2465 5097 2761 5152 Dinocratis
2809 5097 3021 5150 interim
3072 5102 3392 5168 temporarie
3433 5104 3690 5160 collatum

2105 5206 2225 5245 esse
2254 5189 2590 5260 paradisum;
2619 5204 2742 5241 nam
2776 5202 3061 5256 superesse
3087 5188 3194 5242 illis
3223 5189 3400 5246 adhuc
3429 5193 3479 5245 in
3508 5209 3696 5247 resur-

2105 5281 2345 5335 rectione
2387 5279 2660 5348 pricinium
2709 5277 2856 5348 regni
2908 5277 3202 5345 C(Bitll‘tlltl;
3230 5296 3531 5352 quanquam
3565 5300 3696 5338 seu-

2105 5371 2266 5426 lentia
2315 5371 2399 5424 illa
2447 5367 2752 5439 principalis
2795 5370 3038 5433 obsistat,
3071 5370 3202 5438 Quia
3233 5373 3321 5438 qui
3349 5390 3448 5427 non
3483 5389 3696 5432 renatus

2105 5465 2255 5538 fuerit
2282 5479 2345 5518 ea?
2385 5480 2514 5531 aqua
2541 5473 2584 5515 et
2609 5462 2805 5532 Spiritu
2830 5471 3022 5528 sancto,
3056 5479 3154 5516 non
3180 5464 3379 5518 intrabit
3406 5467 3457 5520 in
3479 5485 3690 5538 regnum

2103 5559 2362 5621 ueterum;
2383 5567 2554 5610 tamen
2579 5564 2756 5609 teneat
2771 5555 2930 5609 etiam
2946 5571 3119 5609 meum
3137 5556 3189 5609 in
3209 5556 3306 5611 hac
3323 5569 3468 5627 parte
3495 5576 3596 5612 non
3614 5561 3705 5614 in-

2105 5649 2330 5703 videntis
2341 5661 2637 5706 assensum.
2669 5639 2824 5700 modo
2838 5646 3217 5701 misericordize
3232 5651 3696 5722 praescicntimque

2105 5741 2296 5798 divina:
2317 5749 2368 5794 ct
2395 5737 2639 5792 effectum
2667 5737 2954 5808 amplificet
2985 5748 3036 5793 ct
3063 5738 3328 5800 adiectum.
3363 5760 3382 5794 ι
3414 5741 3536 5802 υἷες
3559 5759 3694 5804 ver.-
