4034 6182
339 300 437 357 521

341 415 405 468 ba
437 424 521 468 tua
550 423 693 478 sunt,
736 413 825 469 ubi
853 420 903 469 te
929 411 1198 467 confiteris
1227 411 1527 466 consentire
1554 410 1770 476 dicenti,
1804 412 1921 482 qui-

339 506 561 561 busdam
596 522 698 560 non
746 506 1027 576 baptizatis
1062 505 1141 560 sic
1181 503 1501 576 temporarie
1529 502 1779 557 collatura
1801 518 1921 558 esse

336 596 666 665 paradisum,
692 596 995 666 utsupersit
1018 596 1122 650 illis
1152 596 1204 649 in
1231 584 1619 650 resurrectione
1645 594 1919 663 praemium

335 689 489 758 regni
532 689 814 755 cmlorum,
849 699 1035 743 contra
1075 687 1393 742 sententiam
1425 686 1795 756 principalem,
1821 700 1921 755 qua

333 781 687 834 constitutum
718 790 820 847 est,
849 795 954 834 non
982 780 1299 833 intraturum
1329 779 1381 832 in
1407 777 1539 832 illud
1566 792 1808 848 regnum,
1831 778 1920 848 qui

335 884 443 922 non
470 879 688 924 renatus
730 869 885 925 fuerit
913 884 979 925 ex
1008 885 1145 939 aqua
1184 878 1238 924 et
1282 868 1482 938 Spiritu
1511 877 1716 922 saneto.
1744 868 1916 935 Quam

334 962 657 1016 sententiam
683 961 1032 1032 principalem
1073 961 1264 1017 timens
1304 958 1793 1028 violarePelagius,
1822 974 1922 1013 nec

336 1050 461 1104 illos
488 1051 604 1105 sine
632 1051 904 1121 Baptismo
930 1053 982 1105 in
1016 1065 1238 1119 regnum
1268 1050 1529 1106 emlorum
1569 1048 1797 1103 credidit
1833 1048 1920 1102 in-

337 1147 601 1205 traturos,
645 1155 779 1210 quos
809 1156 911 1194 non
941 1140 1166 1197 credidit
1196 1154 1317 1195 reos
1340 1156 1353 1192 :
1376 1148 1431 1193 tu
1474 1148 1650 1193 autem
1678 1148 1732 1194 et
1756 1140 1920 1210 origi-

337 1230 477 1283 nalis
508 1230 708 1298 peccati
757 1245 879 1285 reos
923 1229 1170 1299 parvulos
1210 1228 1511 1295 confiteris,
1542 1238 1597 1285 et
1622 1237 1798 1284 tamen
1826 1242 1919 1283 eos

334 1320 455 1374 sine
479 1319 694 1374 lavacro
725 1320 1145 1390 regenerationis
1171 1318 1424 1386 absolvis,
1452 1327 1507 1375 et
1532 1319 1584 1373 in
1614 1318 1917 1389 paradisum

335 1410 530 1475 mittis,
560 1419 615 1465 et
641 1418 824 1480 postea
844 1411 1004 1465 etiam
1032 1425 1253 1482 regnum
1281 1408 1542 1466 caelorum
1572 1409 1775 1465 intrare
1807 1426 1921 1480 per-

336 1502 525 1557 mittis.

412 1591 641 1647 CAPUT
678 1591 819 1647 XIV.
870 1623 943 1634 --
967 1592 1057 1649 20.
1088 1592 1213 1648 Haec
1238 1601 1395 1664 atque
1418 1591 1746 1662 huiusmodi,
1776 1592 1819 1647 si
1863 1602 1919 1648 et

337 1681 439 1733 alia
473 1680 696 1736 forsitan
738 1682 789 1736 in
828 1681 931 1737 tuis
966 1682 1118 1736 libris
1145 1684 1398 1737 attentior
1435 1690 1491 1737 et
1526 1682 1747 1735 otiosior
1772 1681 1920 1737 inve-

337 1774 458 1826 nire
496 1773 752 1842 potueris,
782 1774 899 1829 sine
928 1774 1030 1828 ulla
1058 1773 1311 1829 dilatione
1333 1773 1443 1843 jam
1475 1774 1701 1843 corrige,
1736 1774 1778 1828 si
1806 1773 1919 1827 ani-

338 1880 485 1919 tuum
510 1865 829 1920 catholicum
847 1866 1009 1937 geris,
1038 1865 1088 1921 id
1117 1874 1219 1933 est,
1248 1866 1293 1925 si
1319 1867 1580 1922 veraciter
1603 1867 1919 1937 praelocutus

338 1970 418 2021 es,
454 1956 659 2022 dicens,
696 1974 715 2008 ι
744 1956 886 2028 quod
918 1957 1011 2013 tibi
1053 1956 1154 2030 ipsi
1177 1956 1429 2013 credulus
1450 1971 1555 2012 non
1577 1959 1672 2025 sis,
1701 1973 1762 2011 ea
1790 1972 1917 2027 pro-

339 2049 454 2105 bari
475 2065 633 2120 posse
652 2065 770 2120 qua:
795 2050 1025 2114 dixeris;
1053 2060 1107 2106 et
1126 2049 1268 2120 quod
1292 2064 1505 2120 semper
1523 2050 1738 2106 studeas
1754 2050 1918 2105 etiam

338 2141 608 2211 propriam
635 2141 952 2196 sententiam
981 2154 1086 2195 non
1116 2140 1274 2204 tueri,
1303 2140 1348 2194 si
1379 2138 1744 2210 improbabitis
1770 2137 1921 2194 dete-

338 2242 531 2302 gatur;
559 2239 615 2286 et
632 2232 700 2286 sit
725 2231 817 2287 tibi
842 2230 1010 2297 cordi,
1052 2232 1270 2304 proprio
1291 2231 1491 2303 judicio
1516 2230 1785 2297 damnato,
1808 2246 1918 2287 tne-

340 2323 473 2378 liora
501 2325 668 2393 magis
692 2333 747 2380 et
776 2340 895 2394 qua:
921 2332 1046 2379 sunt
1069 2323 1275 2378 veriora
1302 2323 1518 2379 seclari.
1555 2342 1573 2376 ι
1609 2323 1764 2379 Modo
1793 2338 1918 2396 pro-

338 2412 428 2480 ba,
457 2412 795 2479 charissime,
832 2427 940 2468 non
983 2421 1036 2468 te
1083 2412 1341 2468 fallaciter
1383 2412 1481 2467 ista
1512 2412 1732 2481 dixisse,
1763 2424 1821 2469 ut
1848 2413 1918 2471 de

339 2511 429 2558 tua
456 2502 637 2559 indole
662 2516 768 2558 non
804 2503 977 2558 solum
1018 2502 1313 2574 ingeniosa,
1335 2517 1521 2559 verum
1549 2504 1708 2559 etiam
1738 2514 1913 2573 cauta,

338 2592 445 2663 pia,
471 2592 731 2662 modesta,
751 2592 979 2664 gaudeat
998 2592 1259 2649 catholica
1281 2592 1542 2661 Ecclesia,
1566 2608 1672 2649 non
1695 2592 1764 2649 de
1783 2608 1914 2650 con-

338 2683 565 2738 tontiosa
592 2683 879 2753 pertinacia
904 2681 1152 2740 haeretica
1174 2681 1489 2738 exardescat
1511 2681 1739 2738 insania.
1762 2680 1916 2740 Nunc

336 2784 424 2830 est
449 2783 508 2830 ut
529 2774 798 2841 ostendas,
820 2785 1014 2846 quanta
1042 2782 1162 2846 post
1186 2773 1303 2832 haec
1331 2775 1467 2830 bona
1491 2772 1652 2830 verba
1675 2790 1795 2845 quae
1821 2782 1913 2832 tua

335 2868 780 2934 commemoravi,
804 2868 1108 2925 sinceritate
1137 2868 1369 2937 pectoris
1386 2867 1605 2935 dixeris,
1621 2866 1762 2939 quod
1783 2880 1918 2926 con-

338 2959 487 3014 tinuo
507 2961 778 3030 subiecisti
804 2978 819 3017 :
847 2978 867 3015 α
899 2958 1031 3017 Nam
1053 2968 1110 3015 ut
1132 2969 1235 3028 est,
1261 2977 1283 3013 ι
1314 2960 1511 3031 inquis,
1540 2976 1561 3013 ι
1588 2954 1773 3030 optimi
1798 2973 1918 3030 pro-

336 3050 498 3120 positi
521 3050 881 3122 laudandique
903 3051 1140 3119 consilii,
1172 3051 1324 3107 facilc
1343 3050 1409 3107 ad
1428 3051 1636 3106 veriora
1662 3049 1913 3116 transdu-

331 3141 422 3207 ci;
450 3142 522 3198 ita
551 3141 779 3213 improbi
822 3141 1411 3221 obstinatiquejudicii
1455 3149 1560 3208 est,
1584 3140 1729 3198 nolle
1755 3140 1913 3199 citius

329 3231 403 3288 ad
426 3231 691 3288 tramitem
716 3232 937 3288 rationis
960 3230 1159 3288 inﬂecti
1198 3250 1218 3286 ι
1261 3230 1473 3304 (Supra
1510 3231 1598 3287 lib.
1621 3230 1678 3297 2,
1708 3248 1765 3287 η.
1792 3230 1908 3305 22).

332 3321 469 3378 Esto
507 3322 669 3393 igitur
707 3323 893 3395 optimi
936 3323 1193 3394 propositi
1219 3322 1576 3394 laudandique
1600 3322 1831 3389 censiIii,
1859 3331 1915 3379 et

331 3412 494 3471 facile
523 3414 592 3469 ad
619 3414 825 3470 veriora
851 3414 1202 3470 transducere
1225 3430 1240 3466 :
1266 3428 1366 3470 nec
1384 3414 1463 3470 sis
1491 3413 1716 3484 improbi
1744 3413 1925 3470 obsti-.

330 3505 554 3573 natique
571 3504 781 3575 judicii,
805 3513 863 3559 ut
890 3504 1025 3560 nolis
1044 3504 1200 3560 citius
1216 3503 1283 3560 ad
1305 3505 1572 3561 tramitem
1592 3505 1811 3565 rationis
1832 3505 1913 3560 in-

328 3594 494 3653 flecti.
521 3594 579 3653 Si
603 3595 746 3651 enim
776 3594 893 3651 haec
919 3595 1219 3651 liberaliter
1257 3594 1501 3651 elocutus
1536 3609 1617 3662 es,
1649 3595 1693 3651 si
1722 3610 1826 3650 non
1854 3594 1908 3650 in

327 3685 487 3742 labiis
514 3687 613 3763 ista
641 3686 888 3755 sonuisti,
918 3685 1012 3741 sed
1042 3686 1186 3740 intus
1223 3693 1277 3740 et
1313 3685 1643 3756 germanitus
1668 3685 1719 3739 in
1747 3684 1909 3741 corde

327 3776 544 3832 sensisti
564 3792 581 3837 ;
604 3776 657 3830 in
690 3785 791 3832 tua:
821 3776 1168 3831 correctionis
1197 3783 1344 3830 tanto
1372 3776 1515 3831 bono
1540 3776 1701 3832 etiam
1729 3789 1909 3831 moras

327 3865 511 3921 odisti.
542 3865 735 3921 Parum
771 3865 969 3936 quippe
1012 3866 1105 3920 tibi
1150 3864 1249 3920 fuit
1276 3866 1472 3931 dicere,
1504 3883 1523 3916 ο
1554 3865 1787 3935 improbi
1813 3866 1909 3920 ob-

326 3956 617 4028 stinatique
639 3964 759 4013 esse
778 3956 982 4028 judicii,
1010 3956 1154 4013 nolle
1187 3956 1251 4011 ad
1281 3958 1546 4012 tramitem
1571 3957 1796 4012 rationis
1817 3958 1903 4012 in-

329 4046 499 4112 flecti,
533 4065 552 4100 ι
589 4049 690 4102 nisi
735 4047 959 4103 adderes
990 4066 1010 4101 ι
1037 4047 1225 4121 citius:
1256 4065 1276 4099 ι
1324 4057 1384 4101 ιιι
1426 4047 1550 4102 hinc
1595 4048 1905 4105 ostenderes

330 4151 486 4206 quam
510 4139 582 4193 sit
603 4139 977 4203 exsecrandus,
1000 4139 1087 4207 qui
1109 4138 1305 4191 bonum
1326 4136 1424 4191 hoc
1446 4153 1713 4207 nunquam
1743 4137 1904 4207 facit;

327 4232 752 4302 quandoquidem
797 4231 885 4300 qui
927 4230 1127 4285 tardius
1169 4227 1315 4295 facit,
1347 4238 1491 4284 tanta
1538 4230 1630 4282 tibi
1667 4229 1907 4286 videatur

325 4323 610 4376 severitate
629 4321 938 4389 culpandus,
969 4329 1025 4374 ut
1053 4320 1244 4375 merito
1266 4320 1490 4389 improbi
1515 4318 1698 4388 judicii
1726 4321 1902 4375 obsti-

326 4412 543 4479 natique
568 4411 793 4464 dicatur.
833 4409 967 4463 Audi
1006 4423 1135 4479 ergo
1180 4418 1230 4463 le
1274 4409 1466 4477 ipsum,
1502 4417 1660 4478 tuque
1691 4409 1905 4478 potissi-

326 4516 472 4556 mum
497 4509 552 4554 et
571 4500 800 4555 maxime
820 4499 1015 4568 eloquii
1044 4500 1115 4552 tui
1148 4498 1404 4553 fructibus
1432 4492 1582 4553 utero
1602 4500 1641 4562 ‘,
1672 4508 1727 4552 ut
1745 4499 1903 4554 citius

328 4601 380 4645 te
407 4590 472 4644 ad
508 4591 730 4644 rationis
770 4590 1035 4645 tramitem
1083 4589 1347 4658 gravitate
1392 4591 1586 4644 mentis
1637 4588 1898 4657 inflectas,

326 4695 484 4750 quam
514 4690 567 4734 te
600 4681 724 4735 inde
751 4679 925 4733 minus
950 4678 1159 4734 erudite
1200 4693 1496 4750 parumque
1535 4679 1776 4735 consulte
1816 4680 1902 4734 lu-

326 4771 477 4825 brico
499 4771 669 4825 aatatis
690 4781 982 4825 averteras.

393 4838 503 4895 2i."
532 4841 696 4895 Nimis
740 4841 951 4910 longmn
988 4849 1110 4907 est,
1149 4841 1326 4896 omnia
1351 4857 1468 4911 qua:
1498 4841 1550 4897 in
1583 4843 1683 4897 tuis
1711 4843 1896 4912 libris,

325 4932 406 4985 vel
428 4933 605 5000 potius
624 4933 675 4985 in
706 4941 758 4985 te
788 4932 903 5001 ipso
925 4932 1047 4986 volo
1067 4930 1339 4986 emendari
1355 4972 1370 4996 ,
1399 4941 1722 5001 pertractare
1740 4945 1902 5006 atque

324 5021 594 5077 discutere
616 5063 632 5089 ,
655 5029 709 5076 et
733 5021 920 5077 saltem
944 5022 1155 5076 brevem
1185 5021 1277 5075 tibi
1304 5021 1370 5076 de
1394 5023 1613 5092 singulis
1632 5025 1902 5095 corrigen-

323 5112 409 5165 dis
442 5113 664 5167 reddere
693 5112 969 5166 rationem.
998 5110 1108 5166 Nec
1134 5112 1252 5168 ideo
1279 5121 1454 5168 tanien
1484 5125 1534 5168 te
1558 5124 1897 5184 contemnas,

326 5214 383 5257 ut
426 5204 701 5258 arbitreris
745 5204 1010 5274 ingenium
1049 5213 1104 5260 et
1138 5205 1403 5275 eloquium
1432 5216 1577 5260 tuum
1608 5208 1755 5277 parvi
1781 5224 1900 5265 esse

325 5294 679 5364 pendendum.
725 5293 836 5349 Nec
874 5305 1174 5350 sanctarum
1201 5295 1561 5364 Sripturarum
1588 5298 1898 5353 memoriam

390 5410 407 5442 ι
441 5408 664 5483 aetnaea
683 5409 857 5483 cades.
884 5416 930 5458 ε·
956 5408 1166 5483 λεῖα-ιάὲ
1187 5408 1375 5473 tuisque
1406 5410 1709 5483 ροιεξείηιιση
1728 5420 1775 5465 ιι
1794 5427 1899 5483 »μσς

477 5468 1469 5546 ςέδσυιεε.ῐνῐξεξὲ¹ξψ.ιέξεξέο,τοτεξηιάειιξῖδν
1508 5476 1697 5546 Mque
1713 5474 1902 5546 ρορίεείι

322 5545 459 5604 tuatua
476 5530 778 5604 simsiin
796 5530 1070 5604 electum
1088 5531 1322 5604 fructibus
1354 5530 1496 5604 ntere.
1540 5530 1900 5604 antiquissimus

322 5601 495 5645 noster
515 5594 868 5660 Gennanensis,
891 5597 1043 5660 tuque
1068 5594 1361 5660 potissimm
1392 5600 1441 5644 et
1460 5594 1677 5660 ῃιᾳςεὶηιέ
1693 5609 1803 5660 qua:
1832 5600 1900 5650 ιο-

321 5661 463 5724 cutus
482 5661 648 5717 utere;
669 5655 863 5713 omisso,
880 5652 1129 5715 fructibus.
1153 5657 1377 5708 uendose
1394 5691 1410 5719 ,
1430 5656 1521 5708 nisi
1544 5652 1829 5724 legas,'qu¢e
1848 5674 1899 5713 es

547 5799 819 5862 Panos.
855 5802 1069 5864 XLIV.

1680 300 1884 357 LIBER
1927 302 2240 361 TEllTiL'S.

3508 315 3612 370 592

2032 413 2083 467 in
2133 423 2183 468 te
2228 429 2443 484 parvam
2473 431 2593 474 esse
2617 422 2837 491 cognovi
2870 440 2883 476 :
2911 408 3008 477 sed
3040 425 3268 481 eruditio
3295 427 3465 483 minor
3488 441 3568 485 est
3595 470 3610 497 ,

2026 520 2183 575 quam
2212 514 2370 561 tantae
2398 508 2558 564 indoli
2580 509 2852 582 laborique
2874 517 3212 584 congruebat.
3239 516 3419 589 itaque
3442 528 3495 575 te
3516 536 3612 576 nec

2025 601 2253 669 amplius
2279 617 2437 671 quam
2463 613 2675 672 oportet
2703 607 2794 661 tibi
2828 607 3105 663 tribuendo
3139 626 3419 667 vanescere
3450 613 3568 667 rolo
3595 656 3610 679 ,

2027 704 2127 745 nec
2176 707 2359 745 rursus
2405 704 2454 748 te
2497 694 2796 763 abjiciendo
2840 711 2903 751 ac
2944 698 3275 768 deSperando
3302 701 3607 771 frigescere.

2027 778 2239 835 Utinam
2281 792 2365 835 tua
2395 784 2589 854 scripta
2624 795 2799 841 tecum
2843 787 3020 857 legere
3064 805 3306 859 possem,
3355 803 3408 847 et
3447 796 3612 850 collo-

2025 871 2237 940 quendo
2264 874 2456 942 pelius,
2482 891 2642 946 quam
2672 878 2974 945 scribendo,
3002 896 3119 951 quae
3145 882 3251 937 sint
3275 886 3609 941 emendanda

2027 973 2398 1019 monstrarem.
2444 965 2671 1022 Facilius
2709 968 2810 1024 hoc
2840 973 3107 1040 negotium
3139 987 3480 1045 perageretur
3509 993 3607 1031 no-

2027 1063 2134 1107 stra
2169 1054 2306 1109 inter
2336 1070 2433 1110 nos
2463 1059 2906 1114 sermocinatione
2925 1101 2939 1122 ,
2966 1077 3126 1131 quam
3156 1064 3346 1120 litteris
3377 1086 3389 1119 :
3417 1083 3533 1137 qua:
3563 1068 3607 1124 si

2027 1143 2306 1200 scribenda
2348 1154 2527 1210 esset,
2581 1147 2760 1203 multis
2803 1150 3157 1208 voluminibus
3195 1154 3469 1225 indigeret.
3501 1158 3607 1215 Ve-

2026 1243 2321 1289 rumtamen
2364 1236 2462 1292 ista
2509 1239 2789 1308 capitalia,
2839 1258 2956 1311 quae
2998 1252 3147 1300 certo
3189 1247 3349 1301 etiam
3387 1265 3610 1305 numero

2024 1325 2476 1392 comprehendere
2515 1328 2687 1396 volui,
2730 1331 2989 1408 instanter
3013 1334 3277 1392 admoneo
3298 1377 3315 1405 ,
3342 1353 3408 1394 ne
3436 1341 3607 1396 corri-

2023 1430 2148 1482 gere
2176 1416 2411 1481 differas,
2441 1427 2495 1472 et.
2517 1434 2580 1473 ea
2611 1436 2829 1490 prorsus
2853 1438 2883 1476 a
2911 1423 3013 1480 fide
3038 1434 3091 1480 et
3116 1427 3495 1496 prtedicatione
3522 1439 3609 1486 tua

2025 1504 2187 1561 facias
2233 1507 2404 1564 aliena
2438 1528 2452 1564 :
2483 1519 2539 1563 nt
2565 1522 2759 1581 quanta
2793 1514 2884 1569 tibi
2916 1514 3137 1571 facultas
3163 1530 3245 1573 est
3271 1520 3607 1591 disputandi,

2007 1610 2242 1650 munere
2289 1598 2381 1653 Dei
2422 1600 2586 1654 utaris
2615 1603 2810 1656 utiliter
2837 1604 2904 1658 ad
2933 1605 3333 1664 mdificationem
3358 1650 3376 1677 ,
3410 1628 3512 1667 non
3540 1616 3607 1668 ad

2023 1685 2437 1751 destructionem
2467 1703 2611 1745 sana:
2638 1692 2970 1763 salubrisque
2990 1695 3266 1752 doctrinm.

2093 1775 2319 1832 CAPUT
2367 1778 2481 1834 XV.
2523 1809 2597 1821 —-
2635 1780 2726 1837 22.
2755 1780 2890 1838 Sunt
2913 1795 3089 1840 autem
3118 1787 3252 1856 ista,
3283 1789 3350 1847 de
3376 1792 3606 1863 quibus.

2024 1875 2084 1921 ut
2129 1869 2313 1937 potui,
2357 1871 2466 1938 jam
2515 1871 2738 1929 disserui
2782 1892 2800 1931 :
2846 1876 2941 1932 sed
2977 1876 3293 1937 breviterea
3319 1886 3608 1955 repetendo

2025 1972 2351 2026 percurram.
2385 1960 2557 2017 Unum
2585 1972 2687 2030 est,
2721 1983 2743 2017 ί
2777 1966 2927 2037 Quod
2944 1968 3179 2025 animam
3206 1986 3310 2028 non
3332 1989 3397 2029 ex
3417 1975 3605 2038 nihilo,

2023 2049 2116 2104 sed
2146 2049 2212 2104 de
2238 2066 2297 2108 se
2322 2052 2441 2122 ipso
2468 2055 2634 2110 Deum
2665 2056 2852 2113 fecisse
2886 2078 2906 2113 ι
2936 2059 3141 2117 dixisti.
3170 2063 3407 2123 Alterum
3426 2107 3443 2135 ,
3472 2068 3607 2126 «Per

2024 2138 2287 2196 infinitum
2334 2152 2579 2216 tempus,
2628 2156 2787 2220 atque
2831 2150 2902 2205 ita
2946 2167 3159 2224 semper
3202 2155 3365 2215 Deum
3401 2160 3608 2218 animas

2022 2229 2149 2286 dare
2165 2272 2182 2299 ,
2213 2233 2349 2289 sicut
2369 2249 2582 2306 semper
2597 2246 2685 2294 est
2712 2239 2825 2311 ipse
2851 2242 2942 2313 qui
2960 2242 3072 2300 dat.
3106 2262 3127 2297 ι
3149 2244 3413 2317 Tertium,
3441 2252 3605 2308 «Ani-

2021 2339 2163 2416 mam
2205 2330 2450 2385 meritum
2488 2331 2705 2404 aliquod
2735 2334 3029 2405 perdidisse
3056 2352 3153 2409 per
3180 2354 3394 2397 carnem
3415 2384 3431 2409 ,
3462 2343 3605 2416 quod

2022 2413 2264 2474 habuerit
2307 2429 2434 2477 ante
2477 2436 2715 2480 carnem.
2771 2442 2791 2478 ι
2842 2425 3139 2498 Quartum,
3183 2448 3206 2484 ι
3239 2413 3492 2490 Animam
3512 2451 3608 2509 per

2020 2519 2236 2597 carnem
2275 2525 2530 2583 reparare
2566 2513 2933 2574 habitudinem
2962 2518 3188 2590 priscam
3208 2564 3226 2591 ,
3255 2533 3310 2581 et
3335 2539 3430 2597 per
3455 2542 3606 2584 eam-

2019 2595 2144 2687 dem
2173 2613 2387 2659 carnem
2412 2606 2618 2663 renasci
2633 2647 2649 2673 ,
2671 2622 2768 2679 per
2789 2623 2948 2680 quam
2968 2622 3237 2670 meruerat
3261 2595 3546 2687 inquinari.
3582 2640 3600 2670 ι

2020 2684 2309 2759 Quintum,
2337 2711 2356 2746 ι
2387 2694 2539 2762 Quod
2562 2697 2741 2754 anima
2766 2702 3018 2758 meruerit
3043 2716 3164 2761 esse
3188 2684 3457 2776 peccatrix
3482 2722 3608 2769 ante

2022 2791 2186 2837 omne
2202 2792 2499 2853 peccatum.
2526 2803 2550 2840 ι
2564 2786 2810 2856 Sextum,
2831 2808 2853 2841 ο
2881 2789 3114 2848 infantes
3127 2775 3410 2868 antequam
3430 2775 3606 2872 bapti-

2018 2878 2207 2966 zentur
2229 2883 2451 2966 ,Amorta
2477 2887 2820 2949 prouentu,
2849 2884 3133 2954 pervenire
3159 2901 3318 2958 posse
3341 2891 3409 2947 ad
3436 2894 3604 2966 origi-

2018 2961 2221 3057 rnlium
2250 2964 2631 3038 indulgentiam
2660 2981 3022 3041 peccatorum.
3046 2995 3069 3031 ι
3090 2975 3408 3050 Septimum,
3433 2961 3605 3057 «ρέος

2018 3051 2275 3144 nominas
2318 3057 2716 3128 praedestinavit
2756 3063 2824 3122 ad
2864 3064 3225 3139 Baptlamnm.
3256 3051 3589 3144 prtedestina-

2019 3142 2149 3234 tioni
2190 3144 2307 3217 ejus
2348 3148 2480 3219 eripi
2522 3163 2716 3222 posse,
2742 3159 2797 3211 el
2820 3163 2946 3214 ante
2969 3156 3183 3234 defungi
3208 3203 3225 3231 ,
3255 3142 3415 3234 quam
3441 3168 3495 3224 in
3520 3172 3602 3226 eis

2018 3230 2177 3327 fuerit
2220 3235 2361 3307 quod
2402 3237 2752 3311 Omnipotens
2795 3230 3197 3316 prmdestinavit
3244 3230 3537 3327 impletum.
3576 3280 3598 3313 ι

2014 3323 2270 3382 Octavum
2295 3368 2310 3393 ,
2348 3345 2368 3380 ο
2405 3329 2477 3386 De
2499 3330 2788 3391 infantibus
2807 3337 2893 3409 qui
2915 3340 3226 3413 priusquam
3254 3323 3602 3408 retineantur

2016 3418 2070 3511 in
2115 3418 2330 3476 Christo
2352 3463 2369 3489 ,
2422 3426 2822 3494 pratreniuntur
2863 3431 3118 3500 occiduo,
3160 3438 3414 3509 scriptum
3442 3457 3598 3511 esse.

2016 3506 2213 3581 Raptus
2259 3520 2331 3566 est
2377 3528 2441 3567 us
2478 3510 2675 3570 malitia
2703 3527 2917 3575 nutaret
2944 3523 3250 3582 intellectum
3435 3547 3461 3587 :
3493 3552 3516 3586 ι
3547 3506 3604 3591 et

2012 3608 2235 3690 crateres
2277 3617 2395 3673 quae
2441 3603 2494 3659 in
2541 3620 2660 3661 eam
2705 3610 3024 3668 contendam
3066 3613 3122 3670 in
3149 3616 3436 3689 Sapientiae
3461 3623 3602 3683 libro

2014 3687 2279 3759 leguntur.
2327 3690 2568 3761 Nonum,
2621 3714 2642 3748 ε
2676 3697 2896 3769 Aliquas
2945 3687 3250 3764 mansiones
3299 3725 3421 3769 esse
3448 3726 3597 3773 extra

2012 3794 2234 3851 regnum
2261 3783 2383 3848 Dei,
2413 3801 2597 3841 earum
2626 3803 2757 3858 quas
2785 3789 3041 3849 Dominus
3064 3810 3184 3854 esse
3201 3799 3337 3856 dixit
3360 3804 3413 3858 in
3434 3804 3597 3863 domn

2012 3868 2185 3927 Patris
2212 3873 2314 3928 sui.
2353 3893 2372 3926 ι
2400 3875 2673 3933 Decimum
2699 3890 2820 3948 est,
2857 3900 2877 3933 ι
2908 3882 3241 3944 Sacrificium
3270 3887 3597 3954 Christiano-

2011 3979 2131 4018 rum
2172 3980 2269 4034 pro
2295 3967 2373 4021 eis
2398 3969 2487 4036 qui
2516 3986 2621 4024 non
2651 3972 2900 4042 baptizati
2927 3975 2996 4032 de
3017 3992 3243 4049 corpore
3265 3982 3494 4041 exierint
3517 3990 3598 4042 of-

2012 4053 2306 4111 ferendum.
2355 4076 2375 4111 ι
2424 4059 2770 4118 Undecimum
2790 4105 2806 4130 ,
2843 4085 2864 4119 σ
2897 4066 3117 4139 Aliquos
3144 4086 3331 4130 eorum
3357 4079 3444 4147 qui
3474 4075 3596 4138 sine

2010 4147 2281 4218 Baptismo
2324 4150 2519 4206 Christi
2560 4169 2623 4207 ex
2669 4153 2767 4209 hac
2797 4159 2901 4211 vita
2931 4160 3307 4229 emigraverint
3333 4207 3348 4232 ,
3380 4167 3591 4227 interim

2011 4252 2115 4291 non
2156 4242 2232 4293 ire
2263 4240 2314 4293 in
2350 4256 2567 4310 regnum
2588 4283 2602 4308 ,
2633 4244 2728 4298 sed
2758 4245 2809 4299 in
2838 4248 3140 4316 paradisum
3170 4268 3184 4316 ;
3215 4265 3399 4324 postea
3425 4277 3584 4329 vero,

2010 4330 2061 4383 in
2094 4332 2481 4386 resurrectione
2508 4344 2857 4403 mortuorum,
2887 4338 3046 4395 etiam
3074 4341 3140 4397 ad
3163 4347 3310 4416 regni
3331 4350 3591 4409 ccelorum

2007 4418 2385 4476 beatitudinem
2415 4424 2711 4492 pervenire.
2742 4444 2762 4480 ι

2076 4510 2166 4565 25,
2222 4512 2345 4604 Haec
2388 4513 2598 4568 interim
2628 4516 2873 4574 undecim
2901 4521 3126 4579 multum
3151 4538 3437 4601 aperteque
3464 4548 3592 4604 per.

2007 4618 2158 4658 versa
2181 4645 2195 4670 ,
2226 4613 2280 4659 et
2310 4603 2429 4658 fidei
2452 4606 2725 4664 catholica:
2746 4610 2968 4667 adversa
2989 4656 3004 4679 ,
3027 4630 3165 4672 nunc
3180 4620 3289 4688 jam
3312 4624 3439 4679 nihil
3461 4603 3591 4682 cun-

2004 4695 2167 4750 cteris
2212 4697 2504 4765 exstirpare
2550 4707 2708 4770 atque
2736 4701 2967 4772 abjieere
2989 4706 3059 4762 ab
3080 4706 3259 4763 animo
3277 4753 3293 4782 ,
3324 4729 3353 4767 a
3385 4715 3547 4772 verbo
3567 4759 3586 4785 ,

2006 4786 2073 4841 ab
2107 4787 2229 4843 stilo
2268 4797 2392 4855 tuo;
2422 4790 2464 4843 si
2492 4791 2570 4847 vis
2600 4802 2657 4846 ut
2684 4803 2753 4858 te,
2775 4810 2881 4850 non
2910 4799 3080 4854 solum
3106 4801 3171 4856 ad
3198 4803 3382 4860 altaria
3414 4816 3588 4864 trans-

2005 4876 2112 4931 isse
2139 4878 2396 4933 catholica
2416 4920 2432 4946 ,
2488 4882 2581 4936 sed
2609 4898 2733 4938 vere
2757 4885 3072 4942 catholicum
3099 4906 3217 4947 esse
3235 4895 3581 4963 gaudeamus.

2003 4968 2134 5023 Nam
2179 4969 2294 5025 b.ec
2336 4973 2379 5026 si
2428 4974 2766 5042 pertinaciter
2810 4978 3013 5048 singula
3060 4982 3450 5055 defendamur,
3504 4999 3585 5048 tot

2005 5058 2237 5114 bmrcses
2282 5060 2451 5116 facere
2499 5075 2757 5132 possunt,
2788 5079 2917 5138 quot
2944 5070 3217 5138 opiniones
3246 5090 3365 5132 esse
3392 5094 3581 5138 unme-

2004 5158 2207 5204 rantur.
2253 5149 2508 5216 Quocirca
2547 5154 2825 5211 considera
2851 5199 2864 5222 ,
2893 5174 3048 5229 quam
3077 5160 3147 5215 sit
3176 5161 3495 5225 horrendum
3527 5182 3582 5229 ut

2003 5255 2192 5297 omnes
2234 5243 2342 5297 sint
2391 5244 2442 5298 in
2483 5260 2588 5301 uno
2629 5246 2876 5314 homine,
2905 5264 3024 5320 qua:
3049 5251 3375 5314 damnabiles
3402 5275 3585 5322 essent

2005 5333 2058 5387 in
2100 5334 2321 5404 singulis
2350 5336 2587 5406 singulae.
2619 5337 2721 5394 Sed
2766 5339 2809 5394 si
2840 5349 2893 5395 tu
2932 5358 3028 5412 pro
3066 5346 3144 5401 eis
3184 5349 3326 5407 nulla
3352 5367 3582 5414 conten-

2003 5423 2146 5478 tione
2190 5427 2542 5494 pugnaveris,
2591 5427 2699 5483 imo
2742 5444 2868 5485 vero
2914 5446 3004 5487 eas
3046 5433 3287 5496 ﬁdelibus
3330 5445 3504 5501 verbis
3530 5460 3585 5503 et

2003 5515 2192 5571 litteris
2238 5519 2660 5587 expugnaveris;
2715 5520 3027 5580 laudabilior
3073 5529 3181 5583 eris
3225 5546 3419 5590 censor
3447 5537 3500 5594 in
3532 5550 3584 5594 te

2002 5608 2172 5698 ipsum
2193 5647 2208 5670 ,
2238 5622 2393 5678 quam
2420 5611 2462 5663 si
2493 5612 2781 5680 quemlibet
2811 5615 2968 5670 alium
3001 5631 3141 5674 recta
3176 5627 3377 5681 ratione
3404 5644 3587 5698 repre-

2007 5697 2263 5753 henderes
2292 5715 2307 5764 ;
2355 5708 2408 5754 ct
2452 5702 2740 5759 mirabilior
2765 5721 2946 5761 eorum
2979 5712 3318 5777 emendator,
3349 5697 3505 5785 quam
3532 5720 3580 5772 si

2907 5798 3302 5879 {Dia-sem.)
