4010 6186
383 264 504 319 ηδ

399 387 666 445 nunquam
693 371 780 428 illa
806 369 1086 444 semisses.
1111 367 1262 423 Adsit
1281 366 1537 422 Dominus
1565 376 1667 422 tuae
1697 367 1895 432 menti,
1927 377 1982 423 et

397 479 600 523 tantam
626 463 833 537 spiritui
861 472 953 518 tuo
979 461 1168 532 spiritu
1193 475 1290 514 suo
1311 457 1616 516 facilitatem
1646 458 1977 526 humilitatis,

395 561 570 614 lucem
597 555 833 612 veritatis
859 595 874 619 ,
901 551 1234 608 dulcedinem
1264 549 1538 606 charitatis
1555 590 1572 618 ,
1599 564 1782 620 pacem
1816 551 1980 620 pieta-

393 651 465 708 tis
501 648 776 715 infundat,
816 655 877 700 ut
903 645 1072 700 victor
1097 643 1173 698 tui
1201 641 1363 698 animi
1393 655 1514 697 esse
1541 641 1694 696 malis
1722 641 1776 696 in
1803 641 1944 696 veris
1961 682 1975 707 ,

393 756 554 815 quam
591 737 874 810 cujuslibet
902 733 1316 791 contradicentis
1339 733 1392 786 in
1423 730 1588 787 falsis.
1619 731 1772 787 Absit
1799 737 1978 784 autem

395 842 454 890 ut
500 841 552 886 te
599 827 876 886 arbitreris
893 869 910 892 ,
951 825 1067 880 haec
1094 822 1390 894 opinando,
1417 836 1448 876 a
1477 820 1582 876 [ide
1606 819 1865 876 catholica
1893 833 1980 875 re-

395 923 624 980 cessisse
646 961 662 987 ,
685 919 930 992 quamvis
957 931 1021 974 ea
1049 914 1174 972 ﬁdei
1197 914 1306 972 sint
1331 913 1551 970 adversa
1580 912 1898 978 catholicae;
1931 911 1979 967 si

392 1026 574 1068 coram
621 1011 762 1078 Deo,
805 1007 956 1078 cujus
996 1006 1051 1062 in
1089 1005 1290 1061 nullius
1333 1002 1496 1059 corde
1534 1003 1722 1058 oculus
1750 1001 1974 1067 fallitur,

395 1103 657 1161 veraciter
685 1108 738 1157 te
763 1099 968 1156 dixisse
995 1095 1220 1168 respicis
1249 1095 1266 1128 ⁸
1287 1135 1304 1163 ,
1341 1111 1363 1147 ι
1401 1109 1507 1150 non
1537 1102 1590 1150 te
1614 1093 1710 1149 tibi
1729 1093 1830 1164 ipsi
1858 1105 1978 1149 esse

463 1218 486 1252 ‘
511 1216 587 1269 Sic
599 1214 786 1266 habent
811 1213 1032 1278 quinque
1053 1216 1160 1260 Mss.
1186 1203 1273 1257 Alii
1295 1218 1406 1258 cum
1428 1203 1598 1268 editis,
1622 1200 1883 1270 resipiscis.

1319 258 1406 312 DE
1446 256 1655 312 ANIMA
1699 254 1788 310 ET
1828 255 1986 312 EJUS
2021 256 2322 325 ORICINE,
2364 259 2423 313 S.
2461 256 2826 314 AUGUSTINI

3565 264 3670 321 5‘25

2087 370 2400 436 credulum;
2444 371 2654 440 probari
2693 386 2752 428 ea
2781 388 2898 444 qum
2921 373 3118 431 dixeris
3147 387 3339 447 pOSse;
3368 393 3430 435 ac
3454 380 3674 437 studere

2087 474 2138 518 te
2167 477 2380 534 semper
2420 463 2580 517 etiam
2621 465 2888 534 propriam
2931 469 3247 523 sententiam
3279 482 3383 526 non
3427 473 3594 536 tueri,
3626 475 3670 527 si

2085 553 2447 626 improbabilis
2492 553 2798 626 delegatur,
2845 572 2913 614 eo
2940 559 3081 630 quod
3111 561 3180 616 sit
3211 562 3306 617 tibi
3329 563 3516 628 cordi,
3546 579 3670 632 pro-

2085 647 2201 716 prio
2237 644 2488 702 damnato
2515 645 2750 717 judicio,
2779 649 3000 705 meliora
3029 653 3198 722 magis
3223 662 3279 708 et
3305 669 3422 724 qua:
3448 657 3555 711 sint
3581 671 3662 712 vel

2082 738 2224 794 riora
2248 739 2460 794 sectari.
2492 755 2512 790 ι
2543 739 2645 794 Iste
2669 741 2865 811 quippe
2892 743 3100 798 animus
3121 743 3280 800 etiam
3306 746 3360 800 in
3389 746 3546 802 dictis
3572 765 3667 816 per

2083 828 2432 899 ignorantiam
2453 843 2562 886 non
2583 831 2862 886 catholicis
2883 873 2898 897 ,
2921 833 3032 903 ipsa
3057 844 3141 890 est
3164 838 3513 894 correctionis
3531 857 3664 909 pne-

2082 918 2423 975 meditation‘e
2456 933 2519 975 ac
2561 920 2946 990 prteparatinne
2989 924 3297 982 catholicus.
3337 927 3442 983 Sed
3475 929 3572 984 iste
3601 933 3665 984 sit

2083 1009 2276 1066 modus
2299 1009 2456 1080 hujus
2495 1011 2804 1080 voluminis,
2843 1013 2932 1069 ubi
2970 1017 3272 1086 requiescat
3295 1019 3562 1089 paululum
3591 1019 3664 1078 le-

2081 1110 2233 1168 ctor,
2281 1109 2342 1156 ut
2381 1101 2448 1158 ad
2485 1115 2547 1158 ea
2575 1117 2694 1174 qua:
2721 1114 3047 1176 sequuntur,
3074 1109 3190 1179 ejus
3216 1110 3438 1167 intentio
3465 1113 3534 1168 ab
3562 1113 3665 1168 alio

2084 1199 2370 1247 renovetur
2393 1190 2634 1248 exordio.

433 1301 3664 1338 M

1351 1381 1822 1499 LIBER
1918 1375 2705 1506 QUARTUS.

1544 1547 1638 1602 AD
1676 1539 2094 1602 VINCENTIUM
2135 1537 2498 1595 VICTOREM.

454 1649 661 1700 Primum
678 1648 1032 1698 cunaatlonem
1053 1661 1191 1700 suam
1210 1649 1276 1698 de
1296 1646 1564 1698 suturarum
1583 1639 1776 1702 origine
1807 1637 2050 1702 immerito
2063 1649 2096 1702 ι·

393 1697 662 1764 ιιιιὶῧῖῖιίέ
688 1697 896 1782 anno
913 1697 1374 1782 ειίευέξέῖίῦἱιιῖίει
1395 1697 1999 1782 ρςίὶοεέἱιὲξεὲοπὲξὲεὲῗὲλέ

2085 1697 2175 1747 nde
2194 1709 2317 1746 vero
2336 1698 2463 1782 quod
2500 1700 2834 1782 incunctanter
2849 1697 3268 1782 .dixigkanimam
3286 1708 3506 1782 spiritum

1434 1767 1449 1816 i
1471 1778 1502 1816 a
1520 1765 1800 1832 victore,ut
1821 1765 2024 1832 animam
2047 1769 2326 1832 corpoream
2336 1765 2519 1832 natura
2541 1771 2648 1820 sua,
2675 1768 2726 1832 et
2746 1765 2966 1832 spiritum
2985 1765 3046 1814 ab
3063 1766 3167 1832 ipsa
3185 1769 3232 1817 in
3254 1765 3546 1832 hominibus,
3564 1765 3662 1820 dis;

395 1783 702 1846 !'.°“-°°"|"!_s!
715 1771 820 1846 ἔξρὲ
834 1769 1430 1846 Ρίῖφὲἷὲμβίίὲέιὲκιῖἒίὲἓεὲξξ

2098 1634 2384 1746 Ἶιινθιιειιάὶ,
2409 1637 2660 1710 Vincentio
2685 1645 2704 1684 ι
2717 1639 2853 1691 icturi
2875 1641 3194 1715 demonstrat,
3223 1651 3273 1696 et
3293 1657 3350 1696 se
3371 1645 3433 1718 ab
3455 1657 3533 1707 eo,
3553 1661 3664 1710 quia

2098 1712 2109 1746 l
2145 1709 2317 1746 evero
2336 1698 2463 1746 quod
2500 1707 2834 1746 incunctanter
2867 1702 3008 1746 lelL
3045 1717 3249 1746 animam
3287 1709 3506 1746 snit-Ilum
3531 1721 3658 1746 m_

2079 1698 2175 1747 nde
2194 1709 2317 1770 vero
2336 1698 2463 1770 quod
2500 1700 2834 1770 incunctanter
2849 1702 3026 1770 _dixit,_
3045 1698 3266 1770 animam,
3286 1708 3506 1770 spiritum
3522 1698 3662 1769 esse,

635 1818 856 1884 suum
873 1818 1532 1894 cessassent-grauem
1562 1818 1873 1894 Augustinus,
1899 1818 2215 1894 meamet?!
2235 1818 2582 1894 φρίιξεροφτ
2601 1818 2833 1894 excussit.
2858 1825 3052 1894 ίιυίιηιε-
3068 1818 3293 1894 βτοωω.
3315 1827 3400 1880 ille
3421 1818 3664 1894 ιιίιεέὺείιὲτ

395 1906 678 1966 corpoream
701 1905 814 1944 esse
835 1893 1040 1966 animam
1051 1906 1074 1964 _:
1097 1885 1310 1966 ostendit
1331 1885 2038 1966 hanc‘lipgmsp‘iritum‘ethm
2053 1885 2212 1932 vocari
2235 1885 2285 1929 in
2306 1885 2576 1944 scripturis,
2598 1885 2818 1945 quamvis
2835 1885 3016 1936 revera
3041 1885 3134 1940 isto
3166 1892 3366 1940 nomine
3381 1894 3594 1956 prora-ie,
3619 1893 3663 1942 id

395 1947 550 2018 ipsius
568 1955 760 2016 animae,
783 1962 881 2018 quo
899 1954 1236 2004 ratiocinamur
1257 1959 1310 2003 et
1329 1947 2014 2013 intelligimus'nuncupetur.

1699 2045 2334 2108 «Q-KOODIQ0'»

469 2151 696 2222 CAPUT
721 2156 1007 2217 PRIMUM.
1034 2185 1105 2200 —-
1131 2159 1184 2214 l.
1209 2155 1408 2227 Accipe
1432 2167 1573 2211 nunc
1595 2151 1702 2223 jam
1729 2147 1890 2205 etiam
1915 2141 1986 2199 de

398 2247 500 2306 me'
526 2249 642 2322 ipso
683 2265 802 2320 quae
844 2233 945 2306 tibi
969 2247 1147 2305 dicere
1173 2247 1331 2318 cupio
1353 2286 1370 2314 ,
1397 2245 1444 2300 si
1471 2243 1670 2314 possim
1693 2281 1711 2309 ,
1738 2237 1842 2294 hoc
1869 2242 1980 2302 est,

398 2341 444 2396 si
469 2339 560 2396 ille
582 2333 892 2416 donaverit,
913 2339 968 2398 in
993 2338 1148 2416 cujus
1173 2351 1333 2392 manu
1359 2343 1482 2391 sunt
1505 2341 1562 2389 et
1585 2347 1684 2388 nos
1704 2338 1759 2386 et
1777 2339 1984 2386 sermo-

401 2446 495 2488 nes
539 2426 726 2486 nostri.
765 2409 1172 2502 lieprehendisti
1209 2427 1352 2499 enim
1379 2440 1470 2484 me
1495 2424 1578 2480 bis
1605 2434 1826 2504 numero
1843 2459 1862 2488 ,
1891 2432 1986 2474 ex-

402 2521 638 2592 primens
673 2521 830 2576 etiam
861 2535 1038 2576 meum
1066 2534 1266 2576 nomen
1292 2535 1307 2574 :
1337 2525 1534 2573 etcum
1561 2523 1614 2572 te
1639 2513 1696 2592 in
1725 2509 1986 2586 principio

401 2613 521 2670 libri
565 2612 639 2668 tui
687 2611 966 2684 imperitia:
1011 2620 1116 2684 tuae
1153 2610 1439 2670 admodum
1486 2607 1758 2682 conscium
1805 2612 1862 2662 et
1887 2602 1985 2660 do-

399 2704 584 2760 ctrina:
621 2690 939 2760 adminiculo
975 2701 1314 2778 destitutum,
1336 2715 1454 2778 rme‘
1469 2713 1598 2756 vero
1625 2697 1714 2754 ubi
1741 2695 1987 2756 nomina-

391 2789 506 2861 ‘sti,
559 2785 924 2874 doctissimum
979 2774 1044 2849 ac
1092 2774 1762 2874 peritissimumdixeris;
1804 2795 1982 2842 tamen

402 2873 592 2958 quibus
635 2867 700 2941 in
735 2867 897 2942 rebus
935 2883 1029 2940 tibi
1059 2884 1201 2940 visus
1225 2897 1286 2946 es
1311 2897 1469 2940 nosse
1493 2867 1633 2953 quod
1657 2894 1756 2954 ego
1771 2879 1865 2942 ,vel
1890 2891 1982 2934 ne-

400 2977 540 3032 scire
580 2991 668 3031 me
713 2973 880 3030 lateor
902 3016 917 3042 ,
961 2970 1080 3041 vel,
1118 2965 1360 3044 quamvis
1385 2971 1617 3036 nesciam
1642 3010 1659 3036 ,
1689 2970 1826 3026 scire
1845 2983 1958 3042 pra:

402 3079 556 3122 sumo
579 3105 596 3134 ,
627 3065 870 3120 libertate
913 3079 1014 3135 qua
1045 3063 1392 3135 oportebat‘,
1430 3077 1536 3118 non
1573 3069 1772 3118 tantum
1801 3074 1982 3116 senem

397 3155 642 3227 juvenis,
671 3163 724 3210 et
749 3153 1056 3226 episcopum
1081 3153 1247 3210 laicus
1272 3195 1288 3224 ,
1319 3167 1504 3234 verum
1531 3152 1690 3208 etiam
1712 3151 1982 3206 hominem

403 3259 496 3302 tuo
529 3245 732 3316 judicio
775 3239 1143 3306 doctissimum
1173 3254 1229 3302 et
1257 3244 1635 3316 peritissimum
1681 3258 1788 3299 non
1827 3241 1981 3299 dubi-

401 3337 524 3393 lasli
551 3331 966 3406 reprehendere.
997 3331 1111 3407 Ego
1137 3341 1312 3392 autem
1341 3343 1396 3390 et
1421 3349 1508 3390 me
1533 3333 1894 3390 doctissimum
1920 3347 1984 3388 ac

399 3425 778 3496 peritissimum
804 3425 986 3481 nescio
1005 3467 1020 3494 ,
1047 3425 1156 3480 imo
1175 3439 1300 3482 vero
1320 3438 1406 3480 me
1425 3439 1530 3480 non
1551 3427 1670 3481 esse
1688 3423 1984 3480 certissime

401 3515 516 3570 scio
541 3527 557 3582 ;
585 3525 642 3570 et.
668 3513 782 3570 llcri
809 3519 964 3586 posse
987 3531 1090 3570 non
1119 3513 1330 3588 ambigo
1355 3523 1410 3570 ut
1433 3514 1631 3586 aliquid
1657 3515 1904 3585 imperito
1928 3523 1984 3589 et

399 3603 619 3662 indocto
638 3603 865 3676 cuipiam
891 3605 1028 3660 scire
1047 3605 1351 3677 contingat,
1381 3604 1522 3677 quod
1543 3604 1734 3676 aliquis
1751 3605 1938 3662 doctus
1959 3606 1981 3638 ¹

401 3706 454 3754 et
481 3695 684 3768 peritus
705 3697 946 3768 ignorat:
979 3705 1034 3753 et
1059 3696 1114 3751 in
1141 3696 1242 3752 hoc
1263 3704 1314 3752 te
1339 3695 1494 3768 plane
1519 3695 1674 3750 laudo
1692 3737 1709 3763 ,
1730 3694 1872 3766 quod
1892 3710 1981 3752 ve-

399 3791 639 3856 ritatem,
679 3789 778 3844 etsi
817 3801 921 3843 non
948 3801 1106 3859 quam
1130 3785 1152 3819 ³
1179 3786 1494 3859 percepisti,
1527 3794 1673 3842 certe
1697 3800 1855 3856 quam
1881 3801 1978 3856 pu-

401 3880 560 3948 tasti,
598 3877 802 3936 homini
847 3876 1161 3950 praetulisti;
1207 3875 1326 3933 ideo
1359 3875 1572 3948 quidem
1597 3886 1830 3945 temere,
1859 3876 1981 3947 quia

399 3971 713 4029 existimasti
742 3971 881 4028 scire
901 3979 952 4025 te
975 3965 1118 4040 quod
1144 3966 1316 4025 nescis
1339 3985 1354 4034 ;
1381 3967 1476 4024 sed
1495 3967 1615 4024 ideo
1635 3968 1830 4034 libere,
1859 3967 1982 4040 quia

399 4067 683 4136 personam
711 4063 820 4117 non
840 4059 1102 4116 reveritus
1119 4099 1138 4128 ,
1167 4054 1376 4130 elegisti
1399 4059 1608 4130 aperire
1631 4058 1771 4130 quod
1790 4059 1977 4115 sentis.

401 4151 552 4211 Unde
576 4160 630 4209 te
651 4152 952 4224 intelligere
976 4157 1187 4222 Oportet
1209 4191 1226 4219 ,
1256 4157 1454 4221 quanto
1478 4163 1598 4206 esse
1620 4148 1773 4206 nobis
1791 4148 1984 4206 debeat

399 4257 526 4299 cura
573 4240 774 4312 major,
819 4241 1116 4296 dominicas
1149 4253 1276 4295 oves
1299 4253 1554 4296 revocare
1577 4237 1646 4294 ab
1668 4239 1978 4306 erroribus;

401 4335 446 4390 si
483 4343 538 4390 et
561 4333 750 4388 ovibus
773 4340 927 4402 turpe
949 4339 1032 4387 est
1050 4374 1066 4397 ,
1088 4331 1216 4386 vitia
1243 4339 1515 4402 pastorum
1539 4369 1555 4395 ,
1579 4327 1627 4384 si
1653 4342 1754 4400 qua
1783 4343 1980 4399 cogno-

401 4428 575 4482 verint
597 4463 615 4491 ,
653 4421 854 4479 eisdem
897 4421 1164 4478 occultare
1202 4422 1519 4492 pastoribus.
1547 4418 1594 4476 0
1616 4421 1662 4478 si
1691 4421 1777 4476 illa
1801 4435 1982 4490 reprc-

405 4513 668 4574 licnderes
705 4528 820 4568 mea
841 4553 857 4580 ,
886 4529 1006 4584 qua:
1028 4513 1171 4584 justa
1197 4512 1611 4582 reprehensione
1636 4521 1760 4568 sunt
1783 4512 1974 4586 digna!

400 4607 584 4678 Neque
609 4604 753 4662 enim
773 4619 968 4676 negare
991 4603 1162 4660 debeo
1179 4645 1196 4673 ,
1222 4605 1358 4660 sicut
1381 4605 1433 4660 in
1454 4605 1582 4675 ipsis
1610 4595 1883 4674 moribus,
1907 4605 1980 4662 ita

402 4700 565 4757 multa
593 4696 785 4754 essein
813 4704 919 4752 tam
944 4693 1128 4752 multis
1147 4695 1414 4766 opusculis
1438 4696 1569 4752 meis
1589 4737 1606 4763 ,
1631 4711 1750 4768 qum
1775 4697 1980 4766 possint

403 4799 549 4847 recto
583 4787 812 4860 judicio,
860 4796 913 4844 et
939 4785 1084 4843 nulla
1115 4785 1414 4843 temeritate
1439 4785 1658 4856 culpari.
1689 4787 1764 4842 Ex
1790 4787 1980 4857 quibus

400 4881 446 4936 si
493 4881 666 4952 aliqua
705 4879 818 4950 ipse
867 4877 1320 4950 reprehenderes,
1361 4877 1470 4934 illic
1513 4887 1568 4934 et
1605 4879 1698 4934 tibi
1737 4878 1978 4936 fortassis

399 4971 733 5028 ostenderem
758 5011 774 5038 ,
800 4970 1008 5041 qualem
1037 4974 1089 5025 te
1114 4983 1233 5026 esse
1249 5010 1266 5037 ,
1290 4970 1341 5025 in
1363 4968 1553 5042 quibus
1573 4984 1677 5024 non
1699 4985 1976 5040 perperam

400 5063 805 5136 reprehenderis
827 5104 844 5132 ,
875 5062 1066 5118 vellem
1091 5079 1105 5128 ;
1135 5077 1307 5134 nequc
1333 5061 1406 5136 (η)
1433 5063 1525 5119 tibi
1543 5061 1743 5134 juniori
1771 5061 1974 5133 major,

400 5169 452 5212 et
477 5157 788 5229 praepositus
813 5155 1046 5225 subdito,
1065 5154 1410 5210 correctionis
1431 5155 1751 5226 exemplum,
1777 5164 1976 5227 quanto

399 5247 680 5314 humilius,
725 5253 874 5302 tanto
913 5245 1176 5301 salubrius
1214 5244 1544 5302 exhiberem.
1587 5245 1691 5303 Sed
1717 5261 1779 5302 ea
1807 5247 1859 5302 in
1887 5260 1974 5304 me

397 5334 829 5406 reprehendisti,
882 5351 1001 5406 qua:
1045 5337 1472 5409 non‘corrigere
1517 5336 1824 5407 humilitas,
1875 5339 1970 5396 sed

446 5479 474 5552 ἐ
512 5474 702 5552 @999
1101 5475 1365 5552 οροεκιξαε
1401 5538 1412 5552 .

453 5507 475 5571 ί
989 5507 1498 5603 iniens
1519 5538 1706 5616 doctus.

453 5603 474 5668 ξ
505 5598 652 5668 editi,
972 5600 1294 5650 Emendantur
1334 5614 1400 5652 ex
1434 5605 1785 5668 uianusertptis.

393 5740 411 5788 ι
429 5661 526 5768 Ἀρι)
537 5657 690 5770 ilignei
711 5657 977 5722 legendum
991 5669 1180 5726 censet,
1203 5673 1389 5726 meque.
1404 5663 1517 5714 vide
1540 5657 1776 5719 Eleatem.
1791 5667 1968 5731 (ritlc.,

2087 2142 2277 2214 partim
2303 2140 2458 2199 fateri
2478 2185 2494 2212 ,
2525 2147 2714 2214 partim
2735 2145 3022 2205 defendere
3047 2152 3242 2208 veritas
3261 2155 3422 2223 cogit.

2155 2233 2384 2290 CAPUT
2421 2234 2488 2291 il.
2528 2263 2602 2279 —-
2638 2235 2694 2292 2.
2725 2237 2855 2294 Haec
2889 2251 3066 2297 autem
3105 2253 3231 2299 sunt
3262 2262 3276 2299 :
3307 2260 3490 2313 unum,
3523 2247 3665 2318 quod

2085 2323 2155 2382 de
2190 2324 2397 2396 origine
2437 2326 2736 2384 animarum
2762 2369 2780 2396 ,
2825 2345 2948 2402 quae
2991 2342 3112 2402 post
3139 2335 3366 2404 primum
3394 2336 3665 2394 hominem

2086 2415 2224 2470 datae
2247 2424 2389 2482 sunt,
2421 2417 2500 2472 vel
2521 2416 2716 2473 dantur
2739 2418 3063 2489 hominibus,
3091 2436 3196 2478 non
3223 2439 3344 2480 sum
3372 2436 3537 2482 ausus
3569 2429 3664 2484 ali-

2086 2505 2212 2580 quid
2235 2506 2458 2563 deiinire
2477 2549 2496 2576 ,
2523 2508 2643 2578 quia
2667 2509 2845 2568 fateor
2869 2527 2956 2568 me
2979 2514 3222 2581 nescire;
3249 2515 3496 2584 alterum,
3525 2517 3664 2588 quod

2087 2597 2317 2652 animam
2353 2597 2494 2654 scire
2532 2613 2620 2654 me
2663 2598 2773 2656 dixi
2807 2601 3055 2672 spiritum
3097 2617 3252 2668 esse,
3303 2619 3408 2660 non
3445 2592 3662 2678 corpus.

2086 2685 2196 2744 Sed
2220 2688 2274 2744 in
2303 2687 2408 2744 hoc
2443 2687 2614 2744 altero
2645 2689 2760 2746 duo
2805 2693 3194 2763 reprehendisti
3233 2713 3248 2750 :
3276 2709 3438 2753 unum
3459 2739 3475 2763 ,
3523 2695 3664 2768 quod

2088 2795 2198 2836 non
2223 2794 2342 2835 eam
2369 2779 2644 2846 crederem
2669 2797 2863 2852 corpus
2889 2799 3039 2852 esse;
3069 2787 3289 2841 alterum
3307 2827 3325 2853 ,
3367 2788 3510 2857 quod
3547 2804 3665 2844 eam

2085 2870 2332 2940 spiritum
2360 2870 2656 2928 crederem.
2685 2872 2802 2930 Tibi
2830 2878 2973 2932 enim
3005 2877 3216 2932 videtur
3236 2887 3292 2932 et
3325 2892 3523 2949 corpus
3549 2895 3666 2937 esse

2087 2962 2319 3018 animam
2340 3003 2355 3029 ,
2381 2973 2438 3018 et
2468 2978 2576 3019 non
2611 2978 2730 3022 esse
2759 2966 3021 3038 spiritum.
3049 2969 3187 3023 Audi
3217 2971 3372 3040 igitur
3399 2975 3666 3042 purgatio-

2087 3066 2208 3108 nem
2239 3067 2414 3108 meam
2456 3061 2643 3110 centra
2689 3056 3162 3124 reprehensionem
3190 3069 3354 3127 tuam,
3395 3071 3452 3118 et
3475 3079 3541 3118 ex
3570 3063 3667 3119 hac

2087 3142 2372 3198 occasione
2419 3159 2522 3214 qua
2575 3159 2662 3200 me
2693 3136 2790 3200 tibi
2816 3161 3015 3219 purgo,
3055 3149 3107 3204 in
3147 3158 3199 3206 te
3232 3151 3348 3221 ipso
3373 3150 3522 3208 disce
3548 3169 3666 3224 qua

2087 3246 2302 3303 purges.
2333 3232 2530 3290 Recole
2557 3235 2717 3292 verba
2745 3235 2862 3294 libri
2895 3239 2966 3292 tui
2987 3279 3004 3305 ,
3045 3241 3132 3296 ubi
3169 3256 3255 3298 me
3293 3243 3535 3312 primitus
3569 3260 3668 3300 no-

2087 3321 2323 3378 minasti.
2359 3341 2378 3377 ι
2414 3323 2558 3392 Scio,
2589 3343 2610 3380 ι
2649 3327 2857 3397 inquis,
2891 3347 2912 3382 ι
2945 3329 3226 3402 plerosque
3261 3342 3316 3389 et
3351 3335 3501 3390 facile
3522 3337 3672 3407 peric

2088 3413 2323 3470 tissimus
2335 3414 2500 3480 viros,
2516 3415 2730 3488 insuper
2744 3427 2799 3474 et
2817 3421 3087 3476 consultos
3117 3423 3350 3480 tenuisse
3370 3425 3664 3492 silentium,

2085 3513 2178 3558 aut
2202 3503 2335 3559 nihil
2361 3505 2664 3575 expressius
2683 3508 2940 3578 elocutos,
2963 3526 3084 3566 cum
3105 3511 3464 3571 deﬁnitionem
3487 3515 3667 3588 dispu-

2087 3594 2374 3652 tationibus
2415 3597 2528 3654 suis
2565 3597 2811 3654 inchoata
2861 3603 3194 3670 expositione
3247 3605 3663 3674 subtraheren‘t;

2085 3685 2242 3762 sicuti
2283 3702 2454 3758 nuper
2484 3688 2502 3721 ι
2527 3688 2664 3757 apud
2692 3697 2744 3746 te
2771 3692 3050 3763 Augustini
3087 3693 3377 3752 doctissimi
3406 3698 3503 3753 viri
3527 3705 3666 3770 prte-

2085 3777 2350 3851 dicatique
2395 3780 2630 3852 episcopi
2674 3783 3120 3854 comprehensum
3157 3788 3346 3846 litteris
3383 3790 3612 3846 lectitavi
3645 3809 3662 3845 :

2087 3871 2379 3928 modestius
2403 3872 2640 3943 quidem,
2677 3881 2737 3930 ut
2771 3890 2914 3945 reor,
2953 3892 3018 3933 ac
3055 3880 3406 3937 vereCundius
3445 3883 3666 3952 hujusce

2085 3963 2164 4020 rei
2190 3977 2385 4022 arcana
2411 3964 2687 4046 rimantes,
2731 3965 2870 4022 intra
2915 3981 2973 4024 se
3008 3969 3153 4038 ipsos
3182 3979 3434 4028 tracmtus
3453 3973 3540 4028 sui
3564 3973 3664 4030 de-

2086 4068 2303 4110 vorasse
2324 4053 2602 4125 judicium,
2627 4070 2799 4126 neque
2823 4071 2883 4114 se
2906 4073 3062 4129 posse
3090 4075 3161 4116 ex
3190 4059 3316 4118 hinc
3343 4063 3538 4134 aliquid
3567 4065 3662 4121 de-

2084 4145 2373 4202 terminare
2400 4145 2689 4218 professos.
2717 4146 2821 4204 Sed
2853 4150 3003 4216 mihi,
3031 4152 3214 4221 crede,
3244 4154 3376 4210 satis
3399 4163 3664 4225 superque

2085 4229 2294 4295 videtur
2317 4238 2606 4294 absurdum
2635 4249 2794 4310 atque
2820 4242 3169 4313 incongruum
3187 4247 3402 4314 rationi,
3421 4258 3474 4301 ut
3503 4245 3664 4302 homo

2083 4331 2197 4402 ipse
2220 4345 2412 4401 expers
2430 4331 2510 4388 sui
2533 4331 2623 4398 sit,
2651 4340 2742 4387 aut
2783 4333 2827 4389 is
2860 4335 2950 4404 qui
2971 4351 3146 4390 rerum
3169 4338 3404 4392 omnium
3431 4339 3665 4394 creditur

2083 4420 2305 4492 adeptus
2351 4437 2472 4478 esse
2513 4423 2787 4490 notitiam,
2835 4426 2934 4480 sibi
2985 4427 3081 4496 ipsi
3129 4427 3386 4484 habeatur
3433 4430 3661 4499 ignotus.

2081 4513 2220 4582 Quid
2259 4523 2437 4570 autem
2479 4514 2655 4572 dill’ert
2681 4515 2844 4573 homo
2867 4533 2896 4572 a
2926 4534 3118 4589 pecore
3133 4523 3173 4585 ³,
3201 4522 3248 4576 si
3278 4523 3446 4578 nescit
3479 4523 3546 4577 de
3569 4535 3663 4577 sua

2083 4605 2338 4675 qualitate
2384 4614 2678 4678 naturaque
2717 4607 3014 4680 disquirere
3061 4620 3221 4682 atque
3263 4613 3558 4678 disserere;
3609 4625 3668 4670 ut

2082 4694 2273 4751 merito
2298 4694 2352 4750 in
2389 4696 2539 4750 illum
2567 4699 2850 4754 conveniat
2887 4699 3029 4770 quod
3067 4701 3322 4772 scriptum
3349 4711 3465 4770 est,
3497 4702 3667 4758 Homo

2083 4801 2198 4841 cum
2225 4796 2350 4842 esset
2373 4793 2426 4842 tn
2455 4787 2664 4857 honore,
2695 4806 2796 4846 non
2831 4791 3116 4858 intellexit;
3145 4795 3453 4850 assimilatas
3477 4805 3550 4850 est
3567 4797 3665 4866 ju-

2081 4879 2262 4934 mentis
2285 4919 2300 4944 ,
2347 4888 2396 4934 et
2428 4889 2748 4952 comparatus
2776 4892 2848 4937 est
2877 4883 2949 4938 eis
2979 4882 3152 4957 (Psal.
3183 4901 3366 4951 xcvm,
3392 4887 3503 4958 i3).
3528 4885 3664 4942 Nam

2037 5048 2046 5052 _
2080 4983 2200 5024 cum
2232 4969 2371 5024 Deus
2390 4970 2564 5025 bonus
2588 4970 2719 5026 nihil
2747 4987 2852 5028 non
2882 4973 3090 5029 ratione
3115 4975 3432 5040 condiderit,
3462 4977 3665 5046 ipsum-

2079 5075 2183 5131 que
2209 5059 2474 5116 hominem
2504 5062 2699 5116 animal
2726 5065 3005 5134 rationale,
3039 5067 3332 5122 intellectus
3357 5083 3609 5138 capacem
3646 5112 3662 5128 .

2080 5150 2302 5208 rationis
2341 5161 2668 5222 compotem,
2716 5169 2981 5228 sensuque
3029 5158 3288 5225 vivacem,
3340 5161 3428 5229 qui
3483 5161 3664 5214 omnia

2078 5242 2300 5300 rationis
2335 5243 2579 5314 expertia
2617 5245 2865 5316 prudenti
2899 5248 3232 5306 ordinatione
3271 5249 3554 5306 distribuat
3594 5251 3614 5282 ³
3645 5292 3662 5317 ,

2142 5400 2160 5480 ἶ
2192 5395 2312 5480 Eii.“
2331 5397 2904 5480 οξεξιψὲἓὲἕξνὲἕιέίῖ
3520 5467 3608 5480 Α.

2139 5461 2162 5494 ³
2192 5467 2325 5523 Itss.,
2343 5459 2510 5536 itineri
2529 5459 2670 5536 liam
2688 5459 2891 5526 pecore;
2913 5471 2967 5514 et
2986 5459 3194 5516 sicinfra
3213 5473 3492 5517 amanter
3512 5467 3664 5517 orti:-

2073 5537 2128 5575 sa
2151 5532 2522 5586 praepositione,
2543 5535 2608 5594 α..
2745 5583 2757 5594 _
2859 5585 2870 5596 _
2940 5583 2952 5596 θ
3155 5586 3166 5596 ,

2073 5585 2376 5694 aii-23.335
2391 5585 3662 5694 ῗάῐηίῗέωῳέἔηᾍῗωᾜᾝηῗεῖεω

2391 5591 3669 5715 ῗῶηῗέωἬῶἜυἚἪῶξΜ
