4034 6182
336 329 445 385 5ἲὸ

334 442 731 515 procreaverit;
775 441 901 512 quid
948 451 1051 497 tam
1092 440 1528 497 inconvenienter
1552 439 1655 495 dici
1703 450 1915 511 potest,

331 551 492 605 quam
523 544 580 590 ut
607 551 729 590 cum
763 534 874 589 sola
900 535 979 590 sui
1011 537 1226 589 notione
1264 531 1557 588 fraudarit?
1589 532 1803 587 Etcum
1831 546 1919 587 sa-

331 627 534 695 pientia
573 625 777 691 mundi,
814 642 931 695 quce
964 640 1085 681 sese
1121 641 1286 696 usque
1323 624 1389 680 ad
1427 625 1534 680 veri
1564 626 1917 696 cognitionem

327 723 659 788 supervacua
678 718 891 788 quidem
914 718 1317 788 investigatione
1337 717 1620 787 protendit,
1644 717 1763 787 quia
1782 718 1919 772 scire

328 812 517 879 nequit
544 826 636 878 per
662 825 819 879 quem
847 809 972 863 licet
1000 825 1118 878 qua:
1144 817 1267 862 sunt
1292 824 1418 863 vera
1442 808 1711 879 cognosci,
1742 807 1917 876 aliqua

328 910 514 956 tamen
560 900 728 954 vicina
754 940 768 961 ,
819 900 927 953 imo
968 899 1143 952 affinia
1183 899 1390 952 veritati
1431 898 1713 952 tentaverit
1758 911 1919 967 super

323 992 523 1045 anima:
554 998 738 1043 natura
778 988 1084 1059 dispicere:
1114 1003 1272 1058 quam
1319 978 1573 1043 indecens
1615 997 1773 1057 atque
1822 1001 1918 1057 pu-

322 1082 564 1138 dendum
595 1091 699 1147 est,
741 1082 1044 1151 religiosum
1084 1092 1402 1149 Quemquam
1439 1080 1506 1135 de
1546 1076 1799 1149 hoc'ipso
1828 1088 1918 1134 aut

324 1175 461 1229 nihil
491 1189 699 1243 sapere,
730 1182 819 1226 aut
846 1173 1055 1242 penitus
1084 1172 1181 1226 sibi
1210 1171 1550 1227 interdixisse
1579 1187 1645 1228 ne
1670 1172 1856 1242 sapiat.
1889 1190 1909 1225 ι

403 1268 454 1322 5.
486 1266 589 1319 Ista
630 1274 716 1319 tua
755 1274 949 1319 nostra:
979 1264 1289 1333 ignorantia:
1314 1263 1665 1318 disertissima
1690 1272 1744 1317 et
1770 1264 1918 1318 lucu-

328 1359 628 1414 lentissima
657 1358 954 1426 castigatio,
984 1355 1160 1409 omnia
1182 1372 1300 1426 qua:
1320 1354 1386 1410 ad
1413 1364 1655 1409 naturam
1686 1355 1916 1410 hominis

327 1451 622 1518 pertinent,
663 1449 740 1503 sic
777 1457 829 1503 te
859 1449 996 1503 scire
1021 1446 1314 1521 compellit,
1347 1454 1403 1501 ut
1431 1446 1475 1501 si
1501 1461 1686 1502 eorum
1717 1447 1913 1518 aliquid

326 1542 681 1611 ignoraveris,
711 1557 813 1593 non
839 1556 979 1605 meo,
1012 1539 1105 1594 sed
1129 1549 1217 1593 tuo
1236 1538 1437 1608 judicio
1460 1539 1739 1608 pecoribus
1764 1555 1914 1594 com-

326 1633 554 1699 pareris.
580 1629 834 1696 Quamvis
871 1629 1015 1684 enim
1054 1644 1151 1684 nos
1182 1627 1481 1698 insignitius
1512 1630 1529 1661 ⁸
1558 1630 1787 1685 videaris
1834 1639 1914 1686 at-

328 1724 561 1793 tingere,
592 1736 658 1777 eo
685 1720 824 1792 quod
852 1720 1066 1784 dixisti,
1116 1719 1284 1773 Homo
1313 1735 1427 1774 cum
1453 1731 1578 1775 esset
1604 1721 1656 1775 in
1683 1721 1874 1776 honore
1896 1764 1910 1787 ,

326 1829 431 1867 non
472 1811 737 1876 intellexit,
770 1812 892 1882 quia
920 1811 970 1866 in
1000 1827 1105 1881 quo
1132 1820 1187 1865 tu
1215 1826 1318 1865 non
1358 1825 1417 1867 es
1440 1852 1455 1874 ,
1499 1810 1701 1867 honore
1730 1827 1915 1869 sumus

329 1904 585 1960 Ecclesia:
615 1912 628 1962 ;
662 1914 837 1957 tamen
866 1903 1026 1957 etiam
1060 1910 1113 1957 tu
1144 1903 1194 1956 in
1226 1917 1291 1957 eo
1321 1917 1378 1957 es
1423 1900 1626 1958 honore
1667 1912 1870 1959 natum
1895 1945 1910 1969 ,

327 2007 387 2051 ut
414 1997 695 2066 pecoribus
723 1995 1039 2065 prarferaris,
1068 1994 1260 2064 quibus
1288 1994 1577 2050 secundum
1604 2004 1747 2049 tuum
1776 1994 1913 2065 iudi-

328 2092 469 2144 cium
496 2089 885 2158 comparandus
909 2102 989 2154 es,
1030 2087 1075 2142 si
1106 2087 1303 2158 aliquid
1344 2103 1528 2142 eorum
1573 2103 1693 2157 qua:
1720 2087 1785 2142 ad
1813 2103 1911 2143 na-

330 2190 504 2237 turam
538 2191 678 2234 tuam
707 2189 910 2236 constat
940 2180 1226 2249 pertinere,
1241 2178 1551 2233 nesciveris.
1568 2177 1753 2248 Neque
1769 2179 1911 2234 enim

328 2291 422 2331 eos
447 2274 719 2344 aspersisti
759 2272 857 2327 hac
904 2271 1324 2342 reprehensione
1370 2271 1773 2335 tantummodo,
1821 2272 1911 2342 qui

328 2367 431 2420 hoc
462 2365 703 2419 nesciunt
730 2362 871 2433 quod
896 2378 994 2434 ego
1020 2363 1231 2428 nescio,
1265 2362 1365 2416 hoc
1389 2370 1491 2428 est,
1522 2362 1765 2415 humana:
1793 2363 1911 2417 ani-

327 2472 431 2511 mm
457 2456 714 2526 originem
743 2454 922 2526 (quam
949 2454 1160 2524 quidem
1188 2469 1291 2507 non
1314 2452 1523 2523 penitus
1554 2452 1771 2517 nescio;
1800 2453 1913 2509 scio

325 2547 469 2603 enim
495 2547 660 2600 Deum
686 2543 896 2600 flavisse
921 2547 973 2600 in
1001 2545 1187 2599 faciem
1217 2544 1373 2613 primi
1405 2542 1657 2608 hominis,
1682 2541 1910 2600 factum-

324 2653 433 2708 que
474 2651 595 2692 esse
644 2636 911 2689 hominem
962 2635 1013 2689 in
1052 2634 1284 2689 animam
1323 2634 1497 2688 vivam
1535 2633 1685 2705 (Gen.
1723 2649 1781 2696 tt.
1816 2634 1908 2705 7):

323 2726 469 2798 quod
516 2736 691 2781 tamen
728 2725 829 2779 nisi
866 2724 1147 2794 legissem,
1201 2739 1298 2793 per
1344 2738 1429 2777 me
1461 2722 1578 2793 ipse
1620 2724 1760 2779 seire
1801 2738 1910 2778 non

324 2820 593 2888 possem);
637 2817 731 2872 scd
758 2816 958 2882 dixisti,
993 2815 1129 2884 Quid
1159 2826 1327 2869 autent
1368 2813 1541 2881 sli/fert
1568 2817 1717 2870 homo
1750 2832 1782 2869 a
1820 2831 1912 2887 pe-

322 2925 474 2974 core,
510 2909 556 2962 si
601 2908 756 2962 nescit
799 2907 861 2960 de
898 2923 993 2960 sua
1028 2907 1270 2978 qualitate
1310 2915 1590 2977 naturaque
1635 2906 1912 2978 disquirere

322 3013 474 3071 atque
521 3000 808 3075 disserere?
849 3000 1001 3068 Quod
1041 3000 1275 3055 sensisse
1310 2998 1382 3054 ita
1408 2997 1628 3065 videris,
1659 3008 1908 3070 tanquam

320 3093 393 3150 de
442 3093 688 3147 universa
738 3105 831 3146 sna
884 3090 1137 3161 qualitate
1179 3099 1338 3159 atque
1389 3097 1575 3144 natura
1621 3088 1702 3146 sic
1750 3088 1909 3145 homo

316 3182 623 3254 disquirere
662 3189 822 3252 atque
861 3179 1129 3236 disserere
1155 3178 1369 3247 debeat,
1400 3187 1460 3234 ut
1497 3179 1629 3234 nihil
1660 3192 1782 3235 eum
1825 3179 1909 3237 sui

318 3276 504 3332 lateat.
531 3268 686 3343 Quod
714 3276 758 3330 si
788 3276 860 3330 ita
888 3283 991 3339 est,
1019 3275 1128 3343 jam
1155 3281 1209 3328 te
1235 3271 1516 3343 pecoribus
1544 3273 1866 3343 comparabo
1887 3315 1904 3342 ,

316 3369 365 3425 si
393 3368 524 3424 mihi
547 3383 654 3423 non
676 3365 1019 3437 responderis
1037 3374 1246 3421 tuorum
1269 3379 1552 3422 numerum
1573 3366 1904 3437 capillorum.

316 3460 380 3518 Si
407 3469 586 3518 autem
614 3467 1098 3532 quantumcumque
1125 3456 1469 3530 proficiamus
1514 3457 1568 3512 in
1616 3457 1716 3514 hac
1759 3457 1865 3514 vita
1886 3498 1902 3522 ,

316 3552 495 3623 aliqua
536 3564 639 3607 nos
671 3550 738 3606 ad
783 3558 1029 3605 naturam
1068 3556 1309 3605 nostram
1350 3548 1664 3619 pertinentia
1696 3549 1904 3606 nescire

321 3640 599 3707 concedis,
629 3654 810 3710 quaero
841 3640 890 3695 id
922 3649 1179 3710 quantum
1214 3649 1581 3710 quatenusque
1606 3639 1901 3704 concedas;

316 3745 390 3785 ne
418 3732 556 3787 forte
578 3738 633 3785 et
664 3731 764 3785 boc
791 3730 860 3783 ibi
890 3731 979 3792 sit,
1008 3729 1151 3799 quod
1178 3729 1372 3783 animae.
1398 3738 1594 3785 nostra:
1623 3743 1731 3784 non
1756 3729 1903 3785 omni

314 3819 478 3876 modo
506 3821 705 3875 scimus
746 3819 1003 3890 originem
1050 3837 1064 3875 :
1108 3819 1351 3889 quamvis
1384 3818 1524 3890 quod
1559 3819 1627 3875 ad
1672 3821 1901 3876 salutem

312 3912 551 3979 pertinet
575 3910 719 3978 ﬁdei,
749 3910 999 3965 divinitus
1026 3910 1258 3964 animam
1297 3909 1475 3964 datam
1496 3951 1511 3975 ,
1544 3924 1770 3980 eamque
1796 3924 1901 3964 non

312 4004 431 4073 ejus
455 4003 610 4073 cujus
638 4003 775 4058 Deus
809 4012 892 4057 est
932 4015 1051 4057 esse
1092 4009 1317 4068 naturae,
1348 4000 1569 4056 remotis
1592 3999 1902 4071 ambagibus

312 4095 641 4151 noverimus.
683 4093 764 4148 An
812 4092 947 4148 forte
977 4092 1231 4147 hactenus
1277 4100 1430 4162 putas
1464 4099 1704 4146 naturam
1749 4107 1900 4146 suam

308 4187 507 4257 cuique
537 4185 897 4249 nesciendam,
927 4192 1189 4255 quatenus
1213 4199 1329 4239 eam
1371 4192 1426 4237 tu
1457 4184 1663 4248 nescis;
1715 4183 1897 4240 hacte-

309 4292 520 4346 nusqne
545 4277 838 4341 scientiam,
860 4285 1120 4345 quatenus
1148 4290 1265 4330 eam
1292 4283 1345 4328 tu
1372 4274 1512 4329 scire
1540 4275 1779 4345 potueris
1805 4292 1819 4330 :
1843 4283 1899 4332 ut

308 4371 355 4424 sl
398 4368 557 4437 paulo
595 4368 822 4438 amplius
864 4377 920 4423 te
959 4367 1080 4437 quis
1122 4367 1408 4433 nescierit,
1454 4381 1577 4421 eum
1610 4367 1900 4436 pecoribus

307 4473 613 4529 compares,
641 4458 780 4529 quod
811 4459 1065 4513 scienticr
1094 4459 1187 4513 illo
1214 4473 1335 4513 esse
1363 4457 1613 4527 potuisti;
1643 4465 1804 4528 atque
1826 4457 1895 4512 ita

307 4550 354 4602 si
381 4550 503 4619 tutis
527 4563 644 4603 eam
672 4549 829 4618 paulo
861 4550 977 4617 plus
999 4556 1049 4602 te
1070 4548 1268 4613 scierit,
1294 4546 1483 4602 eadem
1506 4547 1707 4616 justitia
1735 4556 1785 4601 te
1806 4548 1898 4604 ille

309 4640 594 4710 pecoribus
624 4639 988 4709 comparabit?
1029 4639 1121 4693 Dic
1148 4653 1275 4707 ergo
1298 4646 1562 4709 quatenus
1597 4638 1751 4693 nobis
1796 4654 1892 4694 na-

306 4740 481 4786 turam
533 4740 768 4784 nostram
827 4729 1033 4784 nescire
1069 4729 1333 4784 concedas
1362 4769 1377 4795 ,
1431 4737 1489 4783 ut
1537 4743 1566 4783 a
1612 4728 1895 4799 pecoribus

305 4822 451 4876 salva
491 4821 560 4875 sit
597 4831 775 4875 nostra
824 4820 1073 4875 distantia
1125 4839 1140 4876 :
1179 4831 1233 4877 et
1277 4821 1553 4875 considera
1602 4830 1779 4877 tamen
1824 4839 1894 4878 ne

302 4912 426 4980 plus
453 4926 483 4964 ι
516 4912 800 4980 pecoribus
832 4910 1029 4974 distet,
1068 4911 1157 4980 qui
1197 4910 1314 4980 ejus
1358 4911 1555 4981 aliquid
1598 4912 1805 4968 nescire
1834 4928 1893 4969 se

302 5000 423 5065 scit,
466 5016 624 5071 quam
658 5003 748 5072 qui
788 5016 846 5056 se
894 5009 1045 5071 putat
1089 5002 1227 5056 seire
1269 5002 1409 5071 quod
1454 5005 1641 5058 nescit.
1693 5003 1889 5059 Natura

299 5107 450 5150 certe
492 5103 602 5149 tota
649 5094 881 5149 hominis
919 5104 999 5150 est
1049 5095 1300 5164 spiritus,
1350 5096 1525 5150 anima
1562 5106 1617 5151 et
1644 5111 1888 5167 corpus:

299 5189 545 5259 quisquis
571 5204 699 5257 ergo
725 5203 753 5241 a
785 5195 972 5242 natura
1000 5174 1226 5241 humana
1249 5201 1442 5256 corpus
1470 5190 1701 5243 alienare
1731 5190 1841 5243 vult
1869 5232 1883 5254 ,

299 5280 515 5349 desipit.
548 5279 735 5334 Medici
765 5287 943 5333 tamen
973 5279 1059 5349 qui
1087 5278 1423 5347 appellantur
1458 5280 1762 5343 anatomici,
1793 5296 1889 5350 per

299 5371 563 5431 membra,
590 5384 685 5439 per
713 5383 896 5434 venas,
940 5383 1036 5437 per
1080 5382 1294 5433 nervos,
1342 5383 1436 5437 per
1472 5383 1614 5433 ossa,
1658 5384 1751 5437 per
1776 5385 1887 5424 me-

295 5462 513 5527 dullas,
558 5476 652 5530 per
688 5462 941 5517 interiora
982 5462 1183 5527 vitalia,
1233 5463 1392 5515 etiam
1444 5462 1591 5516 vivos
1642 5461 1886 5519 homines

294 5554 553 5626 quamdiu
593 5555 733 5610 inter
784 5568 974 5610 manus
1016 5554 1320 5609 rimantium
1374 5556 1552 5611 vivere
1603 5565 1885 5626 potuerunt

294 5686 553 5811 φῖωῐέὶιὲἰ,
578 5684 842 5753 insignius.
881 5689 1217 5751 Manuscripti,
1258 5687 1551 5756 insignitius;
1600 5689 1707 5751 vel,
1754 5689 1883 5741 desi-

1677 327 1875 384 LIBER
1915 329 2259 398 QUARTUS.
3494 344 3597 401 5'26

2026 442 2345 500 dissicieudo
2371 447 2386 477 ¹
2417 446 2635 503 scrutati
2664 459 2804 516 sunt,
2839 458 2895 505 ut
2931 462 3169 507 naturam
3203 454 3441 527 corporis
3487 472 3607 513 nes.

2022 545 2141 589 sent
2169 551 2306 593 :nec
2337 547 2511 593 tamen
2539 554 2664 606 nos,
2696 542 2818 612 quia
2852 543 2951 599 ista
2980 545 3247 600 nescimus
3271 588 3286 613 ,
3327 548 3608 623 pecoribus

2023 640 2414 699 compararunt.
2436 632 2545 687 Nisi
2578 632 2710 689 forte
2732 634 2968 691 dicturus
3011 652 3070 691 es
3092 676 3108 703 ,
3173 651 3267 692 eos
3328 640 3607 707 pecoribus

2022 721 2410 788 comparandos
2428 762 2445 788 ,
2478 723 2566 793 qui
2592 726 2784 780 animae
2814 734 3053 781 naturam
3078 769 3093 794 ,
3121 743 3226 783 non
3253 729 3341 798 qui
3367 732 3604 799 corporis

2023 811 2287 865 nesciunt.
2315 811 2429 867 Non
2458 830 2585 885 ergo
2612 816 2682 870 ita
2706 818 2958 889 praeloqui
2986 818 3434 890 debuisti.Neque
3455 822 3598 877 enim

2022 901 2172 969 aisti,
2207 901 2345 967 Quid
2373 903 2540 971 eti/fert
2579 906 2727 961 homo
2753 925 2784 960 a
2813 926 3009 979 pecore,
3041 909 3085 964 si
3121 911 3288 966 nescit
3316 911 3389 966 de
3409 914 3602 967 animae

2021 1005 2131 1045 suae
2155 993 2407 1061 qualitate
2432 1004 2589 1064 atque
2618 1005 2801 1051 natura
2834 1015 2847 1051 :
2873 998 2965 1053 sed
2992 999 3133 1067 aisti,
3162 1001 3206 1055 si
3238 1003 3392 1055 nescit
3415 1003 3477 1057 de
3505 1020 3599 1056 sua

2019 1078 2263 1149 qualitate
2287 1093 2565 1154 naturaque
2593 1086 2868 1154 disquirere
2897 1098 3046 1159 atque
3073 1089 3333 1146 disserere.
3363 1093 3601 1159 Qualitas

2020 1171 2201 1241 utique
2231 1183 2410 1227 nostra
2441 1183 2494 1228 et
2532 1185 2718 1231 natura
2760 1188 2940 1233 nostra
2983 1195 3103 1234 cum
3132 1196 3355 1252 corpore
3378 1199 3595 1256 compu-

2020 1268 2193 1328 tatur,
2232 1265 2472 1333 quamvis
2510 1265 2578 1322 de
2606 1266 2688 1322 bis
2717 1268 2907 1338 quibus
2948 1278 3256 1328 constamus
3332 1276 3541 1345 sigillati
3567 1296 3597 1331 ιι

2018 1354 2237 1423 singulis
2262 1355 2570 1413 disseratur.
2613 1358 2810 1416 Verum
2855 1376 2957 1434 ego
2998 1378 3156 1434 quam
3197 1365 3358 1421 multa
3402 1370 3601 1438 possim

2017 1443 2086 1500 de
2116 1445 2343 1503 hominis
2370 1458 2553 1505 natura
2576 1453 2929 1510 scientissime
2950 1454 3239 1526 diSputare,
3262 1458 3308 1512 si
3331 1459 3600 1529 explicare

2018 1536 2205 1600 velim,
2257 1538 2406 1608 plura
2450 1539 2719 1598 volumina
2759 1544 2989 1614 implebo
3032 1564 3045 1601 :
3094 1548 3261 1603 multa
3301 1564 3386 1605 me
3424 1560 3599 1606 tamen

2019 1623 2264 1694 ignorare
2291 1628 2565 1684 confiteor.

2088 1716 2314 1774 CAPUT
2354 1717 2438 1774 lli.
2473 1752 2544 1762 —
2572 1722 2626 1778 4.
2672 1720 2751 1778 Tu
2800 1732 2977 1779 autem
3030 1739 3138 1796 quo
3174 1726 3251 1781 vis
3293 1729 3598 1799 pertinere,

2016 1809 2156 1878 quod
2185 1811 2237 1864 in
2261 1812 2534 1881 superiore
2557 1813 2692 1870 libro
2715 1814 2781 1871 de
2803 1814 2928 1871 ﬂatu
2944 1815 3173 1871 hominis
3191 1817 3597 1887 disputavimus,

2018 1907 2191 1954 utrum
2213 1901 2279 1955 ad
2300 1902 2491 1958 anima:
2509 1913 2773 1973 naturam,
2797 1907 2918 1977 quia
2941 1907 3051 1977 ipsa
3081 1907 3130 1962 id
3153 1909 3259 1979 agit
3281 1910 3330 1963 in
3361 1912 3595 1975 homine;

2016 2004 2083 2043 an
2109 1990 2174 2045 ad
2203 1994 2463 2062 corporis,
2505 1994 2667 2075 quod.
2692 1995 2761 2050 ab
2787 2011 2849 2052 ea
2884 2007 3132 2053 movetur
3169 2008 3226 2054 ut
3261 1998 3312 2054 id
3342 2010 3459 2071 agat
3485 2018 3499 2068 ;
3530 2016 3599 2057 an

2015 2080 2082 2135 ad
2106 2081 2264 2152 imjns
2284 2084 2424 2139 aeris
2442 2125 2456 2149 ,
2481 2085 2631 2156 cujus
2652 2087 2982 2158 reciprocam
3010 2088 3060 2144 id
3086 2104 3245 2161 agere
3264 2089 3596 2155 declaratur;

2015 2188 2081 2227 an
2113 2175 2286 2244 potius
2314 2176 2381 2231 ad
2407 2178 2584 2232 omnia
2613 2179 2731 2246 tria,
2760 2178 2827 2235 ad
2851 2179 3083 2235 animam
3110 2182 3312 2239 scilicet
3341 2198 3461 2254 quae
3481 2199 3598 2239 cor-

2015 2280 2115 2336 pus
2151 2276 2366 2333 movet,
2395 2277 2449 2322 et
2476 2268 2542 2323 ad
2570 2283 2764 2339 corpus
2808 2270 2952 2340 quod
2992 2279 3138 2325 motu
3181 2272 3363 2327 flatum
3409 2274 3598 2344 recipit

2014 2366 2175 2427 atque
2217 2357 2409 2426 reddit,
2446 2367 2501 2414 et
2549 2360 2617 2415 ad
2664 2376 2847 2416 auram
2895 2363 3051 2417 istam
3098 2363 3329 2434 undique
3369 2365 3600 2421 circum-

2016 2445 2187 2501 fusam
2238 2463 2357 2515 quae
2406 2447 2653 2506 intrando
2693 2450 2807 2519 alit,
2858 2450 3060 2510 relevat
3100 2451 3382 2509 exeundo?
3423 2454 3489 2509 Et
3518 2465 3601 2510 ta-

2014 2553 2136 2594 men
2160 2538 2262 2595 boc
2283 2539 2546 2598 litteratus
2566 2540 2728 2599 homo
2774 2551 2933 2613 atque
2981 2544 3235 2601 facundus
3273 2547 3455 2618 utique
3501 2565 3596 2604 ne-

2014 2627 2242 2697 sciebas,
2278 2630 2492 2701 quando
2533 2632 2810 2701 credebas,
2850 2642 2904 2690 et
2938 2633 3173 2702 dicebas,
3213 2646 3268 2691 et
3306 2637 3597 2701 scribebas.

2013 2718 2149 2774 etin
2174 2730 2441 2775 conventu
2481 2721 2831 2776 multitudinis
2884 2732 3218 2795 congregata-
3248 2725 3491 2795 legebas,
3533 2744 3600 2786 ex

2013 2818 2202 2864 natura
2254 2818 2439 2866 nostra
2494 2825 2594 2866 nos
2649 2819 2822 2866 utrem
2880 2810 3107 2878 inflare,
3175 2823 3230 2869 et
3267 2797 3349 2870 'in
3411 2826 3598 2874 natura

2014 2910 2196 2958 nostra
2225 2917 2325 2957 nos
2350 2903 2528 2958 minus
2553 2903 2686 2959 nihil
2713 2902 2913 2960 habere
2934 2904 2955 2937 θ
2987 2922 3001 2959 :
3029 2918 3151 2961 cum
3190 2904 3295 2963 hoc
3332 2908 3473 2965 unde
3514 2908 3598 2965 fac

2011 2994 2234 3060 ciamus,
2291 2993 2543 3052 facillime
2587 3009 2808 3067 posses,
2845 3011 2951 3052 non
2996 2997 3205 3054 divinas
3243 3007 3300 3056 et
3338 3000 3597 3060 humanas

2010 3087 2230 3157 paginas
2254 3086 2657 3157 perscrutando,
2679 3087 2775 3143 sed
2795 3085 2849 3143 in
2870 3097 2922 3145 te
2941 3087 3268 3146 advertendo
3291 3105 3450 3148 nosse
3473 3108 3594 3150 cum

2010 3177 2197 3233 velles.
2228 3175 2506 3246 Quomodo
2532 3176 2692 3248 igitur
2718 3178 2810 3234 tibi
2840 3179 3168 3236 committam
3199 3187 3261 3237 ut
3286 3195 3374 3238 me
3400 3181 3598 3238 doceas

2009 3265 2079 3323 de
2102 3267 2306 3340 origine
2328 3268 2649 3335 animarum,
2671 3267 2813 3341 quod
2839 3283 2928 3327 me
2957 3268 3166 3329 nescire
3189 3273 3483 3340 confiteor;
3504 3276 3595 3347 qui

2009 3359 2153 3431 quod
2187 3360 2291 3416 tuis
2317 3359 2535 3416 naribus
2563 3370 2724 3431 atque
2746 3374 2841 3417 ore
2866 3360 2987 3425 sine
3011 3362 3408 3422 intermissione
3441 3364 3590 3431 facis,

2008 3448 2152 3505 unde
2176 3448 2342 3507 facias
2366 3450 2687 3523 ignorabas?
2713 3450 2780 3509 Et
2808 3462 3027 3524 praestet
3046 3454 3301 3512 Dominus
3319 3497 3334 3521 ,
3368 3466 3429 3513 ut
3455 3472 3483 3513 a
3509 3475 3597 3515 me

2007 3543 2385 3611 commonitus,
2410 3540 2568 3601 cedas
2589 3545 2769 3616 potius
2788 3560 2946 3618 quam
2969 3548 3185 3603 resistas
3208 3558 3314 3607 tam
3336 3550 3386 3610 in
3417 3567 3597 3622 prom-

2008 3642 2099 3704 ptu
2145 3634 2330 3704 positae
2366 3642 2527 3706 atque
2566 3637 2919 3705 apertissima:
2961 3638 3170 3695 veritati
3212 3657 3226 3696 :
3258 3655 3359 3697 nec
3382 3640 3449 3699 de
3476 3654 3595 3703 utre

2007 3726 2242 3784 inﬂando
2264 3726 2343 3784 sic
2370 3727 2669 3799 interroges
2698 3728 2975 3800 pulmones
3002 3739 3143 3797 tuos,
3183 3740 3241 3787 ut
3281 3746 3373 3789 eos
3399 3733 3586 3790 adven

2005 3833 2098 3874 sus
2133 3834 2222 3875 me
2262 3818 2463 3876 habere
2500 3818 2912 3882 malisintlatos.
2940 3835 3099 3891 quam
3137 3821 3217 3877 eis
3252 3823 3593 3893 acquiescere

2006 3919 2059 3967 te
2078 3911 2411 3980 docentibus,
2434 3920 2490 3969 et
2512 3926 2828 3984 responsum
2851 3912 2943 3969 tibi
2971 3928 3178 3978 verum,
3199 3929 3306 3970 non
3324 3914 3591 3987 loquendo

2003 4014 2060 4062 et
2082 4004 2406 4073 altercando,
2429 4004 2525 4061 sed
2550 4004 2802 4077 spirando
2821 4014 2875 4061 et
2890 4005 3202 4076 respirando
3222 3996 3587 4064 reddentibus.

2003 4097 2235 4155 Proinde
2266 4099 2621 4171 ignorantiam
2656 4112 2830 4153 meam
2861 4099 2929 4155 de
2956 4098 3165 4168 origine
3190 4099 3489 4155 animarum
3537 4110 3590 4155 te

2002 4189 2379 4261 corripientem
2406 4199 2566 4261 atque
2591 4191 2958 4261 obiurgantem
2986 4206 3091 4245 non
3123 4192 3347 4248 moleste
3368 4190 3586 4261 ferrem,

2004 4283 2110 4337 imo
2138 4284 2354 4353 insuper
2378 4292 2433 4338 et
2458 4281 2655 4352 gratias
2681 4296 2900 4351 magnas
2930 4296 3166 4352 agerem,
3197 4283 3242 4340 si
3269 4298 3386 4338 eam
3416 4283 3542 4339 mibi
3568 4327 3584 4350 ,

2002 4391 2107 4429 non
2136 4374 2307 4429 solum
2331 4373 2479 4429 duris
2506 4381 2811 4445 percuteres
2836 4374 3112 4439 conviciis,
3141 4376 3235 4432 sed
3261 4378 3401 4432 veris
3424 4377 3588 4435 etiam

2001 4477 2279 4522 excuteres
2302 4465 2478 4522 dictis.
2510 4465 2566 4523 Si
2594 4464 2736 4522 enim
2765 4480 2853 4522 me
2880 4482 3066 4538 posses
3090 4467 3285 4525 docere
3317 4469 3460 4540 quod
3490 4485 3588 4527 ne-

1999 4560 2133 4623 scio,
2164 4574 2266 4613 non
2298 4559 2471 4614 solum
2520 4567 2571 4614 te
2610 4558 2809 4625 verbis,
2850 4558 2945 4615 sed
2983 4568 3039 4617 et
3078 4561 3269 4634 pugnis
3291 4564 3587 4620 credentem

1999 4650 2249 4705 deberem
2279 4649 2665 4719 patientissime
2689 4650 2974 4706 sustinere.

2069 4741 2294 4798 CAPUT
2317 4742 2403 4797 IV.
2430 4773 2503 4784 —
2524 4742 2578 4799 5.
2602 4741 2731 4798 Nam
2755 4741 2925 4799 fateor
2952 4743 3229 4800 Dilectioni
3260 4757 3382 4810 tute,
3413 4761 3588 4817 quam

1999 4843 2108 4890 tum
2154 4836 2343 4890 attinet
2380 4835 2446 4890 ad
2474 4835 2628 4892 istam
2656 4840 3029 4906 quazstionem,
3075 4853 3237 4891 unum
3273 4837 3341 4893 de
3376 4837 3587 4896 duobus

1997 4924 2148 4978 valde
2176 4925 2333 4995 cupio
2356 4939 2535 4990 nosse,
2568 4925 2612 4979 si
2645 4926 2880 4996 possim,
2911 4925 2995 4980 vel
3039 4924 3109 4981 de
3147 4926 3443 4980 animarum
3474 4928 3586 4982 ori-

1994 5017 2117 5087 gine
2142 5016 2284 5085 quod
2316 5016 2523 5086 ignoro,
2570 5015 2655 5072 vel
2703 5026 2879 5072 utrum
2924 5017 3187 5088 pertineat
3227 5017 3293 5072 ad
3332 5034 3432 5075 nos
3482 5018 3584 5074 hoc

1996 5122 2154 5163 nosse
2178 5122 2298 5162 cum
2322 5107 2408 5161 hie
2424 5107 2667 5162 vivimus.
2693 5106 2831 5175 Quid
2851 5107 2896 5163 si
2920 5107 3061 5162 enim
3083 5123 3147 5163 ex
3171 5108 3274 5163 illis
3293 5110 3454 5163 rebus
3476 5118 3555 5168 est
3569 5159 3585 5185 ,

1993 5199 2061 5254 de
2085 5197 2276 5270 quibus
2303 5197 2456 5276 nobis
2476 5198 2689 5263 dicitur,
2717 5199 2915 5253 Altiora
2942 5206 2991 5253 te
3019 5215 3080 5251 ne
3097 5199 3371 5266 quazsieris.
3398 5209 3446 5254 et
3470 5200 3583 5268 for-

1994 5290 2124 5344 liora
2151 5301 2198 5345 te
2222 5308 2284 5344 ne
2305 5273 2557 5346 scrutatus
2595 5290 2789 5360 fueris;
2815 5288 2903 5343 sed
2938 5304 3051 5359 qua:
3080 5293 3316 5360 pra'eepit
3356 5292 3444 5345 tibi
3475 5291 3583 5347 Do-

1993 5383 2181 5449 minus,
2211 5383 2304 5436 ilfa
2331 5384 2495 5453 cogita
2524 5397 2719 5452 semper
2747 5379 2939 5448 (Eccli.
2980 5398 3019 5449 ι,
3062 5381 3195 5453 22)?
3236 5384 3431 5439 Verum
3479 5385 3581 5445 hoc

1993 5488 2153 5531 nosse
2177 5474 2355 5544 cupio,
2385 5481 2478 5527 aut
2505 5474 2573 5527 ab
2600 5474 2715 5544 ipso
2741 5473 2854 5530 Deu
2884 5474 3086 5529 sciente
3113 5475 3253 5547 quod
3276 5486 3445 5545 creat,
3485 5488 3579 5534 aut

2055 5627 2070 5659 ⁸
2110 5624 2238 5689 Apud
2261 5631 2331 5675 Er.
2361 5634 2414 5676 et
2435 5631 2566 5687 Lov.,
2588 5623 2876 5689 disjieiendo
2904 5639 2923 5677 :
2945 5627 3200 5679 mendose.

2053 5689 2073 5720 ⁸
2106 5688 2177 5737 sic
2200 5696 2304 5736 Mss.
2333 5695 2387 5737 At
2432 5689 2567 5751 editi.
2610 5694 2655 5738 et
2690 5688 2759 5751 de
2788 5694 2961 5739 natura
2986 5696 3159 5751 nostra
3197 5697 3351 5742 utrem
3390 5691 3572 5751 innare

1990 5758 2035 5800 et
2049 5759 2270 5799 naturam
2294 5755 2503 5800 nostram
2527 5749 2573 5800 in
2592 5763 2676 5802 nos
2696 5750 2851 5803 minus
2873 5750 2994 5803 nihil
3014 5750 3207 5805 habere.
