4034 6182
482 272 591 328 527

485 391 645 443 etiam
677 385 744 443 ab
769 386 946 458 aliquo
971 385 1129 441 docto
1154 384 1356 440 sciente
1382 383 1522 456 quod
1551 383 1712 449 dicat,
1741 399 1844 438 non
1872 383 1938 438 ab
1968 381 2061 436 ho-

487 483 630 535 mine
658 479 928 534 nesciente
949 475 1090 548 quod
1112 471 1347 532 anhelat.
1371 475 1648 531 Infantiam
1673 491 1821 530 suam
1845 477 2065 545 quisque

487 586 590 624 non
619 567 821 634 recolit,
845 575 901 622 et
929 575 1083 636 putas
1109 564 1383 622 hominem
1407 566 1507 622 nisi
1529 567 1637 622 Deo
1659 565 1885 619 docente
1909 579 2064 634 posse

483 675 844 734 cognoscere,
893 659 1034 716 unde
1073 659 1126 715 in
1169 659 1355 715 matris
1398 670 1550 715 utero
1598 659 1773 713 vivere
1803 657 2058 726 coeperit;

483 754 777 826 praesertim
803 753 848 812 si
880 741 1050 823 usque
1068 751 1212 808 adeo
1238 752 1384 806 illum
1419 751 1594 806 adhuc
1633 750 1794 806 lateat
1828 749 2062 808 humana

482 857 688 910 natura,
721 854 779 901 ut
809 860 911 900 non
935 845 1106 900 solum
1137 845 1261 916 quid
1298 845 1438 900 intus
1462 843 1674 910 habeat,
1699 859 1880 900 verum
1901 842 2060 897 etiam

479 939 605 1010 quid
643 939 708 994 ad
743 953 861 995 eam
905 937 1198 994 forinsecus
1235 936 1470 1004 accedat,
1501 937 1744 1010 ignoret?
1775 936 1919 991 Itane
1939 977 1954 1002 ,
1983 936 2063 992 di-

480 1033 787 1098 lectissime,
811 1042 864 1086 tu
889 1047 974 1086 me
994 1030 1210 1086 docebis
1229 1039 1321 1086 aut
1349 1045 1696 1100 quemquam,
1722 1028 1864 1084 unde
1891 1027 2062 1083 homi~

479 1139 576 1179 nes
603 1130 882 1178 nascentes
909 1121 1214 1176 animentur
1233 1162 1246 1183 ,
1275 1120 1366 1192 qui
1395 1120 1674 1175 nesciebas
1701 1118 1874 1174 adhuc
1895 1131 2061 1189 usque

479 1215 620 1270 unde
649 1215 887 1268 viventes
916 1213 993 1268 sic
1034 1213 1267 1278 alantur,
1310 1221 1366 1266 ut
1399 1211 1488 1267 illo
1511 1210 1764 1266 alimento
1789 1209 2058 1282 paululum

478 1306 752 1362 subtracto
789 1304 1042 1360 continuo
1091 1301 1420 1358 moriantur?
1454 1300 1537 1356 Tu
1582 1315 1669 1355 me
1709 1299 1926 1355 docebis
1971 1309 2062 1354 aut

478 1411 820 1469 quemquam,
853 1393 996 1450 unde
1035 1391 1279 1449 homines
1307 1392 1630 1458 animentur,
1653 1391 1745 1462 qui
1783 1389 2059 1445 nesciebas

478 1489 650 1542 adhuc
677 1501 842 1558 usque
871 1484 1012 1540 unde
1035 1493 1202 1548 utres,
1244 1481 1457 1553 quando
1501 1480 1774 1546 inflantur,
1801 1480 2060 1550 implean-

479 1579 604 1632 tur?
656 1576 867 1633 Utinam
914 1571 1360 1646 quemadmodum
1395 1573 1574 1628 nescis
1620 1571 1763 1628 unde
1804 1571 1955 1642 origo
1992 1569 2060 1625 sit

478 1668 794 1732 animarum,
821 1666 898 1724 sic
921 1682 1019 1738 ego
1043 1665 1230 1721 saltem
1269 1664 1461 1721 scirem
1505 1673 1679 1718 utrum
1708 1661 1838 1718 mihi
1874 1662 1928 1717 in
1958 1662 2059 1717 hac

476 1762 581 1816 vita
599 1759 870 1816 sciendum
894 1767 1057 1816 esset.
1079 1758 1133 1814 Si
1151 1757 1292 1814 enim
1315 1772 1378 1812 ex
1405 1755 1508 1812 illis
1527 1765 1609 1812 est
1628 1753 1925 1821 altioribus,
1938 1769 2058 1826 quae

476 1853 744 1922 inquirere
783 1852 1113 1922 scrutarique
1159 1849 1536 1922 prohibemur;
1568 1847 1858 1904 timendum
1885 1855 1968 1903 est
1989 1862 2057 1902 ne

477 1944 596 2006 hee,
631 1959 736 1998 non
766 1943 1079 2014 ignorando,
1110 1942 1204 1999 sed
1233 1942 1521 2014 quaerendo
1546 1955 1847 2012 peccemus.
1875 1939 2057 2011 Neque

476 2036 618 2090 enim
642 2044 921 2106 propterea
937 2049 1043 2089 non
1065 2047 1183 2090 esse
1201 2032 1270 2089 de
1289 2031 1392 2088 illis
1406 2031 1681 2087 altioribus
1701 2037 1886 2102 putare
1902 2029 2058 2087 debe-

463 2143 614 2190 mus,
631 2127 750 2197 quia
767 2141 872 2182 non
890 2125 956 2180 ad
978 2125 1071 2182 Dei
1088 2125 1592 2195 naturamfpertinet,
1606 2122 1700 2178 sed
1715 2121 1782 2178 ad
1796 2131 2050 2177 nostram.

540 2219 771 2276 CAPUT
811 2219 874 2274 ν.
906 2249 976 2259 -
1003 2218 1056 2274 6.
1077 2217 1242 2286 'Quid,
1268 2215 1410 2288 quod
1435 2216 1688 2272 nonnulla
1715 2216 1768 2270 in
1803 2213 2056 2286 Operibus

465 2313 592 2378 'Dei,
633 2327 792 2382 quam
837 2310 979 2367 Deus
1015 2311 1151 2382 ipse,
1195 2310 1250 2364 in
1284 2318 1538 2380 quantum
1563 2306 1812 2379 cognosci
1842 2313 2050 2377 potest,

474 2403 745 2458 difficilius
787 2400 1219 2472 cognoscuntur?
1254 2399 1385 2456 Nam
1415 2399 1699 2455 didicimus
1731 2398 1898 2453 Deum
1934 2409 2054 2452 esse

473 2493 822 2558 Trinitatem;
843 2502 971 2564 quot
994 2501 1170 2548 autem
1205 2491 1513 2547 animalium
1537 2505 1730 2563 genera
1755 2489 2050 2554 creaverit,

473 2586 660 2648 saltem
691 2585 1020 2641 terrestrium
1039 2625 1054 2649 ,
1085 2598 1203 2655 qua:
1231 2583 1284 2638 in
1309 2597 1489 2640 arcam
1505 2581 1617 2638 Noe
1637 2581 1837 2638 intrare
1861 2588 2054 2652 potue-

473 2685 620 2739 runt,
653 2675 826 2731 adhuc
859 2689 1032 2745 usque
1073 2673 1364 2730 nescimus.
1393 2672 1506 2730 Nisi
1537 2672 1638 2728 hoc
1673 2681 1728 2727 tu
1765 2671 1876 2743 jam
1917 2669 2054 2726 forte

463 2766 722 2823 didicisti.
753 2766 808 2820 in
855 2764 993 2821 libro
1031 2765 1191 2820 etiam
1221 2763 1508 2836 Sapientiae
1549 2763 1807 2833 scriptum
1834 2770 1920 2822 est
1947 2779 1960 2816 :
1992 2762 2054 2818 Si

387 2887 394 2890 ι
472 2860 606 2912 cicini
649 2867 844 2912 tantum
893 2864 1158 2926 potuerunt
1200 2857 1367 2911 ualere
1381 2896 1398 2922 ,
1449 2863 1504 2910 ut
1554 2863 1757 2926 possent
1803 2854 2056 2908 aestimare

463 2949 708 3004 secutum
735 2965 755 3002 :
778 2947 1029 3021 quonwdo
1057 2949 1168 3018 ejus
1195 2945 1466 3001 Dominum
1491 2961 1591 3001 non
1619 2944 1825 3016 facilius
1849 2945 2053 3000 invene-

471 3049 590 3095 runt
618 3039 775 3111 (Snp.
809 3054 926 3105 xm,
955 3038 1056 3110 9)?
1086 3039 1166 3094 An
1196 3039 1318 3109 quia
1347 3037 1451 3094 hoc
1476 3038 1612 3093 intra
1642 3051 1740 3094 nos
1768 3045 1852 3093 est
1873 3079 1888 3102 ,
1933 3035 2057 3093 ideo

473 3146 578 3184 non
603 3130 761 3186 altius
785 3127 939 3184 nobis
961 3128 1078 3182 est?
1108 3127 1335 3184 Interior
1361 3127 1502 3184 enim
1531 3134 1614 3182 est
1636 3127 1826 3181 animm
1857 3135 2054 3182 nostra:

461 3230 660 3278 natura
689 3234 847 3290 qnam
878 3232 1093 3289 corpus.
1125 3217 1286 3285 Quasi
1328 3232 1456 3274 vero
1481 3232 1680 3290 corpus
1729 3217 1905 3288 ipsum
1946 3232 2052 3273 non

475 3310 680 3366 facilius
733 3324 894 3365 nosse
937 3309 1110 3380 potuit
1149 3309 1327 3364 anima
1355 3308 1686 3366 extrinsecus
1732 3323 1829 3380 per
1869 3309 2054 3368 oculos

467 3405 638 3473 ipsius
663 3405 924 3473 corporis,
953 3417 1111 3472 quam
1143 3401 1464 3457 intrinsecus
1487 3417 1582 3472 per
1607 3417 1667 3458 se
1693 3402 1884 3473 ipsam.
1915 3401 2053 3471 Quid

472 3494 614 3548 enim
644 3501 727 3548 est
755 3493 806 3548 in
834 3493 1098 3550 intestinis
1134 3493 1394 3563 corporis,
1425 3492 1516 3547 ubi
1552 3507 1660 3548 non
1687 3501 1772 3550 est
1807 3493 1964 3565 ipsa?
1989 3494 2054 3550 Et

473 3595 648 3638 tamen
670 3584 830 3640 etiam
853 3599 1078 3654 qumque
1104 3583 1310 3640 interna
1337 3591 1496 3655 atque
1523 3583 1702 3640 vitalia
1727 3587 1896 3642 oculis
1929 3603 2052 3643 cor-

473 3676 617 3746 poris
641 3677 932 3746 inquisivit,
965 3684 1021 3732 et
1043 3675 1295 3747 quidquid
1320 3689 1388 3732 ex
1411 3677 1494 3732 eis
1515 3676 1722 3734 discere
1744 3679 1935 3749 potuit,
1957 3693 2054 3751 per

471 3771 655 3825 oculos
675 3771 915 3840 corporis
934 3769 1136 3825 didicit.
1157 3769 1228 3824 Et
1247 3777 1391 3826 certe
1413 3769 1483 3826 ibi
1501 3779 1632 3836 erat,
1661 3773 1820 3827 etiam
1842 3771 2054 3844 quando

471 3863 560 3917 illa
585 3861 874 3917 nesciebat.
903 3860 970 3916 Et
995 3875 1116 3918 cum
1148 3861 1352 3917 viscera
1382 3861 1702 3918 intrinsecus
1727 3871 1908 3918 nostra
1946 3880 2054 3920 non

473 3952 678 4022 possint
724 3951 840 4008 sine
883 3939 1060 4006 anima
1101 3951 1302 4018 vivere,
1341 3950 1545 4006 facilius
1583 3967 1644 4008 ea
1683 3953 2050 4024 potuitanima

473 4025 739 4098 vivificare
762 4058 922 4114 quam
949 4055 1124 4098 nosse.
1153 4042 1236 4096 An
1269 4040 1404 4098 forte
1446 4041 1513 4098 ad
1550 4041 1668 4114 ejus
1696 4045 2051 4113 cognitionem

475 4135 629 4192 altius
666 4141 750 4190 est
793 4148 988 4204 corpus
1023 4135 1162 4202 ejus,
1205 4148 1363 4203 quam
1401 4133 1510 4204 ipsa
1543 4134 1595 4201 ¹;
1623 4143 1677 4188 et
1713 4135 1832 4190 ideo
1860 4137 1904 4191 si
1930 4138 2055 4192 velit

473 4226 738 4296 inquirere
781 4233 940 4295 atque
977 4223 1282 4290 disserere,
1334 4227 1544 4296 quando
1595 4241 1776 4282 semen
1824 4227 2055 4286 hominis

473 4327 812 4373 convertatur
832 4318 882 4372 in
901 4318 1234 4389 sanguinem,
1259 4319 1469 4388 quando
1491 4319 1542 4374 in
1568 4320 2050 4391 sulidamcarnem,

473 4410 684 4480 quando
705 4425 824 4464 ossa
847 4410 1048 4477 durari,
1076 4411 1290 4480 quando
1312 4412 1566 4484 incipiant
1597 4414 1871 4470 medullari
1894 4432 1908 4480 ;
1929 4425 2056 4485 quot

474 4510 580 4557 stnt
603 4516 798 4572 genera
825 4517 1078 4555 venarum
1107 4510 1268 4572 atque
1297 4520 1602 4570 nervorum,
1634 4507 1828 4577 quibus
1854 4507 2056 4562 discur-

474 4589 620 4646 sibus
649 4599 702 4644 ct
739 4589 1060 4646 anfractibus
1097 4592 1400 4648 universum
1430 4609 1624 4665 corpus
1672 4596 1776 4651 illa:
1813 4597 2050 4668 irrigent,

477 4682 551 4736 illi
592 4679 842 4752 alligent;
880 4691 1054 4735 utrum
1102 4682 1156 4736 in
1201 4683 1380 4738 nervis
1429 4683 1728 4754 deputanda
1771 4688 1842 4743 sit
1876 4689 2012 4744 cutis
2037 4730 2052 4754 ,

478 4784 652 4830 utrum
682 4774 732 4827 iu
763 4772 971 4827 ossibus
997 4772 1218 4840 dentes;
1248 4773 1446 4830 distant
1467 4777 1630 4842 enim,
1655 4779 1794 4848 quod
1825 4779 2053 4835 medulla

473 4875 688 4932 carent;
717 4875 770 4921 et
796 4865 917 4935 quid
945 4865 1012 4920 ab
1040 4865 1278 4937 utrisque
1302 4866 1548 4922 difTerant
1563 4885 1782 4940 ungues,
1806 4871 2054 4940 quoniam

475 4957 558 5012 his
588 4957 779 5012 duritia
825 4958 1026 5012 sin'tiles
1047 4965 1200 5023 sunt,
1233 4959 1446 5028 przccidi
1477 4971 1653 5016 autem
1679 4973 1732 5015 et
1761 4978 2006 5018 crescere
2033 5004 2050 5029 ,

473 5064 756 5106 commune
801 5050 902 5105 illis
927 5061 1006 5104 est
1035 5065 1154 5106 cum
1181 5052 1419 5121 capillis;
1452 5053 1694 5124 quisnam
1720 5056 1786 5109 sit
1816 5070 1941 5110 usus
1968 5073 2060 5112 ve-

475 5158 684 5206 narum,
715 5157 820 5197 non
849 5144 1142 5214 sanguinis,
1182 5144 1275 5200 sed
1320 5147 1490 5216 aeris,
1529 5163 1660 5216 quas
1698 5152 1924 5206 arterias
1968 5166 2032 5206 vo

470 5243 598 5290 cant
625 5251 637 5286 :
669 5233 784 5288 hzec
811 5245 969 5306 atque
996 5235 1298 5306 hujusmodi
1327 5237 1394 5292 de
1423 5247 1607 5292 natura
1641 5242 1881 5310 corporis
1905 5243 1983 5296 sui
2009 5241 2056 5299 si
2089 5295 2114 5306 ,

469 5329 647 5382 anima
671 5342 830 5385 nosse
847 5329 1138 5399 desideret,
1164 5340 1360 5388 tuncnc
1379 5331 1660 5388 dicendum
1681 5343 1764 5390 est
1783 5333 1983 5390 homini
2013 5339 2030 5368 ’
2043 5377 2056 5398 ,

484 5564 489 5570 θ
593 5499 709 5551 Editi
732 5511 784 5552 et
805 5501 986 5566 aliquot
1023 5512 1151 5565 Mss,
1175 5507 1320 5558 altius
1344 5507 1428 5558 illa
1465 5514 1534 5559 est
1565 5522 1740 5576 corpus
1772 5512 1876 5576 ejus
1914 5523 2058 5578 quam

525 5576 596 5612 se.
1929 5576 1934 5578 ’

476 5577 525 5698 ’ξ’
540 5626 925 5698 ιπΑιῃί-θιμξᾎ-ί,
969 5631 1081 5698 tunc
1120 5635 1247 5698 certe
1277 5628 1553 5695 diendum,
1588 5627 1716 5692 me,
1741 5642 1854 5686 tum
1891 5639 2058 5689 dicen-

478 5687 606 5736 dum
641 5690 768 5747 κει,
803 5690 976 5738 tunc»:
1015 5688 1294 5741 dimidiati.

1391 267 1479 324 DE
1521 267 1726 322 ANIMA
1772 266 1860 321 ET
1902 264 2066 320 EJL'S
2103 264 2403 330 ORIGINE,
2445 266 2502 321 S.
2545 265 2908 322 AliGUSTiNl

3660 269 3760 323 59.8

2178 381 2372 436 Altiora
2400 393 2448 436 te
2471 399 2534 437 ne
2549 383 2820 450 qua’sien's,
2843 394 2886 436 et
2907 383 3116 454 fortiora
3139 393 3184 438 te
3204 400 3265 437 ne
3287 393 3537 438 scrutatus
3569 388 3725 455 fueris
3747 425 3760 436 .

2173 473 2216 527 si
2239 482 2416 530 autem
2445 473 2513 531 de
2537 489 2629 529 sua
2655 475 2858 546 origine
2886 475 3024 544 quod
3054 476 3224 530 nescit
3253 475 3503 546 inquirat,
3536 493 3642 531 non
3683 485 3761 528 est

2171 563 2328 619 altius
2354 579 2527 635 neque
2555 563 2762 628 fortius,
2784 581 2940 636 quam
2963 575 3020 619 ut
3041 563 3092 620 id
3115 565 3282 634 possit
3305 565 3707 636 apprehendere
3737 566 3762 617 ?

2173 655 2241 710 Et
2266 655 2555 712 absurdum
2585 657 2860 712 existimas
2889 667 3049 726 atque
3075 657 3424 728 incongruum
3452 657 3668 718 rationi.
3700 669 3758 712 ut

2171 746 2370 801 nesciat
2399 742 2574 801 anima
2599 758 2899 801 utrumnam
2921 746 3172 802 divinitus
3189 746 3455 803 insufflata
3481 749 3568 812 sit,
3596 764 3663 802 an
3690 747 3761 804 do

2172 839 2477 908 parentibus
2505 847 2690 900 tracta,
2723 854 2844 893 eum
2877 838 2980 894 hoc
2999 841 3107 909 jam
3134 841 3461 910 printer-itum
3493 858 3598 895 non
3642 857 3756 896 tne-

2171 931 2402 996 minerit,
2445 941 2499 986 et
2547 931 2684 988 inter
2729 932 2818 987 illa
2862 931 3099 1002 deputet,
3143 949 3261 1002 qua:
3303 933 3756 999 irrcvocabilitur,

2167 1021 2306 1076 sicut
2331 1022 2646 1091 infantiam,
2695 1033 2750 1078 et
2793 1033 2985 1078 caztcra
3030 1025 3258 1079 recentis
3301 1025 3369 1078 ab
3407 1035 3559 1080 utero
3586 1029 3759 1080 astatis

2168 1112 2330 1168 oblita
2361 1123 2462 1180 est,
2494 1113 2540 1168 si
2570 1123 2745 1170 tamen
2772 1129 2894 1170 cum
2925 1129 3084 1169 sensu
3110 1116 3226 1185 ejus
3251 1115 3426 1186 aliquo
3456 1117 3651 1170 factum
3679 1128 3760 1172 est

2166 1203 2377 1274 quando
2407 1203 2600 1260 factum
2620 1215 2704 1260 est
2731 1222 2744 1258 :
2776 1220 2872 1260 nec
2893 1216 3045 1276 putas
3067 1201 3353 1260 absurdum
3380 1216 3540 1276 atque
3566 1209 3758 1262 incon-

2164 1311 2375 1368 gruum,
2405 1307 2464 1352 ut
2490 1311 2686 1368 corpus
2713 1297 2813 1353 sibi
2843 1297 3110 1352 subditum
3140 1301 3361 1363 nesciat,
3396 1309 3450 1355 et
3476 1299 3616 1368 quod
3650 1317 3758 1354 nun

2167 1399 2248 1441 est
2291 1385 2359 1442 de
2400 1387 2685 1456 prmteritis
2725 1387 2878 1457 ejus,
2921 1387 3013 1442 sed
3052 1387 3120 1444 de
3152 1389 3502 1459 prmsentibus
3533 1406 3758 1462 prorsus

2167 1477 2411 1547 ignoret,
2444 1485 2618 1532 tttrum
2647 1493 2814 1534 venas
2843 1488 3054 1534 moveat
3089 1489 3148 1534 ut
3186 1481 3328 1536 vivat
3377 1483 3430 1536 in
3475 1497 3705 1552 corpore
3736 1524 3751 1548 ,

2164 1584 2360 1626 nervos
2404 1580 2583 1626 autem
2630 1580 2690 1625 ut
2737 1571 2989 1626 membris
3017 1573 3260 1643 corporis
3288 1585 3544 1644 operetur
3578 1591 3593 1630 :
3625 1584 3680 1630 et
3707 1575 3755 1630 si

2165 1660 2237 1716 ita
2285 1670 2388 1730 est,
2433 1677 2528 1718 cur
2569 1677 2763 1718 nervos
2809 1678 2915 1718 non
2955 1675 3194 1732 moveat,
3241 1666 3341 1721 nisi
3373 1667 3534 1733 velit;
3568 1669 3753 1736 pulsus

2163 1760 2339 1807 autem
2382 1767 2671 1821 venarum,
2697 1755 2858 1809 etiam
2905 1755 2950 1810 si
3001 1755 3167 1823 nolit,
3213 1757 3330 1813 sine
3359 1757 3754 1814 intermissione

2163 1853 2283 1914 agat
2313 1863 2326 1899 :
2359 1843 2428 1897 de
2456 1859 2554 1916 qua
2580 1855 2730 1916 parte
2758 1847 2997 1917 corporis
3025 1849 3234 1904 caeteris
3263 1849 3582 1915 dominetur,
3608 1855 3750 1922 quod

2164 1942 2435 2004 ἠγεμωικόν
2456 1944 2668 2000 vocant,
2695 1947 2874 1992 utrum
2904 1938 2974 1994 de
2999 1940 3182 2004 corde,
3214 1957 3283 1996 an
3315 1941 3380 1996 de
3407 1945 3648 2009 cerebro,
3680 1963 3750 2000 an

2161 2023 2455 2095 dispertitis
2479 2025 2546 2083 de
2573 2027 2736 2082 corde
2764 2027 3019 2098 motibus,
3047 2029 3114 2085 de
3139 2032 3360 2086 cerebro
3388 2035 3652 2101 sensibus,
3681 2052 3752 2090 an

2161 2117 2228 2173 de
2243 2117 2462 2173 cerebro
2478 2126 2532 2174 et
2549 2119 2797 2175 sensibus
2817 2128 2868 2175 et
2889 2121 3199 2176 voluntariis
3219 2123 3472 2190 motibus,
3497 2124 3564 2180 de
3590 2127 3756 2182 corde

2160 2217 2336 2266 autem
2377 2225 2482 2264 non
2536 2210 2850 2266 voluntariis
2891 2227 3145 2268 venarum
3192 2214 3461 2283 pulsibus;
3502 2227 3556 2271 et
3599 2217 3642 2271 si
3684 2218 3756 2272 de

2160 2301 2382 2357 cerebro
2409 2301 2498 2356 illa
2524 2301 2631 2357 duo
2661 2300 2817 2370 facit,
2845 2319 2942 2358 cur
2967 2305 3161 2359 sentiat
3186 2307 3284 2361 etsi
3309 2307 3472 2372 nolit,
3503 2309 3753 2364 membra

2158 2408 2302 2448 vero.
2319 2408 2425 2448 non
2456 2403 2668 2449 moveat
2695 2394 2796 2449 nisi
2825 2393 2984 2450 velit?
3016 2409 3137 2449 eum
3178 2397 3336 2466 igitur
3372 2397 3486 2452 hzec
3531 2399 3583 2452 in
3618 2390 3754 2455 cor-

2161 2497 2290 2554 pore
2316 2483 2417 2540 nisi
2443 2485 2555 2554 ipsa
2584 2500 2690 2539 non
2721 2483 2908 2553 faciat;
2940 2500 3036 2541 cur
3085 2487 3252 2542 nescit
3293 2487 3435 2558 quod
3476 2487 3621 2554 facit,
3664 2491 3758 2548 vel

2159 2573 2300 2631 unde
2328 2573 2494 2630 facit?
2519 2574 2627 2630 Nec
2651 2575 2700 2632 ei
2728 2584 2882 2647 turpe
2907 2587 2988 2632 est
3016 2578 3113 2632 ista
3137 2577 3278 2648 quod
3298 2579 3498 2644 nescit;
3523 2589 3578 2636 et
3596 2590 3758 2652 turpe

2158 2678 2281 2722 esse
2309 2665 2605 2733 existimas,
2635 2666 2680 2722 si
2705 2667 2906 2723 nesciat
2934 2669 3073 2723 unde
3101 2669 3185 2724 vel
3213 2669 3480 2741 quomodo
3500 2670 3633 2727 facta
3656 2674 3754 2743 sit,

2159 2771 2280 2814 cum
2307 2771 2366 2813 se
2400 2757 2509 2828 ipso
2552 2773 2658 2813 non
2705 2756 2927 2815 fecerit?
2965 2761 3156 2816 Anima
3186 2777 3334 2828 vero,
3367 2763 3497 2818 nulli
3526 2765 3710 2821 sciunt
3735 2807 3752 2832 ,

2158 2849 2428 2920 quomodo
2462 2849 2612 2918 haec,
2643 2862 2698 2906 et
2723 2851 2864 2907 unde
2890 2862 3011 2923 agat
3045 2854 3096 2908 in
3124 2869 3382 2926 corpore;
3413 2857 3531 2914 ideo
3554 2859 3620 2914 ad
3661 2860 3754 2916 illa

2159 2939 2351 2996 altiora
2384 2956 2447 2996 ac
2473 2941 2691 2996 fortiora
2721 2941 2773 2997 id
2809 2945 3076 3013 pertinere
3105 2962 3210 3000 non
3240 2949 3432 3016 putas?

2229 3031 2454 3088 CAPUT
2497 3033 2580 3088 Vl.
2611 3064 2684 3074 —
2703 3035 2756 3090 7.
2784 3037 2852 3091 At
2872 3051 2971 3109 ego
2997 3037 3122 3092 hinc
3151 3039 3243 3094 tibi
3273 3043 3528 3111 majorem
3557 3059 3755 3103 moveo

2159 3123 2538 3195 quaestionem,
2577 3141 2674 3181 cur
2719 3127 3024 3196 paucissimi
3071 3133 3318 3186 noverint
3375 3137 3514 3192 unde
3549 3148 3752 3207 agant,

2159 3215 2303 3286 quod
2331 3231 2520 3272 omnes
2565 3225 2746 3286 agunt.
2780 3217 3029 3275 Fortasse
3053 3219 3294 3277 dicturus
3320 3239 3380 3279 cs
3428 3245 3440 3279 :
3488 3225 3623 3294 Quia
3676 3230 3755 3284 illi

2159 3305 2460 3362 didicerunt
2496 3317 2666 3362 artem
2721 3309 3078 3366 anatomiram
3110 3313 3191 3368 vel
3231 3307 3756 3390 empiricaquuas

2161 3396 2494 3453 medicinalis
2539 3398 2780 3454 continet
2827 3399 3141 3472 disciplina,
3185 3419 3343 3475 quam
3390 3408 3543 3478 pauci
3593 3424 3753 3466 asse-

2163 3495 2431 3560 quuntur;
2464 3489 2644 3545 cmtcri
2671 3505 2800 3547 vero
2827 3491 2927 3546 ista
2945 3492 3154 3568 discere
3181 3495 3488 3562 noluerunt,
3515 3516 3633 3556 cum
3655 3519 3756 3572 po-

2161 3580 2386 3637 tuissent
2423 3582 2470 3636 si
2511 3583 2692 3653 utique
2723 3583 3036 3641 voluissent.
3067 3586 3166 3642 Ubi
3199 3590 3386 3646 omitto
3408 3591 3618 3661 dicere,
3649 3610 3756 3651 cur

2160 3671 2314 3728 multi
2341 3683 2602 3731 conentur
2621 3673 2828 3730 discere
2859 3676 2988 3742 ista,
3021 3693 3121 3733 nec
3146 3681 3385 3748 possint;
3415 3685 3536 3753 quia
3563 3687 3750 3755 tardo,

2159 3763 2300 3836 quod
2345 3762 2571 3819 multum
2613 3765 2808 3820 mirum
2854 3774 2971 3833 est,
3004 3767 3366 3838 impediuntur
3411 3775 3650 3845 ingenio,
3686 3793 3752 3834 ea

2158 3858 2366 3915 discere
2390 3859 2458 3915 ab
2486 3860 2633 3928 aliis,
2683 3873 3065 3938 quzegguntur
3092 3865 3161 3920 ab
3197 3866 3275 3922 eis
3305 3867 3464 3936 ipsis,
3489 3879 3542 3922 et
3575 3869 3626 3924 in
3669 3873 3751 3926 eis

2161 3951 2309 4024 ipsis.
2351 3951 2459 4008 Sed
2506 3953 2621 4008 lucc
2649 3953 2760 4024 ipsa
2803 3965 2889 4011 est
2933 3958 3163 4013 maxima
3203 3963 3460 4030 quatstio,
3493 3979 3588 4018 cur
3628 3977 3748 4020 arte

2169 4061 2276 4100 non
2320 4045 2452 4101 mihi
2495 4061 2628 4116 opus
2655 4046 2726 4102 sit
2771 4057 2832 4104 ut
2874 4065 2994 4106 esse
3024 4052 3074 4106 in
3100 4053 3239 4108 cmlo
3262 4055 3426 4108 sciam
3457 4057 3659 4124 solem,
3693 4069 3750 4114 et

2159 4133 2338 4190 lunam
2357 4177 2372 4202 ,
2403 4144 2456 4192 et
2481 4136 2582 4190 alia
2603 4137 2813 4205 sidera;
2845 4148 2900 4195 et
2925 4150 3040 4196 arte
3065 4143 3192 4197 mihi
3219 4161 3354 4214 opus
3377 4148 3448 4201 sit
3472 4157 3532 4202 ut
3558 4150 3746 4215 sciam,

2170 4226 2383 4296 quando
2405 4227 2624 4298 digitum
2652 4243 2869 4297 moveo,
2910 4232 3052 4288 unde
3089 4233 3336 4305 incipiam
3357 4277 3371 4302 ,
3403 4253 3432 4290 a
3455 4239 3643 4304 corde,
3679 4256 3745 4294 an

2159 4333 2191 4372 a
2219 4319 2476 4386 cerebro,
2503 4334 2571 4374 an
2605 4320 2674 4376 ab
2703 4331 2963 4395 utroque,
2993 4341 3059 4381 an
3107 4343 3138 4382 a
3179 4336 3404 4396 neutro;
3453 4343 3506 4386 et
3528 4333 3747 4390 doctore

2161 4424 2267 4464 non
2305 4424 2490 4478 egeam
2513 4419 2570 4466 ut
2597 4412 2764 4468 sciam
2803 4415 2928 4485 quid
2957 4418 3026 4472 sit
3063 4427 3168 4473 tam
3201 4419 3357 4492 longe
3389 4422 3548 4478 altius
3584 4439 3748 4492 super

2161 4517 2276 4568 me,
2304 4504 2371 4558 ab
2395 4504 2501 4560 alio
2525 4516 2703 4561 autem
2746 4508 2959 4567 homine
2997 4511 3206 4570 discere
3235 4526 3536 4586 exSpectem
3555 4559 3570 4584 ,
3606 4521 3747 4576 unde

2159 4603 2346 4664 agatur
2391 4609 2420 4648 a
2467 4611 2552 4650 mc
2583 4596 2726 4666 quod
2753 4599 2928 4669 agitur
2961 4600 3012 4655 in
3041 4617 3146 4658 me.
3176 4603 3308 4660 Nam
3337 4621 3458 4661 cum
3490 4608 3542 4662 in
3585 4610 3748 4666 corde

2159 4684 2397 4755 Cogitare
2423 4685 2698 4754 dicamur,
2729 4699 2782 4743 et
2805 4690 2948 4761 quod
2975 4693 3268 4762 cogitamus
3287 4737 3302 4762 ,
3329 4697 3475 4752 nullo
3509 4698 3617 4754 alio
3644 4699 3745 4754 ho-

2162 4776 2304 4830 mine
2349 4777 2553 4833 sciente
2581 4780 2841 4847 sciamus;
2874 4783 3044 4852 ipsum
3072 4794 3246 4841 tamen
3277 4803 3372 4842 cor
3410 4791 3500 4845 ubi
3543 4795 3740 4862 cogita-

2163 4881 2284 4922 mus
2305 4909 2319 4932 ,
2350 4869 2619 4924 nescimus
2644 4870 2696 4925 in
2723 4887 2826 4943 qua
2854 4885 3004 4954 parte
3029 4879 3270 4948 corporis
3292 4880 3581 4936 habeamus
3601 4924 3616 4950 ,
3645 4883 3749 4954 nisi

2161 4958 2230 5012 ab
2275 4958 2378 5012 alio
2431 4959 2698 5015 discamus
2740 4964 2830 5034 qui
2880 4953 3051 5021 n'cseit
3091 4969 3233 5038 quod
3280 4972 3594 5042 cogitamus.
3641 4953 3747 5031 Nec

2163 5048 2382 5119 ignoro,
2431 5065 2551 5104 cum
2595 5051 2844 5110 audimus
2894 5064 2952 5110 ut
2977 5073 3046 5112 ex
3101 5065 3210 5114 toto
3257 5062 3418 5118 corde
3469 5064 3747 5136 diligamus

2163 5143 2361 5211 Deum,
2392 5160 2496 5198 non
2542 5143 2645 5200 hoc
2684 5145 2788 5202 dici
2833 5147 2902 5204 de
2942 5150 3029 5204 illa
3059 5154 3313 5222 particula
3343 5158 3522 5212 carnis
3551 5169 3747 5213 nostra

2163 5247 2281 5303 quae
2307 5234 2408 5288 sub
2433 5236 2596 5291 costis
2631 5236 2794 5304 latet;
2825 5239 2918 5294 sed
2964 5241 3032 5296 de
3061 5242 3148 5298 illa
3174 5247 3224 5300 vi
3252 5260 3353 5316 qua
3399 5249 3744 5317 cogitationes

2167 5325 2299 5380 fiunt
2331 5345 2344 5382 :
2375 5342 2494 5398 qua:
2524 5329 2716 5384 merito
2735 5332 3035 5402 appellatur
3061 5334 3164 5391 hoc
3192 5339 3434 5403 nomine,
3462 5339 3582 5409 quia
3610 5342 3738 5394 sicu'

2164 5428 2342 5474 motus
2385 5435 2490 5475 non
2518 5433 2691 5477 cessat
2716 5423 2770 5478 in
2800 5425 2962 5482 corde
2982 5468 2997 5494 ,
3023 5428 3168 5485 unde
3209 5443 3269 5485 se
3295 5431 3481 5502 pulsus
3504 5433 3696 5488 dim-nr

2167 5525 2541 5584 usquequaque
2585 5529 2875 5586 venarum,
2924 5519 2996 5573 ita
3035 5533 3140 5576 non
3179 5521 3502 5592 quiescimus
3550 5525 3698 5594 aliqv'

2165 5602 2446 5673 cogitando
2491 5619 2726 5662 versare.
2775 5607 3151 5667 Verumtamen
3189 5627 3309 5667 cum
3340 5615 3515 5671 omnis
3556 5629 3740 5670 sensus

2170 5693 2237 5749 ab
2275 5697 2450 5752 anima
2475 5697 2600 5756 insit
2643 5709 2696 5757 et
2725 5704 2967 5774 corpori,
2995 5719 3091 5761 cur
3124 5707 3283 5762 etiam
3311 5707 3363 5763 in
3398 5707 3622 5766 tenebris
3643 5747 3659 5774 ,
3689 5715 3740 5762 el
