4034 6182
267 367 371 421 529

267 479 436 532 oculis
477 474 703 540 clausis,
751 489 910 529 sensu
959 471 1200 542 corpo.is
1255 470 1344 551 qui
1377 478 1594 524 vocatur
1637 479 1808 524 tactus
1833 509 1848 532 ,

265 569 507 622 membra
537 565 830 620 forinsecus
869 572 1048 619 nostra
1077 575 1444 626 numeremus;
1469 559 1632 632 ipsius
1673 567 1850 614 autem

261 659 458 713 anim-.2
491 657 741 712 interiore
767 653 1047 726 praesentia
1068 695 1084 723 ,
1115 667 1216 724 qua
1250 652 1456 709 cunctis
1483 667 1600 721 quae
1623 648 1854 704 viviﬁcat

260 761 426 818 atque
463 748 690 814 animat,
731 753 927 816 praesto
975 752 1090 809 est,
1137 742 1281 798 nulla
1324 741 1643 796 intrinsecus
1671 745 1852 793 nostra

261 843 469 896 viscera
497 839 824 905 noverimus,
849 850 954 891 non
984 834 1218 890 medicos
1247 832 1560 902 empiricos,
1602 845 1702 886 nec
1725 845 1855 885 ana-

261 933 520 997 tomicos,
553 944 652 986 nec
691 927 1022 999 dogmatieos
1043 967 1059 992 ,
1089 940 1189 980 nec
1216 923 1548 980 methodicos
1570 963 1584 989 ,
1617 920 1710 978 sed
1754 921 1854 976 ho-

261 1023 464 1077 minem
489 1019 629 1076 scire
655 1017 888 1073 arbitror
917 1016 1210 1070 neminem.

338 1112 374 1168 8
425 1111 489 1166 Et
533 1108 776 1180 quisquis
824 1105 985 1161 fuerit
1030 1109 1252 1161 conatus
1299 1101 1420 1164 inec,
1452 1100 1695 1168 discere,
1744 1113 1852 1153 non

264 1205 461 1258 frustra
489 1202 537 1258 ei
572 1200 766 1256 dicitur
786 1241 800 1266 ,
831 1197 1030 1252 Atticm
1057 1205 1104 1250 te
1133 1211 1197 1250 ne
1227 1194 1512 1264 quaesieris,
1556 1201 1604 1247 et
1641 1191 1854 1262 fortiora

263 1304 314 1349 te
337 1309 404 1348 ne
423 1301 673 1348 scrutatus
699 1291 875 1363 fueris.
919 1287 1101 1358 Neque
1127 1286 1270 1342 enim
1313 1285 1501 1340 altiora
1545 1290 1671 1338 sunt
1694 1295 1853 1353 quam

262 1396 442 1455 potest
487 1391 666 1438 nostra
710 1390 910 1448 statura
943 1378 1287 1448 contingere,
1341 1373 1436 1430 sed
1479 1387 1636 1444 quam
1680 1378 1855 1442 potest

263 1484 452 1530 nostra
493 1473 799 1541 conjectura
843 1465 1332 1538 comprehendere;
1372 1473 1426 1520 et
1451 1463 1666 1518 fortiora
1695 1475 1852 1532 quam

257 1572 444 1636 potest
472 1563 552 1618 vis
592 1560 811 1616 humani
851 1559 1047 1630 ingenii
1087 1565 1370 1628 penetrare
1402 1561 1498 1610 :et
1542 1562 1718 1611 tamen
1745 1566 1853 1607 non

252 1667 346 1710 est
370 1655 567 1710 coelum
594 1653 712 1710 caeli
735 1693 750 1720 ,
797 1665 901 1706 non
927 1648 1194 1706 dimensio
1237 1647 1499 1711 siderum,
1533 1659 1637 1702 non
1669 1643 1855 1700 modus

253 1747 434 1804 maris
481 1755 640 1816 atque
671 1753 960 1810 terrarum,
1001 1757 1107 1796 non
1152 1741 1392 1796 infernus
1430 1738 1650 1795 inferior
1694 1754 1707 1790 :
1757 1751 1856 1792 nos

253 1852 488 1904 sumus,
535 1837 624 1908 qui
667 1851 765 1892 nos
809 1833 1266 1904 comprehendere
1315 1847 1419 1888 non
1451 1832 1722 1900 valemus;
1755 1847 1854 1887 nos

257 1927 544 1984 modulum
573 1926 809 1982 scientiae
835 1933 1032 1980 nostrae
1056 1923 1274 1979 altiores
1314 1922 1663 1992 fortioresque
1699 1935 1856 1992 supe-

255 2033 484 2084 ramus;
516 2030 614 2072 nos
653 2032 756 2071 non
787 2029 1072 2086 pessumus
1095 2028 1288 2084 capere
1326 2028 1424 2069 nos
1443 2053 1458 2078 ,
1486 2023 1540 2068 οι
1577 2022 1722 2069 certe
1748 2028 1852 2068 l'lOlI

257 2124 456 2167 sumus
507 2117 656 2165 extra
689 2122 806 2164 nos.
834 2107 944 2164 Nec
983 2107 1105 2163 ideo
1141 2107 1484 2177 comparandi
1531 2107 1813 2178 pecoribus
1837 2150 1852 2174 ,

258 2203 392 2272 quia
425 2200 475 2255 id
501 2199 640 2271 quod
669 2214 855 2254 sumus
884 2214 988 2254 non
1021 2197 1230 2268 penitus
1260 2198 1558 2252 invenimus
1589 2215 1600 2249 :
1633 2207 1684 2253 et
1710 2213 1856 2252 com-

267 2291 543 2364 parandos
577 2305 677 2346 nos
702 2291 988 2361 pecoribus
1037 2301 1223 2360 putas,
1255 2289 1299 2344 si
1324 2288 1464 2360 quod
1491 2287 1686 2342 fuimus
1708 2288 1853 2343 obliti

261 2399 492 2448 sumus,
539 2382 582 2438 si
631 2391 806 2436 tamen
853 2380 904 2435 id
951 2378 1238 2450 aliquando
1288 2393 1625 2434 noveramus.
1672 2377 1856 2448 Neque

261 2473 413 2530 enim
443 2489 581 2529 nunc
605 2473 779 2528 anima
810 2486 928 2528 mea
960 2471 1187 2526 trahitur
1205 2487 1268 2526 ex
1295 2471 1622 2541 parentibus,
1653 2470 1855 2525 aut.in-

262 2565 515 2621 sufllatur
553 2581 582 2619 a
617 2565 728 2620 Deo
757 2582 770 2618 :
801 2563 1110 2620 utrumlibet
1137 2562 1329 2617 borum
1375 2560 1596 2627 fecerit,
1624 2572 1749 2616 tunc
1777 2560 1856 2616 fc-

263 2658 343 2714 cit
362 2657 572 2730 quando
596 2673 683 2713 me
710 2655 939 2722 creavit;
969 2671 1075 2712 non
1102 2655 1263 2712 etiam
1291 2669 1434 2710 nunc
1453 2653 1521 2710 de
1547 2669 1663 2720 me,
1688 2653 1772 2708 vel
1801 2653 1855 2708 in

264 2766 360 2804 me
408 2749 531 2804 facit
573 2767 588 2804 :
633 2757 809 2804 actum
841 2748 968 2803 illud
1015 2757 1174 2819 atque
1221 2756 1544 2802 transactum
1590 2757 1707 2812 est,
1759 2761 1857 2803 nec

270 2855 512 2911 praesens
538 2840 666 2894 mihi
691 2847 808 2906 est,
853 2853 950 2894 nec
977 2853 1186 2894 recens.
1231 2837 1310 2894 Ne
1360 2837 1412 2893 id
1443 2837 1658 2908 quidem
1708 2837 1853 2904 scio,

270 2939 450 2985 utrum
496 2930 547 2986 id
591 2931 825 2994 scierim,
858 2929 1160 3000 oblitusque
1197 2930 1332 2994 sim;
1361 2944 1428 2984 an
1455 2943 1584 2984 vero
1609 2944 1706 2984 nec
1730 2937 1858 2986 tunc

267 3021 486 3092 quando
510 3019 706 3076 factum
735 3030 817 3076 est
838 3061 854 3088 ,
887 3020 939 3075 id
969 3020 1170 3076 sentire
1194 3035 1258 3074 ac
1287 3034 1448 3075 nosse
1475 3020 1758 3090 potuerim.

345 3110 572 3167 CAPUT
599 3111 711 3166 Vll.
739 3142 810 3153 —
828 3110 882 3167 9.
904 3111 1044 3168 Ecce
1063 3110 1246 3178 modo,
1277 3110 1435 3166 modo
1452 3110 1576 3166 dum
1600 3125 1783 3166 sumus
1815 3113 1854 3180 ',

272 3203 400 3258 dum
429 3203 684 3267 vivimus,
715 3202 842 3258 dum
871 3217 969 3259 nos
1016 3203 1197 3259 vivere
1231 3203 1428 3258 scimus
1447 3244 1462 3269 ,
1493 3203 1616 3258 dum
1665 3204 1857 3258 memi—

273 3299 421 3352 nisse
448 3310 545 3350 nos
564 3339 579 3361 ,
607 3304 661 3351 et
686 3295 982 3365 intelligere
1003 3337 1018 3361 ,
1055 3303 1110 3350 et
1133 3293 1271 3350 velle
1296 3293 1578 3351 certissimi
1600 3285 1782 3350 sumus
1811 3296 1854 3356 ³.

275 3388 364 3457 qui
393 3400 490 3442 nos
517 3395 720 3440 natura:
749 3393 942 3440 nostra:
964 3399 1186 3454 magnos
1223 3385 1522 3454 cognitOres
1548 3399 1668 3440 esse
1687 3385 1860 3454 jacta-

276 3491 429 3543 mns,
462 3475 587 3546 quid
620 3475 793 3530 valeat
823 3474 1080 3529 memoria
1111 3483 1290 3528 nostra
1309 3515 1323 3537 ,
1353 3474 1434 3528 vel
1465 3474 1812 3545 intelligentia
1837 3515 1853 3541 ,

273 3568 361 3625 vel
419 3567 694 3634 voluntas,
753 3565 973 3621 omnino
1022 3565 1311 3620 nescimus.
1371 3565 1585 3622 Amicus
1639 3565 1857 3636 quidam

275 3675 430 3716 meus
462 3657 574 3730 jam
601 3658 725 3714 inde
763 3658 830 3713 ab
857 3657 1247 3726 adolescentia,
1277 3657 1581 3728 Siniplicius
1607 3661 1857 3731 nomine,

270 3752 434 3807 homo
461 3750 771 3808 excellentis
812 3749 1175 3821 mirabilisque
1204 3750 1475 3806 memoria:
1495 3793 1509 3818 ,
1539 3767 1658 3806 cum
1697 3751 1862 3806 inter-

269 3850 491 3912 rogatus
516 3850 659 3896 esset
683 3856 713 3895 a
743 3840 916 3908 nobis,
950 3855 1085 3911 quos
1109 3855 1296 3896 versus
1323 3840 1574 3912 Virgilius
1601 3841 1653 3896 in
1680 3842 1858 3897 omni-

271 3934 378 3987 bus
405 3931 555 3987 libris
583 3946 742 4002 supra
764 3931 980 3988 uitimos
999 3931 1226 3996 dixerit;
1259 3933 1546 3999 continuo,
1575 3933 1820 3989 celeriter
1842 3974 1856 3999 ,

267 4023 686 4093 memoriterque
709 4022 1004 4092 respondit.
1043 4021 1399 4092 Quiesivimus
1423 4023 1583 4078 etiam
1612 4024 1859 4094 superio-

269 4127 363 4169 res
399 4121 459 4168 ut
481 4112 716 4180 diceret,
745 4112 896 4168 dixit.
943 4113 1008 4168 Et
1043 4113 1364 4170 credidimus
1393 4127 1515 4170 eum
1567 4131 1724 4186 posse
1769 4131 1858 4172 re-

269 4213 505 4258 trorsum
556 4203 782 4258 recitare
807 4203 1102 4275 Virgilium.
1139 4205 1212 4260 De
1232 4219 1563 4276 quocumque
1593 4205 1712 4261 loco
1761 4221 1860 4262 vo-

270 4295 504 4360 luimus,
539 4294 822 4365 petivimus
852 4303 910 4350 ut
955 4295 1184 4362 faceret,
1215 4296 1357 4352 fecit.
1395 4297 1470 4351 De
1516 4311 1672 4367 prosa
1699 4297 1858 4353 etiam

269 4383 344 4440 de
383 4400 718 4456 quacumque
759 4386 998 4442 oratione
1043 4386 1345 4453 Ciceronis,
1389 4403 1546 4459 quam
1591 4371 1860 4447 memoriae

269 4477 779 4545 commendaverat,
827 4478 879 4532 id
909 4493 1029 4534 eum
1059 4477 1232 4535 facere
1273 4479 1566 4546 voluimus;
1605 4490 1858 4551 quantum

268 4568 539 4644 voluimus
559 4582 772 4624 sursum
803 4585 990 4624 versus
1018 4580 1232 4625 secutus
1260 4579 1364 4626 est.
1391 4570 1522 4626 Cum
1561 4570 1860 4629 admirare-

272 4673 428 4724 mur,
457 4666 685 4713 testatus
711 4667 796 4714 est
822 4659 987 4714 Deum
1015 4659 1058 4724 ³,
1083 4659 1318 4714 nescisse
1342 4675 1401 4716 se
1429 4659 1532 4716 hoc
1558 4655 1714 4732 posse
1737 4671 1860 4718 ante

270 4750 402 4805 illud
441 4752 866 4820 experimentum
891 4767 906 4805 :
930 4751 1035 4816 ita,
1065 4761 1318 4824 quantum
1344 4753 1409 4808 ad
1440 4756 1751 4812 memoriam
1781 4765 1861 4811 at-

270 4841 443 4905 tinet,
482 4849 610 4896 tunc
633 4854 693 4896 se
721 4841 836 4911 ejus
861 4841 1072 4896 animus
1097 4842 1312 4906 didicit;
1339 4853 1394 4898 et
1418 4844 1859 4917 quandocumque

267 4931 481 4987 discere
499 4973 516 4998 ,
549 4931 649 4986 nisi
684 4931 939 4987 tentando
959 4943 1012 4987 et
1037 4933 1362 5004 experiendo
1390 4949 1494 4989 non
1518 4934 1538 4966 ⁸
1565 4939 1764 5006 posset.
1793 4937 1859 4993 Et

267 5023 458 5095 utique
499 5033 784 5094 antequam
826 5032 1092 5092 tentaret,
1142 5025 1282 5080 idem
1327 5026 1438 5095 ipse
1467 5037 1582 5082 erat
1615 5045 1628 5082 :
1662 5044 1756 5084 cur
1799 5044 1860 5086 se

269 5117 433 5186 igitur
461 5115 773 5171 nesciebat?

345 5206 434 5262 to.
463 5205 621 5276 Saepe
653 5221 750 5261 nos
781 5206 1154 5276 praesumimus
1181 5207 1376 5277 aliquid
1395 5209 1649 5264 memoria
1677 5218 1856 5266 reten-

266 5307 455 5361 turos,
483 5305 538 5351 et
565 5312 684 5351 eum
709 5297 760 5350 id
788 5305 1054 5366 putamus,
1091 5313 1194 5351 non
1223 5299 1539 5364 scribimus;
1569 5316 1667 5356 nec
1702 5301 1856 5357 nobis

265 5393 454 5458 postea
479 5401 600 5440 cum
625 5386 865 5440 volumus
889 5387 1030 5440 venit
1053 5387 1102 5440 in
1131 5397 1380 5462 mentem.
1407 5405 1609 5460 nosque
1634 5392 1855 5460 pmnitet

333 5487 351 5519 ί
386 5485 505 5549 εςΙὶιὶ
532 5498 546 5534 :
573 5493 692 5536 Ecce
715 5485 997 5549 motionum
1017 5488 1384 5546 smnus;omisso
1405 5488 1575 5549 altero,
1601 5489 1759 5540 modo.

333 5549 355 5610 ξ
389 5546 727 5610 aliquosum"
750 5546 1011 5610 certissime
1031 5561 1225 5598 scmus.

333 5609 360 5641 ³
389 5607 606 5658 ﬁodnulli
629 5609 954 5671 manuscripti,
971 5614 1165 5660 testatus
1187 5614 1255 5660 est
1292 5609 1496 5662 nescisse
1527 5623 1577 5660 se
1597 5647 1610 5671 ,
1645 5614 1818 5664 omisso
1837 5649 1852 5675 ,

267 5678 710 5797 myttiivauienses
727 5731 1014 5797 reiecerunt,
1031 5746 1042 5790 ι
1060 5731 1307 5782 articulum
1331 5741 1608 5791 negantem,
1645 5747 1752 5797 quis
1778 5735 1856 5787 hic

272 5801 434 5843 tanien
462 5801 622 5844 exstat
647 5795 692 5842 in
717 5793 969 5855 manuscri,
988 5795 1062 5840 tis.

1616 356 1816 412 LIBER
1853 353 2195 425 QUARTUS.

3446 361 3585 440 sse

1963 467 2255 525 credidisse
2281 476 2560 524 venturum
2578 511 2593 536 ,
2621 469 2705 524 vel
2743 467 2932 533 litteris
2959 483 3065 524 non
3095 469 3330 542 illigasse
3371 486 3436 526 uc
3465 471 3545 525 fu-

1959 568 2144 628 geret;
2173 570 2228 614 et
2251 559 2426 615 subito
2451 573 2664 625 rursus,
2707 573 2826 614 cum
2855 558 2908 615 id
2938 574 3045 615 non
3092 574 3426 630 qureramus,
3455 577 3545 615 oc-

1960 651 2145 706 currit.
2176 650 2439 723 Numquid
2465 667 2564 706 nos
2605 667 2710 706 non
2735 665 2949 707 eramus
2967 693 2983 718 ,
3009 651 3218 720 quando
3260 650 3312 706 id
3337 653 3544 724 cogita-

1959 738 2185 794 bamus?
2212 754 2310 796 nec
2350 748 2524 795 tamen
2559 740 2658 796 hoc
2682 755 2865 795 sumus
2901 739 3041 826 quod
3070 738 3293 806 fuimus,
3327 740 3550 811 quando-

1960 831 2012 886 id
2042 833 2273 904 cogitare
2310 849 2415 889 non
2441 838 2744 903 possumus.
2774 833 2910 902 Quid
2957 843 3039 890 est
3065 849 3192 906 ergo
3211 877 3227 904 ,
3281 834 3422 905 quod
3449 851 3544 890 nec

1958 921 2071 977 scio
2097 923 2361 993 quomodo
2405 924 2767 980 subtrahimur
2791 940 3148 996 negamurque
3168 927 3354 990 nobis;
3385 926 3542 980 item-

1959 1029 2063 1084 que
2091 1017 2272 1070 nescio
2303 1017 2318 1048 ²
2349 1015 2616 1086 quomodo
2639 1015 2956 1086 proferimur
2991 1017 3055 1071 a'd
3087 1031 3212 1084 nos,
3241 1017 3542 1072 rcddimur-

1958 1119 2062 1174 que
2087 1105 2279 1160 nobis?
2299 1107 2451 1176 quasi
2482 1106 2570 1160 alii
2612 1106 2808 1174 simus,
2851 1117 2904 1162 et
2932 1107 3054 1162 alibi
3086 1108 3280 1172 simus,
3329 1109 3542 1179 quando

1958 1195 2284 1266 quaerimus,
2324 1211 2425 1252 nec
2467 1197 2765 1252 invenimus
2791 1197 2932 1268 quod
2963 1199 3018 1253 in
3061 1199 3314 1254 memoria
3359 1209 3538 1254 nostra

1958 1287 2260 1357 posuimus;
2329 1302 2502 1359 neque
2565 1303 2662 1344 nos
2717 1288 2817 1358 ipsi
2887 1289 2955 1344 ad
3010 1303 3108 1344 nos
3165 1289 3309 1359 ipsos
3380 1291 3548 1346 veluti

1958 1377 2082 1432 alibi
2156 1378 2359 1448 positos
2415 1379 2694 1449 pervenire
2767 1379 3064 1450 possimus,
3125 1388 3180 1436 et
3239 1389 3364 1435 tunc
3423 1395 3544 1451 ρει-υ

1959 1467 2238 1522 veniamus
2263 1467 2477 1538 quando
2505 1469 2823 1524 invenimus.
2850 1469 2950 1524 Uhi
2971 1470 3110 1525 enim
3141 1469 3426 1540 quaerimus
3443 1471 3543 1527 nisi

1959 1557 2101 1626 apud
2129 1557 2264 1612 nos?
2289 1566 2342 1613 et
2367 1558 2495 1629 quid
2524 1560 2813 1629 quaerimus
2854 1559 2956 1614 nisi
2983 1559 3120 1615 nos?
3145 1561 3295 1630 quasi
3337 1576 3443 1616 non
3473 1561 3543 1616 si-

1958 1661 2076 1702 mus
2107 1647 2159 1702 in
2187 1647 2340 1703 nobis
2359 1690 2374 1714 ,
2406 1659 2459 1704 et
2487 1649 2665 1720 aliquo
2693 1650 3076 1706 recesserimus
3100 1666 3130 1706 a
3156 1651 3330 1707 nobis.
3353 1651 3542 1707 Nonne

1958 1741 2224 1808 attendis,
2268 1751 2322 1796 et
2367 1743 2706 1799 exhorrescis
2752 1751 2948 1798 tantam
2991 1743 3440 1814 profunditatem?
3478 1745 3544 1800 Et

1958 1831 2080 1901 quid
2103 1840 2185 1886 est
2209 1831 2308 1888 hoc
2336 1833 2478 1888 aliud
2497 1848 2652 1905 quam
2675 1841 2855 1890 nostra
2869 1841 3077 1899 natura,
3104 1848 3202 1890 nec
3227 1835 3398 1905 qualis
3423 1834 3538 1900 iuit,

1959 1921 2051 1978 sed
2077 1922 2248 1992 qualis
2297 1938 2439 1978 nunc
2467 1925 2587 1978 est?
2613 1925 2675 1980 Et
2705 1939 2828 1980 ecce
2871 1925 3040 1997 magis
3065 1926 3318 1996 quaeritur
3337 1969 3353 1994 ,
3382 1941 3540 1997 quam

1958 2012 2446 2084 comprehenditur.
2495 2014 2647 2084 Saepe
2685 2012 2812 2070 mihi
2840 2015 3165 2086 propositam
3193 2017 3541 2086 quaestionem

1960 2104 2134 2173 putavi
2163 2118 2248 2160 me
2269 2104 2684 2172 intellecturum,
2711 2106 2754 2160 si
2779 2105 2901 2162 inde
2929 2106 3218 2176 cogitarem
3243 2122 3258 2173 ;
3289 2106 3542 2178 cogitavi,

1957 2211 2057 2250 nec
2085 2197 2228 2266 potui
2263 2213 2276 2248 :
2307 2212 2452 2266 saepe
2480 2212 2584 2252 non
2634 2197 2846 2267 putavi,
2877 2205 2932 2253 et
2980 2206 3156 2252 tamen
3195 2193 3360 2268 potui.
3390 2197 3548 2254 Vires

1959 2288 2138 2358 itaque
2165 2289 2527 2360 intelligentia:
2556 2305 2690 2346 meae
2716 2305 2824 2345 non
2842 2298 2966 2346 sunt
2994 2290 3122 2345 mihi
3144 2291 3338 2370 utique.
3358 2293 3546 2364 cOgni—

1961 2388 2056 2446 tae,
2086 2387 2140 2436 et
2167 2381 2331 2436 credo
2359 2382 2480 2452 quia
2506 2397 2605 2438 nec
2629 2381 2743 2438 tibi.

2033 2470 2120 2524 il.
2171 2469 2277 2526 Sed
2333 2487 2420 2528 me
2463 2472 2763 2528 contemnis
2809 2471 3030 2527 forsitan
3067 2472 3442 2541 confitentem,
3495 2483 3548 2528 ct

1961 2575 2180 2631 propter
2218 2561 2320 2616 hoc
2343 2577 2556 2633 quoque
2601 2563 2884 2634 pecoribus
2927 2564 3281 2634 comparabis.
3316 2565 3427 2636 Ego
3453 2581 3547 2620 au-

1962 2661 2066 2708 tem
2097 2667 2350 2722 monere,
2395 2655 2478 2710 vel
2526 2655 2572 2709 si
2611 2669 2718 2710 non
2773 2655 3038 2726 dignaris,
3067 2663 3214 2712 certe
3256 2655 3546 2714 admonere

1959 2757 2065 2798 non
2087 2743 2273 2798 desino
2293 2786 2307 2811 ,
2337 2753 2396 2799 ut
2421 2743 2696 2815 "agnoscas
2723 2745 2899 2814 potius
2929 2760 3266 2801 communem
3319 2745 3544 2800 infirmi-

1960 2843 2157 2900 tatem,
2188 2835 2240 2888 in
2284 2849 2388 2904 qua
2417 2835 2586 2890 virtus
2629 2834 2902 2906 perficitur
2935 2854 2948 2892 :
2978 2851 3048 2892 ne
3094 2850 3190 2907 pro
3214 2835 3437 2906 cognitis
3463 2833 3542 2889 in-

1959 2926 2170 2996 cognita
2216 2925 2624 2996 praesumendo,
2674 2927 2740 2982 ad
2786 2927 3064 2983 veritatem
3109 2929 3389 3001 pervenire
3435 2943 3539 2984 non

1960 3017 2152 3087 possis.
2185 3015 2319 3072 Puto
2345 3015 2488 3072 enim
2519 3031 2639 3072 esse
2666 3017 2884 3086 aliquid,
2915 3018 3057 3090 quod
3079 3029 3132 3074 et
3163 3027 3215 3074 tu
3246 3019 3542 3090 intelligere

1961 3107 2156 3178 quaeris
2175 3149 2188 3173 ,
2223 3122 2321 3163 nec
2348 3117 2502 3180 potes
2521 3149 2536 3176 ,
2559 3121 2669 3165 nec.
2687 3116 2863 3164 tamen
2893 3123 3160 3179 quaereres
3178 3153 3192 3176 ,
3221 3111 3318 3165 uisi
3350 3119 3401 3166 te
3423 3126 3544 3182 pos-

1961 3211 2021 3253 se
2049 3211 2310 3267 sperares.
2339 3197 2417 3252 Ac
2444 3211 2540 3274 per
2567 3197 2672 3252 hoc
2699 3207 2753 3254 et
2791 3207 2847 3254 tu
2881 3197 3023 3254 vires
3053 3199 3412 3272 intelligentia:
3440 3211 3544 3256 tua:

1962 3287 2165 3356 nescis,
2199 3289 2288 3360 qui
2316 3297 2518 3344 natura:
2551 3298 2653 3344 tua:
2679 3289 2954 3345 scientiam
2979 3291 3271 3362 profiteris,
3301 3307 3399 3348 nec
3427 3308 3544 3349 me-

1961 3392 2082 3432 cum
2109 3377 2425 3452 ignrantiam
2454 3377 2745 3435 confiteris.
2772 3377 2912 3446 Quid
2938 3380 3110 3436 dicam
3139 3383 3208 3438 de
3236 3381 3508 3440 voluntate
3527 3425 3546 3451 ,

1963 3469 2051 3523 ubi
2107 3480 2253 3526 certe
2293 3470 2519 3526 liberum
2566 3485 2596 3525 a
2635 3469 2790 3526 nobis
2846 3469 3168 3542 praedicatur
3223 3473 3547 3530 arbitrium?

1962 3561 2167 3633 Nempe
2195 3561 2532 3617 beatissimus
2553 3561 2826 3632 apostolus
2856 3563 3046 3620 Petrus
3075 3565 3284 3621 volebat
3310 3581 3406 3639 pro
3435 3567 3542 3622 Do-

1963 3651 2110 3707 mino
2133 3651 2362 3706 animam
2386 3665 2582 3721 ponere
2602 3650 2778 3726 (Joan.
2802 3667 2918 3720 xm,
2951 3652 3045 3728 57)
3078 3671 3092 3707 :
3122 3655 3280 3725 plane
3302 3655 3542 3723 volebat;

1963 3758 2136 3814 neque
2159 3743 2300 3798 enim
2331 3743 2496 3798 Deum
2539 3743 2591 3798 id
2620 3742 2918 3812 pollicendo
2964 3743 3176 3800 fallebat
3204 3763 3218 3799 :
3249 3747 3343 3802 sed
3371 3762 3542 3818 quan-

1963 3845 2044 3892 tas
2091 3834 2232 3890 vires
2270 3835 2526 3901 haberet,
2555 3835 2800 3892 voluntas
2851 3837 2962 3906 ipsa
2993 3837 3280 3893 nesciebat.
3315 3837 3544 3894 Proinde

1963 3927 2044 3980 vir
2071 3934 2282 3990 tantus,
2313 3926 2402 3998 qui
2445 3925 2639 3982 Filium
2679 3927 2774 3982 Dei
2800 3941 2918 3984 esse
2942 3937 3296 3998 cognoverat,
3327 3943 3384 3984 se
3414 3929 3543 3984 latc-

1963 4015 2072 4070 bat.
2118 4015 2326 4072 Scimus
2374 4031 2474 4072 nos
2517 4016 2695 4088 itaque
2736 4017 2934 4091 aliquid
2982 4019 3148 4082 velle,
3205 4035 3298 4073 seu
3355 4019 3539 4074 nolle:

1963 4106 2056 4161 sed
2084 4108 2326 4162 voluntas
2370 4117 2552 4162 nostra
2590 4109 2754 4162 etiam
2783 4124 2903 4164 cum
2944 4109 3080 4164 bona
3127 4120 3240 4176 est,
3286 4119 3540 4180 quantum

1964 4197 2169 4264 valeat,
2215 4208 2442 4268 quantas
2483 4197 2625 4252 vires
2664 4196 2884 4262 habeat,
2930 4198 3121 4268 quibus
3162 4199 3541 4254 tentatinnibus

1963 4291 2150 4356 cedat,
2195 4290 2454 4361 quibusve
2477 4304 2580 4344 non
2623 4285 2809 4358 cedat,
2839 4288 2882 4344 si
2915 4304 3012 4350 nos
3042 4304 3146 4344 non
3175 4287 3400 4348 fallimus
3425 4332 3438 4356 ,
3469 4292 3549 4346 fili

1963 4381 2156 4456 dilecte
2175 4423 2188 4444 ,
2218 4381 2501 4436 nescimus.

2035 4470 2258 4529 CAPUT
2308 4471 2440 4527 Vili.
2470 4499 2545 4513 —-
2575 4471 2660 4528 12.
2707 4471 2840 4528 Vide
2869 4473 3027 4546 igitur
3053 4490 3210 4544 quam
3241 4475 3406 4532 multa
3435 4491 3540 4532 non

1963 4563 2249 4632 praeterita,
2280 4562 2375 4618 sed
2397 4555 2702 4634 'przesentia
2745 4563 2815 4620 de
2839 4573 3024 4620 natura
3062 4575 3275 4634 nostra,
3307 4583 3405 4624 nec
3428 4577 3541 4625 lano

1931 4663 2074 4730 tum
2114 4653 2254 4726 quod
2307 4654 2374 4712 ad
2418 4670 2645 4726 corpus,
2693 4672 2880 4713 verum
2920 4659 3080 4714 etiam
3121 4660 3261 4730 quod
3300 4660 3366 4715 ad
3407 4661 3545 4718 inte-

1959 4746 2156 4801 riorem
2214 4745 2484 4802 hominem
2533 4747 2764 4817 pertinet
2805 4749 3147 4818 ignoremus,
3204 4765 3301 4806 nec
3367 4761 3542 4806 tamen

1964 4837 2244 4907 pecoribus
2261 4851 2652 4908 comparemur.
2681 4837 2749 4892 Et
2779 4846 2856 4905 tu,
2885 4837 3006 4910 quia
3031 4840 3348 4909 pra‘tcritam
3379 4841 3541 4911 origi-

1962 4943 2084 4983 nem
2114 4928 2306 4984 anima:
2331 4943 2466 4984 mea:
2501 4943 2614 4983 non
2638 4927 2856 4984 omnino
2879 4929 3060 4984 nescio
3081 4971 3096 4996 ,
3129 4929 3223 4985 scd
3251 4943 3355 4983 non
3385 4930 3542 5000 plene

1961 5021 2103 5085 scio;
2135 5035 2258 5074 nam
2302 5020 2414 5076 scio
2457 5018 2586 5075 mihi
2633 5018 2811 5076 datam
2847 5035 2966 5077 esse
3001 5035 3028 5074 a
3057 5020 3198 5085 Deo,
3229 5034 3327 5076 nec
3366 5030 3539 5077 tamen

1961 5126 2080 5166 esse
2102 5111 2168 5168 de
2210 5111 2350 5179 Deo;
2395 5120 2541 5166 tanto
2578 5126 2667 5169 me
2691 5111 2932 5168 convicio
2978 5111 3193 5182 dignum
3234 5112 3448 5194 putasti.
3477 5113 3544 5169 Et

1930 5202 2176 5272 quando
2201 5215 2416 5272 possum
2441 5201 2511 5258 de
2553 5210 2739 5258 natura
2779 5201 2996 5272 spiritus
3020 5210 3073 5256 et
3115 5202 3304 5256 anima:
3345 5212 3545 5261 nostra

1961 5307 2382 5350 commemorare
2432 5293 2610 5349 omnia
2671 5308 2790 5364 qua:
2842 5293 3149 5348 nescimus?
3200 5292 3300 5350 Ubi
3365 5295 3543 5364 potius

1960 5386 2260 5442 exclamare
2299 5385 2558 5440 debemus
2585 5383 2652 5440 ad
2693 5384 2890 5450 Deum,
2936 5382 3078 5456 quod
3109 5383 3196 5440 ille
3221 5384 3544 5442 exclamavit

1961 5477 2012 5532 in
2043 5477 2254 5532 Psalmo
2285 5491 2299 5528 :
2330 5473 2610 5545 Miriﬁcata
2632 5483 2708 5530 est
2742 5474 2951 5530 scientia
2969 5483 3058 5529 tua
3079 5491 3142 5530 ea:
3171 5491 3284 5543 me;
3308 5476 3539 5543 irtvnluit,
3613 5489 3618 5493 ‘

2023 5613 2038 5643 ι
2075 5610 2190 5659 mliti
2209 5606 2358 5670 :ouid
2373 5613 2445 5660 est
2466 5619 2581 5680 ergo
2601 5607 2728 5680 quod
2751 5606 3024 5680 nescimus?
3045 5607 3545 5680 Quompdqsubtraltir

1957 5682 2410 5736 murnegamurquc
2431 5669 2580 5736 nobis.
2616 5669 2788 5736 Itaque
2823 5669 2997 5731 nescio,
3041 5678 3137 5736 etc.
3177 5671 3374 5736 Quidam
3417 5680 3538 5736 uss;

1958 5730 2079 5791 Quid
2103 5730 2170 5781 es't
2191 5743 2305 5806 ergo
2327 5730 2453 5806 Quod
2476 5743 2570 5797 nqn
2585 5730 2749 5785 sumus
2767 5731 2894 5784 ?etc.
2906 5733 3228 5784 l’mendantur
3245 5732 3304 5782 ad
3321 5735 3538 5781 vetustis-

1959 5807 2130 5845 simum
2155 5793 2366 5844 codicem
2388 5793 2777 5846 Germanensem.
