4034 6182
372 319 468 375 δδῑ

371 452 474 490 non
495 442 666 504 potero
694 430 762 484 ad
785 427 925 482 illam
952 421 1106 495 (Psal
1129 433 1394 482 cxxxvm,
1425 413 1522 489 6).
1548 411 1654 470 Cur
1680 410 1832 504 enim.
1849 405 1943 460 ad-

373 497 518 598 jecit,
545 539 608 578 ea:
633 537 730 586 me,
761 518 864 574 nisi
887 517 1011 587 quia
1033 528 1102 569 ex
1128 525 1189 567 se
1213 509 1332 580 ipso
1359 521 1516 580 quam
1543 497 1954 572 incomprehen-

377 589 546 672 sibilis
589 619 732 670 esset
769 609 864 665 Dei
894 604 1116 664 scientia
1145 601 1462 672 conjiciebat
1485 641 1502 668 ,
1528 589 1958 668 quandoquidem

377 721 440 763 se
477 707 652 776 ipsum
693 695 1148 770 contprehendere
1186 708 1292 749 non
1337 687 1578 745 valebat?
1637 681 1962 754 Rapiebatur

381 771 669 868 Apostolus
698 793 750 848 in
796 790 1010 846 tertium
1039 786 1274 848 coetum,
1303 791 1356 838 et
1382 779 1631 836 audiebat
1677 771 1962 830 inellabilia

381 890 541 946 verba
560 929 576 954 ,
603 901 722 957 quae
748 901 854 940 non
882 883 1006 938 licet
1038 875 1246 935 homini
1268 873 1432 946 loqui,
1461 881 1517 928 et
1543 879 1722 928 utrum
1758 868 1814 926 in
1837 879 1961 920 cor-

385 995 516 1052 pore
539 955 642 1033 hoc
669 975 746 1030 illi
765 973 1066 1036 accidisset,
1083 983 1148 1023 an
1169 977 1316 1024 extra
1342 977 1556 1034 corpus,
1577 959 1784 1016 nescire
1806 971 1864 1012 sc
1885 955 1966 1008 di-

386 1047 455 1123 cit
484 1067 560 1142 (ll
598 1066 829 1130 Cor.xu,
855 1062 1023 1132 2-5),
1059 1073 1160 1118 nec
1197 1073 1228 1112 a
1271 1067 1324 1114 te
1360 1051 1659 1124 comparari
1686 1047 1966 1142 pecoribus

390 1136 738 1230 p:riimescit.
788 1151 1006 1208 Sciebat
1056 1163 1116 1204 se
1157 1146 1375 1218 spiritus
1411 1143 1528 1214 ejus
1569 1140 1770 1196 essein
1813 1136 1969 1192 tertio

395 1229 550 1316 italo,
587 1260 711 1302 esse
752 1247 806 1298 in
849 1241 1132 1313 paradiso,
1165 1246 1219 1292 ct
1244 1245 1420 1291 utrum
1471 1239 1615 1288 esset
1663 1229 1715 1284 in
1744 1240 1973 1298 corpore

394 1340 684 1398 nesciebat.
712 1336 783 1394 Et
819 1335 999 1404 utique
1027 1331 1239 1388 tertium
1265 1327 1460 1383 caelum
1489 1334 1538 1379 et
1567 1321 1842 1395 paradisus
1865 1333 1972 1374 non

335 1423 342 1430 ’
393 1441 510 1486 erat
530 1432 644 1503 ipse
663 1426 935 1503 apostolus
957 1423 1182 1486 Paulus;
1207 1433 1400 1488 corpus
1421 1415 1552 1470 vero
1571 1413 1688 1484 ejus
1717 1419 1772 1468 et
1795 1411 1972 1465 anima

394 1534 556 1594 alque
597 1521 820 1592 spiritus
876 1517 992 1586 ejus
1044 1513 1160 1583 ipse
1202 1517 1338 1566 erat.
1401 1506 1543 1564 Ecce
1593 1503 1794 1561 sciebat
1857 1515 1976 1556 ma-

395 1592 519 1688 gna,
569 1613 671 1668 alta
725 1620 884 1680 atque
921 1606 1097 1662 divina
1119 1645 1136 1670 ,
1163 1617 1286 1674 quae
1324 1601 1440 1670 ipse
1480 1611 1586 1653 non
1614 1603 1764 1660 erat;
1795 1602 1850 1649 et
1874 1592 1978 1646 hoc

401 1681 696 1768 nesciebat,
732 1699 874 1770 quod
921 1695 987 1752 ad
1030 1689 1270 1749 natu‘ram
1315 1690 1480 1761 ipsius
1505 1684 1820 1759 pertinebat.
1849 1681 1980 1749 Quis

401 1796 453 1848 in
486 1803 631 1847 tanta
659 1789 988 1846 occultarum
1015 1797 1194 1840 rerum
1210 1780 1453 1842 scientia,
1483 1785 1684 1832 tantam
1711 1774 1790 1830 sui
1814 1772 1982 1843 ipsius

400 1881 753 1954 ignorantiam
793 1895 900 1934 non
936 1873 1184 1932 miretur?
1208 1873 1338 1942 Quis
1375 1878 1648 1944 postremo
1707 1865 1980 1933 crederet,

403 1975 504 2032 nisi
519 1973 610 2044 qui
628 1987 734 2028 non
746 1969 885 2026 fallit
898 1969 1000 2023 hoc
1016 1961 1400 2028 diceretzouid
1429 1975 1648 2024 oremus,
1675 1957 1805 2044 sicut
1835 1970 1986 2026 apor-

405 2075 491 2132 tet,
521 2039 766 2120 nescimus
786 2063 812 2117 .9
833 2060 930 2118 Ubi
957 2073 1077 2115 esse
1102 2066 1283 2112 nostra
1305 2052 1536 2107 maxime
1555 2039 1715 2105 debet
1735 2045 1983 2109 intentio,

404 2165 467 2213 ut
481 2171 578 2211 nos
598 2155 650 2210 in
667 2169 730 2210 ea
756 2168 872 2224 quae
899 2159 1024 2206 ante
1047 2156 1172 2205 sunt
1193 2143 1541 2203 extendamus
1561 2149 1644 2196 :et
1660 2155 1765 2205 me,
1781 2139 1826 2192 si
1845 2138 1895 2191 in
1909 2136 1988 2192 eis

406 2261 525 2318 quae
549 2256 694 2301 retro
719 2251 870 2305 sunt.
891 2239 1083 2312 aliquid
1103 2238 1172 2295 de
1214 2251 1332 2294 mea
1358 2233 1564 2304 origine
1609 2231 1802 2286 oblitus
1829 2242 1984 2293 sum,

411 2337 695 2410 pecoribus
718 2349 996 2404 comparas
1014 2373 1029 2397 ,
1059 2345 1180 2387 cum
1211 2328 1393 2382 audias
1416 2323 1664 2382 eumdem
1691 2321 1988 2392 apostolum

409 2427 706 2490 dicentem,
726 2423 855 2492 Quae
868 2432 1000 2478 retro
1019 2420 1220 2484 oblitus,
1245 2419 1299 2472 in
1329 2433 1388 2472 ea
1415 2430 1528 2489 qua
1546 2423 1662 2468 ante
1681 2422 1798 2468 sunt
1820 2420 1995 2466 exten-

411 2527 494 2571 tus
510 2555 528 2584 ,
555 2513 830 2571 secundum
854 2511 1178 2567 intentionem
1211 2523 1390 2578 sequor
1411 2505 1480 2559 ad
1518 2505 1740 2574 palmam
1764 2515 1996 2570 superna!

411 2607 683 2670 rogationis
701 2605 795 2660 Dei
815 2609 868 2659 in
887 2602 1087 2660 Christo
1109 2601 1234 2656 Iesu
1260 2597 1516 2669 (Philipp.
1554 2596 1734 2663 "1,13,
1759 2591 1848 2666 Η)
1864 2593 1890 2647 ?

482 2696 828 2770 CAPU'LIX.
849 2725 922 2736 —
946 2695 1032 2752 15.
1064 2693 1145 2750 An
1187 2690 1324 2746 forte
1351 2689 1511 2745 etiam
1551 2685 1656 2742 hoc
1694 2685 1816 2756 quia
1844 2682 1992 2751 dixi,

421 2789 560 2860 Quid
583 2805 804 2856 oremus,
829 2787 957 2842 sicut
983 2791 1202 2854 oportet,
1224 2781 1512 2844 nescimus;
1553 2775 1882 2834 irridendum
1911 2791 1996 2830 me

415 2879 726 2946 arbitraris,
772 2885 828 2932 et
875 2873 1271 2932 irrationalibus
1340 2871 1568 2927 similem
1638 2865 1998 2923 animantibus

414 2969 660 3042 judicas?
687 2968 758 3026 Et
797 2967 933 3023 forte
957 2964 1306 3022 tolerabilius.
1335 2961 1470 3018 Cum
1498 2961 1640 3017 enim
1662 2967 1811 3015 recto
1835 2971 1998 3013 sano-

420 3075 526 3130 que
547 3048 745 3130 judicio
789 3057 963 3112 futura
991 3064 1172 3112 nostra
1203 3052 1488 3125 prmteritis
1529 3049 1879 3121 praeferamus
1901 3088 1916 3112 ,
1945 3056 2002 3102 et

420 3149 597 3206 oratio
638 3149 791 3204 nobis
828 3163 936 3206 non
977 3153 1194 3216 propter
1223 3142 1362 3215 quod
1392 3142 1586 3196 fuimus
1612 3181 1626 3204 ,
1655 3139 1751 3195 sed
1785 3147 2000 3208 propter

421 3238 563 3310 quod
592 3238 792 3294 erimus
818 3237 888 3290 sit
931 3233 1230 3290 necessaria
1256 3273 1270 3297 ,
1302 3232 1470 3287 multo
1499 3218 1582 3284 est
1609 3229 1790 3299 utique
1830 3228 2000 3282 mole-

422 3331 558 3384 stius
605 3327 814 3384 nescire
863 3324 991 3396 quid
1042 3337 1297 3388 oremus,
1343 3335 1504 3391 quam
1549 3317 1997 3390 quemadmodum

423 3421 594 3476 exorti
621 3419 894 3474 fuerimus.
932 3415 1038 3472 Sed
1067 3414 1242 3470 veniat
1285 3415 1378 3468 tibi
1409 3414 1462 3468 in
1497 3421 1729 3468 mentem
1770 3411 1858 3467 ubi
1903 3411 2004 3466 hoc

425 3511 637 3588 legeris,
663 3508 750 3568 vel
772 3506 1052 3578 relegendo
1075 3505 1249 3562 recole
1279 3521 1292 3558 ι
1314 3514 1368 3560 et
1389 3505 1494 3558 noli
1517 3505 1569 3558 in
1587 3519 1673 3558 me
1693 3502 1848 3571 hujus
1874 3517 2005 3558 con-

426 3603 546 3658 vicii
570 3600 802 3672 lapidem
825 3599 1006 3670 jacere
1031 3614 1048 3662 ;
1080 3614 1145 3651 ne
1164 3596 1232 3652 ad
1257 3611 1414 3668 quem
1439 3611 1543 3650 non
1573 3594 1687 3672 vis,
1703 3591 2002 3664 perveniat.

429 3696 521 3750 Ille
543 3658 656 3765 ipse
675 3658 870 3764 quippe
893 3658 1080 3748 doctor
1095 3658 1346 3748 Gentium
1369 3658 1836 3758 Apostolus’dixit’,
1869 3684 2007 3753 Quid

426 3785 558 3842 enim
581 3801 796 3850 oremus,
825 3783 954 3838 sicut
994 3787 1230 3852 Oportet,
1256 3777 1523 3832 nescimus.
1553 3775 1706 3844 Quod
1745 3791 1848 3829 non
1888 3784 2006 3828 tan-

427 3887 539 3930 tum
587 3875 752 3930 verbo
805 3873 1026 3938 docuit,
1075 3867 1172 3925 sed
1214 3883 1312 3923 suo
1353 3881 1567 3937 quoque
1621 3864 2012 3920 demonstravit

427 3966 698 4036 exemplo.
720 3964 853 4020 Nam
875 3971 1060 4018 contra
1093 3959 1374 4016 utilitatem
1411 3966 1464 4013 et
1492 3955 1678 4011 salutis
1701 3969 1810 4009 sua:
1833 3953 2008 4024 perfe-

427 4059 660 4112 ctionem
687 4055 931 4114 nesciens
959 4052 1150 4108 orabat
1169 4059 1224 4106 ut
1245 4047 1546 4104 discederet
1569 4047 1636 4101 ab
1657 4061 1726 4102 eo
1752 4045 2002 4102 stimulus

431 4149 631 4212 carnis,
664 4161 819 4217 quem
847 4144 950 4199 sibi
969 4144 1149 4198 datum
1184 4141 1352 4207 dixit,
1385 4154 1452 4196 ne
1473 4137 1835 4208 magnitudine
1859 4152 2014 4193 reve-

433 4233 692 4286 latiouum
737 4244 951 4284 suarum
990 4227 1352 4283 extolleretur.
1381 4223 1451 4278 Et
1494 4223 1614 4293 quia
1645 4223 1796 4277 illum
1827 4222 2012 4276 Domi-

433 4337 534 4377 nus
583 4321 852 4392 diligebat,
903 4335 1009 4374 non
1059 4318 1186 4374 fecit
1244 4316 1385 4387 quod
1445 4316 1752 4386 ignoranter
1801 4313 2016 4384 petebat

433 4413 508 4468 ιιι
529 4413 648 4468 Cor.
681 4427 776 4476 xu,
805 4407 954 4482 7-9).
983 4409 1090 4464 Sed
1117 4419 1294 4465 tamen
1315 4407 1405 4464 ubi
1441 4408 1549 4471 ait,
1581 4407 1719 4472 Quid
1740 4406 1872 4460 enim
1895 4421 2014 4460 ore-

432 4519 566 4564 mus,
595 4503 722 4556 sicut
751 4509 966 4572 oportet,
993 4501 1280 4564 nescimus;
1305 4515 1427 4554 mox
1456 4497 1696 4568 adjumit
1723 4539 1740 4565 ,
1775 4497 1882 4554 Sed
1907 4499 2017 4569 ipse

438 4592 664 4660 .‘s‘piritus
685 4592 975 4657 interpellat
999 4607 1090 4662 pro
1111 4590 1252 4645 nobis
1276 4589 1539 4662 gemitibus
1566 4590 2014 4646 inenarrabilibtts.

440 4682 543 4749 Qui
570 4693 735 4736 autem
762 4689 1018 4736 scrutatur
1056 4679 1210 4734 corda
1235 4721 1250 4746 ,
1279 4681 1371 4736 scit
1402 4680 1524 4751 quid
1552 4678 1778 4750 Spiritus
1819 4681 2014 4752 sapiat,

436 4776 553 4844 quia
573 4775 845 4830 secundum
868 4772 1030 4828 Deum
1051 4773 1335 4845 interpellat
1364 4790 1457 4844 pro
1481 4775 1665 4828 sanctis
1693 4774 1870 4846 (Rom.
1897 4788 2016 4843 Vttt,

437 4869 526 4935 26,
559 4865 650 4941 Ἦ)
671 4883 687 4933 ;
711 4867 761 4922 id
783 4873 891 4934 est,
916 4865 1256 4936 interpellare
1272 4874 1484 4922 sanctos
1527 4865 1672 4922 facit.
1717 4867 1808 4923 Ille
1838 4868 2020 4938 utique

439 4959 683 5028 Spiritus,
713 4973 870 5029 quem
901 4955 1040 5012 Deus
1060 4956 1193 5011 misit
1219 4956 1271 5010 in
1291 4956 1444 5011 corda
1471 4967 1667 5026 nostra,
1693 4958 2018 5026 clamantem,

441 5050 600 5116 Abba,
633 5049 789 5104 Pater
815 5047 1014 5120 (Galat.
1035 5064 1106 5114 tv,
1133 5047 1188 5117 6)
1213 5065 1229 5114 ;
1256 5056 1311 5103 et
1335 5049 1386 5102 in
1409 5063 1508 5116 quo
1533 5049 1833 5114 clamamus,
1854 5049 2017 5114 Abba,

452 5143 636 5214 Pater(
661 5141 812 5198 Rom.
847 5157 978 5208 vtu,
1011 5139 1112 5214 l5)
1144 5156 1158 5193 :
1191 5148 1476 5210 utrumque
1520 5155 1661 5194 eunn
1693 5139 1929 5206 dictum,
1961 5152 2015 5196 ct

441 5232 714 5302 accepisse
762 5245 861 5289 nos
904 5231 1160 5300 Spiritum
1208 5230 1544 5296 clamantem,
1600 5230 1778 5298 Abba,
1827 5229 2020 5296 Pater;

441 5333 493 5376 εἰ
516 5321 568 5376 in
598 5338 695 5393 quo
709 5322 1010 5388 clamamus,
1029 5321 1188 5388 Abba,
1213 5319 1403 5388 Pater;
1426 5329 1483 5374 ut
1509 5331 1864 5390 exponeretur
1882 5337 2020 5392 quo-

443 5411 599 5464 modo
619 5409 752 5467 dixit
773 5410 1072 5466 clamantem
1093 5451 1106 5474 ,
1135 5410 1239 5471 hoc
1261 5420 1362 5476 est,
1390 5410 1621 5466 clamare
1647 5410 1942 5473 facientem,
1967 5420 2024 5466 ut

443 5503 559 5571 ipso
579 5499 802 5558 faciente
822 5501 1136 5558 clamemus.
1155 5501 1351 5556 Doceat
1367 5515 1494 5572 ergo
1515 5509 1568 5557 et
1586 5499 1689 5555 hoc
1709 5516 1795 5558 me
1811 5499 2023 5572 quando

443 5593 689 5656 voluerit,
709 5593 755 5646 si
777 5591 878 5647 hoe
897 5593 1028 5648 mihi
1048 5591 1300 5664 expedire
1321 5593 1486 5661 novit,
1503 5601 1562 5647 ut
1575 5593 1738 5647 sciam
1770 5592 1910 5648 unde
1937 5607 2022 5648 se-

443 5684 672 5740 cundum
695 5683 924 5738 animam
940 5683 1199 5752 originem
1225 5683 1437 5740 ducam.
1457 5683 1562 5742 Sed
1585 5685 1674 5742 ille
1691 5685 1792 5742 hoc
1815 5703 1896 5736 mc
1923 5687 2020 5737 do-

1235 306 1323 362 DE
1361 301 1570 358 ANIMA
1615 297 1699 352 ΕΤ
1741 291 1901 350 Ειυε
1940 287 2239 350 ORIGINE.
2279 287 2336 347 S.
2381 280 2747 343 AUGUSTI!“

3534 274 3643 330 δοκι

2063 409 2179 457 ceat
2192 398 2441 470 Spit-itus,
2457 397 2545 468 qui
2567 391 2895 450 altitudinem
2908 393 2925 424 ⁸
2944 391 3038 446 Dei
3058 397 3348 456 scrutatur;
3364 403 3467 444 non
3483 389 3647 444 homo

2062 491 2152 565 qui
2169 491 2410 562 spiritum
2439 487 2629 556 nescit,
2651 484 2794 541 unde
2816 491 2936 540 uter
2960 480 3194 538 inﬂatur.
3223 480 3376 538 Absit
3399 490 3572 537 tamen
3591 486 3647 536 ut

2063 599 2164 656 ego
2188 583 2312 638 hinc
2330 591 2385 639 te
2411 580 2692 654 pecoribus
2713 591 3039 648 comparem.
3064 575 3182 632 Non
3209 575 3354 632 enim
3383 575 3505 642 hoc,
3525 576 3650 648 quia

2067 692 2173 732 non
2201 685 2432 746 poteras,
2463 673 2558 730 sed
2586 671 2711 744 quia
2739 686 2842 726 non
2871 667 3524 736 adverteras,.nesciebas.

2138 765 2363 822 CAPUT
2416 763 2485 820 Χ.
2529 793 2604 806 -
2634 762 2721 818 ιι.
2763 761 2962 817 Verum
3009 769 3066 814 tu
3119 759 3365 824 fortasse,
3412 757 3654 830 quamvis

2069 859 2260 914 altiora
2289 859 2396 913 sint
2419 898 2438 925 ,
2463 871 2582 928 qua:
2617 855 2684 910 de
2708 855 3004 909 animarum
3032 851 3238 928 origine
3268 849 3648 922 requiruntur.

2071 964 2232 1020 quam
2263 957 2345 1003 est
2373 925 2515 1002 unde
2541 945 2788 1000 ducimus
2816 951 2872 998 et
2916 925 3190 998 reddimus
3234 941 3448 1006 flatum;
3475 950 3654 994 tamen

2071 1043 2258 1098 eadem
2287 1040 2473 1097 altiora
2498 1039 2568 1094 de
2595 1037 2886 1108 Scripturis
2914 1034 3112 1090 sanctis
3152 1042 3203 1088 te
3247 1031 3499 1089 didicisse
3523 1046 3656 1089 cou-

2077 1135 2214 1198 lldis.
2237 1133 2306 1190 de
2333 1132 2526 1204 quibus
2552 1147 2646 1202 per
2672 1130 2829 1184 fidem
2861 1127 3142 1183 didicimus
3165 1167 3180 1191 ,
3207 1141 3328 1198 quae
3353 1126 3496 1180 nulla
3526 1139 3626 1196 pos
3649 1153 3656 1159 -

2077 1225 2237 1280 sent’
2268 1222 2498 1278 humana
2526 1219 2737 1292 ingenia
2781 1218 3066 1288 vestigare.
3093 1215 3223 1271 Nam
3271 1216 3428 1286 longe
3474 1216 3662 1284 utique

2076 1314 2415 1386 pnrslantius
2439 1319 2542 1378 est,
2573 1323 2731 1366 nosse
2759 1317 3179 1363 resurrecturam
3207 1319 3422 1360 carnem
3447 1293 3520 1360 at?
3539 1304 3658 1359 sine

2081 1409 2185 1462 tiue
2210 1405 2487 1469 victuram,
2509 1417 2668 1473 quam
2691 1397 2948 1470 quidquid
2976 1399 3028 1452 in
3054 1412 3116 1454 ea
3144 1397 3334 1451 medici
3365 1397 3655 1451 scrutando

2081 1499 2288 1554 discere
2318 1501 2624 1567 potuerunt,
2660 1491 2800 1564 quod
2835 1490 2980 1544 nullo
3006 1505 3167 1544 sensu
3203 1489 3380 1544 anima
3408 1485 3658 1558 percipit,

2083 1607 2204 1646 cum
2251 1589 2532 1660 praesentia
2575 1601 2671 1641 sua
2713 1589 2922 1654 vegetet
2969 1591 3160 1636 cuncta
3200 1597 3320 1651 qua:
3369 1580 3579 1635 nescit:
3607 1587 3662 1634 ct

2085 1682 2242 1753 longe
2267 1690 2346 1737 est
2362 1679 2571 1744 melius,
2591 1689 2750 1731 nosse
2769 1673 3022 1738 animam,
3040 1689 3159 1741 quin
3179 1672 3232 1726 in
3253 1671 3464 1726 Christo
3480 1677 3664 1726 renata

2087 1784 2140 1828 et
2170 1780 2416 1828 renovata
2443 1769 2622 1835 fuerit,
2649 1768 2702 1822 in
2720 1775 2978 1822 :eternutn
3008 1764 3217 1819 beatam
3235 1762 3486 1824 futuram,
3505 1775 3662 1830 quam

2089 1863 2341 1936 quidquid
2382 1861 2449 1917 dc
2477 1861 2620 1916 illius
2649 1857 2902 1914 memoria
2936 1897 2952 1922 ,
2982 1853 3328 1926 intelligentia
3354 1893 3370 1920 ,
3394 1852 3668 1908 voluntate

2091 1955 2378 2009 nescimus.
2428 1952 2552 2006 lltcc
2595 1958 2773 2004 autem
2815 1962 2932 2018 qua:
2961 1945 3070 2002 dixi
3109 1943 3478 2015 przcstantiora
3507 1952 3667 2012 atque

2091 2044 2333 2110 meliora,
2379 2041 2526 2096 nullo
2572 2039 2733 2094 modo
2773 2051 2933 2094 nosse
2978 2036 3298 2101 valcremus,
3335 2034 3433 2088 nisi
3477 2031 3671 2088 divinis

2093 2135 2436 2191 crederemus
2460 2131 2707 2203 eloquiis.
2733 2130 2827 2186 llis
2865 2143 2993 2200 ergo
3022 2125 3248 2196 eloquiis
3276 2125 3441 2180 fidere
3481 2133 3532 2178 te
3560 2121 3676 2178 for-

2095 2227 2252 2282 tassis
2281 2226 2577 2292 existimas,
2598 2238 2666 2278 ne
2689 2222 2759 2280 de
2785 2223 2988 2291 origine
3017 2219 3313 2274 animarum
3356 2215 3675 2272 sententiam

2094 2320 2366 2378 deﬁnitam
2396 2319 2634 2390 proferre
2677 2317 2965 2373 cuncteris.
2998 2314 3232 2368 Primum
3262 2312 3307 2368 si
3356 2312 3425 2366 ita
3451 2320 3596 2365 esset
3627 2309 3676 2376 ⁸,

2099 2429 2203 2466 non
2229 2412 2328 2484 ipsi
2351 2412 2598 2466 humana:
2637 2417 2840 2463 naturzc
2863 2407 3099 2461 tribuere
3127 2404 3378 2469 debuisti,
3410 2401 3549 2472 quod
3573 2402 3679 2456 scit

2099 2502 2261 2558 homo
2287 2501 2354 2557 de
2379 2516 2475 2558 sua
2500 2499 2755 2569 qualitate
2780 2507 2938 2568 atque
2969 2506 3154 2551 natura
3195 2495 3494 2566 disquirere
3521 2502 3684 2562 atque

2098 2579 2383 2659 disserere,
2405 2591 2498 2648 sed
2531 2591 2624 2646 Dei
2659 2591 2887 2645 muneri.
2919 2587 3102 2643 Dixisti
3133 2586 3274 2641 enim
3301 2628 3317 2652 ,
3351 2586 3484 2651 Quid
3509 2583 3684 2652 diﬁ'ert

2101 2689 2249 2742 homo
2286 2704 2318 2741 a
2357 2702 2530 2758 pecore
2557 2727 2574 2752 ,
2624 2685 2668 2740 si
2730 2685 2824 2739 hoc
2883 2682 3040 2738 nescit
3083 2681 3110 2736 Ρ
3159 2678 3295 2748 Quid
3345 2679 3502 2747 igitur
3545 2692 3684 2748 opus

2101 2788 2184 2836 cst
2237 2777 2433 2848 aliquid
2487 2777 2704 2846 legere,
2758 2782 2817 2829 ut
2863 2773 2967 2828 hoc
3019 2773 3290 2836 sciamus,
3351 2771 3394 2825 si
3445 2784 3511 2824 eo
3563 2769 3684 2840 ipso

2100 2885 2207 2942 quo
2251 2884 2281 2926 a
2332 2883 2526 2940 pecore
2552 2867 2837 2930 distamus,
2887 2864 2993 2935 jam
3044 2863 3146 2918 hoc
3188 2861 3328 2917 scire
3373 2861 3630 2916 debemus
3656 2859 3684 2914 τ

2103 2961 2250 3017 Sicut
2271 2961 2412 3016 enim
2443 2959 2571 3014 nihil
2596 2958 2723 3012 mihi
2752 2956 2884 3026 legis
2908 2965 2966 3011 ut
2991 2971 3075 3008 tne
3095 2955 3273 3009 vivere
3305 2954 3492 3016 sciam,
3521 2951 3684 3005 habet

2104 3053 2246 3108 enim
2279 3060 2465 3106 natura
2508 3065 2628 3106 mea
2655 3061 2712 3103 ut
2739 3049 2838 3102 hoc
2875 3048 3086 3102 nescire
3117 3059 3220 3099 non
3258 3043 3456 3114 possim
3492 3059 3505 3094 :
3539 3042 3609 3094 ita
3637 3041 3687 3096 si

2105 3153 2160 3201 et
2186 3145 2312 3199 illud
2339 3145 2477 3198 scire
2517 3152 2720 3197 natura:
2747 3149 2850 3206 est,
2881 3154 2976 3195 cur
2997 3138 3124 3193 mihi
3154 3139 3222 3193 de
3254 3137 3352 3192 hac
3382 3151 3442 3192 re
3474 3134 3688 3206 profers

2109 3239 2303 3310 quibus
2336 3237 2550 3294 credam
2591 3236 2893 3291 testimonia
2933 3231 3373 3302 Scripturarnm?
3422 3231 3688 3300 Numquid

2107 3331 2204 3385 soli
2235 3331 2433 3386 distant
2457 3345 2486 3383 a
2517 3343 2711 3398 pecore
2739 3327 2826 3397 qui
2851 3341 2943 3382 eas
2965 3325 3185 3396 legunt?
3213 3323 3400 3378 Nonne
3426 3323 3498 3378 ita
3521 3323 3690 3378 creati

2108 3437 2314 3488 sumus,
2366 3429 2425 3474 ut
2477 3420 2736 3475 distamus
2777 3433 2805 3472 a
2848 3419 3150 3489 pecoribus,
3200 3427 3254 3471 et
3297 3423 3576 3485 antequam
3619 3413 3691 3468 ad

2109 3514 2314 3584 aliquas
2341 3513 2546 3566 litteras
2587 3510 2864 3580 pervenire
2892 3506 3194 3578 possimus?
3221 3505 3362 3576 Quid
3388 3515 3468 3560 est
3495 3519 3684 3576 quzeso

2108 3601 2252 3673 quod
2291 3609 2494 3655 tantum
2523 3609 2725 3654 natura:
2766 3609 2963 3652 nostra!
2991 3611 3225 3668 arrogas,
3259 3605 3320 3650 ut
3357 3612 3422 3650 eo
3449 3595 3562 3666 ipso
3583 3610 3694 3665 quo

2111 3694 2274 3751 distat
2298 3711 2326 3750 a
2347 3710 2562 3766 pecore,
2579 3694 2686 3764 jam
2705 3693 2846 3748 norit
2867 3693 2934 3748 de
2957 3691 3164 3763 origine
3183 3693 3479 3746 animarum
3499 3691 3695 3760 disqui-

2114 3801 2234 3841 rere
2275 3771 2434 3855 atque
2469 3785 2764 3846 disserere;
2803 3794 2856 3840 et
2885 3797 3071 3838 rursus
3103 3797 3221 3837 eam
3275 3781 3353 3836 sic
3377 3780 3510 3836 facis
3539 3781 3698 3851 hujus

2112 3876 2432 3946 cognitionis
2450 3886 2741 3946 expertem,
2769 3873 2938 3929 uthoc
2956 3873 3091 3929 scire
3111 3873 3419 3928 humanitus
3445 3880 3694 3943 nequeat,

2113 3970 2213 4022 nisi
2241 3967 2434 4022 divinis
2462 3969 2683 4021 testibus
2699 3965 2921 4020 credat?

2185 4058 2409 4116 CAPUT
2440 4059 2526 4115 XI.
2559 4087 2628 4100 -
2660 4059 2747 4114 lii.
2793 4057 2994 4114 Deinde
3018 4067 3071 4114 et
3096 4059 3150 4112 in
3189 4057 3291 4112 hoc
3319 4055 3538 4111 falleris.
3562 4054 3697 4110 Nam
3729 4121 3742 4124 _

2116 4150 2294 4206 divina
2321 4150 2649 4217 testimonia,
2674 4164 2792 4219 qua:
2819 4149 2884 4202 ad
2911 4149 3065 4202 istam
3104 4147 3460 4217 qua‘stionetn
3483 4145 3699 4199 solven-

2117 4235 2238 4290 dam
2269 4234 2473 4292 referre
2499 4235 2734 4300 voluisti,
2767 4249 2872 4288 non
2897 4231 2947 4285 id
2969 4233 3234 4302 aperiunt.
3267 4230 3428 4285 Aliud
3455 4227 3700 4299 estquod

2119 4327 2207 4382 illa
2245 4325 2614 4382 demonstrant
2639 4367 2654 4390 ,
2703 4325 2821 4381 sine
2849 4340 2956 4394 quo
2995 4340 3123 4380 vere
3151 4339 3256 4378 non
3284 4335 3571 4392 possumus
3611 4323 3700 4390 pie

2118 4411 2334 4476 vivere,
2383 4410 2526 4482 quod
2578 4409 2782 4466 scilicet
2835 4410 3133 4464 animarum
3175 4420 3480 4462 nostrarum
3533 4407 3700 4461 Deum

2121 4503 2414 4559 habeamus
2467 4501 2706 4558 datorem
2737 4543 2754 4570 ,
2803 4509 3124 4566 creatorem,
3177 4497 3544 4554 formatorem.
3593 4493 3704 4552 Sed

2121 4594 2391 4666 quomodo
2433 4593 2485 4648 id
2535 4593 2732 4662 faciat,
2763 4603 2940 4648 utrum
2987 4605 3155 4646 novas
3179 4605 3270 4646 eas
3299 4589 3474 4643 flando
3498 4630 3512 4653 ,
3543 4603 3608 4642 an
3635 4585 3707 4642 de

2122 4686 2430 4758 parentibus
2457 4683 2736 4750 trahendo,
2771 4699 2876 4738 non
2904 4683 3230 4752 exprimunt,
3253 4682 3352 4736 nisi
3383 4681 3452 4734 de
3483 4681 3570 4732 illa
3601 4693 3706 4732 una

2123 4795 2280 4850 quam
2310 4780 2480 4850 primo
2509 4777 2704 4833 homini
2726 4776 2891 4831 dedit.
2919 4775 3060 4846 Lege
3079 4775 3361 4844 diligenter
3385 4773 3527 4843 quod
3552 4771 3697 4828 scri-

2125 4873 2206 4944 psi
2235 4872 2301 4927 ad
2330 4871 2548 4928 fratrem
2594 4879 2836 4925 nostrum
2885 4869 2977 4924 Dei
3011 4882 3225 4935 servum
3273 4866 3534 4922 Rcuatum
3569 4863 3714 4933 (Su-

2126 4981 2244 5035 pra,
2271 4963 2357 5018 lib.
2388 4963 2442 5028 1,
2472 4979 2525 5016 η.
2551 4963 2616 5017 l7
2637 4960 2788 5032 sqq.)
2816 4978 2828 5014 :
2858 4959 2928 5014 ibi
2950 4959 3091 5014 enim
3119 4959 3242 5027 quia
3273 4956 3322 5010 id
3341 4954 3568 5018 oStendi,
3599 4967 3709 5010 non

2128 5054 2222 5108 fuit
2246 5067 2464 5109 necesse
2485 5062 2535 5108 et
2561 5051 2650 5107 hic
2677 5051 2931 5106 scribere.
2968 5049 3144 5104 Vcllcs
3166 5055 3342 5102 autem
3370 5062 3456 5100 me
3483 5045 3710 5101 delinire

2125 5147 2266 5218 quod
2298 5148 2410 5217 ipse
2433 5145 2696 5209 definisti,
2720 5153 2782 5200 ut-
2803 5145 2854 5197 in
2879 5142 3012 5197 tales
3037 5141 3306 5212 angustias
3329 5137 3707 5210 contruderer,

2128 5239 2179 5294 in
2207 5238 2387 5310 quales
2411 5237 2523 5307 ipse
2554 5247 2838 5292 contrusus
2862 5274 2878 5300 ,
2904 5233 3162 5290 adversus
3203 5231 3519 5286 catholicam
3553 5227 3713 5282 tidem

2127 5339 2207 5386 tot
2229 5340 2282 5386 ct
2309 5338 2450 5384 tanta
2482 5328 2693 5382 locutus
2720 5343 2779 5381 es
2804 5367 2818 5390 .
2846 5336 2905 5380 ut
2949 5340 3012 5381 ea
3036 5325 3056 5356 ⁸
3088 5324 3134 5378 si
3163 5322 3387 5377 ﬁdeliter
3425 5330 3584 5389 atque
3616 5316 3712 5370 hu-

2192 5447 2208 5480 ι
2243 5443 2414 5495 Plures
2431 5451 2560 5502 Mss,
2584 5439 2874 5494 altitudines.

2192 5509 2213 5540 ³
2245 5513 2372 5568 uss,
2397 5505 2591 5568 possint.

2165 5560 2466 5644 inertique
2491 5575 2619 5627 διες»,
2655 5563 2932 5617 sententiam
2953 5560 3199 5626 deﬁnitur
3232 5560 3470 5613 cunctaris
3508 5568 3711 5621 prmus.

2127 5638 2176 5682 Si
2197 5638 2264 5681 ita
2285 5638 2420 5680 esset.

2194 5695 2214 5724 δ
2246 5692 2383 5747 utin.
2408 5703 2502 5742 cas.
2535 5690 2697 5740 nelias
2719 5696 2846 5742 Mss"
2880 5700 2956 5738 ea.
