  <div class='ocr_page' id='page_1' title='image "/cluster/home/n/w/nwhite01/storage/ocr_20150623/44/hvd.32044069687945/272.png"; bbox 0 0 4010 6186; ppageno 0'>
   <div class='ocr_carea' id='block_1_1' title="bbox 285 325 388 381">
    <p class='ocr_par' dir='ltr' id='par_1_1' title="bbox 285 325 388 381">
     <span class='ocr_line' id='line_1_1' title="bbox 285 325 388 381; baseline -0.01 0"><span class='ocrx_word' id='word_1_1' title='bbox 285 325 388 381; x_wconf 75' lang='lat'><strong>553</strong></span> 
     </span>
    </p>
   </div>
   <div class='ocr_carea' id='block_1_2' title="bbox 283 426 1866 507">
    <p class='ocr_par' dir='ltr' id='par_1_2' title="bbox 283 426 1866 507">
     <span class='ocr_line' id='line_1_2' title="bbox 283 426 1866 507; baseline -0.013 -7"><span class='ocrx_word' id='word_1_2' title='bbox 283 443 486 500; x_wconf 86' lang='lat' dir='ltr'><strong>militer</strong></span> <span class='ocrx_word' id='word_1_3' title='bbox 531 439 737 494; x_wconf 84' lang='lat' dir='ltr'><strong>recolas</strong></span> <span class='ocrx_word' id='word_1_4' title='bbox 785 447 942 507; x_wconf 86' lang='lat' dir='ltr'><strong>atque</strong></span> <span class='ocrx_word' id='word_1_5' title='bbox 990 433 1336 496; x_wconf 86' lang='lat' dir='ltr'><strong>consideres,</strong></span> <span class='ocrx_word' id='word_1_6' title='bbox 1392 430 1574 484; x_wconf 84' lang='lat' dir='ltr'><strong>videas</strong></span> <span class='ocrx_word' id='word_1_7' title='bbox 1627 426 1866 498; x_wconf 85' lang='lat' dir='ltr'><strong>profecto</strong></span> 
     </span>
    </p>
   </div>
   <div class='ocr_carea' id='block_1_3' title="bbox 285 519 1870 608">
    <p class='ocr_par' dir='ltr' id='par_1_3' title="bbox 285 519 1870 608">
     <span class='ocr_line' id='line_1_3' title="bbox 285 519 1870 608; baseline -0.008 -21"><span class='ocrx_word' id='word_1_8' title='bbox 285 545 542 608; x_wconf 83' lang='lat' dir='ltr'><strong>quantum</strong></span> <span class='ocrx_word' id='word_1_9' title='bbox 579 532 674 587; x_wconf 89' lang='lat' dir='ltr'><strong>tibi</strong></span> <span class='ocrx_word' id='word_1_10' title='bbox 703 529 1015 600; x_wconf 79' lang='lat' dir='ltr'><strong>profuisset,</strong></span> <span class='ocrx_word' id='word_1_11' title='bbox 1057 528 1101 581; x_wconf 92' lang='lat' dir='ltr'><strong>si</strong></span> <span class='ocrx_word' id='word_1_12' title='bbox 1129 525 1320 580; x_wconf 85' lang='lat' dir='ltr'><strong>scisses</strong></span> <span class='ocrx_word' id='word_1_13' title='bbox 1365 522 1570 578; x_wconf 86' lang='lat' dir='ltr'><strong>nescire</strong></span> <span class='ocrx_word' id='word_1_14' title='bbox 1600 519 1740 591; x_wconf 91' lang='lat' dir='ltr'><strong>quod</strong></span> <span class='ocrx_word' id='word_1_15' title='bbox 1773 533 1870 574; x_wconf 85' lang='lat' dir='ltr'><strong>ne—</strong></span> 
     </span>
    </p>
   </div>
   <div class='ocr_carea' id='block_1_4' title="bbox 287 610 1870 694">
    <p class='ocr_par' dir='ltr' id='par_1_4' title="bbox 287 610 1870 694">
     <span class='ocr_line' id='line_1_4' title="bbox 287 610 1870 694; baseline -0.012 -11"><span class='ocrx_word' id='word_1_16' title='bbox 287 627 428 690; x_wconf 78' lang='lat' dir='ltr'><strong>seis;</strong></span> <span class='ocrx_word' id='word_1_17' title='bbox 459 637 513 680; x_wconf 90' lang='lat' dir='ltr'><strong>et</strong></span> <span class='ocrx_word' id='word_1_18' title='bbox 552 631 806 694; x_wconf 88' lang='lat' dir='ltr'><strong>quantum</strong></span> <span class='ocrx_word' id='word_1_19' title='bbox 836 619 925 674; x_wconf 84' lang='lat' dir='ltr'><strong>tibi</strong></span> <span class='ocrx_word' id='word_1_20' title='bbox 957 618 1118 690; x_wconf 91' lang='lat' dir='ltr'><strong>prosit</strong></span> <span class='ocrx_word' id='word_1_21' title='bbox 1144 659 1160 682; x_wconf 93' lang='lat'><strong>,</strong></span> <span class='ocrx_word' id='word_1_22' title='bbox 1189 617 1231 671; x_wconf 90' lang='lat' dir='ltr'><strong>si</strong></span> <span class='ocrx_word' id='word_1_23' title='bbox 1265 615 1347 671; x_wconf 97' lang='lat' dir='ltr'><strong>vel</strong></span> <span class='ocrx_word' id='word_1_24' title='bbox 1383 629 1524 668; x_wconf 90' lang='lat' dir='ltr'><strong>nunc</strong></span> <span class='ocrx_word' id='word_1_25' title='bbox 1553 614 1709 668; x_wconf 83' lang='lat' dir='ltr'><strong>scias.</strong></span> <span class='ocrx_word' id='word_1_26' title='bbox 1737 610 1870 666; x_wconf 89' lang='lat' dir='ltr'><strong>Nam</strong></span> 
     </span>
    </p>
   </div>
   <div class='ocr_carea' id='block_1_5' title="bbox 287 704 1864 785">
    <p class='ocr_par' dir='ltr' id='par_1_5' title="bbox 287 704 1864 785">
     <span class='ocr_line' id='line_1_5' title="bbox 287 704 1864 785; baseline -0.011 -12"><span class='ocrx_word' id='word_1_27' title='bbox 287 720 336 773; x_wconf 73' lang='lat' dir='ltr'><strong>si</strong></span> <span class='ocrx_word' id='word_1_28' title='bbox 356 713 702 785; x_wconf 80' lang='lat' dir='ltr'><strong>intelligentia</strong></span> <span class='ocrx_word' id='word_1_29' title='bbox 729 711 820 766; x_wconf 91' lang='lat' dir='ltr'><strong>tibi</strong></span> <span class='ocrx_word' id='word_1_30' title='bbox 842 711 1016 778; x_wconf 84' lang='lat' dir='ltr'><strong>placet</strong></span> <span class='ocrx_word' id='word_1_31' title='bbox 1041 709 1090 763; x_wconf 90' lang='lat' dir='ltr'><strong>in</strong></span> <span class='ocrx_word' id='word_1_32' title='bbox 1123 719 1306 762; x_wconf 85' lang='lat' dir='ltr'><strong>natura</strong></span> <span class='ocrx_word' id='word_1_33' title='bbox 1335 707 1587 772; x_wconf 82' lang='lat' dir='ltr'><strong>hominis,</strong></span> <span class='ocrx_word' id='word_1_34' title='bbox 1611 704 1864 776; x_wconf 86' lang='lat' dir='ltr'><strong>quoniam</strong></span> 
     </span>
    </p>
   </div>
   <div class='ocr_carea' id='block_1_6' title="bbox 287 795 1876 868">
    <p class='ocr_par' dir='ltr' id='par_1_6' title="bbox 287 795 1876 868">
     <span class='ocr_line' id='line_1_6' title="bbox 287 795 1876 868; baseline -0.01 -4"><span class='ocrx_word' id='word_1_35' title='bbox 287 823 476 864; x_wconf 79' lang='lat' dir='ltr'><strong>revera</strong></span> <span class='ocrx_word' id='word_1_36' title='bbox 524 807 566 860; x_wconf 88' lang='lat' dir='ltr'><strong>si</strong></span> <span class='ocrx_word' id='word_1_37' title='bbox 602 819 719 860; x_wconf 90' lang='lat' dir='ltr'><strong>eam</strong></span> <span class='ocrx_word' id='word_1_38' title='bbox 767 817 872 858; x_wconf 92' lang='lat' dir='ltr'><strong>non</strong></span> <span class='ocrx_word' id='word_1_39' title='bbox 903 802 1156 865; x_wconf 87' lang='lat' dir='ltr'><strong>haberet,</strong></span> <span class='ocrx_word' id='word_1_40' title='bbox 1188 799 1340 866; x_wconf 85' lang='lat' dir='ltr'><strong>nihil,</strong></span> <span class='ocrx_word' id='word_1_41' title='bbox 1372 807 1626 868; x_wconf 88' lang='lat' dir='ltr'><strong>quantum</strong></span> <span class='ocrx_word' id='word_1_42' title='bbox 1665 796 1732 850; x_wconf 87' lang='lat' dir='ltr'><strong>ad</strong></span> <span class='ocrx_word' id='word_1_43' title='bbox 1761 795 1876 850; x_wconf 84' lang='lat' dir='ltr'><strong>ani-</strong></span> 
     </span>
    </p>
   </div>
   <div class='ocr_carea' id='block_1_7' title="bbox 291 889 1874 968">
    <p class='ocr_par' dir='ltr' id='par_1_7' title="bbox 291 889 1874 968">
     <span class='ocr_line' id='line_1_7' title="bbox 291 889 1874 968; baseline -0.007 -13"><span class='ocrx_word' id='word_1_44' title='bbox 291 916 410 955; x_wconf 88' lang='lat' dir='ltr'><strong>mas</strong></span> <span class='ocrx_word' id='word_1_45' title='bbox 447 898 700 968; x_wconf 89' lang='lat' dir='ltr'><strong>pertinet,</strong></span> <span class='ocrx_word' id='word_1_46' title='bbox 722 911 750 949; x_wconf 89' lang='lat' dir='ltr'><strong>a</strong></span> <span class='ocrx_word' id='word_1_47' title='bbox 783 895 1066 965; x_wconf 80' lang='lat' dir='ltr'><strong>pecoribus</strong></span> <span class='ocrx_word' id='word_1_48' title='bbox 1087 893 1410 948; x_wconf 86' lang='lat' dir='ltr'><strong>distaremus</strong></span> <span class='ocrx_word' id='word_1_49' title='bbox 1434 909 1448 956; x_wconf 88' lang='lat'><strong>;</strong></span> <span class='ocrx_word' id='word_1_50' title='bbox 1477 889 1715 960; x_wconf 85' lang='lat' dir='ltr'><strong>intellige</strong></span> <span class='ocrx_word' id='word_1_51' title='bbox 1741 889 1874 959; x_wconf 81' lang='lat' dir='ltr'><strong>quid</strong></span> 
     </span>
    </p>
   </div>
   <div class='ocr_carea' id='block_1_8' title="bbox 287 977 1872 1058">
    <p class='ocr_par' dir='ltr' id='par_1_8' title="bbox 287 977 1872 1058">
     <span class='ocr_line' id='line_1_8' title="bbox 287 977 1872 1058; baseline -0.007 -13"><span class='ocrx_word' id='word_1_52' title='bbox 287 1009 394 1046; x_wconf 88' lang='lat' dir='ltr'><strong>non</strong></span> <span class='ocrx_word' id='word_1_53' title='bbox 423 989 708 1058; x_wconf 80' lang='lat' dir='ltr'><strong>intelligas,</strong></span> <span class='ocrx_word' id='word_1_54' title='bbox 743 1001 810 1042; x_wconf 90' lang='lat' dir='ltr'><strong>ne</strong></span> <span class='ocrx_word' id='word_1_55' title='bbox 861 994 1026 1040; x_wconf 88' lang='lat' dir='ltr'><strong>totum</strong></span> <span class='ocrx_word' id='word_1_56' title='bbox 1061 1000 1166 1038; x_wconf 90' lang='lat' dir='ltr'><strong>non</strong></span> <span class='ocrx_word' id='word_1_57' title='bbox 1211 983 1512 1053; x_wconf 82' lang='lat' dir='ltr'><strong>intelligas;</strong></span> <span class='ocrx_word' id='word_1_58' title='bbox 1545 989 1602 1036; x_wconf 88' lang='lat' dir='ltr'><strong>et</strong></span> <span class='ocrx_word' id='word_1_59' title='bbox 1623 977 1732 1036; x_wconf 80' lang='lat' dir='ltr'><strong>noli</strong></span> <span class='ocrx_word' id='word_1_60' title='bbox 1775 981 1872 1034; x_wconf 90' lang='lat' dir='ltr'><strong>de-</strong></span> 
     </span>
    </p>
   </div>
   <div class='ocr_carea' id='block_1_9' title="bbox 287 1073 1875 1151">
    <p class='ocr_par' dir='ltr' id='par_1_9' title="bbox 287 1073 1875 1151">
     <span class='ocr_line' id='line_1_9' title="bbox 287 1073 1875 1151; baseline -0.008 -13"><span class='ocrx_word' id='word_1_61' title='bbox 287 1087 495 1151; x_wconf 67' lang='lat' dir='ltr'><strong>Spieere</strong></span> <span class='ocrx_word' id='word_1_62' title='bbox 519 1083 811 1146; x_wconf 82' lang='lat' dir='ltr'><strong>hominem,</strong></span> <span class='ocrx_word' id='word_1_63' title='bbox 841 1079 928 1150; x_wconf 88' lang='lat' dir='ltr'><strong>qui</strong></span> <span class='ocrx_word' id='word_1_64' title='bbox 954 1090 1010 1133; x_wconf 90' lang='lat' dir='ltr'><strong>ut</strong></span> <span class='ocrx_word' id='word_1_65' title='bbox 1039 1077 1299 1132; x_wconf 88' lang='lat' dir='ltr'><strong>veraciter</strong></span> <span class='ocrx_word' id='word_1_66' title='bbox 1321 1076 1582 1145; x_wconf 81' lang='lat' dir='ltr'><strong>intelligat</strong></span> <span class='ocrx_word' id='word_1_67' title='bbox 1603 1073 1742 1144; x_wconf 91' lang='lat' dir='ltr'><strong>quod</strong></span> <span class='ocrx_word' id='word_1_68' title='bbox 1769 1087 1875 1128; x_wconf 91' lang='lat' dir='ltr'><strong>non</strong></span> 
     </span>
    </p>
   </div>
   <div class='ocr_carea' id='block_1_10' title="bbox 286 1163 1876 1242">
    <p class='ocr_par' dir='ltr' id='par_1_10' title="bbox 286 1163 1876 1242">
     <span class='ocr_line' id='line_1_10' title="bbox 286 1163 1876 1242; baseline -0.006 -14"><span class='ocrx_word' id='word_1_69' title='bbox 286 1173 577 1242; x_wconf 79' lang='lat' dir='ltr'><strong>intelligit,</strong></span> <span class='ocrx_word' id='word_1_70' title='bbox 635 1171 734 1226; x_wconf 88' lang='lat' dir='ltr'><strong>hoc</strong></span> <span class='ocrx_word' id='word_1_71' title='bbox 796 1185 856 1225; x_wconf 88' lang='lat' dir='ltr'><strong>se</strong></span> <span class='ocrx_word' id='word_1_72' title='bbox 903 1185 1007 1224; x_wconf 92' lang='lat' dir='ltr'><strong>non</strong></span> <span class='ocrx_word' id='word_1_73' title='bbox 1061 1169 1356 1237; x_wconf 73' lang='lat' dir='ltr'><strong>intelligere</strong></span> <span class='ocrx_word' id='word_1_74' title='bbox 1407 1166 1669 1234; x_wconf 82' lang='lat' dir='ltr'><strong>intelligit.</strong></span> <span class='ocrx_word' id='word_1_75' title='bbox 1729 1163 1876 1220; x_wconf 87' lang='lat' dir='ltr'><strong>Unde</strong></span> 
     </span>
    </p>
   </div>
   <div class='ocr_carea' id='block_1_11' title="bbox 283 1258 1876 1327">
    <p class='ocr_par' dir='ltr' id='par_1_11' title="bbox 283 1258 1876 1327">
     <span class='ocr_line' id='line_1_11' title="bbox 283 1258 1876 1327; baseline -0.004 -8"><span class='ocrx_word' id='word_1_76' title='bbox 283 1275 464 1320; x_wconf 87' lang='lat' dir='ltr'><strong>autem</strong></span> <span class='ocrx_word' id='word_1_77' title='bbox 494 1263 692 1319; x_wconf 87' lang='lat' dir='ltr'><strong>dictum</strong></span> <span class='ocrx_word' id='word_1_78' title='bbox 721 1263 788 1317; x_wconf 86' lang='lat' dir='ltr'><strong>sit</strong></span> <span class='ocrx_word' id='word_1_79' title='bbox 821 1262 872 1316; x_wconf 89' lang='lat' dir='ltr'><strong>in</strong></span> <span class='ocrx_word' id='word_1_80' title='bbox 919 1276 1072 1316; x_wconf 89' lang='lat' dir='ltr'><strong>sacro</strong></span> <span class='ocrx_word' id='word_1_81' title='bbox 1111 1261 1322 1316; x_wconf 79' lang='lat' dir='ltr'><strong>Psahno</strong></span> <span class='ocrx_word' id='word_1_82' title='bbox 1346 1301 1361 1327; x_wconf 97' lang='lat'><strong>,</strong></span> <span class='ocrx_word' id='word_1_83' title='bbox 1393 1258 1558 1314; x_wconf 88' lang='lat' dir='ltr'><strong>Homo</strong></span> <span class='ocrx_word' id='word_1_84' title='bbox 1589 1259 1640 1313; x_wconf 90' lang='lat' dir='ltr'><strong>in</strong></span> <span class='ocrx_word' id='word_1_85' title='bbox 1689 1258 1876 1312; x_wconf 79' lang='lat' dir='ltr'><strong>honore</strong></span> 
     </span>
    </p>
   </div>
   <div class='ocr_carea' id='block_1_12' title="bbox 285 1349 1875 1420">
    <p class='ocr_par' dir='ltr' id='par_1_12' title="bbox 285 1349 1875 1420">
     <span class='ocr_line' id='line_1_12' title="bbox 285 1349 1875 1420; baseline -0.004 -11"><span class='ocrx_word' id='word_1_86' title='bbox 285 1371 404 1410; x_wconf 75' lang='lat' dir='ltr'><strong>tum</strong></span> <span class='ocrx_word' id='word_1_87' title='bbox 454 1364 600 1412; x_wconf 78' lang='lat' dir='ltr'><strong>esset.</strong></span> <span class='ocrx_word' id='word_1_88' title='bbox 657 1369 756 1405; x_wconf 86' lang='lat' dir='ltr'><strong>non</strong></span> <span class='ocrx_word' id='word_1_89' title='bbox 805 1353 1080 1416; x_wconf 74' lang='lat' dir='ltr'><strong>intellexit;</strong></span> <span class='ocrx_word' id='word_1_90' title='bbox 1121 1360 1443 1419; x_wconf 77' lang='lat' dir='ltr'><strong>comparatus</strong></span> <span class='ocrx_word' id='word_1_91' title='bbox 1489 1359 1562 1404; x_wconf 82' lang='lat' dir='ltr'><strong>est</strong></span> <span class='ocrx_word' id='word_1_92' title='bbox 1613 1349 1875 1420; x_wconf 76' lang='lat' dir='ltr'><strong>pecoribus</strong></span> 
     </span>
    </p>
   </div>
   <div class='ocr_carea' id='block_1_13' title="bbox 283 1439 1872 1514">
    <p class='ocr_par' dir='ltr' id='par_1_13' title="bbox 283 1439 1872 1514">
     <span class='ocr_line' id='line_1_13' title="bbox 283 1439 1872 1514; baseline -0.003 -15"><span class='ocrx_word' id='word_1_93' title='bbox 283 1445 576 1508; x_wconf 75' lang='lat' dir='ltr'><strong>insensntis,</strong></span> <span class='ocrx_word' id='word_1_94' title='bbox 605 1453 650 1496; x_wconf 82' lang='lat' dir='ltr'><strong>et</strong></span> <span class='ocrx_word' id='word_1_95' title='bbox 681 1443 857 1496; x_wconf 79' lang='lat' dir='ltr'><strong>similis</strong></span> <span class='ocrx_word' id='word_1_96' title='bbox 888 1445 1052 1514; x_wconf 81' lang='lat' dir='ltr'><strong>factus</strong></span> <span class='ocrx_word' id='word_1_97' title='bbox 1078 1451 1148 1495; x_wconf 80' lang='lat' dir='ltr'><strong>est</strong></span> <span class='ocrx_word' id='word_1_98' title='bbox 1189 1441 1290 1494; x_wconf 84' lang='lat' dir='ltr'><strong>illis</strong></span> <span class='ocrx_word' id='word_1_99' title='bbox 1316 1439 1485 1514; x_wconf 74' lang='lat' dir='ltr'><strong>(Paul.</strong></span> <span class='ocrx_word' id='word_1_100' title='bbox 1513 1455 1696 1508; x_wconf 65' lang='lat' dir='ltr'><strong>xnvm,</strong></span> <span class='ocrx_word' id='word_1_101' title='bbox 1729 1441 1830 1510; x_wconf 79' lang='grc'><strong>15)</strong></span> <span class='ocrx_word' id='word_1_102' title='bbox 1857 1455 1872 1506; x_wconf 89' lang='lat'><strong>;</strong></span> 
     </span>
    </p>
   </div>
   <div class='ocr_carea' id='block_1_14' title="bbox 289 1533 1876 1604">
    <p class='ocr_par' dir='ltr' id='par_1_14' title="bbox 289 1533 1876 1604">
     <span class='ocr_line' id='line_1_14' title="bbox 289 1533 1876 1604; baseline -0.001 -14"><span class='ocrx_word' id='word_1_103' title='bbox 289 1537 430 1604; x_wconf 75' lang='lat' dir='ltr'><strong>lege,</strong></span> <span class='ocrx_word' id='word_1_104' title='bbox 461 1546 516 1588; x_wconf 84' lang='lat' dir='ltr'><strong>et</strong></span> <span class='ocrx_word' id='word_1_105' title='bbox 547 1534 798 1603; x_wconf 71' lang='lat' dir='ltr'><strong>intelligo,</strong></span> <span class='ocrx_word' id='word_1_106' title='bbox 825 1533 997 1588; x_wconf 82' lang='lat' dir='ltr'><strong>uthoc</strong></span> <span class='ocrx_word' id='word_1_107' title='bbox 1024 1533 1370 1604; x_wconf 77' lang='lat' dir='ltr'><strong>opprobrium</strong></span> <span class='ocrx_word' id='word_1_108' title='bbox 1399 1533 1674 1587; x_wconf 86' lang='lat' dir='ltr'><strong>humiliter</strong></span> <span class='ocrx_word' id='word_1_109' title='bbox 1700 1533 1876 1602; x_wconf 82' lang='lat' dir='ltr'><strong>potius</strong></span> 
     </span>
    </p>
   </div>
   <div class='ocr_carea' id='block_1_15' title="bbox 289 1624 1876 1695">
    <p class='ocr_par' dir='ltr' id='par_1_15' title="bbox 289 1624 1876 1695">
     <span class='ocr_line' id='line_1_15' title="bbox 289 1624 1876 1695; baseline -0.002 -13"><span class='ocrx_word' id='word_1_110' title='bbox 289 1628 406 1694; x_wconf 89' lang='lat' dir='ltr'><strong>ipse</strong></span> <span class='ocrx_word' id='word_1_111' title='bbox 435 1640 624 1680; x_wconf 83' lang='lat' dir='ltr'><strong>caveas</strong></span> <span class='ocrx_word' id='word_1_112' title='bbox 653 1667 667 1691; x_wconf 93' lang='lat'><strong>,</strong></span> <span class='ocrx_word' id='word_1_113' title='bbox 698 1640 858 1695; x_wconf 88' lang='lat' dir='ltr'><strong>quam</strong></span> <span class='ocrx_word' id='word_1_114' title='bbox 905 1625 1135 1694; x_wconf 80' lang='lat' dir='ltr'><strong>superbe</strong></span> <span class='ocrx_word' id='word_1_115' title='bbox 1185 1625 1336 1678; x_wconf 87' lang='lat' dir='ltr'><strong>alteri</strong></span> <span class='ocrx_word' id='word_1_116' title='bbox 1383 1625 1622 1695; x_wconf 90' lang='lat' dir='ltr'><strong>objicias.</strong></span> <span class='ocrx_word' id='word_1_117' title='bbox 1671 1624 1748 1680; x_wconf 90' lang='lat' dir='ltr'><strong>De</strong></span> <span class='ocrx_word' id='word_1_118' title='bbox 1797 1624 1876 1679; x_wconf 89' lang='lat' dir='ltr'><strong>his</strong></span> 
     </span>
    </p>
   </div>
   <div class='ocr_carea' id='block_1_16' title="bbox 285 1715 1878 1786">
    <p class='ocr_par' dir='ltr' id='par_1_16' title="bbox 285 1715 1878 1786">
     <span class='ocr_line' id='line_1_16' title="bbox 285 1715 1878 1786; baseline -0.001 -14"><span class='ocrx_word' id='word_1_119' title='bbox 285 1721 432 1772; x_wconf 85' lang='lat' dir='ltr'><strong>enim</strong></span> <span class='ocrx_word' id='word_1_120' title='bbox 457 1716 652 1770; x_wconf 79' lang='lat' dir='ltr'><strong>dictum</strong></span> <span class='ocrx_word' id='word_1_121' title='bbox 683 1727 765 1772; x_wconf 88' lang='lat' dir='ltr'><strong>est</strong></span> <span class='ocrx_word' id='word_1_122' title='bbox 797 1757 808 1778; x_wconf 90' lang='lat'><strong><em>.</em></strong></span> <span class='ocrx_word' id='word_1_123' title='bbox 844 1717 932 1785; x_wconf 92' lang='lat' dir='ltr'><strong>qui</strong></span> <span class='ocrx_word' id='word_1_124' title='bbox 987 1715 1140 1770; x_wconf 88' lang='lat' dir='ltr'><strong>istam</strong></span> <span class='ocrx_word' id='word_1_125' title='bbox 1189 1717 1349 1770; x_wconf 86' lang='lat' dir='ltr'><strong>vitam</strong></span> <span class='ocrx_word' id='word_1_126' title='bbox 1409 1717 1578 1772; x_wconf 84' lang='lat' dir='ltr'><strong>solam</strong></span> <span class='ocrx_word' id='word_1_127' title='bbox 1623 1715 1878 1786; x_wconf 89' lang='lat' dir='ltr'><strong>deputant</strong></span> 
     </span>
    </p>
   </div>
   <div class='ocr_carea' id='block_1_17' title="bbox 285 1810 1874 1880">
    <p class='ocr_par' dir='ltr' id='par_1_17' title="bbox 285 1810 1874 1880">
     <span class='ocr_line' id='line_1_17' title="bbox 285 1810 1874 1880; baseline -0.001 -16"><span class='ocrx_word' id='word_1_128' title='bbox 285 1812 452 1865; x_wconf 73' lang='lat' dir='ltr'><strong>vitam</strong></span> <span class='ocrx_word' id='word_1_129' title='bbox 476 1853 492 1877; x_wconf 93' lang='lat'><strong>,</strong></span> <span class='ocrx_word' id='word_1_130' title='bbox 519 1811 806 1865; x_wconf 81' lang='lat' dir='ltr'><strong>secundum</strong></span> <span class='ocrx_word' id='word_1_131' title='bbox 855 1825 1070 1864; x_wconf 90' lang='lat' dir='ltr'><strong>carnem</strong></span> <span class='ocrx_word' id='word_1_132' title='bbox 1103 1810 1368 1873; x_wconf 88' lang='lat' dir='ltr'><strong>viventes,</strong></span> <span class='ocrx_word' id='word_1_133' title='bbox 1398 1817 1453 1864; x_wconf 89' lang='lat' dir='ltr'><strong>et</strong></span> <span class='ocrx_word' id='word_1_134' title='bbox 1481 1818 1600 1880; x_wconf 89' lang='lat' dir='ltr'><strong>post</strong></span> <span class='ocrx_word' id='word_1_135' title='bbox 1648 1817 1874 1864; x_wconf 89' lang='lat' dir='ltr'><strong>mortem</strong></span> 
     </span>
    </p>
   </div>
   <div class='ocr_carea' id='block_1_18' title="bbox 285 1901 1878 1972">
    <p class='ocr_par' dir='ltr' id='par_1_18' title="bbox 285 1901 1878 1972">
     <span class='ocr_line' id='line_1_18' title="bbox 285 1901 1878 1972; baseline 0 -16"><span class='ocrx_word' id='word_1_136' title='bbox 285 1904 424 1956; x_wconf 87' lang='lat' dir='ltr'><strong>nihil</strong></span> <span class='ocrx_word' id='word_1_137' title='bbox 460 1912 752 1972; x_wconf 81' lang='lat' dir='ltr'><strong>sperantes,</strong></span> <span class='ocrx_word' id='word_1_138' title='bbox 790 1903 948 1957; x_wconf 90' lang='lat' dir='ltr'><strong>veluti</strong></span> <span class='ocrx_word' id='word_1_139' title='bbox 989 1917 1178 1970; x_wconf 87' lang='lat' dir='ltr'><strong>pecora</strong></span> <span class='ocrx_word' id='word_1_140' title='bbox 1209 1919 1223 1956; x_wconf 88' lang='lat'><strong>:</strong></span> <span class='ocrx_word' id='word_1_141' title='bbox 1252 1917 1358 1955; x_wconf 91' lang='lat' dir='ltr'><strong>non</strong></span> <span class='ocrx_word' id='word_1_142' title='bbox 1383 1901 1450 1956; x_wconf 90' lang='lat' dir='ltr'><strong>de</strong></span> <span class='ocrx_word' id='word_1_143' title='bbox 1473 1901 1554 1955; x_wconf 92' lang='lat' dir='ltr'><strong>his</strong></span> <span class='ocrx_word' id='word_1_144' title='bbox 1591 1901 1679 1972; x_wconf 88' lang='lat' dir='ltr'><strong>qui</strong></span> <span class='ocrx_word' id='word_1_145' title='bbox 1707 1915 1878 1970; x_wconf 87' lang='lat' dir='ltr'><strong>neque</strong></span> 
     </span>
    </p>
   </div>
   <div class='ocr_carea' id='block_1_19' title="bbox 287 1992 1878 2063">
    <p class='ocr_par' dir='ltr' id='par_1_19' title="bbox 287 1992 1878 2063">
     <span class='ocr_line' id='line_1_19' title="bbox 287 1992 1878 2063; baseline -0.003 -13"><span class='ocrx_word' id='word_1_146' title='bbox 287 2005 492 2062; x_wconf 74' lang='lat' dir='ltr'><strong>negant</strong></span> <span class='ocrx_word' id='word_1_147' title='bbox 533 2009 592 2048; x_wconf 90' lang='lat' dir='ltr'><strong>se</strong></span> <span class='ocrx_word' id='word_1_148' title='bbox 641 1994 774 2049; x_wconf 60' lang='lat' dir='ltr'><strong>scire</strong></span> <span class='ocrx_word' id='word_1_149' title='bbox 814 1993 955 2063; x_wconf 90' lang='lat' dir='ltr'><strong>quod</strong></span> <span class='ocrx_word' id='word_1_150' title='bbox 1005 1993 1199 2058; x_wconf 90' lang='lat' dir='ltr'><strong>sciunt,</strong></span> <span class='ocrx_word' id='word_1_151' title='bbox 1223 2001 1276 2046; x_wconf 88' lang='lat' dir='ltr'><strong>et</strong></span> <span class='ocrx_word' id='word_1_152' title='bbox 1325 1992 1644 2046; x_wconf 87' lang='lat' dir='ltr'><strong>conﬁtentur</strong></span> <span class='ocrx_word' id='word_1_153' title='bbox 1701 2007 1758 2046; x_wconf 90' lang='lat' dir='ltr'><strong>se</strong></span> <span class='ocrx_word' id='word_1_154' title='bbox 1785 2005 1878 2045; x_wconf 86' lang='lat' dir='ltr'><strong>ne-</strong></span> 
     </span>
    </p>
   </div>
   <div class='ocr_carea' id='block_1_20' title="bbox 287 2083 1876 2155">
    <p class='ocr_par' dir='ltr' id='par_1_20' title="bbox 287 2083 1876 2155">
     <span class='ocr_line' id='line_1_20' title="bbox 287 2083 1876 2155; baseline -0.002 -15"><span class='ocrx_word' id='word_1_155' title='bbox 287 2087 432 2140; x_wconf 73' lang='lat' dir='ltr'><strong>scire</strong></span> <span class='ocrx_word' id='word_1_156' title='bbox 463 2085 600 2155; x_wconf 85' lang='lat' dir='ltr'><strong>quod</strong></span> <span class='ocrx_word' id='word_1_157' title='bbox 629 2087 887 2148; x_wconf 87' lang='lat' dir='ltr'><strong>nesciunt,</strong></span> <span class='ocrx_word' id='word_1_158' title='bbox 918 2093 971 2140; x_wconf 89' lang='lat' dir='ltr'><strong>et</strong></span> <span class='ocrx_word' id='word_1_159' title='bbox 999 2086 1172 2154; x_wconf 89' lang='lat' dir='ltr'><strong>potius</strong></span> <span class='ocrx_word' id='word_1_160' title='bbox 1197 2085 1496 2155; x_wconf 81' lang='lat' dir='ltr'><strong>intelligunt</strong></span> <span class='ocrx_word' id='word_1_161' title='bbox 1517 2083 1876 2139; x_wconf 86' lang='lat' dir='ltr'><strong>inﬁrmitatem</strong></span> 
     </span>
    </p>
   </div>
   <div class='ocr_carea' id='block_1_21' title="bbox 289 2175 1746 2250">
    <p class='ocr_par' dir='ltr' id='par_1_21' title="bbox 289 2175 1746 2250">
     <span class='ocr_line' id='line_1_21' title="bbox 289 2175 1746 2250; baseline -0.002 -18"><span class='ocrx_word' id='word_1_162' title='bbox 289 2192 447 2232; x_wconf 76' lang='lat' dir='ltr'><strong>Suam</strong></span> <span class='ocrx_word' id='word_1_163' title='bbox 472 2219 486 2240; x_wconf 89' lang='lat'><strong>,</strong></span> <span class='ocrx_word' id='word_1_164' title='bbox 516 2191 670 2245; x_wconf 88' lang='lat' dir='ltr'><strong>quam</strong></span> <span class='ocrx_word' id='word_1_165' title='bbox 702 2175 768 2230; x_wconf 87' lang='lat' dir='ltr'><strong>de</strong></span> <span class='ocrx_word' id='word_1_166' title='bbox 797 2191 890 2230; x_wconf 82' lang='lat' dir='ltr'><strong>sua</strong></span> <span class='ocrx_word' id='word_1_167' title='bbox 916 2176 1106 2230; x_wconf 88' lang='lat' dir='ltr'><strong>virtute</strong></span> <span class='ocrx_word' id='word_1_168' title='bbox 1133 2175 1427 2230; x_wconf 90' lang='lat' dir='ltr'><strong>conﬁdunt.</strong></span> <span class='ocrx_word' id='word_1_169' title='bbox 1739 2231 1746 2250; x_wconf 39' lang='lat'><strong>,</strong></span> 
     </span>
    </p>
   </div>
   <div class='ocr_carea' id='block_1_22' title="bbox 370 2265 1877 2336">
    <p class='ocr_par' dir='ltr' id='par_1_22' title="bbox 370 2265 1877 2336">
     <span class='ocr_line' id='line_1_22' title="bbox 370 2265 1877 2336; baseline 0 -14"><span class='ocrx_word' id='word_1_170' title='bbox 370 2267 458 2322; x_wconf 78' lang='lat' dir='ltr'><strong>i6.</strong></span> <span class='ocrx_word' id='word_1_171' title='bbox 501 2266 614 2321; x_wconf 82' lang='lat' dir='ltr'><strong>Non</strong></span> <span class='ocrx_word' id='word_1_172' title='bbox 643 2268 822 2336; x_wconf 82' lang='lat' dir='ltr'><strong>itaque</strong></span> <span class='ocrx_word' id='word_1_173' title='bbox 848 2266 1124 2335; x_wconf 86' lang='lat' dir='ltr'><strong>displiceat</strong></span> <span class='ocrx_word' id='word_1_174' title='bbox 1150 2267 1548 2336; x_wconf 70' lang='lat' dir='ltr'><strong>prmsumptioni</strong></span> <span class='ocrx_word' id='word_1_175' title='bbox 1595 2275 1698 2320; x_wconf 55' lang='lat' dir='ltr'><strong>tua}</strong></span> <span class='ocrx_word' id='word_1_176' title='bbox 1731 2265 1877 2336; x_wconf 86' lang='lat' dir='ltr'><strong>juve-</strong></span> 
     </span>
    </p>
   </div>
   <div class='ocr_carea' id='block_1_23' title="bbox 291 2355 1876 2428">
    <p class='ocr_par' dir='ltr' id='par_1_23' title="bbox 291 2355 1876 2428">
     <span class='ocr_line' id='line_1_23' title="bbox 291 2355 1876 2428; baseline 0 -16"><span class='ocrx_word' id='word_1_177' title='bbox 291 2357 391 2412; x_wconf 82' lang='lat' dir='ltr'><strong>nili</strong></span> <span class='ocrx_word' id='word_1_178' title='bbox 415 2359 432 2389; x_wconf 71' lang='grc'>³</span> <span class='ocrx_word' id='word_1_179' title='bbox 461 2373 610 2412; x_wconf 87' lang='lat' dir='ltr'><strong>meus</strong></span> <span class='ocrx_word' id='word_1_180' title='bbox 637 2357 818 2410; x_wconf 84' lang='lat' dir='ltr'><strong>senilis</strong></span> <span class='ocrx_word' id='word_1_181' title='bbox 842 2357 1003 2411; x_wconf 86' lang='lat' dir='ltr'><strong>timor</strong></span> <span class='ocrx_word' id='word_1_182' title='bbox 1026 2399 1039 2423; x_wconf 90' lang='lat'><strong>,</strong></span> <span class='ocrx_word' id='word_1_183' title='bbox 1067 2358 1160 2412; x_wconf 88' lang='lat' dir='ltr'><strong>ﬁli.</strong></span> <span class='ocrx_word' id='word_1_184' title='bbox 1193 2355 1307 2428; x_wconf 82' lang='lat' dir='ltr'><strong>Ego</strong></span> <span class='ocrx_word' id='word_1_185' title='bbox 1333 2359 1473 2412; x_wconf 90' lang='lat' dir='ltr'><strong>enim</strong></span> <span class='ocrx_word' id='word_1_186' title='bbox 1501 2399 1517 2424; x_wconf 94' lang='lat'><strong>,</strong></span> <span class='ocrx_word' id='word_1_187' title='bbox 1545 2359 1590 2412; x_wconf 89' lang='lat' dir='ltr'><strong>si</strong></span> <span class='ocrx_word' id='word_1_188' title='bbox 1615 2357 1716 2412; x_wconf 93' lang='lat' dir='ltr'><strong>hoc</strong></span> <span class='ocrx_word' id='word_1_189' title='bbox 1736 2357 1876 2428; x_wconf 88' lang='lat' dir='ltr'><strong>quod</strong></span> 
     </span>
    </p>
   </div>
   <div class='ocr_carea' id='block_1_24' title="bbox 291 2447 1876 2518">
    <p class='ocr_par' dir='ltr' id='par_1_24' title="bbox 291 2447 1876 2518">
     <span class='ocr_line' id='line_1_24' title="bbox 291 2447 1876 2518; baseline -0.002 -13"><span class='ocrx_word' id='word_1_190' title='bbox 291 2450 364 2504; x_wconf 86' lang='lat' dir='ltr'><strong>de</strong></span> <span class='ocrx_word' id='word_1_191' title='bbox 394 2449 688 2502; x_wconf 85' lang='lat' dir='ltr'><strong>animarum</strong></span> <span class='ocrx_word' id='word_1_192' title='bbox 713 2447 916 2517; x_wconf 77' lang='lat' dir='ltr'><strong>origine</strong></span> <span class='ocrx_word' id='word_1_193' title='bbox 946 2449 1255 2516; x_wconf 69' lang='lat' dir='ltr'><strong>qumritnus,</strong></span> <span class='ocrx_word' id='word_1_194' title='bbox 1287 2463 1384 2504; x_wconf 90' lang='lat' dir='ltr'><strong>nec</strong></span> <span class='ocrx_word' id='word_1_195' title='bbox 1411 2449 1540 2512; x_wconf 87' lang='lat' dir='ltr'><strong>Deo,</strong></span> <span class='ocrx_word' id='word_1_196' title='bbox 1571 2462 1670 2502; x_wconf 87' lang='lat' dir='ltr'><strong>nec</strong></span> <span class='ocrx_word' id='word_1_197' title='bbox 1696 2447 1876 2518; x_wconf 86' lang='lat' dir='ltr'><strong>aliquo</strong></span> 
     </span>
    </p>
   </div>
   <div class='ocr_carea' id='block_1_25' title="bbox 292 2537 1876 2608">
    <p class='ocr_par' dir='ltr' id='par_1_25' title="bbox 292 2537 1876 2608">
     <span class='ocr_line' id='line_1_25' title="bbox 292 2537 1876 2608; baseline -0.001 -15"><span class='ocrx_word' id='word_1_198' title='bbox 292 2539 555 2608; x_wconf 75' lang='lat' dir='ltr'><strong>Spirituali</strong></span> <span class='ocrx_word' id='word_1_199' title='bbox 611 2537 826 2592; x_wconf 80' lang='lat' dir='ltr'><strong>homine</strong></span> <span class='ocrx_word' id='word_1_200' title='bbox 869 2537 1128 2604; x_wconf 88' lang='lat' dir='ltr'><strong>docente,</strong></span> <span class='ocrx_word' id='word_1_201' title='bbox 1174 2537 1313 2592; x_wconf 89' lang='lat' dir='ltr'><strong>scire</strong></span> <span class='ocrx_word' id='word_1_202' title='bbox 1347 2546 1570 2608; x_wconf 90' lang='lat' dir='ltr'><strong>potuero</strong></span> <span class='ocrx_word' id='word_1_203' title='bbox 1594 2581 1609 2606; x_wconf 92' lang='lat'><strong>,</strong></span> <span class='ocrx_word' id='word_1_204' title='bbox 1641 2539 1876 2608; x_wconf 83' lang='lat' dir='ltr'><strong>paratior</strong></span> 
     </span>
    </p>
   </div>
   <div class='ocr_carea' id='block_1_26' title="bbox 291 2627 1878 2698">
    <p class='ocr_par' dir='ltr' id='par_1_26' title="bbox 291 2627 1878 2698">
     <span class='ocr_line' id='line_1_26' title="bbox 291 2627 1878 2698; baseline 0 -14"><span class='ocrx_word' id='word_1_205' title='bbox 291 2643 416 2684; x_wconf 81' lang='lat' dir='ltr'><strong>sum</strong></span> <span class='ocrx_word' id='word_1_206' title='bbox 460 2627 744 2683; x_wconf 79' lang='lat' dir='ltr'><strong>defendere</strong></span> <span class='ocrx_word' id='word_1_207' title='bbox 771 2669 786 2694; x_wconf 93' lang='lat'><strong>,</strong></span> <span class='ocrx_word' id='word_1_208' title='bbox 829 2643 984 2698; x_wconf 90' lang='lat' dir='ltr'><strong>quam</strong></span> <span class='ocrx_word' id='word_1_209' title='bbox 1031 2637 1177 2683; x_wconf 89' lang='lat' dir='ltr'><strong>recte</strong></span> <span class='ocrx_word' id='word_1_210' title='bbox 1217 2629 1376 2683; x_wconf 88' lang='lat' dir='ltr'><strong>etiam</strong></span> <span class='ocrx_word' id='word_1_211' title='bbox 1423 2629 1528 2683; x_wconf 90' lang='lat' dir='ltr'><strong>hoc</strong></span> <span class='ocrx_word' id='word_1_212' title='bbox 1552 2629 1712 2696; x_wconf 89' lang='lat' dir='ltr'><strong>Deus,</strong></span> <span class='ocrx_word' id='word_1_213' title='bbox 1743 2629 1878 2685; x_wconf 86' lang='lat' dir='ltr'><strong>sicut</strong></span> 
     </span>
    </p>
   </div>
   <div class='ocr_carea' id='block_1_27' title="bbox 293 2717 1876 2789">
    <p class='ocr_par' dir='ltr' id='par_1_27' title="bbox 293 2717 1876 2789">
     <span class='ocr_line' id='line_1_27' title="bbox 293 2717 1876 2789; baseline 0.003 -17"><span class='ocrx_word' id='word_1_214' title='bbox 293 2717 400 2772; x_wconf 89' lang='lat' dir='ltr'><strong>alia</strong></span> <span class='ocrx_word' id='word_1_215' title='bbox 431 2719 613 2782; x_wconf 84' lang='lat' dir='ltr'><strong>multa,</strong></span> <span class='ocrx_word' id='word_1_216' title='bbox 639 2732 736 2773; x_wconf 90' lang='lat' dir='ltr'><strong>nos</strong></span> <span class='ocrx_word' id='word_1_217' title='bbox 765 2719 902 2772; x_wconf 86' lang='lat' dir='ltr'><strong>scire</strong></span> <span class='ocrx_word' id='word_1_218' title='bbox 943 2717 1170 2773; x_wconf 90' lang='lat' dir='ltr'><strong>noluerit</strong></span> <span class='ocrx_word' id='word_1_219' title='bbox 1195 2759 1210 2784; x_wconf 88' lang='lat'><strong>,</strong></span> <span class='ocrx_word' id='word_1_220' title='bbox 1238 2735 1394 2789; x_wconf 89' lang='lat' dir='ltr'><strong>quam</strong></span> <span class='ocrx_word' id='word_1_221' title='bbox 1446 2731 1646 2775; x_wconf 87' lang='lat' dir='ltr'><strong>temere</strong></span> <span class='ocrx_word' id='word_1_222' title='bbox 1675 2720 1876 2786; x_wconf 89' lang='lat' dir='ltr'><strong>dicere,</strong></span> 
     </span>
    </p>
   </div>
   <div class='ocr_carea' id='block_1_28' title="bbox 293 2811 1880 2881">
    <p class='ocr_par' dir='ltr' id='par_1_28' title="bbox 293 2811 1880 2881">
     <span class='ocr_line' id='line_1_28' title="bbox 293 2811 1880 2881; baseline 0.003 -17"><span class='ocrx_word' id='word_1_223' title='bbox 293 2811 440 2881; x_wconf 90' lang='lat' dir='ltr'><strong>quod</strong></span> <span class='ocrx_word' id='word_1_224' title='bbox 478 2821 568 2866; x_wconf 88' lang='lat' dir='ltr'><strong>aut</strong></span> <span class='ocrx_word' id='word_1_225' title='bbox 591 2811 662 2865; x_wconf 91' lang='lat' dir='ltr'><strong>ita</strong></span> <span class='ocrx_word' id='word_1_226' title='bbox 691 2811 758 2864; x_wconf 90' lang='lat' dir='ltr'><strong>sit</strong></span> <span class='ocrx_word' id='word_1_227' title='bbox 779 2811 1151 2877; x_wconf 90' lang='lat' dir='ltr'><strong>obscurum,ut</strong></span> <span class='ocrx_word' id='word_1_228' title='bbox 1179 2813 1281 2868; x_wconf 89' lang='lat' dir='ltr'><strong>hoc</strong></span> <span class='ocrx_word' id='word_1_229' title='bbox 1303 2829 1407 2868; x_wconf 92' lang='lat' dir='ltr'><strong>non</strong></span> <span class='ocrx_word' id='word_1_230' title='bbox 1436 2813 1612 2868; x_wconf 87' lang='lat' dir='ltr'><strong>solum</strong></span> <span class='ocrx_word' id='word_1_231' title='bbox 1664 2813 1728 2869; x_wconf 89' lang='lat' dir='ltr'><strong>ad</strong></span> <span class='ocrx_word' id='word_1_232' title='bbox 1751 2814 1880 2868; x_wconf 85' lang='lat' dir='ltr'><strong>alio-</strong></span> 
     </span>
    </p>
   </div>
   <div class='ocr_carea' id='block_1_29' title="bbox 297 2905 1880 2976">
    <p class='ocr_par' dir='ltr' id='par_1_29' title="bbox 297 2905 1880 2976">
     <span class='ocr_line' id='line_1_29' title="bbox 297 2905 1880 2976; baseline 0.001 -17"><span class='ocrx_word' id='word_1_233' title='bbox 297 2919 420 2959; x_wconf 88' lang='lat' dir='ltr'><strong>rum</strong></span> <span class='ocrx_word' id='word_1_234' title='bbox 451 2905 846 2974; x_wconf 82' lang='lat' dir='ltr'><strong>intelligentiam</strong></span> <span class='ocrx_word' id='word_1_235' title='bbox 877 2905 1172 2974; x_wconf 84' lang='lat' dir='ltr'><strong>perducere</strong></span> <span class='ocrx_word' id='word_1_236' title='bbox 1199 2921 1484 2976; x_wconf 86' lang='lat' dir='ltr'><strong>nequeam,</strong></span> <span class='ocrx_word' id='word_1_237' title='bbox 1517 2907 1613 2962; x_wconf 91' lang='lat' dir='ltr'><strong>sed</strong></span> <span class='ocrx_word' id='word_1_238' title='bbox 1642 2921 1740 2962; x_wconf 88' lang='lat' dir='ltr'><strong>nec</strong></span> <span class='ocrx_word' id='word_1_239' title='bbox 1767 2907 1880 2976; x_wconf 87' lang='lat' dir='ltr'><strong>ipse</strong></span> 
     </span>
    </p>
   </div>
   <div class='ocr_carea' id='block_1_30' title="bbox 299 2997 1879 3069">
    <p class='ocr_par' dir='ltr' id='par_1_30' title="bbox 299 2997 1879 3069">
     <span class='ocr_line' id='line_1_30' title="bbox 299 2997 1879 3069; baseline 0.002 -18"><span class='ocrx_word' id='word_1_240' title='bbox 299 2997 640 3067; x_wconf 79' lang='lat' dir='ltr'><strong>intelligam;</strong></span> <span class='ocrx_word' id='word_1_241' title='bbox 671 3008 762 3052; x_wconf 87' lang='lat' dir='ltr'><strong>aut</strong></span> <span class='ocrx_word' id='word_1_242' title='bbox 806 3005 952 3053; x_wconf 90' lang='lat' dir='ltr'><strong>certe</strong></span> <span class='ocrx_word' id='word_1_243' title='bbox 997 3001 1156 3053; x_wconf 87' lang='lat' dir='ltr'><strong>etiam</strong></span> <span class='ocrx_word' id='word_1_244' title='bbox 1201 2998 1481 3054; x_wconf 56' lang='lat' dir='ltr'><strong>havretieos</strong></span> <span class='ocrx_word' id='word_1_245' title='bbox 1509 2999 1760 3068; x_wconf 89' lang='lat' dir='ltr'><strong>adjuvet,</strong></span> <span class='ocrx_word' id='word_1_246' title='bbox 1789 3001 1879 3069; x_wconf 85' lang='lat' dir='ltr'><strong>qui</strong></span> 
     </span>
    </p>
   </div>
   <div class='ocr_carea' id='block_1_31' title="bbox 295 3090 1880 3160">
    <p class='ocr_par' dir='ltr' id='par_1_31' title="bbox 295 3090 1880 3160">
     <span class='ocr_line' id='line_1_31' title="bbox 295 3090 1880 3160; baseline 0.003 -19"><span class='ocrx_word' id='word_1_247' title='bbox 295 3101 582 3160; x_wconf 84' lang='lat' dir='ltr'><strong>propterea</strong></span> <span class='ocrx_word' id='word_1_248' title='bbox 625 3090 948 3158; x_wconf 80' lang='lat' dir='ltr'><strong>persuadere</strong></span> <span class='ocrx_word' id='word_1_249' title='bbox 971 3098 1234 3146; x_wconf 85' lang='lat' dir='ltr'><strong>conantur</strong></span> <span class='ocrx_word' id='word_1_250' title='bbox 1259 3091 1325 3145; x_wconf 90' lang='lat' dir='ltr'><strong>ab</strong></span> <span class='ocrx_word' id='word_1_251' title='bbox 1355 3091 1500 3145; x_wconf 91' lang='lat' dir='ltr'><strong>omni</strong></span> <span class='ocrx_word' id='word_1_252' title='bbox 1543 3105 1679 3145; x_wconf 83' lang='lat' dir='ltr'><strong>noxa</strong></span> <span class='ocrx_word' id='word_1_253' title='bbox 1722 3106 1880 3160; x_wconf 88' lang='lat' dir='ltr'><strong>puras</strong></span> 
     </span>
    </p>
   </div>
   <div class='ocr_carea' id='block_1_32' title="bbox 291 3181 1880 3251">
    <p class='ocr_par' dir='ltr' id='par_1_32' title="bbox 291 3181 1880 3251">
     <span class='ocr_line' id='line_1_32' title="bbox 291 3181 1880 3251; baseline 0.001 -14"><span class='ocrx_word' id='word_1_254' title='bbox 291 3196 422 3238; x_wconf 83' lang='lat' dir='ltr'><strong>esse</strong></span> <span class='ocrx_word' id='word_1_255' title='bbox 456 3181 660 3235; x_wconf 84' lang='lat' dir='ltr'><strong>animas</strong></span> <span class='ocrx_word' id='word_1_256' title='bbox 683 3182 1019 3251; x_wconf 83' lang='lat' dir='ltr'><strong>parvulorum</strong></span> <span class='ocrx_word' id='word_1_257' title='bbox 1045 3224 1059 3250; x_wconf 95' lang='lat'><strong>,</strong></span> <span class='ocrx_word' id='word_1_258' title='bbox 1093 3197 1162 3237; x_wconf 86' lang='lat' dir='ltr'><strong>ne</strong></span> <span class='ocrx_word' id='word_1_259' title='bbox 1186 3181 1389 3238; x_wconf 85' lang='lat' dir='ltr'><strong>scilicet</strong></span> <span class='ocrx_word' id='word_1_260' title='bbox 1431 3183 1617 3239; x_wconf 87' lang='lat' dir='ltr'><strong>eadem</strong></span> <span class='ocrx_word' id='word_1_261' title='bbox 1662 3197 1797 3237; x_wconf 84' lang='lat' dir='ltr'><strong>noxa</strong></span> <span class='ocrx_word' id='word_1_262' title='bbox 1830 3183 1880 3238; x_wconf 91' lang='lat' dir='ltr'><strong>in</strong></span> 
     </span>
    </p>
   </div>
   <div class='ocr_carea' id='block_1_33' title="bbox 295 3273 1883 3344">
    <p class='ocr_par' dir='ltr' id='par_1_33' title="bbox 295 3273 1883 3344">
     <span class='ocr_line' id='line_1_33' title="bbox 295 3273 1883 3344; baseline 0.001 -18"><span class='ocrx_word' id='word_1_263' title='bbox 295 3281 572 3328; x_wconf 83' lang='lat' dir='ltr'><strong>auctorem</strong></span> <span class='ocrx_word' id='word_1_264' title='bbox 615 3275 780 3327; x_wconf 89' lang='lat' dir='ltr'><strong>Deum</strong></span> <span class='ocrx_word' id='word_1_265' title='bbox 823 3283 1060 3328; x_wconf 87' lang='lat' dir='ltr'><strong>recurrat</strong></span> <span class='ocrx_word' id='word_1_266' title='bbox 1103 3283 1156 3328; x_wconf 91' lang='lat' dir='ltr'><strong>et</strong></span> <span class='ocrx_word' id='word_1_267' title='bbox 1200 3273 1422 3340; x_wconf 90' lang='lat' dir='ltr'><strong>redeat,</strong></span> <span class='ocrx_word' id='word_1_268' title='bbox 1467 3273 1608 3344; x_wconf 91' lang='lat' dir='ltr'><strong>quod</strong></span> <span class='ocrx_word' id='word_1_269' title='bbox 1645 3274 1883 3328; x_wconf 84' lang='lat' dir='ltr'><strong>insontes</strong></span> 
     </span>
    </p>
   </div>
   <div class='ocr_carea' id='block_1_34' title="bbox 294 3365 1882 3436">
    <p class='ocr_par' dir='ltr' id='par_1_34' title="bbox 294 3365 1882 3436">
     <span class='ocr_line' id='line_1_34' title="bbox 294 3365 1882 3436; baseline 0.001 -18"><span class='ocrx_word' id='word_1_270' title='bbox 294 3365 526 3432; x_wconf 85' lang='lat' dir='ltr'><strong>animas,</strong></span> <span class='ocrx_word' id='word_1_271' title='bbox 553 3365 742 3434; x_wconf 85' lang='lat' dir='ltr'><strong>quibus</strong></span> <span class='ocrx_word' id='word_1_272' title='bbox 767 3381 866 3421; x_wconf 87' lang='lat' dir='ltr'><strong>nec</strong></span> <span class='ocrx_word' id='word_1_273' title='bbox 895 3367 1163 3420; x_wconf 92' lang='lat' dir='ltr'><strong>lavacrum</strong></span> <span class='ocrx_word' id='word_1_274' title='bbox 1193 3367 1609 3436; x_wconf 83' lang='lat' dir='ltr'><strong>regenerationis</strong></span> <span class='ocrx_word' id='word_1_275' title='bbox 1655 3365 1882 3420; x_wconf 88' lang='lat' dir='ltr'><strong>subven-</strong></span> 
     </span>
    </p>
   </div>
   <div class='ocr_carea' id='block_1_35' title="bbox 303 3453 1884 3525">
    <p class='ocr_par' dir='ltr' id='par_1_35' title="bbox 303 3453 1884 3525">
     <span class='ocr_line' id='line_1_35' title="bbox 303 3453 1884 3525; baseline 0 -16"><span class='ocrx_word' id='word_1_276' title='bbox 303 3466 484 3510; x_wconf 89' lang='lat' dir='ltr'><strong>turum</strong></span> <span class='ocrx_word' id='word_1_277' title='bbox 533 3471 652 3510; x_wconf 82' lang='lat' dir='ltr'><strong>esse</strong></span> <span class='ocrx_word' id='word_1_278' title='bbox 691 3455 991 3525; x_wconf 57' lang='lat' dir='ltr'><strong>prarscivit,</strong></span> <span class='ocrx_word' id='word_1_279' title='bbox 1032 3455 1208 3510; x_wconf 86' lang='lat' dir='ltr'><strong>dando</strong></span> <span class='ocrx_word' id='word_1_280' title='bbox 1235 3456 1381 3510; x_wconf 90' lang='lat' dir='ltr'><strong>carni</strong></span> <span class='ocrx_word' id='word_1_281' title='bbox 1411 3453 1690 3524; x_wconf 91' lang='lat' dir='ltr'><strong>peccatrici</strong></span> <span class='ocrx_word' id='word_1_282' title='bbox 1716 3493 1732 3522; x_wconf 94' lang='lat'><strong>,</strong></span> <span class='ocrx_word' id='word_1_283' title='bbox 1764 3469 1884 3509; x_wconf 88' lang='lat' dir='ltr'><strong>esse</strong></span> 
     </span>
    </p>
   </div>
   <div class='ocr_carea' id='block_1_36' title="bbox 297 3547 1930 3620">
    <p class='ocr_par' dir='ltr' id='par_1_36' title="bbox 297 3547 1930 3620">
     <span class='ocr_line' id='line_1_36' title="bbox 297 3547 1930 3620; baseline -0.001 -16"><span class='ocrx_word' id='word_1_284' title='bbox 297 3547 624 3617; x_wconf 81' lang='lat' dir='ltr'><strong>compulerit</strong></span> <span class='ocrx_word' id='word_1_285' title='bbox 653 3549 998 3618; x_wconf 87' lang='lat' dir='ltr'><strong>peccatrices,</strong></span> <span class='ocrx_word' id='word_1_286' title='bbox 1027 3549 1172 3604; x_wconf 88' lang='lat' dir='ltr'><strong>nulla</strong></span> <span class='ocrx_word' id='word_1_287' title='bbox 1203 3549 1538 3618; x_wconf 87' lang='lat' dir='ltr'><strong>Baptismatis</strong></span> <span class='ocrx_word' id='word_1_288' title='bbox 1565 3549 1730 3620; x_wconf 78' lang='lat' dir='ltr'><strong>gratia</strong></span> <span class='ocrx_word' id='word_1_289' title='bbox 1760 3549 1886 3603; x_wconf 78' lang='lat' dir='ltr'><strong>sub-</strong></span> <span class='ocrx_word' id='word_1_290' title='bbox 1921 3573 1930 3583; x_wconf 88' lang='lat'><strong>-</strong></span> 
     </span>
    </p>
   </div>
   <div class='ocr_carea' id='block_1_37' title="bbox 297 3637 1880 3709">
    <p class='ocr_par' dir='ltr' id='par_1_37' title="bbox 297 3637 1880 3709">
     <span class='ocr_line' id='line_1_37' title="bbox 297 3637 1880 3709; baseline -0.001 -16"><span class='ocrx_word' id='word_1_291' title='bbox 297 3651 548 3702; x_wconf 79' lang='lat' dir='ltr'><strong>ventura,</strong></span> <span class='ocrx_word' id='word_1_292' title='bbox 599 3655 700 3706; x_wconf 89' lang='lat' dir='ltr'><strong>qua</strong></span> <span class='ocrx_word' id='word_1_293' title='bbox 747 3637 1040 3693; x_wconf 86' lang='lat' dir='ltr'><strong>liberentur</strong></span> <span class='ocrx_word' id='word_1_294' title='bbox 1090 3655 1119 3693; x_wconf 92' lang='lat' dir='ltr'><strong>a</strong></span> <span class='ocrx_word' id='word_1_295' title='bbox 1169 3639 1510 3695; x_wconf 89' lang='lat' dir='ltr'><strong>damnatione</strong></span> <span class='ocrx_word' id='word_1_296' title='bbox 1553 3647 1806 3709; x_wconf 89' lang='lat' dir='ltr'><strong>perpetua</strong></span> <span class='ocrx_word' id='word_1_297' title='bbox 1866 3657 1880 3693; x_wconf 87' lang='lat'><strong>:</strong></span> 
     </span>
    </p>
   </div>
   <div class='ocr_carea' id='block_1_38' title="bbox 299 3730 1882 3799">
    <p class='ocr_par' dir='ltr' id='par_1_38' title="bbox 299 3730 1882 3799">
     <span class='ocr_line' id='line_1_38' title="bbox 299 3730 1882 3799; baseline 0.003 -17"><span class='ocrx_word' id='word_1_298' title='bbox 299 3730 732 3799; x_wconf 80' lang='lat' dir='ltr'><strong>quandoquidem</strong></span> <span class='ocrx_word' id='word_1_299' title='bbox 763 3731 1177 3786; x_wconf 87' lang='lat' dir='ltr'><strong>innumerabiles</strong></span> <span class='ocrx_word' id='word_1_300' title='bbox 1209 3731 1400 3786; x_wconf 68' lang='lat' dir='ltr'><strong>anima:</strong></span> <span class='ocrx_word' id='word_1_301' title='bbox 1427 3731 1686 3786; x_wconf 81' lang='lat' dir='ltr'><strong>infantum</strong></span> <span class='ocrx_word' id='word_1_302' title='bbox 1729 3738 1882 3786; x_wconf 89' lang='lat' dir='ltr'><strong>ante-</strong></span> 
     </span>
    </p>
   </div>
   <div class='ocr_carea' id='block_1_39' title="bbox 299 3821 1878 3891">
    <p class='ocr_par' dir='ltr' id='par_1_39' title="bbox 299 3821 1878 3891">
     <span class='ocr_line' id='line_1_39' title="bbox 299 3821 1878 3891; baseline 0.001 -16"><span class='ocrx_word' id='word_1_303' title='bbox 299 3837 464 3890; x_wconf 83' lang='lat' dir='ltr'><strong>quam</strong></span> <span class='ocrx_word' id='word_1_304' title='bbox 487 3821 836 3891; x_wconf 81' lang='lat' dir='ltr'><strong>baptizentur,</strong></span> <span class='ocrx_word' id='word_1_305' title='bbox 863 3821 930 3876; x_wconf 90' lang='lat' dir='ltr'><strong>de</strong></span> <span class='ocrx_word' id='word_1_306' title='bbox 959 3823 1270 3891; x_wconf 86' lang='lat' dir='ltr'><strong>corporibus</strong></span> <span class='ocrx_word' id='word_1_307' title='bbox 1299 3831 1513 3878; x_wconf 78' lang='lat' dir='ltr'><strong>exeunt.</strong></span> <span class='ocrx_word' id='word_1_308' title='bbox 1538 3822 1690 3877; x_wconf 83' lang='lat' dir='ltr'><strong>Absit</strong></span> <span class='ocrx_word' id='word_1_309' title='bbox 1714 3822 1878 3888; x_wconf 89' lang='lat' dir='ltr'><strong>enim,</strong></span> 
     </span>
    </p>
   </div>
   <div class='ocr_carea' id='block_1_40' title="bbox 303 3911 1882 3984">
    <p class='ocr_par' dir='ltr' id='par_1_40' title="bbox 303 3911 1882 3984">
     <span class='ocr_line' id='line_1_40' title="bbox 303 3911 1882 3984; baseline 0 -18"><span class='ocrx_word' id='word_1_310' title='bbox 303 3921 368 3966; x_wconf 85' lang='lat' dir='ltr'><strong>ut</strong></span> <span class='ocrx_word' id='word_1_311' title='bbox 417 3911 518 3965; x_wconf 87' lang='lat' dir='ltr'><strong>hoc</strong></span> <span class='ocrx_word' id='word_1_312' title='bbox 575 3913 753 3968; x_wconf 88' lang='lat' dir='ltr'><strong>volens</strong></span> <span class='ocrx_word' id='word_1_313' title='bbox 806 3912 1030 3978; x_wconf 88' lang='lat' dir='ltr'><strong>diluere,</strong></span> <span class='ocrx_word' id='word_1_314' title='bbox 1079 3913 1250 3967; x_wconf 91' lang='lat' dir='ltr'><strong>dicam</strong></span> <span class='ocrx_word' id='word_1_315' title='bbox 1297 3929 1416 3982; x_wconf 69' lang='lat' dir='ltr'><strong>qua:</strong></span> <span class='ocrx_word' id='word_1_316' title='bbox 1469 3913 1584 3984; x_wconf 88' lang='lat' dir='ltr'><strong>ipse</strong></span> <span class='ocrx_word' id='word_1_317' title='bbox 1631 3913 1808 3968; x_wconf 78' lang='lat' dir='ltr'><strong>dixisti</strong></span> <span class='ocrx_word' id='word_1_318' title='bbox 1869 3931 1882 3966; x_wconf 87' lang='lat'><strong>:</strong></span> 
     </span>
    </p>
   </div>
   <div class='ocr_carea' id='block_1_41' title="bbox 309 4003 1886 4074">
    <p class='ocr_par' dir='ltr' id='par_1_41' title="bbox 309 4003 1886 4074">
     <span class='ocr_line' id='line_1_41' title="bbox 309 4003 1886 4074; baseline 0.003 -20"><span class='ocrx_word' id='word_1_319' title='bbox 309 4022 330 4054; x_wconf 72' lang='grc' dir='ltr'>ι</span> <span class='ocrx_word' id='word_1_320' title='bbox 371 4003 521 4068; x_wconf 83' lang='lat' dir='ltr'><strong>Quod</strong></span> <span class='ocrx_word' id='word_1_321' title='bbox 547 4004 720 4056; x_wconf 87' lang='lat' dir='ltr'><strong>anima</strong></span> <span class='ocrx_word' id='word_1_322' title='bbox 741 4019 834 4072; x_wconf 89' lang='lat' dir='ltr'><strong>per</strong></span> <span class='ocrx_word' id='word_1_323' title='bbox 853 4019 1068 4058; x_wconf 87' lang='lat' dir='ltr'><strong>carnem</strong></span> <span class='ocrx_word' id='word_1_324' title='bbox 1097 4005 1351 4059; x_wconf 90' lang='lat' dir='ltr'><strong>meruerit</strong></span> <span class='ocrx_word' id='word_1_325' title='bbox 1379 4004 1660 4074; x_wconf 90' lang='lat' dir='ltr'><strong>inquinari,</strong></span> <span class='ocrx_word' id='word_1_326' title='bbox 1691 4012 1886 4058; x_wconf 89' lang='lat' dir='ltr'><strong>etesse</strong></span> 
     </span>
    </p>
   </div>
   <div class='ocr_carea' id='block_1_42' title="bbox 305 4093 1888 4166">
    <p class='ocr_par' dir='ltr' id='par_1_42' title="bbox 305 4093 1888 4166">
     <span class='ocr_line' id='line_1_42' title="bbox 305 4093 1888 4166; baseline 0.002 -19"><span class='ocrx_word' id='word_1_327' title='bbox 305 4095 578 4164; x_wconf 76' lang='lat' dir='ltr'><strong>peccatrix</strong></span> <span class='ocrx_word' id='word_1_328' title='bbox 602 4135 616 4159; x_wconf 93' lang='lat'><strong>,</strong></span> <span class='ocrx_word' id='word_1_329' title='bbox 647 4093 846 4148; x_wconf 89' lang='lat' dir='ltr'><strong>nullum</strong></span> <span class='ocrx_word' id='word_1_330' title='bbox 877 4093 1081 4150; x_wconf 88' lang='lat' dir='ltr'><strong>habens</strong></span> <span class='ocrx_word' id='word_1_331' title='bbox 1109 4105 1230 4149; x_wconf 87' lang='lat' dir='ltr'><strong>ante</strong></span> <span class='ocrx_word' id='word_1_332' title='bbox 1263 4105 1538 4166; x_wconf 84' lang='lat' dir='ltr'><strong>peceatum</strong></span> <span class='ocrx_word' id='word_1_333' title='bbox 1565 4137 1578 4159; x_wconf 89' lang='lat'><strong>,</strong></span> <span class='ocrx_word' id='word_1_334' title='bbox 1607 4111 1714 4164; x_wconf 91' lang='lat' dir='ltr'><strong>quo</strong></span> <span class='ocrx_word' id='word_1_335' title='bbox 1744 4103 1888 4152; x_wconf 87' lang='lat' dir='ltr'><strong>recte</strong></span> 
     </span>
    </p>
   </div>
   <div class='ocr_carea' id='block_1_43' title="bbox 307 4183 1888 4256">
    <p class='ocr_par' dir='ltr' id='par_1_43' title="bbox 307 4183 1888 4256">
     <span class='ocr_line' id='line_1_43' title="bbox 307 4183 1888 4256; baseline 0.004 -20"><span class='ocrx_word' id='word_1_336' title='bbox 307 4183 364 4238; x_wconf 96' lang='lat' dir='ltr'><strong>id</strong></span> <span class='ocrx_word' id='word_1_337' title='bbox 387 4185 644 4238; x_wconf 85' lang='lat' dir='ltr'><strong>meruisse</strong></span> <span class='ocrx_word' id='word_1_338' title='bbox 669 4183 876 4238; x_wconf 78' lang='lat' dir='ltr'><strong>dicatur</strong></span> <span class='ocrx_word' id='word_1_339' title='bbox 905 4203 920 4240; x_wconf 88' lang='lat'><strong>:</strong></span> <span class='ocrx_word' id='word_1_340' title='bbox 959 4203 978 4238; x_wconf 83' lang='grc'><strong>›</strong></span> <span class='ocrx_word' id='word_1_341' title='bbox 1005 4193 1060 4240; x_wconf 93' lang='lat' dir='ltr'><strong>et</strong></span> <span class='ocrx_word' id='word_1_342' title='bbox 1081 4203 1100 4237; x_wconf 72' lang='grc' dir='ltr'><strong><em>ι</em></strong></span> <span class='ocrx_word' id='word_1_343' title='bbox 1127 4187 1266 4256; x_wconf 88' lang='lat' dir='ltr'><strong>quod</strong></span> <span class='ocrx_word' id='word_1_344' title='bbox 1288 4187 1446 4241; x_wconf 88' lang='lat' dir='ltr'><strong>etiam</strong></span> <span class='ocrx_word' id='word_1_345' title='bbox 1473 4186 1586 4240; x_wconf 87' lang='lat' dir='ltr'><strong>sine</strong></span> <span class='ocrx_word' id='word_1_346' title='bbox 1611 4186 1888 4256; x_wconf 87' lang='lat' dir='ltr'><strong>Baptismo</strong></span> 
     </span>
    </p>
   </div>
   <div class='ocr_carea' id='block_1_44' title="bbox 301 4272 1886 4352">
    <p class='ocr_par' dir='ltr' id='par_1_44' title="bbox 301 4272 1886 4352">
     <span class='ocr_line' id='line_1_44' title="bbox 301 4272 1886 4352; baseline 0.004 -22"><span class='ocrx_word' id='word_1_347' title='bbox 301 4277 588 4347; x_wconf 75' lang='lat' dir='ltr'><strong>uiginalia</strong></span> <span class='ocrx_word' id='word_1_348' title='bbox 647 4272 860 4348; x_wconf 83' lang='lat' dir='ltr'><strong>peccata</strong></span> <span class='ocrx_word' id='word_1_349' title='bbox 912 4279 1185 4334; x_wconf 87' lang='lat' dir='ltr'><strong>solvantur</strong></span> <span class='ocrx_word' id='word_1_350' title='bbox 1228 4299 1240 4333; x_wconf 93' lang='lat'>:</span> <span class='ocrx_word' id='word_1_351' title='bbox 1281 4299 1300 4333; x_wconf 74' lang='grc' dir='ltr'><strong><em>ι</em></strong></span> <span class='ocrx_word' id='word_1_352' title='bbox 1335 4289 1390 4336; x_wconf 90' lang='lat' dir='ltr'><strong>et</strong></span> <span class='ocrx_word' id='word_1_353' title='bbox 1423 4299 1442 4333; x_wconf 74' lang='grc' dir='ltr'>ι</span> <span class='ocrx_word' id='word_1_354' title='bbox 1476 4281 1619 4352; x_wconf 91' lang='lat' dir='ltr'><strong>quod</strong></span> <span class='ocrx_word' id='word_1_355' title='bbox 1663 4297 1886 4352; x_wconf 77' lang='lat' dir='ltr'><strong>regnum</strong></span> 
     </span>
    </p>
   </div>
   <div class='ocr_carea' id='block_1_45' title="bbox 304 4369 1882 4440">
    <p class='ocr_par' dir='ltr' id='par_1_45' title="bbox 304 4369 1882 4440">
     <span class='ocr_line' id='line_1_45' title="bbox 304 4369 1882 4440; baseline 0.004 -20"><span class='ocrx_word' id='word_1_356' title='bbox 304 4383 524 4438; x_wconf 79' lang='lat' dir='ltr'><strong>quoque</strong></span> <span class='ocrx_word' id='word_1_357' title='bbox 563 4369 820 4424; x_wconf 54' lang='lat' dir='ltr'><strong>co&#39;lorum</strong></span> <span class='ocrx_word' id='word_1_358' title='bbox 867 4384 972 4424; x_wconf 91' lang='lat' dir='ltr'><strong>non</strong></span> <span class='ocrx_word' id='word_1_359' title='bbox 1003 4371 1278 4440; x_wconf 89' lang='lat' dir='ltr'><strong>baptizatis</strong></span> <span class='ocrx_word' id='word_1_360' title='bbox 1321 4373 1374 4427; x_wconf 91' lang='lat' dir='ltr'><strong>in</strong></span> <span class='ocrx_word' id='word_1_361' title='bbox 1401 4373 1508 4428; x_wconf 90' lang='lat' dir='ltr'><strong>ﬁne</strong></span> <span class='ocrx_word' id='word_1_362' title='bbox 1537 4373 1820 4427; x_wconf 87' lang='lat' dir='ltr'><strong>tribuatur.</strong></span> <span class='ocrx_word' id='word_1_363' title='bbox 1862 4393 1882 4427; x_wconf 76' lang='grc' dir='ltr'><strong><em>ι</em></strong></span> 
     </span>
    </p>
   </div>
   <div class='ocr_carea' id='block_1_46' title="bbox 307 4457 1890 4528">
    <p class='ocr_par' dir='ltr' id='par_1_46' title="bbox 307 4457 1890 4528">
     <span class='ocr_line' id='line_1_46' title="bbox 307 4457 1890 4528; baseline 0.005 -16"><span class='ocrx_word' id='word_1_364' title='bbox 307 4457 438 4512; x_wconf 57' lang='lat' dir='ltr'><strong>llaec</strong></span> <span class='ocrx_word' id='word_1_365' title='bbox 478 4471 632 4528; x_wconf 85' lang='lat' dir='ltr'><strong>atque</strong></span> <span class='ocrx_word' id='word_1_366' title='bbox 662 4457 964 4526; x_wconf 88' lang='lat' dir='ltr'><strong>hujusmodi</strong></span> <span class='ocrx_word' id='word_1_367' title='bbox 993 4477 1194 4517; x_wconf 89' lang='lat' dir='ltr'><strong>venena</strong></span> <span class='ocrx_word' id='word_1_368' title='bbox 1223 4463 1342 4517; x_wconf 92' lang='lat' dir='ltr'><strong>ﬁdei</strong></span> <span class='ocrx_word' id='word_1_369' title='bbox 1385 4464 1488 4517; x_wconf 84' lang='lat' dir='ltr'><strong>nisi</strong></span> <span class='ocrx_word' id='word_1_370' title='bbox 1513 4464 1694 4519; x_wconf 89' lang='lat' dir='ltr'><strong>dicere</strong></span> <span class='ocrx_word' id='word_1_371' title='bbox 1733 4464 1890 4520; x_wconf 89' lang='lat' dir='ltr'><strong>time-</strong></span> 
     </span>
    </p>
   </div>
   <div class='ocr_carea' id='block_1_47' title="bbox 307 4547 1888 4624">
    <p class='ocr_par' dir='ltr' id='par_1_47' title="bbox 307 4547 1888 4624">
     <span class='ocr_line' id='line_1_47' title="bbox 307 4547 1888 4624; baseline 0.006 -22"><span class='ocrx_word' id='word_1_372' title='bbox 307 4563 426 4602; x_wconf 85' lang='lat' dir='ltr'><strong>rem</strong></span> <span class='ocrx_word' id='word_1_373' title='bbox 455 4588 468 4608; x_wconf 83' lang='lat'><strong>,</strong></span> <span class='ocrx_word' id='word_1_374' title='bbox 515 4547 738 4604; x_wconf 57' lang='lat' dir='ltr'><strong>tortas-se</strong></span> <span class='ocrx_word' id='word_1_375' title='bbox 765 4549 834 4605; x_wconf 92' lang='lat' dir='ltr'><strong>de</strong></span> <span class='ocrx_word' id='word_1_376' title='bbox 863 4550 961 4605; x_wconf 89' lang='lat' dir='ltr'><strong>hac</strong></span> <span class='ocrx_word' id='word_1_377' title='bbox 992 4567 1048 4606; x_wconf 91' lang='lat' dir='ltr'><strong>re</strong></span> <span class='ocrx_word' id='word_1_378' title='bbox 1089 4553 1312 4608; x_wconf 85' lang='lat' dir='ltr'><strong>delinire</strong></span> <span class='ocrx_word' id='word_1_379' title='bbox 1345 4555 1540 4624; x_wconf 88' lang='lat' dir='ltr'><strong>aliquid</strong></span> <span class='ocrx_word' id='word_1_380' title='bbox 1581 4573 1686 4611; x_wconf 92' lang='lat' dir='ltr'><strong>non</strong></span> <span class='ocrx_word' id='word_1_381' title='bbox 1733 4557 1888 4612; x_wconf 89' lang='lat' dir='ltr'><strong>time-</strong></span> 
     </span>
    </p>
   </div>
   <div class='ocr_carea' id='block_1_48' title="bbox 309 4639 1890 4716">
    <p class='ocr_par' dir='ltr' id='par_1_48' title="bbox 309 4639 1890 4716">
     <span class='ocr_line' id='line_1_48' title="bbox 309 4639 1890 4716; baseline 0.007 -23"><span class='ocrx_word' id='word_1_382' title='bbox 309 4653 448 4693; x_wconf 88' lang='lat' dir='ltr'><strong>rem.</strong></span> <span class='ocrx_word' id='word_1_383' title='bbox 481 4639 683 4706; x_wconf 79' lang='lat' dir='ltr'><strong>Quanto</strong></span> <span class='ocrx_word' id='word_1_384' title='bbox 711 4642 898 4696; x_wconf 89' lang='lat' dir='ltr'><strong>melius</strong></span> <span class='ocrx_word' id='word_1_385' title='bbox 929 4643 1087 4713; x_wconf 84' lang='lat' dir='ltr'><strong>igitur</strong></span> <span class='ocrx_word' id='word_1_386' title='bbox 1127 4661 1232 4699; x_wconf 89' lang='lat' dir='ltr'><strong>non</strong></span> <span class='ocrx_word' id='word_1_387' title='bbox 1275 4649 1560 4716; x_wconf 89' lang='lat' dir='ltr'><strong>separatim</strong></span> <span class='ocrx_word' id='word_1_388' title='bbox 1596 4647 1664 4704; x_wconf 90' lang='lat' dir='ltr'><strong>de</strong></span> <span class='ocrx_word' id='word_1_389' title='bbox 1713 4649 1890 4704; x_wconf 87' lang='lat' dir='ltr'><strong>anima</strong></span> 
     </span>
    </p>
   </div>
   <div class='ocr_carea' id='block_1_49' title="bbox 311 4731 1892 4809">
    <p class='ocr_par' dir='ltr' id='par_1_49' title="bbox 311 4731 1892 4809">
     <span class='ocr_line' id='line_1_49' title="bbox 311 4731 1892 4809; baseline 0.007 -23"><span class='ocrx_word' id='word_1_390' title='bbox 311 4731 530 4799; x_wconf 84' lang='lat' dir='ltr'><strong>disputo</strong></span> <span class='ocrx_word' id='word_1_391' title='bbox 555 4743 607 4784; x_wconf 91' lang='lat' dir='ltr'><strong>et</strong></span> <span class='ocrx_word' id='word_1_392' title='bbox 636 4733 842 4786; x_wconf 78' lang='lat' dir='ltr'><strong>afﬁrmo</strong></span> <span class='ocrx_word' id='word_1_393' title='bbox 870 4735 1010 4802; x_wconf 91' lang='lat' dir='ltr'><strong>quod</strong></span> <span class='ocrx_word' id='word_1_394' title='bbox 1036 4737 1247 4802; x_wconf 88' lang='lat' dir='ltr'><strong>nescio;</strong></span> <span class='ocrx_word' id='word_1_395' title='bbox 1279 4737 1372 4794; x_wconf 90' lang='lat' dir='ltr'><strong>sed</strong></span> <span class='ocrx_word' id='word_1_396' title='bbox 1395 4739 1534 4808; x_wconf 91' lang='lat' dir='ltr'><strong>quod</strong></span> <span class='ocrx_word' id='word_1_397' title='bbox 1557 4741 1892 4809; x_wconf 87' lang='lat' dir='ltr'><strong>apertissime</strong></span> 
     </span>
    </p>
   </div>
   <div class='ocr_carea' id='block_1_50' title="bbox 303 4823 1888 4899">
    <p class='ocr_par' dir='ltr' id='par_1_50' title="bbox 303 4823 1888 4899">
     <span class='ocr_line' id='line_1_50' title="bbox 303 4823 1888 4899; baseline 0.008 -22"><span class='ocrx_word' id='word_1_398' title='bbox 303 4823 626 4890; x_wconf 75' lang='lat' dir='ltr'><strong>Apostolum</strong></span> <span class='ocrx_word' id='word_1_399' title='bbox 657 4823 810 4879; x_wconf 89' lang='lat' dir='ltr'><strong>video</strong></span> <span class='ocrx_word' id='word_1_400' title='bbox 834 4825 1100 4892; x_wconf 89' lang='lat' dir='ltr'><strong>docuisse,</strong></span> <span class='ocrx_word' id='word_1_401' title='bbox 1131 4829 1442 4899; x_wconf 89' lang='lat' dir='ltr'><strong>simpliciter</strong></span> <span class='ocrx_word' id='word_1_402' title='bbox 1467 4841 1640 4887; x_wconf 88' lang='lat' dir='ltr'><strong>teneo.</strong></span> <span class='ocrx_word' id='word_1_403' title='bbox 1670 4833 1750 4888; x_wconf 81' lang='lat' dir='ltr'><strong>Ex</strong></span> <span class='ocrx_word' id='word_1_404' title='bbox 1783 4851 1888 4890; x_wconf 91' lang='lat' dir='ltr'><strong>uno</strong></span> 
     </span>
    </p>
   </div>
   <div class='ocr_carea' id='block_1_51' title="bbox 309 4914 1893 4996">
    <p class='ocr_par' dir='ltr' id='par_1_51' title="bbox 309 4914 1893 4996">
     <span class='ocr_line' id='line_1_51' title="bbox 309 4914 1893 4996; baseline 0.008 -30"><span class='ocrx_word' id='word_1_405' title='bbox 309 4914 530 4968; x_wconf 88' lang='lat' dir='ltr'><strong>homine</strong></span> <span class='ocrx_word' id='word_1_406' title='bbox 583 4929 770 4969; x_wconf 89' lang='lat' dir='ltr'><strong>omnes</strong></span> <span class='ocrx_word' id='word_1_407' title='bbox 813 4915 1056 4973; x_wconf 89' lang='lat' dir='ltr'><strong>homines</strong></span> <span class='ocrx_word' id='word_1_408' title='bbox 1087 4919 1164 4974; x_wconf 86' lang='lat' dir='ltr'><strong>ire</strong></span> <span class='ocrx_word' id='word_1_409' title='bbox 1182 4921 1230 4974; x_wconf 91' lang='lat' dir='ltr'><strong>in</strong></span> <span class='ocrx_word' id='word_1_410' title='bbox 1271 4922 1763 4978; x_wconf 87' lang='lat' dir='ltr'><strong>condemnationem</strong></span> <span class='ocrx_word' id='word_1_411' title='bbox 1804 4925 1893 4996; x_wconf 91' lang='lat' dir='ltr'><strong>qui</strong></span> 
     </span>
    </p>
   </div>
   <div class='ocr_carea' id='block_1_52' title="bbox 305 5007 1891 5082">
    <p class='ocr_par' dir='ltr' id='par_1_52' title="bbox 305 5007 1891 5082">
     <span class='ocr_line' id='line_1_52' title="bbox 305 5007 1891 5082; baseline 0.007 -23"><span class='ocrx_word' id='word_1_412' title='bbox 305 5017 603 5061; x_wconf 84' lang='lat' dir='ltr'><strong>nascuntur</strong></span> <span class='ocrx_word' id='word_1_413' title='bbox 623 5023 688 5064; x_wconf 82' lang='lat' dir='ltr'><strong>ex</strong></span> <span class='ocrx_word' id='word_1_414' title='bbox 723 5009 892 5064; x_wconf 84' lang='lat' dir='ltr'><strong>Adam</strong></span> <span class='ocrx_word' id='word_1_415' title='bbox 925 5007 1098 5082; x_wconf 86' lang='lat' dir='ltr'><strong>(Rom.</strong></span> <span class='ocrx_word' id='word_1_416' title='bbox 1130 5026 1184 5076; x_wconf 89' lang='lat' dir='ltr'><strong>v,</strong></span> <span class='ocrx_word' id='word_1_417' title='bbox 1211 5011 1306 5082; x_wconf 91' lang='lat' dir='ltr'><strong>l8)</strong></span> <span class='ocrx_word' id='word_1_418' title='bbox 1332 5055 1346 5078; x_wconf 95' lang='lat'><strong>,</strong></span> <span class='ocrx_word' id='word_1_419' title='bbox 1379 5014 1477 5067; x_wconf 90' lang='lat' dir='ltr'><strong>nisi</strong></span> <span class='ocrx_word' id='word_1_420' title='bbox 1507 5014 1576 5067; x_wconf 90' lang='lat' dir='ltr'><strong>ita</strong></span> <span class='ocrx_word' id='word_1_421' title='bbox 1605 5031 1891 5070; x_wconf 86' lang='lat' dir='ltr'><strong>renascan-</strong></span> 
     </span>
    </p>
   </div>
   <div class='ocr_carea' id='block_1_53' title="bbox 213 5095 1892 5170">
    <p class='ocr_par' dir='ltr' id='par_1_53' title="bbox 213 5095 1892 5170">
     <span class='ocr_line' id='line_1_53' title="bbox 213 5095 1892 5170; baseline 0.007 -20"><span class='ocrx_word' id='word_1_422' title='bbox 213 5095 216 5098; x_wconf 82' lang='grc'><em>’</em></span> <span class='ocrx_word' id='word_1_423' title='bbox 307 5110 403 5152; x_wconf 88' lang='lat' dir='ltr'><strong>tur</strong></span> <span class='ocrx_word' id='word_1_424' title='bbox 432 5099 483 5153; x_wconf 94' lang='lat' dir='ltr'><strong>in</strong></span> <span class='ocrx_word' id='word_1_425' title='bbox 512 5099 760 5167; x_wconf 89' lang='lat' dir='ltr'><strong>Christo,</strong></span> <span class='ocrx_word' id='word_1_426' title='bbox 789 5101 942 5156; x_wconf 91' lang='lat' dir='ltr'><strong>sicuti</strong></span> <span class='ocrx_word' id='word_1_427' title='bbox 974 5101 1197 5156; x_wconf 87' lang='lat' dir='ltr'><strong>instituit</strong></span> <span class='ocrx_word' id='word_1_428' title='bbox 1233 5111 1290 5158; x_wconf 89' lang='lat' dir='ltr'><strong>ut</strong></span> <span class='ocrx_word' id='word_1_429' title='bbox 1333 5115 1709 5170; x_wconf 84' lang='lat' dir='ltr'><strong>renascantur,</strong></span> <span class='ocrx_word' id='word_1_430' title='bbox 1741 5115 1892 5162; x_wconf 54' lang='lat' dir='ltr'><strong>ante-</strong></span> 
     </span>
    </p>
   </div>
   <div class='ocr_carea' id='block_1_54' title="bbox 303 5193 1896 5264">
    <p class='ocr_par' dir='ltr' id='par_1_54' title="bbox 303 5193 1896 5264">
     <span class='ocr_line' id='line_1_54' title="bbox 303 5193 1896 5264; baseline 0.005 -20"><span class='ocrx_word' id='word_1_431' title='bbox 303 5204 468 5262; x_wconf 84' lang='lat' dir='ltr'><strong>quam</strong></span> <span class='ocrx_word' id='word_1_432' title='bbox 496 5206 721 5260; x_wconf 89' lang='lat' dir='ltr'><strong>corpore</strong></span> <span class='ocrx_word' id='word_1_433' title='bbox 734 5193 1046 5258; x_wconf 87' lang='lat' dir='ltr'><strong>moriantur,</strong></span> <span class='ocrx_word' id='word_1_434' title='bbox 1065 5209 1197 5263; x_wconf 89' lang='lat' dir='ltr'><strong>quos</strong></span> <span class='ocrx_word' id='word_1_435' title='bbox 1227 5194 1618 5264; x_wconf 84' lang='lat' dir='ltr'><strong>praedestinavit</strong></span> <span class='ocrx_word' id='word_1_436' title='bbox 1655 5197 1720 5255; x_wconf 89' lang='lat' dir='ltr'><strong>ad</strong></span> <span class='ocrx_word' id='word_1_437' title='bbox 1737 5209 1896 5253; x_wconf 68' lang='lat' dir='ltr'><strong>teter-</strong></span> 
     </span>
    </p>
   </div>
   <div class='ocr_carea' id='block_1_55' title="bbox 307 5282 1899 5360">
    <p class='ocr_par' dir='ltr' id='par_1_55' title="bbox 307 5282 1899 5360">
     <span class='ocr_line' id='line_1_55' title="bbox 307 5282 1899 5360; baseline 0.004 -22"><span class='ocrx_word' id='word_1_438' title='bbox 307 5297 438 5338; x_wconf 84' lang='lat' dir='ltr'><strong>nam</strong></span> <span class='ocrx_word' id='word_1_439' title='bbox 469 5283 628 5335; x_wconf 89' lang='lat' dir='ltr'><strong>vitam</strong></span> <span class='ocrx_word' id='word_1_440' title='bbox 657 5282 1182 5340; x_wconf 88' lang='lat' dir='ltr'><strong>misericordissimus</strong></span> <span class='ocrx_word' id='word_1_441' title='bbox 1221 5287 1404 5356; x_wconf 74' lang='lat' dir='ltr'><strong>gratia:</strong></span> <span class='ocrx_word' id='word_1_442' title='bbox 1425 5288 1642 5358; x_wconf 81' lang='lat' dir='ltr'><strong>largitor</strong></span> <span class='ocrx_word' id='word_1_443' title='bbox 1671 5291 1796 5360; x_wconf 90' lang='lat' dir='ltr'><strong>:qui</strong></span> <span class='ocrx_word' id='word_1_444' title='bbox 1817 5301 1899 5344; x_wconf 88' lang='lat' dir='ltr'><strong>est</strong></span> 
     </span>
    </p>
   </div>
   <div class='ocr_carea' id='block_1_56' title="bbox 303 5371 1903 5449">
    <p class='ocr_par' dir='ltr' id='par_1_56' title="bbox 303 5371 1903 5449">
     <span class='ocr_line' id='line_1_56' title="bbox 303 5371 1903 5449; baseline 0.001 -21"><span class='ocrx_word' id='word_1_445' title='bbox 303 5383 366 5428; x_wconf 84' lang='lat' dir='ltr'><strong>et</strong></span> <span class='ocrx_word' id='word_1_446' title='bbox 394 5371 494 5425; x_wconf 85' lang='lat' dir='ltr'><strong>illis</strong></span> <span class='ocrx_word' id='word_1_447' title='bbox 509 5385 640 5440; x_wconf 92' lang='lat' dir='ltr'><strong>quos</strong></span> <span class='ocrx_word' id='word_1_448' title='bbox 661 5371 1046 5441; x_wconf 62' lang='lat' dir='ltr'><strong>praedestinavit</strong></span> <span class='ocrx_word' id='word_1_449' title='bbox 1064 5373 1128 5428; x_wconf 91' lang='lat' dir='ltr'><strong>ad</strong></span> <span class='ocrx_word' id='word_1_450' title='bbox 1145 5383 1394 5431; x_wconf 68' lang='lat' dir='ltr'><strong>internum</strong></span> <span class='ocrx_word' id='word_1_451' title='bbox 1413 5387 1634 5433; x_wconf 88' lang='lat' dir='ltr'><strong>mortem</strong></span> <span class='ocrx_word' id='word_1_452' title='bbox 1646 5379 1903 5449; x_wconf 78' lang='lat' dir='ltr'><strong>..justissi-</strong></span> 
     </span>
    </p>
   </div>
   <div class='ocr_carea' id='block_1_57' title="bbox 305 5463 1900 5540">
    <p class='ocr_par' dir='ltr' id='par_1_57' title="bbox 305 5463 1900 5540">
     <span class='ocr_line' id='line_1_57' title="bbox 305 5463 1900 5540; baseline 0.004 -23"><span class='ocrx_word' id='word_1_453' title='bbox 305 5463 688 5533; x_wconf 85' lang='lat' dir='ltr'><strong>mussupplicii</strong></span> <span class='ocrx_word' id='word_1_454' title='bbox 703 5463 986 5518; x_wconf 90' lang='lat' dir='ltr'><strong>retributor</strong></span> <span class='ocrx_word' id='word_1_455' title='bbox 1004 5481 1020 5530; x_wconf 85' lang='lat'><strong>;</strong></span> <span class='ocrx_word' id='word_1_456' title='bbox 1035 5481 1137 5519; x_wconf 90' lang='lat' dir='ltr'><strong>non</strong></span> <span class='ocrx_word' id='word_1_457' title='bbox 1161 5469 1328 5520; x_wconf 87' lang='lat' dir='ltr'><strong>solum</strong></span> <span class='ocrx_word' id='word_1_458' title='bbox 1343 5469 1654 5538; x_wconf 89' lang='lat' dir='ltr'><strong>propterilla</strong></span> <span class='ocrx_word' id='word_1_459' title='bbox 1677 5487 1900 5540; x_wconf 69' lang='lat' dir='ltr'><strong>quaivo-</strong></span> 
     </span>
    </p>
   </div>
   <div class='ocr_carea' id='block_1_58' title="bbox 307 5553 1902 5630">
    <p class='ocr_par' dir='ltr' id='par_1_58' title="bbox 307 5553 1902 5630">
     <span class='ocr_line' id='line_1_58' title="bbox 307 5553 1902 5630; baseline 0.003 -20"><span class='ocrx_word' id='word_1_460' title='bbox 307 5555 490 5610; x_wconf 87' lang='lat' dir='ltr'><strong>lentes</strong></span> <span class='ocrx_word' id='word_1_461' title='bbox 506 5553 780 5624; x_wconf 85' lang='lat' dir='ltr'><strong>adjiciunt,</strong></span> <span class='ocrx_word' id='word_1_462' title='bbox 799 5570 978 5612; x_wconf 87' lang='lat' dir='ltr'><strong>verum</strong></span> <span class='ocrx_word' id='word_1_463' title='bbox 1010 5557 1168 5612; x_wconf 89' lang='lat' dir='ltr'><strong>etiam</strong></span> <span class='ocrx_word' id='word_1_464' title='bbox 1188 5558 1231 5614; x_wconf 90' lang='lat' dir='ltr'><strong>si</strong></span> <span class='ocrx_word' id='word_1_465' title='bbox 1248 5555 1472 5615; x_wconf 76' lang='lat' dir='ltr'><strong>infantes</strong></span> <span class='ocrx_word' id='word_1_466' title='bbox 1489 5560 1615 5615; x_wconf 85' lang='lat' dir='ltr'><strong>nihil</strong></span> <span class='ocrx_word' id='word_1_467' title='bbox 1635 5561 1902 5630; x_wconf 77' lang='lat' dir='ltr'><strong>adjiciam,</strong></span> 
     </span>
    </p>
   </div>
   <div class='ocr_carea' id='block_1_59' title="bbox 385 5689 1174 5746">
    <p class='ocr_par' dir='ltr' id='par_1_59' title="bbox 385 5689 1174 5746">
     <span class='ocr_line' id='line_1_59' title="bbox 385 5689 1174 5746; baseline 0.003 -7"><span class='ocrx_word' id='word_1_468' title='bbox 385 5689 403 5722; x_wconf 76' lang='grc'>⁵</span> <span class='ocrx_word' id='word_1_469' title='bbox 439 5697 488 5739; x_wconf 82' lang='grc' dir='ltr'>ω</span> <span class='ocrx_word' id='word_1_470' title='bbox 509 5697 612 5742; x_wconf 63' lang='lat' dir='ltr'><strong>Mss.</strong></span> <span class='ocrx_word' id='word_1_471' title='bbox 635 5701 930 5743; x_wconf 82' lang='lat' dir='ltr'><strong>constanter.</strong></span> <span class='ocrx_word' id='word_1_472' title='bbox 949 5692 1174 5746; x_wconf 73' lang='lat' dir='ltr'><strong>iuvenali.</strong></span> 
     </span>
    </p>
   </div>
   <div class='ocr_carea' id='block_1_60' title="bbox 1637 305 2216 372">
    <p class='ocr_par' dir='ltr' id='par_1_60' title="bbox 1637 305 2216 372">
     <span class='ocr_line' id='line_1_60' title="bbox 1637 305 2216 372; baseline 0.005 -11"><span class='ocrx_word' id='word_1_473' title='bbox 1637 305 1834 361; x_wconf 69' lang='lat' dir='ltr'><strong>LlBliR</strong></span> <span class='ocrx_word' id='word_1_474' title='bbox 1873 305 2216 372; x_wconf 78' lang='lat' dir='ltr'><strong>QUARTUS.</strong></span> 
     </span>
    </p>
   </div>
   <div class='ocr_carea' id='block_1_61' title="bbox 3447 319 3560 376">
    <p class='ocr_par' dir='ltr' id='par_1_61' title="bbox 3447 319 3560 376">
     <span class='ocr_line' id='line_1_61' title="bbox 3447 319 3560 376; baseline -0.018 0"><span class='ocrx_word' id='word_1_475' title='bbox 3447 319 3560 376; x_wconf 59' lang='grc' dir='ltr'><strong>πῖ</strong></span> 
     </span>
    </p>
   </div>
   <div class='ocr_carea' id='block_1_62' title="bbox 1981 430 3556 510">
    <p class='ocr_par' dir='ltr' id='par_1_62' title="bbox 1981 430 3556 510">
     <span class='ocr_line' id='line_1_62' title="bbox 1981 430 3556 510; baseline 0.01 -28"><span class='ocrx_word' id='word_1_476' title='bbox 1981 439 2198 498; x_wconf 83' lang='lat' dir='ltr'><strong>propter</strong></span> <span class='ocrx_word' id='word_1_477' title='bbox 2221 430 2479 500; x_wconf 74' lang='lat' dir='ltr'><strong>originale</strong></span> <span class='ocrx_word' id='word_1_478' title='bbox 2506 439 2797 504; x_wconf 63' lang='lat' dir='ltr'><strong>meatum.</strong></span> <span class='ocrx_word' id='word_1_479' title='bbox 2827 435 3122 494; x_wconf 62' lang='lat' dir='ltr'><strong>llaecest&#39;in</strong></span> <span class='ocrx_word' id='word_1_480' title='bbox 3147 437 3234 494; x_wconf 83' lang='lat' dir='ltr'><strong>illa</strong></span> <span class='ocrx_word' id='word_1_481' title='bbox 3253 441 3556 510; x_wconf 67' lang='lat' dir='ltr'><strong>quaestione</strong></span> 
     </span>
    </p>
   </div>
   <div class='ocr_carea' id='block_1_63' title="bbox 1979 519 3558 596">
    <p class='ocr_par' dir='ltr' id='par_1_63' title="bbox 1979 519 3558 596">
     <span class='ocr_line' id='line_1_63' title="bbox 1979 519 3558 596; baseline 0.008 -21"><span class='ocrx_word' id='word_1_482' title='bbox 1979 519 2218 578; x_wconf 88' lang='lat' dir='ltr'><strong>deﬁnitio</strong></span> <span class='ocrx_word' id='word_1_483' title='bbox 2248 537 2388 592; x_wconf 88' lang='lat' dir='ltr'><strong>mea,</strong></span> <span class='ocrx_word' id='word_1_484' title='bbox 2417 535 2472 579; x_wconf 88' lang='lat' dir='ltr'><strong>ut</strong></span> <span class='ocrx_word' id='word_1_485' title='bbox 2491 525 2694 581; x_wconf 84' lang='lat' dir='ltr'><strong>occulta</strong></span> <span class='ocrx_word' id='word_1_486' title='bbox 2723 541 2884 596; x_wconf 87' lang='lat' dir='ltr'><strong>opera</strong></span> <span class='ocrx_word' id='word_1_487' title='bbox 2911 528 3006 584; x_wconf 86' lang='lat' dir='ltr'><strong>Dei</strong></span> <span class='ocrx_word' id='word_1_488' title='bbox 3036 528 3266 586; x_wconf 85' lang='lat' dir='ltr'><strong>habeant</strong></span> <span class='ocrx_word' id='word_1_489' title='bbox 3295 545 3448 587; x_wconf 86' lang='lat' dir='ltr'><strong>suum</strong></span> <span class='ocrx_word' id='word_1_490' title='bbox 3471 547 3558 588; x_wconf 81' lang='lat' dir='ltr'><strong>se-</strong></span> 
     </span>
    </p>
   </div>
   <div class='ocr_carea' id='block_1_64' title="bbox 1979 615 2680 680">
    <p class='ocr_par' dir='ltr' id='par_1_64' title="bbox 1979 615 2680 680">
     <span class='ocr_line' id='line_1_64' title="bbox 1979 615 2680 680; baseline 0.006 -12"><span class='ocrx_word' id='word_1_491' title='bbox 1979 623 2205 680; x_wconf 90' lang='lat' dir='ltr'><strong>cretum,</strong></span> <span class='ocrx_word' id='word_1_492' title='bbox 2235 615 2380 672; x_wconf 87' lang='lat' dir='ltr'><strong>salva</strong></span> <span class='ocrx_word' id='word_1_493' title='bbox 2411 615 2514 672; x_wconf 88' lang='lat' dir='ltr'><strong>ﬁde</strong></span> <span class='ocrx_word' id='word_1_494' title='bbox 2541 633 2680 674; x_wconf 89' lang='lat' dir='ltr'><strong>mea.</strong></span> 
     </span>
    </p>
   </div>
   <div class='ocr_carea' id='block_1_65' title="bbox 2050 705 3564 783">
    <p class='ocr_par' dir='ltr' id='par_1_65' title="bbox 2050 705 3564 783">
     <span class='ocr_line' id='line_1_65' title="bbox 2050 705 3564 783; baseline 0.007 -22"><span class='ocrx_word' id='word_1_495' title='bbox 2050 705 2275 762; x_wconf 85' lang='lat' dir='ltr'>CAPUT</span> <span class='ocrx_word' id='word_1_496' title='bbox 2309 706 2423 762; x_wconf 84' lang='lat' dir='ltr'><strong>XII.</strong></span> <span class='ocrx_word' id='word_1_497' title='bbox 2457 711 2639 764; x_wconf 64' lang='lat'><strong>~17.</strong></span> <span class='ocrx_word' id='word_1_498' title='bbox 2675 710 2822 767; x_wconf 87' lang='lat' dir='ltr'><strong>Nunc</strong></span> <span class='ocrx_word' id='word_1_499' title='bbox 2853 712 2984 783; x_wconf 86' lang='lat' dir='ltr'><strong>jam,</strong></span> <span class='ocrx_word' id='word_1_500' title='bbox 3011 723 3266 783; x_wconf 85' lang='lat' dir='ltr'><strong>quantum</strong></span> <span class='ocrx_word' id='word_1_501' title='bbox 3299 713 3564 772; x_wconf 84' lang='lat' dir='ltr'><strong>Dominus-</strong></span> 
     </span>
    </p>
   </div>
   <div class='ocr_carea' id='block_1_66' title="bbox 1979 797 3554 877">
    <p class='ocr_par' dir='ltr' id='par_1_66' title="bbox 1979 797 3554 877">
     <span class='ocr_line' id='line_1_66' title="bbox 1979 797 3554 877; baseline 0.007 -24"><span class='ocrx_word' id='word_1_502' title='bbox 1979 797 2180 854; x_wconf 83' lang='lat' dir='ltr'><strong>donare</strong></span> <span class='ocrx_word' id='word_1_503' title='bbox 2219 799 2496 871; x_wconf 82' lang='lat' dir='ltr'><strong>dignatur,</strong></span> <span class='ocrx_word' id='word_1_504' title='bbox 2529 803 2688 858; x_wconf 87' lang='lat' dir='ltr'><strong>etiam</strong></span> <span class='ocrx_word' id='word_1_505' title='bbox 2723 805 2790 860; x_wconf 86' lang='lat' dir='ltr'><strong>ad</strong></span> <span class='ocrx_word' id='word_1_506' title='bbox 2835 805 3166 868; x_wconf 60' lang='lat' dir='ltr'><strong>illud‘debeo</strong></span> <span class='ocrx_word' id='word_1_507' title='bbox 3205 807 3554 877; x_wconf 77' lang='lat' dir='ltr'><strong>respondere.</strong></span> 
     </span>
    </p>
   </div>
   <div class='ocr_carea' id='block_1_67' title="bbox 1979 890 3558 968">
    <p class='ocr_par' dir='ltr' id='par_1_67' title="bbox 1979 890 3558 968">
     <span class='ocr_line' id='line_1_67' title="bbox 1979 890 3558 968; baseline 0.006 -23"><span class='ocrx_word' id='word_1_508' title='bbox 1979 890 2068 946; x_wconf 90' lang='lat' dir='ltr'><strong>ubi</strong></span> <span class='ocrx_word' id='word_1_509' title='bbox 2107 891 2174 946; x_wconf 91' lang='lat' dir='ltr'><strong>de</strong></span> <span class='ocrx_word' id='word_1_510' title='bbox 2203 893 2376 946; x_wconf 87' lang='lat' dir='ltr'><strong>anima</strong></span> <span class='ocrx_word' id='word_1_511' title='bbox 2409 893 2658 962; x_wconf 85' lang='lat' dir='ltr'><strong>loquens,</strong></span> <span class='ocrx_word' id='word_1_512' title='bbox 2691 911 2868 950; x_wconf 89' lang='lat' dir='ltr'><strong>meum</strong></span> <span class='ocrx_word' id='word_1_513' title='bbox 2899 912 3092 952; x_wconf 83' lang='lat' dir='ltr'><strong>nomen</strong></span> <span class='ocrx_word' id='word_1_514' title='bbox 3133 897 3332 956; x_wconf 85' lang='lat' dir='ltr'><strong>iterasti</strong></span> <span class='ocrx_word' id='word_1_515' title='bbox 3354 939 3369 962; x_wconf 90' lang='lat'><strong>,</strong></span> <span class='ocrx_word' id='word_1_516' title='bbox 3397 908 3558 968; x_wconf 82' lang='lat' dir='ltr'><strong>atque</strong></span> 
     </span>
    </p>
   </div>
   <div class='ocr_carea' id='block_1_68' title="bbox 1980 985 3564 1062">
    <p class='ocr_par' dir='ltr' id='par_1_68' title="bbox 1980 985 3564 1062">
     <span class='ocr_line' id='line_1_68' title="bbox 1980 985 3564 1062; baseline 0.006 -22"><span class='ocrx_word' id='word_1_517' title='bbox 1980 985 2156 1040; x_wconf 82' lang='lat' dir='ltr'><strong>dixisti</strong></span> <span class='ocrx_word' id='word_1_518' title='bbox 2189 1003 2204 1042; x_wconf 86' lang='lat'><strong>:</strong></span> <span class='ocrx_word' id='word_1_519' title='bbox 2251 1005 2269 1038; x_wconf 75' lang='grc' dir='ltr'>ι</span> <span class='ocrx_word' id='word_1_520' title='bbox 2305 985 2422 1041; x_wconf 82' lang='lat' dir='ltr'><strong>Non</strong></span> <span class='ocrx_word' id='word_1_521' title='bbox 2461 988 2631 1056; x_wconf 89' lang='lat' dir='ltr'><strong>enim,</strong></span> <span class='ocrx_word' id='word_1_522' title='bbox 2677 989 2820 1044; x_wconf 85' lang='lat' dir='ltr'><strong>sicut</strong></span> <span class='ocrx_word' id='word_1_523' title='bbox 2841 992 3166 1062; x_wconf 82' lang='lat' dir='ltr'><strong>Augustinus</strong></span> <span class='ocrx_word' id='word_1_524' title='bbox 3205 991 3564 1061; x_wconf 72' lang='lat' dir='ltr'><strong>peritissimus</strong></span> 
     </span>
    </p>
   </div>
   <div class='ocr_carea' id='block_1_69' title="bbox 1981 1080 3562 1157">
    <p class='ocr_par' dir='ltr' id='par_1_69' title="bbox 1981 1080 3562 1157">
     <span class='ocr_line' id='line_1_69' title="bbox 1981 1080 3562 1157; baseline 0.005 -23"><span class='ocrx_word' id='word_1_525' title='bbox 1981 1080 2262 1149; x_wconf 87' lang='lat' dir='ltr'><strong>episcopus</strong></span> <span class='ocrx_word' id='word_1_526' title='bbox 2305 1083 2599 1149; x_wconf 88' lang='lat' dir='ltr'><strong>proﬁtetur,</strong></span> <span class='ocrx_word' id='word_1_527' title='bbox 2629 1083 2998 1154; x_wconf 78' lang='lat' dir='ltr'><strong>incorporeum</strong></span> <span class='ocrx_word' id='word_1_528' title='bbox 3027 1096 3082 1141; x_wconf 90' lang='lat' dir='ltr'><strong>et</strong></span> <span class='ocrx_word' id='word_1_529' title='bbox 3121 1087 3366 1144; x_wconf 83' lang='lat' dir='ltr'><strong>eamdem</strong></span> <span class='ocrx_word' id='word_1_530' title='bbox 3403 1091 3562 1157; x_wconf 85' lang='lat' dir='ltr'><strong>spiri-</strong></span> 
     </span>
    </p>
   </div>
   <div class='ocr_carea' id='block_1_70' title="bbox 1981 1171 3558 1246">
    <p class='ocr_par' dir='ltr' id='par_1_70' title="bbox 1981 1171 3558 1246">
     <span class='ocr_line' id='line_1_70' title="bbox 1981 1171 3558 1246; baseline 0.005 -20"><span class='ocrx_word' id='word_1_531' title='bbox 1981 1179 2092 1226; x_wconf 89' lang='lat' dir='ltr'><strong>tum</strong></span> <span class='ocrx_word' id='word_1_532' title='bbox 2131 1186 2250 1226; x_wconf 90' lang='lat' dir='ltr'><strong>esse</strong></span> <span class='ocrx_word' id='word_1_533' title='bbox 2293 1171 2664 1241; x_wconf 86' lang='lat' dir='ltr'><strong>permittimus.</strong></span> <span class='ocrx_word' id='word_1_534' title='bbox 2697 1193 2718 1226; x_wconf 61' lang='grc' dir='ltr'><em>θ</em></span> <span class='ocrx_word' id='word_1_535' title='bbox 2749 1175 2903 1230; x_wconf 88' lang='lat' dir='ltr'><strong>Prius</strong></span> <span class='ocrx_word' id='word_1_536' title='bbox 2941 1177 3120 1246; x_wconf 87' lang='lat' dir='ltr'><strong>itaque</strong></span> <span class='ocrx_word' id='word_1_537' title='bbox 3161 1186 3338 1234; x_wconf 83' lang='lat' dir='ltr'><strong>utrum</strong></span> <span class='ocrx_word' id='word_1_538' title='bbox 3381 1179 3558 1234; x_wconf 81' lang='lat' dir='ltr'><strong>anima</strong></span> 
     </span>
    </p>
   </div>
   <div class='ocr_carea' id='block_1_71' title="bbox 1983 1263 3553 1336">
    <p class='ocr_par' dir='ltr' id='par_1_71' title="bbox 1983 1263 3553 1336">
     <span class='ocr_line' id='line_1_71' title="bbox 1983 1263 3553 1336; baseline 0.006 -20"><span class='ocrx_word' id='word_1_539' title='bbox 1983 1263 2314 1333; x_wconf 89' lang='lat' dir='ltr'><strong>incorporea,</strong></span> <span class='ocrx_word' id='word_1_540' title='bbox 2359 1263 2496 1318; x_wconf 82' lang='lat' dir='ltr'><strong>sicut</strong></span> <span class='ocrx_word' id='word_1_541' title='bbox 2537 1279 2636 1333; x_wconf 82' lang='lat' dir='ltr'><strong>ego</strong></span> <span class='ocrx_word' id='word_1_542' title='bbox 2678 1264 2808 1330; x_wconf 82' lang='lat' dir='ltr'><strong>dixi,</strong></span> <span class='ocrx_word' id='word_1_543' title='bbox 2855 1281 2922 1321; x_wconf 88' lang='lat' dir='ltr'><strong>an</strong></span> <span class='ocrx_word' id='word_1_544' title='bbox 2967 1280 3244 1336; x_wconf 88' lang='lat' dir='ltr'><strong>corporea,</strong></span> <span class='ocrx_word' id='word_1_545' title='bbox 3295 1269 3430 1324; x_wconf 86' lang='lat' dir='ltr'><strong>sicut</strong></span> <span class='ocrx_word' id='word_1_546' title='bbox 3480 1281 3553 1334; x_wconf 88' lang='lat' dir='ltr'><strong>tu,</strong></span> 
     </span>
    </p>
   </div>
   <div class='ocr_carea' id='block_1_72' title="bbox 1981 1353 3558 1426">
    <p class='ocr_par' dir='ltr' id='par_1_72' title="bbox 1981 1353 3558 1426">
     <span class='ocr_line' id='line_1_72' title="bbox 1981 1353 3558 1426; baseline 0.004 -18"><span class='ocrx_word' id='word_1_547' title='bbox 1981 1353 2332 1408; x_wconf 77' lang='lat' dir='ltr'><strong>existimanda</strong></span> <span class='ocrx_word' id='word_1_548' title='bbox 2379 1355 2482 1420; x_wconf 91' lang='lat' dir='ltr'><strong>sit,</strong></span> <span class='ocrx_word' id='word_1_549' title='bbox 2527 1353 2878 1426; x_wconf 87' lang='lat' dir='ltr'><strong>disputemus.</strong></span> <span class='ocrx_word' id='word_1_550' title='bbox 2936 1358 3138 1412; x_wconf 85' lang='lat' dir='ltr'><strong>Deinde</strong></span> <span class='ocrx_word' id='word_1_551' title='bbox 3179 1367 3356 1414; x_wconf 88' lang='lat' dir='ltr'><strong>utrum</strong></span> <span class='ocrx_word' id='word_1_552' title='bbox 3397 1361 3558 1416; x_wconf 81' lang='lat' dir='ltr'><strong>etiam</strong></span> 
     </span>
    </p>
   </div>
   <div class='ocr_carea' id='block_1_73' title="bbox 1982 1443 3560 1526">
    <p class='ocr_par' dir='ltr' id='par_1_73' title="bbox 1982 1443 3560 1526">
     <span class='ocr_line' id='line_1_73' title="bbox 1982 1443 3560 1526; baseline 0.004 -29"><span class='ocrx_word' id='word_1_553' title='bbox 1982 1443 2098 1526; x_wconf 72' lang='lat' dir='ltr'><strong>ipsa</strong></span> <span class='ocrx_word' id='word_1_554' title='bbox 2139 1445 2429 1500; x_wconf 88' lang='lat' dir='ltr'><strong>secundum</strong></span> <span class='ocrx_word' id='word_1_555' title='bbox 2459 1446 2760 1516; x_wconf 89' lang='lat' dir='ltr'><strong>Scripturas</strong></span> <span class='ocrx_word' id='word_1_556' title='bbox 2807 1457 3020 1505; x_wconf 89' lang='lat' dir='ltr'><strong>nostras</strong></span> <span class='ocrx_word' id='word_1_557' title='bbox 3061 1449 3270 1506; x_wconf 89' lang='lat' dir='ltr'><strong>dicatur</strong></span> <span class='ocrx_word' id='word_1_558' title='bbox 3307 1451 3560 1521; x_wconf 85' lang='lat' dir='ltr'><strong>spiritus;</strong></span> 
     </span>
    </p>
   </div>
   <div class='ocr_carea' id='block_1_74' title="bbox 1981 1536 3566 1608">
    <p class='ocr_par' dir='ltr' id='par_1_74' title="bbox 1981 1536 3566 1608">
     <span class='ocr_line' id='line_1_74' title="bbox 1981 1536 3566 1608; baseline 0.004 -20"><span class='ocrx_word' id='word_1_559' title='bbox 1981 1536 2222 1604; x_wconf 89' lang='lat' dir='ltr'><strong>quamvis</strong></span> <span class='ocrx_word' id='word_1_560' title='bbox 2251 1536 2411 1589; x_wconf 89' lang='lat' dir='ltr'><strong>etiam</strong></span> <span class='ocrx_word' id='word_1_561' title='bbox 2440 1538 2656 1606; x_wconf 89' lang='lat' dir='ltr'><strong>proprie</strong></span> <span class='ocrx_word' id='word_1_562' title='bbox 2687 1537 2904 1608; x_wconf 90' lang='lat' dir='ltr'><strong>spiritus</strong></span> <span class='ocrx_word' id='word_1_563' title='bbox 2929 1547 3284 1608; x_wconf 76' lang='lat' dir='ltr'><strong>nuncupatur,</strong></span> <span class='ocrx_word' id='word_1_564' title='bbox 3312 1555 3418 1594; x_wconf 92' lang='lat' dir='ltr'><strong>non</strong></span> <span class='ocrx_word' id='word_1_565' title='bbox 3448 1541 3566 1595; x_wconf 90' lang='lat' dir='ltr'><strong>uni-</strong></span> 
     </span>
    </p>
   </div>
   <div class='ocr_carea' id='block_1_75' title="bbox 1979 1624 3558 1697">
    <p class='ocr_par' dir='ltr' id='par_1_75' title="bbox 1979 1624 3558 1697">
     <span class='ocr_line' id='line_1_75' title="bbox 1979 1624 3558 1697; baseline 0.003 -19"><span class='ocrx_word' id='word_1_566' title='bbox 1979 1640 2154 1690; x_wconf 73' lang='lat' dir='ltr'><strong>versa,</strong></span> <span class='ocrx_word' id='word_1_567' title='bbox 2201 1624 2294 1680; x_wconf 89' lang='lat' dir='ltr'><strong>sed</strong></span> <span class='ocrx_word' id='word_1_568' title='bbox 2341 1625 2540 1696; x_wconf 90' lang='lat' dir='ltr'><strong>aliquid</strong></span> <span class='ocrx_word' id='word_1_569' title='bbox 2582 1625 2722 1696; x_wconf 87' lang='lat' dir='ltr'><strong>ejus..</strong></span> <span class='ocrx_word' id='word_1_570' title='bbox 2769 1627 2848 1682; x_wconf 84' lang='lat' dir='ltr'><strong>Ac</strong></span> <span class='ocrx_word' id='word_1_571' title='bbox 2889 1627 3121 1697; x_wconf 89' lang='lat' dir='ltr'><strong>primum</strong></span> <span class='ocrx_word' id='word_1_572' title='bbox 3165 1628 3306 1683; x_wconf 89' lang='lat' dir='ltr'><strong>scire</strong></span> <span class='ocrx_word' id='word_1_573' title='bbox 3343 1629 3558 1696; x_wconf 86' lang='lat' dir='ltr'><strong>vellem,</strong></span> 
     </span>
    </p>
   </div>
   <div class='ocr_carea' id='block_1_76' title="bbox 1981 1719 3558 1792">
    <p class='ocr_par' dir='ltr' id='par_1_76' title="bbox 1981 1719 3558 1792">
     <span class='ocr_line' id='line_1_76' title="bbox 1981 1719 3558 1792; baseline 0.004 -20"><span class='ocrx_word' id='word_1_574' title='bbox 1981 1733 2173 1788; x_wconf 84' lang='lat' dir='ltr'><strong>corpus</strong></span> <span class='ocrx_word' id='word_1_575' title='bbox 2197 1719 2322 1788; x_wconf 86' lang='lat' dir='ltr'><strong>quid</strong></span> <span class='ocrx_word' id='word_1_576' title='bbox 2361 1733 2480 1774; x_wconf 89' lang='lat' dir='ltr'><strong>esse</strong></span> <span class='ocrx_word' id='word_1_577' title='bbox 2508 1719 2748 1774; x_wconf 88' lang='lat' dir='ltr'><strong>deﬁnias.</strong></span> <span class='ocrx_word' id='word_1_578' title='bbox 2797 1719 2854 1776; x_wconf 92' lang='lat' dir='ltr'><strong>Si</strong></span> <span class='ocrx_word' id='word_1_579' title='bbox 2895 1721 3034 1776; x_wconf 90' lang='lat' dir='ltr'><strong>enim</strong></span> <span class='ocrx_word' id='word_1_580' title='bbox 3075 1736 3182 1776; x_wconf 89' lang='lat' dir='ltr'><strong>non</strong></span> <span class='ocrx_word' id='word_1_581' title='bbox 3225 1731 3309 1778; x_wconf 87' lang='lat' dir='ltr'><strong>est</strong></span> <span class='ocrx_word' id='word_1_582' title='bbox 3343 1737 3558 1792; x_wconf 83' lang='lat' dir='ltr'><strong>corpus,</strong></span> 
     </span>
    </p>
   </div>
   <div class='ocr_carea' id='block_1_77' title="bbox 1983 1808 3562 1878">
    <p class='ocr_par' dir='ltr' id='par_1_77' title="bbox 1983 1808 3562 1878">
     <span class='ocr_line' id='line_1_77' title="bbox 1983 1808 3562 1878; baseline 0.004 -16"><span class='ocrx_word' id='word_1_583' title='bbox 1983 1808 2080 1862; x_wconf 90' lang='lat' dir='ltr'><strong>nisi</strong></span> <span class='ocrx_word' id='word_1_584' title='bbox 2113 1809 2252 1878; x_wconf 90' lang='lat' dir='ltr'><strong>quod</strong></span> <span class='ocrx_word' id='word_1_585' title='bbox 2279 1809 2533 1864; x_wconf 89' lang='lat' dir='ltr'><strong>membris</strong></span> <span class='ocrx_word' id='word_1_586' title='bbox 2561 1809 2860 1866; x_wconf 87' lang='lat' dir='ltr'><strong>carnalibus</strong></span> <span class='ocrx_word' id='word_1_587' title='bbox 2885 1823 3126 1878; x_wconf 88' lang='lat' dir='ltr'><strong>constat;</strong></span> <span class='ocrx_word' id='word_1_588' title='bbox 3157 1827 3257 1868; x_wconf 90' lang='lat' dir='ltr'><strong>nec</strong></span> <span class='ocrx_word' id='word_1_589' title='bbox 3285 1821 3422 1868; x_wconf 89' lang='lat' dir='ltr'><strong>terra</strong></span> <span class='ocrx_word' id='word_1_590' title='bbox 3459 1815 3562 1868; x_wconf 87' lang='lat' dir='ltr'><strong>erit</strong></span> 
     </span>
    </p>
   </div>
   <div class='ocr_carea' id='block_1_78' title="bbox 1982 1899 3558 1972">
    <p class='ocr_par' dir='ltr' id='par_1_78' title="bbox 1982 1899 3558 1972">
     <span class='ocr_line' id='line_1_78' title="bbox 1982 1899 3558 1972; baseline 0.003 -21"><span class='ocrx_word' id='word_1_591' title='bbox 1982 1911 2195 1968; x_wconf 86' lang='lat' dir='ltr'><strong>corpus,</strong></span> <span class='ocrx_word' id='word_1_592' title='bbox 2227 1913 2328 1952; x_wconf 91' lang='lat' dir='ltr'><strong>nec</strong></span> <span class='ocrx_word' id='word_1_593' title='bbox 2355 1900 2569 1967; x_wconf 87' lang='lat' dir='ltr'><strong>coelum,</strong></span> <span class='ocrx_word' id='word_1_594' title='bbox 2599 1913 2698 1955; x_wconf 90' lang='lat' dir='ltr'><strong>nec</strong></span> <span class='ocrx_word' id='word_1_595' title='bbox 2722 1899 2876 1970; x_wconf 90' lang='lat' dir='ltr'><strong>lapis,</strong></span> <span class='ocrx_word' id='word_1_596' title='bbox 2907 1915 3008 1956; x_wconf 90' lang='lat' dir='ltr'><strong>nec</strong></span> <span class='ocrx_word' id='word_1_597' title='bbox 3033 1915 3170 1972; x_wconf 89' lang='lat' dir='ltr'><strong>aqua</strong></span> <span class='ocrx_word' id='word_1_598' title='bbox 3189 1944 3204 1969; x_wconf 92' lang='lat'><strong>,</strong></span> <span class='ocrx_word' id='word_1_599' title='bbox 3235 1917 3338 1958; x_wconf 90' lang='lat' dir='ltr'><strong>nec</strong></span> <span class='ocrx_word' id='word_1_600' title='bbox 3361 1901 3558 1966; x_wconf 85' lang='lat' dir='ltr'><strong>sidera,</strong></span> 
     </span>
    </p>
   </div>
   <div class='ocr_carea' id='block_1_79' title="bbox 1982 1989 3560 2063">
    <p class='ocr_par' dir='ltr' id='par_1_79' title="bbox 1982 1989 3560 2063">
     <span class='ocr_line' id='line_1_79' title="bbox 1982 1989 3560 2063; baseline 0.003 -19"><span class='ocrx_word' id='word_1_601' title='bbox 1982 2007 2080 2046; x_wconf 89' lang='lat' dir='ltr'><strong>nec</strong></span> <span class='ocrx_word' id='word_1_602' title='bbox 2105 1991 2148 2046; x_wconf 91' lang='lat' dir='ltr'><strong>si</strong></span> <span class='ocrx_word' id='word_1_603' title='bbox 2177 1990 2302 2060; x_wconf 88' lang='lat' dir='ltr'><strong>quid</strong></span> <span class='ocrx_word' id='word_1_604' title='bbox 2331 1989 2632 2061; x_wconf 89' lang='lat' dir='ltr'><strong>hujusmodi</strong></span> <span class='ocrx_word' id='word_1_605' title='bbox 2659 1999 2760 2046; x_wconf 90' lang='lat' dir='ltr'><strong>est.</strong></span> <span class='ocrx_word' id='word_1_606' title='bbox 2791 1991 2846 2046; x_wconf 91' lang='lat' dir='ltr'><strong>Si</strong></span> <span class='ocrx_word' id='word_1_607' title='bbox 2875 2000 3052 2047; x_wconf 90' lang='lat' dir='ltr'><strong>autem</strong></span> <span class='ocrx_word' id='word_1_608' title='bbox 3077 2007 3270 2063; x_wconf 89' lang='lat' dir='ltr'><strong>corpus</strong></span> <span class='ocrx_word' id='word_1_609' title='bbox 3297 2001 3380 2049; x_wconf 88' lang='lat' dir='ltr'><strong>est</strong></span> <span class='ocrx_word' id='word_1_610' title='bbox 3402 1993 3560 2063; x_wconf 88' lang='lat' dir='ltr'><strong>quid-</strong></span> 
     </span>
    </p>
   </div>
   <div class='ocr_carea' id='block_1_80' title="bbox 1981 2081 3562 2154">
    <p class='ocr_par' dir='ltr' id='par_1_80' title="bbox 1981 2081 3562 2154">
     <span class='ocr_line' id='line_1_80' title="bbox 1981 2081 3562 2154; baseline 0.003 -20"><span class='ocrx_word' id='word_1_611' title='bbox 1981 2081 2104 2152; x_wconf 88' lang='lat' dir='ltr'><strong>quid</strong></span> <span class='ocrx_word' id='word_1_612' title='bbox 2135 2081 2425 2150; x_wconf 85' lang='lat' dir='ltr'><strong>majoribus</strong></span> <span class='ocrx_word' id='word_1_613' title='bbox 2453 2090 2505 2136; x_wconf 89' lang='lat' dir='ltr'><strong>et</strong></span> <span class='ocrx_word' id='word_1_614' title='bbox 2529 2082 2826 2138; x_wconf 87' lang='lat' dir='ltr'><strong>minoribus</strong></span> <span class='ocrx_word' id='word_1_615' title='bbox 2856 2083 2968 2138; x_wconf 89' lang='lat' dir='ltr'><strong>suis</strong></span> <span class='ocrx_word' id='word_1_616' title='bbox 3003 2083 3244 2153; x_wconf 88' lang='lat' dir='ltr'><strong>partibus</strong></span> <span class='ocrx_word' id='word_1_617' title='bbox 3281 2083 3480 2154; x_wconf 78' lang='lat' dir='ltr'><strong>majora</strong></span> <span class='ocrx_word' id='word_1_618' title='bbox 3507 2094 3562 2138; x_wconf 90' lang='lat' dir='ltr'><strong>et</strong></span> 
     </span>
    </p>
   </div>
   <div class='ocr_carea' id='block_1_81' title="bbox 1981 2172 3559 2245">
    <p class='ocr_par' dir='ltr' id='par_1_81' title="bbox 1981 2172 3559 2245">
     <span class='ocr_line' id='line_1_81' title="bbox 1981 2172 3559 2245; baseline 0.003 -19"><span class='ocrx_word' id='word_1_619' title='bbox 1981 2174 2184 2226; x_wconf 90' lang='lat' dir='ltr'><strong>minora</strong></span> <span class='ocrx_word' id='word_1_620' title='bbox 2213 2172 2381 2241; x_wconf 78' lang='lat' dir='ltr'><strong>Spatia</strong></span> <span class='ocrx_word' id='word_1_621' title='bbox 2409 2173 2648 2228; x_wconf 90' lang='lat' dir='ltr'><strong>locorum</strong></span> <span class='ocrx_word' id='word_1_622' title='bbox 2677 2174 3040 2230; x_wconf 87' lang='lat' dir='ltr'><strong>obtinentibus</strong></span> <span class='ocrx_word' id='word_1_623' title='bbox 3063 2182 3306 2240; x_wconf 86' lang='lat' dir='ltr'><strong>constat;</strong></span> <span class='ocrx_word' id='word_1_624' title='bbox 3335 2191 3559 2245; x_wconf 87' lang='lat' dir='ltr'><strong>corpora</strong></span> 
     </span>
    </p>
   </div>
   <div class='ocr_carea' id='block_1_82' title="bbox 1981 2263 3557 2334">
    <p class='ocr_par' dir='ltr' id='par_1_82' title="bbox 1981 2263 3557 2334">
     <span class='ocr_line' id='line_1_82' title="bbox 1981 2263 3557 2334; baseline 0.003 -18"><span class='ocrx_word' id='word_1_625' title='bbox 1981 2273 2103 2317; x_wconf 88' lang='lat' dir='ltr'><strong>sunt</strong></span> <span class='ocrx_word' id='word_1_626' title='bbox 2141 2263 2300 2317; x_wconf 90' lang='lat' dir='ltr'><strong>etiam</strong></span> <span class='ocrx_word' id='word_1_627' title='bbox 2329 2264 2430 2318; x_wconf 89' lang='lat' dir='ltr'><strong>ista</strong></span> <span class='ocrx_word' id='word_1_628' title='bbox 2467 2279 2586 2333; x_wconf 66' lang='lat' dir='ltr'><strong>quae</strong></span> <span class='ocrx_word' id='word_1_629' title='bbox 2617 2265 3035 2321; x_wconf 86' lang='lat' dir='ltr'><strong>commemoravi</strong></span> <span class='ocrx_word' id='word_1_630' title='bbox 3063 2283 3074 2318; x_wconf 93' lang='lat'><strong>:</strong></span> <span class='ocrx_word' id='word_1_631' title='bbox 3103 2279 3300 2334; x_wconf 88' lang='lat' dir='ltr'><strong>corpus</strong></span> <span class='ocrx_word' id='word_1_632' title='bbox 3337 2273 3424 2322; x_wconf 86' lang='lat' dir='ltr'><strong>est</strong></span> <span class='ocrx_word' id='word_1_633' title='bbox 3443 2280 3557 2332; x_wconf 88' lang='lat' dir='ltr'><strong>aer,</strong></span> 
     </span>
    </p>
   </div>
   <div class='ocr_carea' id='block_1_83' title="bbox 1981 2353 3564 2424">
    <p class='ocr_par' dir='ltr' id='par_1_83' title="bbox 1981 2353 3564 2424">
     <span class='ocr_line' id='line_1_83' title="bbox 1981 2353 3564 2424; baseline 0.001 -16"><span class='ocrx_word' id='word_1_634' title='bbox 1981 2369 2176 2422; x_wconf 89' lang='lat' dir='ltr'><strong>corpus</strong></span> <span class='ocrx_word' id='word_1_635' title='bbox 2201 2361 2285 2410; x_wconf 90' lang='lat' dir='ltr'><strong>est</strong></span> <span class='ocrx_word' id='word_1_636' title='bbox 2311 2353 2402 2407; x_wconf 77' lang='lat' dir='ltr'><strong>lux</strong></span> <span class='ocrx_word' id='word_1_637' title='bbox 2427 2353 2526 2408; x_wconf 89' lang='lat' dir='ltr'><strong>ista</strong></span> <span class='ocrx_word' id='word_1_638' title='bbox 2554 2355 2795 2422; x_wconf 78' lang='lat' dir='ltr'><strong>visibilis,</strong></span> <span class='ocrx_word' id='word_1_639' title='bbox 2824 2365 2880 2411; x_wconf 90' lang='lat' dir='ltr'><strong>et</strong></span> <span class='ocrx_word' id='word_1_640' title='bbox 2903 2356 3080 2413; x_wconf 80' lang='lat' dir='ltr'><strong>omnia</strong></span> <span class='ocrx_word' id='word_1_641' title='bbox 3109 2355 3248 2412; x_wconf 91' lang='lat' dir='ltr'><strong>sicut</strong></span> <span class='ocrx_word' id='word_1_642' title='bbox 3271 2355 3402 2418; x_wconf 86' lang='lat' dir='ltr'><strong>dicit</strong></span> <span class='ocrx_word' id='word_1_643' title='bbox 3419 2357 3564 2424; x_wconf 70' lang='lat' dir='ltr'><strong>Apo~</strong></span> 
     </span>
    </p>
   </div>
   <div class='ocr_carea' id='block_1_84' title="bbox 1983 2443 3560 2516">
    <p class='ocr_par' dir='ltr' id='par_1_84' title="bbox 1983 2443 3560 2516">
     <span class='ocr_line' id='line_1_84' title="bbox 1983 2443 3560 2516; baseline 0.001 -18"><span class='ocrx_word' id='word_1_644' title='bbox 1983 2444 2181 2510; x_wconf 89' lang='lat' dir='ltr'><strong>slolns,</strong></span> <span class='ocrx_word' id='word_1_645' title='bbox 2209 2459 2423 2516; x_wconf 84' lang='lat' dir='ltr'><strong>corpora</strong></span> <span class='ocrx_word' id='word_1_646' title='bbox 2450 2443 2671 2500; x_wconf 66' lang='lat' dir='ltr'><strong>sestertia</strong></span> <span class='ocrx_word' id='word_1_647' title='bbox 2689 2487 2704 2513; x_wconf 92' lang='lat'><strong>,</strong></span> <span class='ocrx_word' id='word_1_648' title='bbox 2736 2455 2782 2500; x_wconf 88' lang='lat' dir='ltr'><strong>et</strong></span> <span class='ocrx_word' id='word_1_649' title='bbox 2823 2461 3040 2516; x_wconf 83' lang='lat' dir='ltr'><strong>corpora</strong></span> <span class='ocrx_word' id='word_1_650' title='bbox 3075 2445 3331 2502; x_wconf 73' lang='lat' dir='ltr'><strong>terrestria</strong></span> <span class='ocrx_word' id='word_1_651' title='bbox 3359 2443 3418 2516; x_wconf 85' lang='grc' dir='ltr'><strong>(Ι</strong></span> <span class='ocrx_word' id='word_1_652' title='bbox 3441 2443 3560 2500; x_wconf 87' lang='lat' dir='ltr'><strong>Cor.</strong></span> 
     </span>
    </p>
   </div>
   <div class='ocr_carea' id='block_1_85' title="bbox 1981 2534 2234 2606">
    <p class='ocr_par' dir='ltr' id='par_1_85' title="bbox 1981 2534 2234 2606">
     <span class='ocr_line' id='line_1_85' title="bbox 1981 2534 2234 2606; baseline -0.008 -16"><span class='ocrx_word' id='word_1_653' title='bbox 1981 2550 2080 2601; x_wconf 77' lang='lat' dir='ltr'><strong>xv,</strong></span> <span class='ocrx_word' id='word_1_654' title='bbox 2111 2534 2234 2606; x_wconf 67' lang='lat'><strong>40).</strong></span> 
     </span>
    </p>
   </div>
   <div class='ocr_carea' id='block_1_86' title="bbox 2057 2627 3564 2700">
    <p class='ocr_par' dir='ltr' id='par_1_86' title="bbox 2057 2627 3564 2700">
     <span class='ocr_line' id='line_1_86' title="bbox 2057 2627 3564 2700; baseline 0.005 -20"><span class='ocrx_word' id='word_1_655' title='bbox 2057 2627 2144 2680; x_wconf 78' lang='grc'><strong>18.</strong></span> <span class='ocrx_word' id='word_1_656' title='bbox 2184 2627 2289 2682; x_wconf 92' lang='lat' dir='ltr'><strong>Sed</strong></span> <span class='ocrx_word' id='word_1_657' title='bbox 2317 2635 2492 2681; x_wconf 91' lang='lat' dir='ltr'><strong>utrum</strong></span> <span class='ocrx_word' id='word_1_658' title='bbox 2523 2628 2722 2698; x_wconf 90' lang='lat' dir='ltr'><strong>aliquid</strong></span> <span class='ocrx_word' id='word_1_659' title='bbox 2751 2628 2856 2683; x_wconf 89' lang='lat' dir='ltr'><strong>tale</strong></span> <span class='ocrx_word' id='word_1_660' title='bbox 2879 2631 2952 2684; x_wconf 86' lang='lat' dir='ltr'><strong>sit</strong></span> <span class='ocrx_word' id='word_1_661' title='bbox 2977 2629 3176 2696; x_wconf 88' lang='lat' dir='ltr'><strong>anima,</strong></span> <span class='ocrx_word' id='word_1_662' title='bbox 3207 2629 3564 2700; x_wconf 73' lang='lat' dir='ltr'><strong>scrupulosis-</strong></span> 
     </span>
    </p>
   </div>
   <div class='ocr_carea' id='block_1_87' title="bbox 1983 2717 3564 2790">
    <p class='ocr_par' dir='ltr' id='par_1_87' title="bbox 1983 2717 3564 2790">
     <span class='ocr_line' id='line_1_87' title="bbox 1983 2717 3564 2790; baseline 0.004 -18"><span class='ocrx_word' id='word_1_663' title='bbox 1983 2719 2118 2773; x_wconf 87' lang='lat' dir='ltr'><strong>sime</strong></span> <span class='ocrx_word' id='word_1_664' title='bbox 2141 2733 2203 2773; x_wconf 89' lang='lat' dir='ltr'><strong>ac</strong></span> <span class='ocrx_word' id='word_1_665' title='bbox 2235 2717 2582 2774; x_wconf 88' lang='lat' dir='ltr'><strong>subtilissime</strong></span> <span class='ocrx_word' id='word_1_666' title='bbox 2606 2719 2882 2790; x_wconf 67' lang='lat' dir='ltr'><strong>quaeritur.</strong></span> <span class='ocrx_word' id='word_1_667' title='bbox 2921 2721 3292 2776; x_wconf 81' lang='lat' dir='ltr'><strong>Verumtamen</strong></span> <span class='ocrx_word' id='word_1_668' title='bbox 3322 2732 3396 2788; x_wconf 88' lang='lat' dir='ltr'><strong>tu,</strong></span> <span class='ocrx_word' id='word_1_669' title='bbox 3426 2721 3564 2778; x_wconf 84' lang='lat' dir='ltr'><strong>unde</strong></span> 
     </span>
    </p>
   </div>
   <div class='ocr_carea' id='block_1_88' title="bbox 1985 2810 3566 2882">
    <p class='ocr_par' dir='ltr' id='par_1_88' title="bbox 1985 2810 3566 2882">
     <span class='ocr_line' id='line_1_88' title="bbox 1985 2810 3566 2882; baseline 0.003 -17"><span class='ocrx_word' id='word_1_670' title='bbox 1985 2811 2078 2865; x_wconf 88' lang='lat' dir='ltr'><strong>tibi</strong></span> <span class='ocrx_word' id='word_1_671' title='bbox 2113 2810 2344 2866; x_wconf 80' lang='lat' dir='ltr'><strong>maxime</strong></span> <span class='ocrx_word' id='word_1_672' title='bbox 2369 2811 2622 2880; x_wconf 78' lang='lat' dir='ltr'><strong>gratulor,</strong></span> <span class='ocrx_word' id='word_1_673' title='bbox 2652 2811 2818 2866; x_wconf 89' lang='lat' dir='ltr'><strong>Deum</strong></span> <span class='ocrx_word' id='word_1_674' title='bbox 2849 2827 3042 2882; x_wconf 86' lang='lat' dir='ltr'><strong>corpus</strong></span> <span class='ocrx_word' id='word_1_675' title='bbox 3077 2829 3184 2868; x_wconf 90' lang='lat' dir='ltr'><strong>non</strong></span> <span class='ocrx_word' id='word_1_676' title='bbox 3217 2829 3338 2869; x_wconf 85' lang='lat' dir='ltr'><strong>esse</strong></span> <span class='ocrx_word' id='word_1_677' title='bbox 3369 2815 3566 2870; x_wconf 86' lang='lat' dir='ltr'><strong>conﬁr-</strong></span> 
     </span>
    </p>
   </div>
   <div class='ocr_carea' id='block_1_89' title="bbox 1985 2901 3562 2971">
    <p class='ocr_par' dir='ltr' id='par_1_89' title="bbox 1985 2901 3562 2971">
     <span class='ocr_line' id='line_1_89' title="bbox 1985 2901 3562 2971; baseline 0.004 -15"><span class='ocrx_word' id='word_1_678' title='bbox 1985 2915 2118 2956; x_wconf 89' lang='lat' dir='ltr'><strong>mas.</strong></span> <span class='ocrx_word' id='word_1_679' title='bbox 2150 2901 2252 2957; x_wconf 89' lang='lat' dir='ltr'><strong>Sed</strong></span> <span class='ocrx_word' id='word_1_680' title='bbox 2291 2916 2378 2956; x_wconf 90' lang='lat' dir='ltr'><strong>me</strong></span> <span class='ocrx_word' id='word_1_681' title='bbox 2410 2917 2596 2956; x_wconf 89' lang='lat' dir='ltr'><strong>rursus</strong></span> <span class='ocrx_word' id='word_1_682' title='bbox 2632 2903 2913 2958; x_wconf 86' lang='lat' dir='ltr'><strong>sollicitum</strong></span> <span class='ocrx_word' id='word_1_683' title='bbox 2939 2903 3092 2971; x_wconf 83' lang='lat' dir='ltr'><strong>facis,</strong></span> <span class='ocrx_word' id='word_1_684' title='bbox 3134 2905 3224 2960; x_wconf 89' lang='lat' dir='ltr'><strong>ubi</strong></span> <span class='ocrx_word' id='word_1_685' title='bbox 3245 2905 3380 2962; x_wconf 88' lang='lat' dir='ltr'><strong>dicis</strong></span> <span class='ocrx_word' id='word_1_686' title='bbox 3408 2924 3424 2959; x_wconf 85' lang='lat'><strong>:</strong></span> <span class='ocrx_word' id='word_1_687' title='bbox 3457 2925 3476 2960; x_wconf 74' lang='grc' dir='ltr'>ι</span> <span class='ocrx_word' id='word_1_688' title='bbox 3505 2908 3562 2962; x_wconf 88' lang='lat' dir='ltr'><strong>Si</strong></span> 
     </span>
    </p>
   </div>
   <div class='ocr_carea' id='block_1_90' title="bbox 1985 2993 3560 3070">
    <p class='ocr_par' dir='ltr' id='par_1_90' title="bbox 1985 2993 3560 3070">
     <span class='ocr_line' id='line_1_90' title="bbox 1985 2993 3560 3070; baseline 0.004 -22"><span class='ocrx_word' id='word_1_689' title='bbox 1985 2993 2158 3048; x_wconf 86' lang='lat' dir='ltr'><strong>anima</strong></span> <span class='ocrx_word' id='word_1_690' title='bbox 2197 3003 2344 3049; x_wconf 89' lang='lat' dir='ltr'><strong>caret</strong></span> <span class='ocrx_word' id='word_1_691' title='bbox 2371 3009 2620 3065; x_wconf 89' lang='lat' dir='ltr'><strong>corpore,</strong></span> <span class='ocrx_word' id='word_1_692' title='bbox 2651 3004 2710 3050; x_wconf 89' lang='lat' dir='ltr'><strong>ut</strong></span> <span class='ocrx_word' id='word_1_693' title='bbox 2735 2996 2823 3062; x_wconf 90' lang='lat' dir='ltr'><strong>sit,</strong></span> <span class='ocrx_word' id='word_1_694' title='bbox 2851 2997 2989 3052; x_wconf 87' lang='lat' dir='ltr'><strong>sicut</strong></span> <span class='ocrx_word' id='word_1_695' title='bbox 3025 2998 3340 3067; x_wconf 73' lang='lat' dir='ltr'><strong>quibusdam</strong></span> <span class='ocrx_word' id='word_1_696' title='bbox 3371 2999 3560 3070; x_wconf 83' lang='lat' dir='ltr'><strong>placet.</strong></span> 
     </span>
    </p>
   </div>
   <div class='ocr_carea' id='block_1_91' title="bbox 1985 3085 3564 3158">
    <p class='ocr_par' dir='ltr' id='par_1_91' title="bbox 1985 3085 3564 3158">
     <span class='ocr_line' id='line_1_91' title="bbox 1985 3085 3564 3158; baseline 0.006 -20"><span class='ocrx_word' id='word_1_697' title='bbox 1985 3099 2150 3139; x_wconf 67' lang='lat' dir='ltr'><strong>cassae</strong></span> <span class='ocrx_word' id='word_1_698' title='bbox 2191 3085 2483 3151; x_wconf 85' lang='lat' dir='ltr'><strong>inanitatis,</strong></span> <span class='ocrx_word' id='word_1_699' title='bbox 2512 3087 2672 3141; x_wconf 65' lang='lat' dir='ltr'><strong>aerias</strong></span> <span class='ocrx_word' id='word_1_700' title='bbox 2709 3087 2978 3158; x_wconf 74' lang='lat' dir='ltr'><strong>rutilisque</strong></span> <span class='ocrx_word' id='word_1_701' title='bbox 3005 3089 3316 3144; x_wconf 68' lang='lat' dir='ltr'><strong>substantiae</strong></span> <span class='ocrx_word' id='word_1_702' title='bbox 3342 3092 3384 3144; x_wconf 75' lang='grc'><strong>⁸.</strong></span> <span class='ocrx_word' id='word_1_703' title='bbox 3419 3110 3440 3144; x_wconf 74' lang='grc' dir='ltr'><strong>ι</strong></span> <span class='ocrx_word' id='word_1_704' title='bbox 3471 3091 3564 3148; x_wconf 81' lang='lat' dir='ltr'><strong>llis</strong></span> 
     </span>
    </p>
   </div>
   <div class='ocr_carea' id='block_1_92' title="bbox 1986 3175 3564 3252">
    <p class='ocr_par' dir='ltr' id='par_1_92' title="bbox 1986 3175 3564 3252">
     <span class='ocr_line' id='line_1_92' title="bbox 1986 3175 3564 3252; baseline 0.003 -21"><span class='ocrx_word' id='word_1_705' title='bbox 1986 3177 2128 3231; x_wconf 90' lang='lat' dir='ltr'><strong>enim</strong></span> <span class='ocrx_word' id='word_1_706' title='bbox 2173 3175 2276 3230; x_wconf 89' lang='lat' dir='ltr'><strong>tuis</strong></span> <span class='ocrx_word' id='word_1_707' title='bbox 2319 3177 2496 3231; x_wconf 87' lang='lat' dir='ltr'><strong>verbis</strong></span> <span class='ocrx_word' id='word_1_708' title='bbox 2523 3177 2720 3233; x_wconf 86' lang='lat' dir='ltr'><strong>videris</strong></span> <span class='ocrx_word' id='word_1_709' title='bbox 2761 3179 3020 3248; x_wconf 87' lang='lat' dir='ltr'><strong>credere,</strong></span> <span class='ocrx_word' id='word_1_710' title='bbox 3050 3195 3214 3238; x_wconf 88' lang='lat' dir='ltr'><strong>omne</strong></span> <span class='ocrx_word' id='word_1_711' title='bbox 3249 3181 3394 3252; x_wconf 86' lang='lat' dir='ltr'><strong>quod</strong></span> <span class='ocrx_word' id='word_1_712' title='bbox 3421 3192 3564 3238; x_wconf 86' lang='lat' dir='ltr'><strong>caret</strong></span> 
     </span>
    </p>
   </div>
   <div class='ocr_carea' id='block_1_93' title="bbox 1985 3270 3567 3344">
    <p class='ocr_par' dir='ltr' id='par_1_93' title="bbox 1985 3270 3567 3344">
     <span class='ocr_line' id='line_1_93' title="bbox 1985 3270 3567 3344; baseline 0.004 -22"><span class='ocrx_word' id='word_1_713' title='bbox 1985 3283 2230 3338; x_wconf 87' lang='lat' dir='ltr'><strong>corpore,</strong></span> <span class='ocrx_word' id='word_1_714' title='bbox 2255 3270 2428 3324; x_wconf 88' lang='lat' dir='ltr'><strong>inanis</strong></span> <span class='ocrx_word' id='word_1_715' title='bbox 2456 3284 2575 3325; x_wconf 88' lang='lat' dir='ltr'><strong>esse</strong></span> <span class='ocrx_word' id='word_1_716' title='bbox 2599 3270 2930 3327; x_wconf 83' lang='lat' dir='ltr'><strong>substantiae.</strong></span> <span class='ocrx_word' id='word_1_717' title='bbox 2959 3272 3112 3340; x_wconf 84' lang='lat' dir='ltr'><strong>Quod</strong></span> <span class='ocrx_word' id='word_1_718' title='bbox 3135 3272 3180 3327; x_wconf 89' lang='lat' dir='ltr'><strong>si</strong></span> <span class='ocrx_word' id='word_1_719' title='bbox 3206 3273 3276 3328; x_wconf 89' lang='lat' dir='ltr'><strong>ita</strong></span> <span class='ocrx_word' id='word_1_720' title='bbox 3303 3283 3408 3341; x_wconf 80' lang='lat' dir='ltr'><strong>est,</strong></span> <span class='ocrx_word' id='word_1_721' title='bbox 3433 3289 3567 3344; x_wconf 81' lang='lat' dir='ltr'><strong>quo-</strong></span> 
     </span>
    </p>
   </div>
   <div class='ocr_carea' id='block_1_94' title="bbox 1987 3359 3566 3434">
    <p class='ocr_par' dir='ltr' id='par_1_94' title="bbox 1987 3359 3566 3434">
     <span class='ocr_line' id='line_1_94' title="bbox 1987 3359 3566 3434; baseline 0.005 -22"><span class='ocrx_word' id='word_1_722' title='bbox 1987 3359 2148 3414; x_wconf 89' lang='lat' dir='ltr'><strong>modo</strong></span> <span class='ocrx_word' id='word_1_723' title='bbox 2180 3359 2343 3414; x_wconf 87' lang='lat' dir='ltr'><strong>Deum</strong></span> <span class='ocrx_word' id='word_1_724' title='bbox 2381 3359 2546 3416; x_wconf 88' lang='lat' dir='ltr'><strong>audes</strong></span> <span class='ocrx_word' id='word_1_725' title='bbox 2573 3361 2752 3418; x_wconf 87' lang='lat' dir='ltr'><strong>dicere</strong></span> <span class='ocrx_word' id='word_1_726' title='bbox 2783 3377 2968 3418; x_wconf 89' lang='lat' dir='ltr'><strong>carere</strong></span> <span class='ocrx_word' id='word_1_727' title='bbox 2995 3378 3250 3434; x_wconf 87' lang='lat' dir='ltr'><strong>corpore,</strong></span> <span class='ocrx_word' id='word_1_728' title='bbox 3279 3378 3380 3420; x_wconf 88' lang='lat' dir='ltr'><strong>nec</strong></span> <span class='ocrx_word' id='word_1_729' title='bbox 3409 3364 3566 3422; x_wconf 81' lang='lat' dir='ltr'><strong>times</strong></span> 
     </span>
    </p>
   </div>
   <div class='ocr_carea' id='block_1_95' title="bbox 1987 3450 3566 3518">
    <p class='ocr_par' dir='ltr' id='par_1_95' title="bbox 1987 3450 3566 3518">
     <span class='ocr_line' id='line_1_95' title="bbox 1987 3450 3566 3518; baseline 0.003 -16"><span class='ocrx_word' id='word_1_730' title='bbox 1987 3462 2058 3503; x_wconf 87' lang='lat' dir='ltr'><strong>ne</strong></span> <span class='ocrx_word' id='word_1_731' title='bbox 2096 3459 2348 3518; x_wconf 90' lang='lat' dir='ltr'><strong>sequatur</strong></span> <span class='ocrx_word' id='word_1_732' title='bbox 2392 3450 2565 3504; x_wconf 88' lang='lat' dir='ltr'><strong>inanis</strong></span> <span class='ocrx_word' id='word_1_733' title='bbox 2602 3465 2724 3506; x_wconf 88' lang='lat' dir='ltr'><strong>eum</strong></span> <span class='ocrx_word' id='word_1_734' title='bbox 2763 3466 2884 3506; x_wconf 86' lang='lat' dir='ltr'><strong>esse</strong></span> <span class='ocrx_word' id='word_1_735' title='bbox 2911 3452 3264 3508; x_wconf 72' lang='lat' dir='ltr'><strong>substantiae?</strong></span> <span class='ocrx_word' id='word_1_736' title='bbox 3306 3453 3476 3509; x_wconf 90' lang='lat' dir='ltr'><strong>Porro</strong></span> <span class='ocrx_word' id='word_1_737' title='bbox 3519 3454 3566 3510; x_wconf 84' lang='lat' dir='ltr'><strong>si</strong></span> 
     </span>
    </p>
   </div>
   <div class='ocr_carea' id='block_1_96' title="bbox 1988 3541 3569 3612">
    <p class='ocr_par' dir='ltr' id='par_1_96' title="bbox 1988 3541 3569 3612">
     <span class='ocr_line' id='line_1_96' title="bbox 1988 3541 3569 3612; baseline 0.004 -18"><span class='ocrx_word' id='word_1_738' title='bbox 1988 3547 2043 3594; x_wconf 88' lang='lat' dir='ltr'><strong>et</strong></span> <span class='ocrx_word' id='word_1_739' title='bbox 2083 3553 2309 3608; x_wconf 90' lang='lat' dir='ltr'><strong>corpore</strong></span> <span class='ocrx_word' id='word_1_740' title='bbox 2355 3548 2504 3595; x_wconf 88' lang='lat' dir='ltr'><strong>caret</strong></span> <span class='ocrx_word' id='word_1_741' title='bbox 2532 3541 2700 3606; x_wconf 88' lang='lat' dir='ltr'><strong>Deus,</strong></span> <span class='ocrx_word' id='word_1_742' title='bbox 2733 3541 2876 3612; x_wconf 90' lang='lat' dir='ltr'><strong>quod</strong></span> <span class='ocrx_word' id='word_1_743' title='bbox 2919 3542 3028 3612; x_wconf 88' lang='lat' dir='ltr'><strong>jam</strong></span> <span class='ocrx_word' id='word_1_744' title='bbox 3059 3543 3334 3599; x_wconf 77' lang='lat' dir='ltr'><strong>confessus</strong></span> <span class='ocrx_word' id='word_1_745' title='bbox 3377 3560 3470 3610; x_wconf 88' lang='lat' dir='ltr'><strong>es;</strong></span> <span class='ocrx_word' id='word_1_746' title='bbox 3517 3554 3569 3600; x_wconf 86' lang='lat' dir='ltr'><strong>et</strong></span> 
     </span>
    </p>
   </div>
   <div class='ocr_carea' id='block_1_97' title="bbox 1988 3631 3570 3707">
    <p class='ocr_par' dir='ltr' id='par_1_97' title="bbox 1988 3631 3570 3707">
     <span class='ocr_line' id='line_1_97' title="bbox 1988 3631 3570 3707; baseline 0.004 -21"><span class='ocrx_word' id='word_1_747' title='bbox 1988 3645 2112 3686; x_wconf 90' lang='lat' dir='ltr'><strong>eum</strong></span> <span class='ocrx_word' id='word_1_748' title='bbox 2139 3631 2312 3686; x_wconf 90' lang='lat' dir='ltr'><strong>inanis</strong></span> <span class='ocrx_word' id='word_1_749' title='bbox 2339 3647 2460 3688; x_wconf 87' lang='lat' dir='ltr'><strong>esse</strong></span> <span class='ocrx_word' id='word_1_750' title='bbox 2485 3634 2816 3700; x_wconf 68' lang='lat' dir='ltr'><strong>substantim,</strong></span> <span class='ocrx_word' id='word_1_751' title='bbox 2846 3634 2982 3688; x_wconf 90' lang='lat' dir='ltr'><strong>absit</strong></span> <span class='ocrx_word' id='word_1_752' title='bbox 3009 3643 3064 3688; x_wconf 90' lang='lat' dir='ltr'><strong>ut</strong></span> <span class='ocrx_word' id='word_1_753' title='bbox 3087 3634 3236 3690; x_wconf 86' lang='lat' dir='ltr'><strong>dicas</strong></span> <span class='ocrx_word' id='word_1_754' title='bbox 3261 3653 3274 3689; x_wconf 88' lang='lat'><strong>:</strong></span> <span class='ocrx_word' id='word_1_755' title='bbox 3308 3651 3412 3692; x_wconf 87' lang='lat' dir='ltr'><strong>non</strong></span> <span class='ocrx_word' id='word_1_756' title='bbox 3441 3652 3570 3707; x_wconf 77' lang='lat' dir='ltr'><strong>ergo</strong></span> 
     </span>
    </p>
   </div>
   <div class='ocr_carea' id='block_1_98' title="bbox 1990 3721 3570 3794">
    <p class='ocr_par' dir='ltr' id='par_1_98' title="bbox 1990 3721 3570 3794">
     <span class='ocr_line' id='line_1_98' title="bbox 1990 3721 3570 3794; baseline 0.004 -18"><span class='ocrx_word' id='word_1_757' title='bbox 1990 3721 2163 3777; x_wconf 88' lang='lat' dir='ltr'><strong>inanis</strong></span> <span class='ocrx_word' id='word_1_758' title='bbox 2206 3723 2516 3788; x_wconf 81' lang='lat' dir='ltr'><strong>substantiae</strong></span> <span class='ocrx_word' id='word_1_759' title='bbox 2561 3732 2661 3791; x_wconf 87' lang='lat' dir='ltr'><strong>est,</strong></span> <span class='ocrx_word' id='word_1_760' title='bbox 2717 3723 2972 3794; x_wconf 86' lang='lat' dir='ltr'><strong>quidquid</strong></span> <span class='ocrx_word' id='word_1_761' title='bbox 3020 3739 3244 3794; x_wconf 88' lang='lat' dir='ltr'><strong>corpore</strong></span> <span class='ocrx_word' id='word_1_762' title='bbox 3289 3735 3456 3783; x_wconf 87' lang='lat' dir='ltr'><strong>caret.</strong></span> <span class='ocrx_word' id='word_1_763' title='bbox 3505 3729 3570 3784; x_wconf 75' lang='lat' dir='ltr'><strong>Et</strong></span> 
     </span>
    </p>
   </div>
   <div class='ocr_carea' id='block_1_99' title="bbox 1991 3813 3571 3885">
    <p class='ocr_par' dir='ltr' id='par_1_99' title="bbox 1991 3813 3571 3885">
     <span class='ocr_line' id='line_1_99' title="bbox 1991 3813 3571 3885; baseline 0.003 -17"><span class='ocrx_word' id='word_1_764' title='bbox 1991 3813 2110 3868; x_wconf 91' lang='lat' dir='ltr'><strong>ideo</strong></span> <span class='ocrx_word' id='word_1_765' title='bbox 2153 3815 2240 3884; x_wconf 89' lang='lat' dir='ltr'><strong>qui</strong></span> <span class='ocrx_word' id='word_1_766' title='bbox 2287 3816 2656 3885; x_wconf 88' lang='lat' dir='ltr'><strong>incorpoream</strong></span> <span class='ocrx_word' id='word_1_767' title='bbox 2699 3815 2828 3870; x_wconf 89' lang='lat' dir='ltr'><strong>dicit</strong></span> <span class='ocrx_word' id='word_1_768' title='bbox 2867 3829 2988 3872; x_wconf 87' lang='lat' dir='ltr'><strong>esse</strong></span> <span class='ocrx_word' id='word_1_769' title='bbox 3033 3816 3286 3882; x_wconf 85' lang='lat' dir='ltr'><strong>animam,</strong></span> <span class='ocrx_word' id='word_1_770' title='bbox 3333 3831 3440 3872; x_wconf 90' lang='lat' dir='ltr'><strong>non</strong></span> <span class='ocrx_word' id='word_1_771' title='bbox 3485 3829 3571 3874; x_wconf 84' lang='lat' dir='ltr'><strong>est</strong></span> 
     </span>
    </p>
   </div>
   <div class='ocr_carea' id='block_1_100' title="bbox 1990 3908 3568 3981">
    <p class='ocr_par' dir='ltr' id='par_1_100' title="bbox 1990 3908 3568 3981">
     <span class='ocr_line' id='line_1_100' title="bbox 1990 3908 3568 3981; baseline 0.003 -21"><span class='ocrx_word' id='word_1_772' title='bbox 1990 3921 2320 3976; x_wconf 89' lang='lat' dir='ltr'><strong>consequens</strong></span> <span class='ocrx_word' id='word_1_773' title='bbox 2347 3916 2404 3962; x_wconf 91' lang='lat' dir='ltr'><strong>ut</strong></span> <span class='ocrx_word' id='word_1_774' title='bbox 2427 3923 2544 3962; x_wconf 89' lang='lat' dir='ltr'><strong>eam</strong></span> <span class='ocrx_word' id='word_1_775' title='bbox 2573 3909 2702 3963; x_wconf 88' lang='lat' dir='ltr'><strong>velit</strong></span> <span class='ocrx_word' id='word_1_776' title='bbox 2727 3909 2894 3964; x_wconf 88' lang='lat' dir='ltr'><strong>videri</strong></span> <span class='ocrx_word' id='word_1_777' title='bbox 2925 3909 3097 3964; x_wconf 85' lang='lat' dir='ltr'><strong>inanis</strong></span> <span class='ocrx_word' id='word_1_778' title='bbox 3137 3908 3410 3981; x_wconf 83' lang='lat' dir='ltr'><strong>lutilisque</strong></span> <span class='ocrx_word' id='word_1_779' title='bbox 3438 3911 3568 3965; x_wconf 85' lang='lat' dir='ltr'><strong>sub-</strong></span> 
     </span>
    </p>
   </div>
   <div class='ocr_carea' id='block_1_101' title="bbox 1991 3997 3566 4070">
    <p class='ocr_par' dir='ltr' id='par_1_101' title="bbox 1991 3997 3566 4070">
     <span class='ocr_line' id='line_1_101' title="bbox 1991 3997 3566 4070; baseline 0.003 -20"><span class='ocrx_word' id='word_1_780' title='bbox 1991 3997 2198 4050; x_wconf 67' lang='lat' dir='ltr'><strong>stantiae</strong></span> <span class='ocrx_word' id='word_1_781' title='bbox 2228 4014 2240 4050; x_wconf 92' lang='lat'>:</span> <span class='ocrx_word' id='word_1_782' title='bbox 2274 3997 2394 4067; x_wconf 86' lang='lat' dir='ltr'><strong>quia</strong></span> <span class='ocrx_word' id='word_1_783' title='bbox 2434 4005 2487 4052; x_wconf 87' lang='lat' dir='ltr'><strong>et</strong></span> <span class='ocrx_word' id='word_1_784' title='bbox 2521 3999 2718 4066; x_wconf 88' lang='lat' dir='ltr'><strong>Deum,</strong></span> <span class='ocrx_word' id='word_1_785' title='bbox 2747 3998 2837 4068; x_wconf 90' lang='lat' dir='ltr'><strong>qui</strong></span> <span class='ocrx_word' id='word_1_786' title='bbox 2879 4015 2985 4053; x_wconf 87' lang='lat' dir='ltr'><strong>non</strong></span> <span class='ocrx_word' id='word_1_787' title='bbox 3017 4009 3102 4056; x_wconf 88' lang='lat' dir='ltr'><strong>est</strong></span> <span class='ocrx_word' id='word_1_788' title='bbox 3149 4000 3305 4054; x_wconf 88' lang='lat' dir='ltr'><strong>inane</strong></span> <span class='ocrx_word' id='word_1_789' title='bbox 3347 4001 3566 4070; x_wconf 88' lang='lat' dir='ltr'><strong>aliquid,</strong></span> 
     </span>
    </p>
   </div>
   <div class='ocr_carea' id='block_1_102' title="bbox 1993 4087 3568 4164">
    <p class='ocr_par' dir='ltr' id='par_1_102' title="bbox 1993 4087 3568 4164">
     <span class='ocr_line' id='line_1_102' title="bbox 1993 4087 3568 4164; baseline 0.004 -22"><span class='ocrx_word' id='word_1_790' title='bbox 1993 4087 2150 4143; x_wconf 88' lang='lat' dir='ltr'><strong>simul</strong></span> <span class='ocrx_word' id='word_1_791' title='bbox 2181 4089 2550 4159; x_wconf 90' lang='lat' dir='ltr'><strong>incorporeum</strong></span> <span class='ocrx_word' id='word_1_792' title='bbox 2595 4091 2896 4146; x_wconf 87' lang='lat' dir='ltr'><strong>conﬁtetur.</strong></span> <span class='ocrx_word' id='word_1_793' title='bbox 2930 4091 3063 4147; x_wconf 80' lang='lat' dir='ltr'><strong>Vide</strong></span> <span class='ocrx_word' id='word_1_794' title='bbox 3107 4104 3284 4147; x_wconf 88' lang='lat' dir='ltr'><strong>autem</strong></span> <span class='ocrx_word' id='word_1_795' title='bbox 3315 4103 3568 4164; x_wconf 89' lang='lat' dir='ltr'><strong>quantum</strong></span> 
     </span>
    </p>
   </div>
   <div class='ocr_carea' id='block_1_103' title="bbox 1993 4178 3572 4251">
    <p class='ocr_par' dir='ltr' id='par_1_103' title="bbox 1993 4178 3572 4251">
     <span class='ocr_line' id='line_1_103' title="bbox 1993 4178 3572 4251; baseline 0.004 -17"><span class='ocrx_word' id='word_1_796' title='bbox 1993 4178 2204 4234; x_wconf 88' lang='lat' dir='ltr'><strong>intersit</strong></span> <span class='ocrx_word' id='word_1_797' title='bbox 2234 4181 2372 4234; x_wconf 90' lang='lat' dir='ltr'><strong>inter</strong></span> <span class='ocrx_word' id='word_1_798' title='bbox 2400 4181 2452 4234; x_wconf 91' lang='lat' dir='ltr'><strong>id</strong></span> <span class='ocrx_word' id='word_1_799' title='bbox 2487 4181 2626 4250; x_wconf 90' lang='lat' dir='ltr'><strong>quod</strong></span> <span class='ocrx_word' id='word_1_800' title='bbox 2657 4181 2775 4235; x_wconf 92' lang='lat' dir='ltr'><strong>dico</strong></span> <span class='ocrx_word' id='word_1_801' title='bbox 2797 4223 2810 4247; x_wconf 96' lang='lat'><strong>,</strong></span> <span class='ocrx_word' id='word_1_802' title='bbox 2845 4189 2898 4236; x_wconf 90' lang='lat' dir='ltr'><strong>et</strong></span> <span class='ocrx_word' id='word_1_803' title='bbox 2927 4182 3064 4251; x_wconf 91' lang='lat' dir='ltr'><strong>quod</strong></span> <span class='ocrx_word' id='word_1_804' title='bbox 3099 4192 3153 4237; x_wconf 91' lang='lat' dir='ltr'><strong>tu</strong></span> <span class='ocrx_word' id='word_1_805' title='bbox 3183 4199 3270 4238; x_wconf 88' lang='lat' dir='ltr'><strong>me</strong></span> <span class='ocrx_word' id='word_1_806' title='bbox 3299 4184 3572 4240; x_wconf 78' lang='lat' dir='ltr'><strong>existimas</strong></span> 
     </span>
    </p>
   </div>
   <div class='ocr_carea' id='block_1_104' title="bbox 1993 4269 3578 4344">
    <p class='ocr_par' dir='ltr' id='par_1_104' title="bbox 1993 4269 3578 4344">
     <span class='ocr_line' id='line_1_104' title="bbox 1993 4269 3578 4344; baseline 0.005 -20"><span class='ocrx_word' id='word_1_807' title='bbox 1993 4269 2190 4324; x_wconf 90' lang='lat' dir='ltr'><strong>dicere.</strong></span> <span class='ocrx_word' id='word_1_808' title='bbox 2218 4271 2331 4341; x_wconf 80' lang='lat' dir='ltr'><strong>Ego</strong></span> <span class='ocrx_word' id='word_1_809' title='bbox 2358 4272 2498 4326; x_wconf 91' lang='lat' dir='ltr'><strong>enim</strong></span> <span class='ocrx_word' id='word_1_810' title='bbox 2523 4287 2622 4327; x_wconf 88' lang='lat' dir='ltr'><strong>nec</strong></span> <span class='ocrx_word' id='word_1_811' title='bbox 2645 4273 2804 4327; x_wconf 71' lang='lat' dir='ltr'><strong>aeria:</strong></span> <span class='ocrx_word' id='word_1_812' title='bbox 2829 4274 3140 4330; x_wconf 77' lang='lat' dir='ltr'><strong>substantia:</strong></span> <span class='ocrx_word' id='word_1_813' title='bbox 3164 4276 3394 4332; x_wconf 87' lang='lat' dir='ltr'><strong>animam</strong></span> <span class='ocrx_word' id='word_1_814' title='bbox 3415 4277 3578 4344; x_wconf 76' lang='lat' dir='ltr'><strong>dico;</strong></span> 
     </span>
    </p>
   </div>
   <div class='ocr_carea' id='block_1_105' title="bbox 1993 4351 3576 4441">
    <p class='ocr_par' dir='ltr' id='par_1_105' title="bbox 1993 4351 3576 4441">
     <span class='ocr_line' id='line_1_105' title="bbox 1993 4351 3576 4441; baseline 0.006 -27"><span class='ocrx_word' id='word_1_815' title='bbox 1993 4361 2226 4430; x_wconf 87' lang='lat' dir='ltr'><strong>alioquin</strong></span> <span class='ocrx_word' id='word_1_816' title='bbox 2270 4377 2464 4431; x_wconf 88' lang='lat' dir='ltr'><strong>corpus</strong></span> <span class='ocrx_word' id='word_1_817' title='bbox 2504 4351 2624 4418; x_wconf 84' lang='lat' dir='ltr'><strong>essé</strong></span> <span class='ocrx_word' id='word_1_818' title='bbox 2669 4365 2951 4419; x_wconf 90' lang='lat' dir='ltr'><strong>conﬁteor.</strong></span> <span class='ocrx_word' id='word_1_819' title='bbox 3004 4367 3112 4420; x_wconf 84' lang='lat' dir='ltr'><strong>Aer</strong></span> <span class='ocrx_word' id='word_1_820' title='bbox 3139 4366 3334 4436; x_wconf 89' lang='lat' dir='ltr'><strong>quippe</strong></span> <span class='ocrx_word' id='word_1_821' title='bbox 3381 4383 3576 4441; x_wconf 82' lang='lat' dir='ltr'><strong>corpus</strong></span> 
     </span>
    </p>
   </div>
   <div class='ocr_carea' id='block_1_106' title="bbox 1994 4451 3574 4528">
    <p class='ocr_par' dir='ltr' id='par_1_106' title="bbox 1994 4451 3574 4528">
     <span class='ocr_line' id='line_1_106' title="bbox 1994 4451 3574 4528; baseline 0.004 -22"><span class='ocrx_word' id='word_1_822' title='bbox 1994 4463 2096 4517; x_wconf 90' lang='lat' dir='ltr'><strong>est,</strong></span> <span class='ocrx_word' id='word_1_823' title='bbox 2126 4451 2416 4506; x_wconf 90' lang='lat' dir='ltr'><strong>secundum</strong></span> <span class='ocrx_word' id='word_1_824' title='bbox 2443 4467 2630 4507; x_wconf 83' lang='lat' dir='ltr'><strong>omnes</strong></span> <span class='ocrx_word' id='word_1_825' title='bbox 2654 4453 2744 4524; x_wconf 89' lang='lat' dir='ltr'><strong>qui</strong></span> <span class='ocrx_word' id='word_1_826' title='bbox 2769 4453 2834 4508; x_wconf 90' lang='lat' dir='ltr'><strong>de</strong></span> <span class='ocrx_word' id='word_1_827' title='bbox 2859 4455 3172 4524; x_wconf 90' lang='lat' dir='ltr'><strong>corporibus</strong></span> <span class='ocrx_word' id='word_1_828' title='bbox 3201 4472 3322 4512; x_wconf 88' lang='lat' dir='ltr'><strong>eum</strong></span> <span class='ocrx_word' id='word_1_829' title='bbox 3353 4459 3574 4528; x_wconf 81' lang='lat' dir='ltr'><strong>inquim-</strong></span> 
     </span>
    </p>
   </div>
   <div class='ocr_carea' id='block_1_107' title="bbox 1997 4541 3574 4619">
    <p class='ocr_par' dir='ltr' id='par_1_107' title="bbox 1997 4541 3574 4619">
     <span class='ocr_line' id='line_1_107' title="bbox 1997 4541 3574 4619; baseline 0.004 -22"><span class='ocrx_word' id='word_1_830' title='bbox 1997 4551 2103 4608; x_wconf 90' lang='lat' dir='ltr'><strong>tur,</strong></span> <span class='ocrx_word' id='word_1_831' title='bbox 2152 4541 2277 4612; x_wconf 86' lang='lat' dir='ltr'><strong>quid</strong></span> <span class='ocrx_word' id='word_1_832' title='bbox 2329 4542 2612 4612; x_wconf 89' lang='lat' dir='ltr'><strong>loquantur</strong></span> <span class='ocrx_word' id='word_1_833' title='bbox 2661 4544 2853 4599; x_wconf 88' lang='lat' dir='ltr'><strong>sciunt.</strong></span> <span class='ocrx_word' id='word_1_834' title='bbox 2911 4545 2992 4600; x_wconf 85' lang='lat' dir='ltr'><strong>Tu</strong></span> <span class='ocrx_word' id='word_1_835' title='bbox 3037 4555 3214 4601; x_wconf 89' lang='lat' dir='ltr'><strong>autem</strong></span> <span class='ocrx_word' id='word_1_836' title='bbox 3263 4558 3478 4619; x_wconf 85' lang='lat' dir='ltr'><strong>propter</strong></span> <span class='ocrx_word' id='word_1_837' title='bbox 3527 4551 3574 4604; x_wconf 86' lang='lat' dir='ltr'><strong>id</strong></span> 
     </span>
    </p>
   </div>
   <div class='ocr_carea' id='block_1_108' title="bbox 1995 4635 3577 4707">
    <p class='ocr_par' dir='ltr' id='par_1_108' title="bbox 1995 4635 3577 4707">
     <span class='ocr_line' id='line_1_108' title="bbox 1995 4635 3577 4707; baseline 0.004 -17"><span class='ocrx_word' id='word_1_838' title='bbox 1995 4635 2138 4707; x_wconf 84' lang='lat' dir='ltr'><strong>quod</strong></span> <span class='ocrx_word' id='word_1_839' title='bbox 2183 4637 2554 4706; x_wconf 86' lang='lat' dir='ltr'><strong>incorpoream</strong></span> <span class='ocrx_word' id='word_1_840' title='bbox 2597 4635 2706 4691; x_wconf 87' lang='lat' dir='ltr'><strong>dixi</strong></span> <span class='ocrx_word' id='word_1_841' title='bbox 2753 4635 3008 4705; x_wconf 90' lang='lat' dir='ltr'><strong>animam,</strong></span> <span class='ocrx_word' id='word_1_842' title='bbox 3051 4655 3154 4694; x_wconf 89' lang='lat' dir='ltr'><strong>non</strong></span> <span class='ocrx_word' id='word_1_843' title='bbox 3199 4641 3374 4696; x_wconf 86' lang='lat' dir='ltr'><strong>solum</strong></span> <span class='ocrx_word' id='word_1_844' title='bbox 3413 4657 3577 4698; x_wconf 81' lang='lat' dir='ltr'><strong>cassa:</strong></span> 
     </span>
    </p>
   </div>
   <div class='ocr_carea' id='block_1_109' title="bbox 1997 4728 3578 4800">
    <p class='ocr_par' dir='ltr' id='par_1_109' title="bbox 1997 4728 3578 4800">
     <span class='ocr_line' id='line_1_109' title="bbox 1997 4728 3578 4800; baseline 0.003 -16"><span class='ocrx_word' id='word_1_845' title='bbox 1997 4729 2289 4797; x_wconf 87' lang='lat' dir='ltr'><strong>inanitatis,</strong></span> <span class='ocrx_word' id='word_1_846' title='bbox 2322 4728 2414 4784; x_wconf 89' lang='lat' dir='ltr'><strong>sed</strong></span> <span class='ocrx_word' id='word_1_847' title='bbox 2443 4729 2513 4784; x_wconf 90' lang='lat' dir='ltr'><strong>ob</strong></span> <span class='ocrx_word' id='word_1_848' title='bbox 2537 4729 2640 4784; x_wconf 89' lang='lat' dir='ltr'><strong>hoc</strong></span> <span class='ocrx_word' id='word_1_849' title='bbox 2665 4729 2864 4784; x_wconf 87' lang='lat' dir='ltr'><strong>aeriam</strong></span> <span class='ocrx_word' id='word_1_850' title='bbox 2897 4746 2984 4786; x_wconf 90' lang='lat' dir='ltr'><strong>me</strong></span> <span class='ocrx_word' id='word_1_851' title='bbox 3013 4732 3206 4800; x_wconf 90' lang='lat' dir='ltr'><strong>putasti</strong></span> <span class='ocrx_word' id='word_1_852' title='bbox 3235 4747 3352 4788; x_wconf 86' lang='lat' dir='ltr'><strong>eam</strong></span> <span class='ocrx_word' id='word_1_853' title='bbox 3383 4733 3578 4788; x_wconf 64' lang='lat' dir='ltr'><strong>dixisse</strong></span> 
     </span>
    </p>
   </div>
   <div class='ocr_carea' id='block_1_110' title="bbox 1998 4819 3576 4891">
    <p class='ocr_par' dir='ltr' id='par_1_110' title="bbox 1998 4819 3576 4891">
     <span class='ocr_line' id='line_1_110' title="bbox 1998 4819 3576 4891; baseline 0.003 -17"><span class='ocrx_word' id='word_1_854' title='bbox 1998 4819 2347 4875; x_wconf 87' lang='lat' dir='ltr'><strong>substantiam</strong></span> <span class='ocrx_word' id='word_1_855' title='bbox 2381 4837 2394 4874; x_wconf 91' lang='lat'><strong>:</strong></span> <span class='ocrx_word' id='word_1_856' title='bbox 2427 4835 2546 4875; x_wconf 87' lang='lat' dir='ltr'><strong>eum</strong></span> <span class='ocrx_word' id='word_1_857' title='bbox 2577 4829 2630 4876; x_wconf 90' lang='lat' dir='ltr'><strong>et</strong></span> <span class='ocrx_word' id='word_1_858' title='bbox 2669 4836 2864 4891; x_wconf 89' lang='lat' dir='ltr'><strong>corpus</strong></span> <span class='ocrx_word' id='word_1_859' title='bbox 2889 4837 3006 4876; x_wconf 90' lang='lat' dir='ltr'><strong>eam</strong></span> <span class='ocrx_word' id='word_1_860' title='bbox 3047 4838 3151 4877; x_wconf 89' lang='lat' dir='ltr'><strong>non</strong></span> <span class='ocrx_word' id='word_1_861' title='bbox 3181 4837 3300 4878; x_wconf 87' lang='lat' dir='ltr'><strong>esse</strong></span> <span class='ocrx_word' id='word_1_862' title='bbox 3324 4824 3576 4886; x_wconf 78' lang='lat' dir='ltr'><strong>dixerim.</strong></span> 
     </span>
    </p>
   </div>
   <div class='ocr_carea' id='block_1_111' title="bbox 1999 4912 3578 4984">
    <p class='ocr_par' dir='ltr' id='par_1_111' title="bbox 1999 4912 3578 4984">
     <span class='ocr_line' id='line_1_111' title="bbox 1999 4912 3578 4984; baseline 0.003 -18"><span class='ocrx_word' id='word_1_863' title='bbox 1999 4913 2140 4980; x_wconf 89' lang='lat' dir='ltr'><strong>quod</strong></span> <span class='ocrx_word' id='word_1_864' title='bbox 2171 4919 2252 4967; x_wconf 89' lang='lat' dir='ltr'><strong>est</strong></span> <span class='ocrx_word' id='word_1_865' title='bbox 2279 4927 2409 4977; x_wconf 89' lang='lat' dir='ltr'><strong>aer;</strong></span> <span class='ocrx_word' id='word_1_866' title='bbox 2443 4921 2498 4966; x_wconf 89' lang='lat' dir='ltr'><strong>et</strong></span> <span class='ocrx_word' id='word_1_867' title='bbox 2524 4912 2663 4984; x_wconf 90' lang='lat' dir='ltr'><strong>quod</strong></span> <span class='ocrx_word' id='word_1_868' title='bbox 2694 4927 2818 4968; x_wconf 89' lang='lat' dir='ltr'><strong>aere</strong></span> <span class='ocrx_word' id='word_1_869' title='bbox 2845 4913 3111 4982; x_wconf 89' lang='lat' dir='ltr'><strong>impletur,</strong></span> <span class='ocrx_word' id='word_1_870' title='bbox 3143 4914 3298 4970; x_wconf 90' lang='lat' dir='ltr'><strong>inane</strong></span> <span class='ocrx_word' id='word_1_871' title='bbox 3325 4929 3444 4970; x_wconf 85' lang='lat' dir='ltr'><strong>esse</strong></span> <span class='ocrx_word' id='word_1_872' title='bbox 3471 4931 3578 4970; x_wconf 83' lang='lat' dir='ltr'><strong>nun</strong></span> 
     </span>
    </p>
   </div>
   <div class='ocr_carea' id='block_1_112' title="bbox 2002 5001 3577 5074">
    <p class='ocr_par' dir='ltr' id='par_1_112' title="bbox 2002 5001 3577 5074">
     <span class='ocr_line' id='line_1_112' title="bbox 2002 5001 3577 5074; baseline 0.005 -22"><span class='ocrx_word' id='word_1_873' title='bbox 2002 5002 2189 5071; x_wconf 86' lang='lat' dir='ltr'><strong>possit.</strong></span> <span class='ocrx_word' id='word_1_874' title='bbox 2237 5001 2388 5070; x_wconf 86' lang='lat' dir='ltr'><strong>Quod</strong></span> <span class='ocrx_word' id='word_1_875' title='bbox 2419 5017 2518 5057; x_wconf 89' lang='lat' dir='ltr'><strong>nec</strong></span> <span class='ocrx_word' id='word_1_876' title='bbox 2561 5012 2706 5059; x_wconf 89' lang='lat' dir='ltr'><strong>utres</strong></span> <span class='ocrx_word' id='word_1_877' title='bbox 2738 5004 2812 5058; x_wconf 89' lang='lat' dir='ltr'><strong>tui</strong></span> <span class='ocrx_word' id='word_1_878' title='bbox 2854 5013 2906 5058; x_wconf 87' lang='lat' dir='ltr'><strong>te</strong></span> <span class='ocrx_word' id='word_1_879' title='bbox 2941 5003 3232 5060; x_wconf 88' lang='lat' dir='ltr'><strong>admonere</strong></span> <span class='ocrx_word' id='word_1_880' title='bbox 3273 5013 3577 5074; x_wconf 86' lang='lat' dir='ltr'><strong>potuerunt.</strong></span> 
     </span>
    </p>
   </div>
   <div class='ocr_carea' id='block_1_113' title="bbox 2001 5094 3578 5168">
    <p class='ocr_par' dir='ltr' id='par_1_113' title="bbox 2001 5094 3578 5168">
     <span class='ocr_line' id='line_1_113' title="bbox 2001 5094 3578 5168; baseline 0.004 -20"><span class='ocrx_word' id='word_1_881' title='bbox 2001 5094 2138 5161; x_wconf 87' lang='lat' dir='ltr'><strong>Quid</strong></span> <span class='ocrx_word' id='word_1_882' title='bbox 2166 5097 2305 5149; x_wconf 88' lang='lat' dir='ltr'><strong>enim</strong></span> <span class='ocrx_word' id='word_1_883' title='bbox 2343 5095 2486 5151; x_wconf 89' lang='lat' dir='ltr'><strong>aliud</strong></span> <span class='ocrx_word' id='word_1_884' title='bbox 2529 5096 2582 5151; x_wconf 87' lang='lat' dir='ltr'><strong>in</strong></span> <span class='ocrx_word' id='word_1_885' title='bbox 2615 5111 2740 5163; x_wconf 87' lang='lat' dir='ltr'><strong>eos,</strong></span> <span class='ocrx_word' id='word_1_886' title='bbox 2772 5097 2872 5152; x_wconf 89' lang='lat' dir='ltr'><strong>nisi</strong></span> <span class='ocrx_word' id='word_1_887' title='bbox 2911 5113 3037 5164; x_wconf 89' lang='lat' dir='ltr'><strong>aer,</strong></span> <span class='ocrx_word' id='word_1_888' title='bbox 3067 5099 3279 5168; x_wconf 87' lang='lat' dir='ltr'><strong>quando</strong></span> <span class='ocrx_word' id='word_1_889' title='bbox 3308 5099 3578 5164; x_wconf 84' lang='lat' dir='ltr'><strong>inﬂantur,</strong></span> 
     </span>
    </p>
   </div>
   <div class='ocr_carea' id='block_1_114' title="bbox 2003 5185 3582 5257">
    <p class='ocr_par' dir='ltr' id='par_1_114' title="bbox 2003 5185 3582 5257">
     <span class='ocr_line' id='line_1_114' title="bbox 2003 5185 3582 5257; baseline 0.006 -19"><span class='ocrx_word' id='word_1_890' title='bbox 2003 5185 2276 5240; x_wconf 75' lang='lat' dir='ltr'><strong>arctaturi</strong></span> <span class='ocrx_word' id='word_1_891' title='bbox 2303 5187 2402 5252; x_wconf 85' lang='lat' dir='ltr'><strong>Qui</strong></span> <span class='ocrx_word' id='word_1_892' title='bbox 2434 5203 2600 5257; x_wconf 86' lang='lat' dir='ltr'><strong>usque</strong></span> <span class='ocrx_word' id='word_1_893' title='bbox 2625 5189 2760 5242; x_wconf 88' lang='lat' dir='ltr'><strong>adeo</strong></span> <span class='ocrx_word' id='word_1_894' title='bbox 2791 5189 2974 5244; x_wconf 87' lang='lat' dir='ltr'><strong>inanes</strong></span> <span class='ocrx_word' id='word_1_895' title='bbox 3001 5203 3108 5244; x_wconf 90' lang='lat' dir='ltr'><strong>non</strong></span> <span class='ocrx_word' id='word_1_896' title='bbox 3137 5201 3280 5255; x_wconf 89' lang='lat' dir='ltr'><strong>sunt,</strong></span> <span class='ocrx_word' id='word_1_897' title='bbox 3317 5201 3372 5246; x_wconf 89' lang='lat' dir='ltr'><strong>ut</strong></span> <span class='ocrx_word' id='word_1_898' title='bbox 3395 5192 3582 5248; x_wconf 70' lang='lat' dir='ltr'><strong>eadt-u&#39;.</strong></span> 
     </span>
    </p>
   </div>
   <div class='ocr_carea' id='block_1_115' title="bbox 2005 5277 3586 5350">
    <p class='ocr_par' dir='ltr' id='par_1_115' title="bbox 2005 5277 3586 5350">
     <span class='ocr_line' id='line_1_115' title="bbox 2005 5277 3586 5350; baseline 0.006 -21"><span class='ocrx_word' id='word_1_899' title='bbox 2005 5277 2332 5345; x_wconf 86' lang='lat' dir='ltr'><strong>plenitudine</strong></span> <span class='ocrx_word' id='word_1_900' title='bbox 2359 5279 2519 5332; x_wconf 80' lang='lat' dir='ltr'><strong>etiam</strong></span> <span class='ocrx_word' id='word_1_901' title='bbox 2569 5279 2802 5348; x_wconf 87' lang='lat' dir='ltr'><strong>pondera</strong></span> <span class='ocrx_word' id='word_1_902' title='bbox 2849 5279 3122 5334; x_wconf 79' lang='lat' dir='ltr'><strong>sull‘erant.</strong></span> <span class='ocrx_word' id='word_1_903' title='bbox 3171 5280 3324 5350; x_wconf 81' lang='lat' dir='ltr'><strong>Quod</strong></span> <span class='ocrx_word' id='word_1_904' title='bbox 3362 5283 3408 5338; x_wconf 89' lang='lat' dir='ltr'><strong>si</strong></span> <span class='ocrx_word' id='word_1_905' title='bbox 3449 5282 3586 5340; x_wconf 78' lang='lat' dir='ltr'><strong>forte</strong></span> 
     </span>
    </p>
   </div>
   <div class='ocr_carea' id='block_1_116' title="bbox 2007 5369 3574 5440">
    <p class='ocr_par' dir='ltr' id='par_1_116' title="bbox 2007 5369 3574 5440">
     <span class='ocr_line' id='line_1_116' title="bbox 2007 5369 3574 5440; baseline 0.004 -19"><span class='ocrx_word' id='word_1_906' title='bbox 2007 5369 2152 5422; x_wconf 89' lang='lat' dir='ltr'><strong>aliud</strong></span> <span class='ocrx_word' id='word_1_907' title='bbox 2196 5369 2288 5423; x_wconf 92' lang='lat' dir='ltr'><strong>tibi</strong></span> <span class='ocrx_word' id='word_1_908' title='bbox 2315 5369 2526 5424; x_wconf 90' lang='lat' dir='ltr'><strong>videtur</strong></span> <span class='ocrx_word' id='word_1_909' title='bbox 2567 5384 2690 5426; x_wconf 88' lang='lat' dir='ltr'><strong>esse</strong></span> <span class='ocrx_word' id='word_1_910' title='bbox 2731 5369 2922 5437; x_wconf 85' lang='lat' dir='ltr'><strong>ﬂatus,</strong></span> <span class='ocrx_word' id='word_1_911' title='bbox 2958 5370 3104 5426; x_wconf 89' lang='lat' dir='ltr'><strong>aliud</strong></span> <span class='ocrx_word' id='word_1_912' title='bbox 3149 5387 3283 5440; x_wconf 88' lang='lat' dir='ltr'><strong>aer;</strong></span> <span class='ocrx_word' id='word_1_913' title='bbox 3329 5388 3450 5428; x_wconf 87' lang='lat' dir='ltr'><strong>cum</strong></span> <span class='ocrx_word' id='word_1_914' title='bbox 3495 5389 3574 5430; x_wconf 70' lang='lat' dir='ltr'><strong>ac:</strong></span> 
     </span>
    </p>
   </div>
   <div class='ocr_carea' id='block_1_117' title="bbox 2007 5459 3584 5536">
    <p class='ocr_par' dir='ltr' id='par_1_117' title="bbox 2007 5459 3584 5536">
     <span class='ocr_line' id='line_1_117' title="bbox 2007 5459 3584 5536; baseline 0.004 -24"><span class='ocrx_word' id='word_1_915' title='bbox 2007 5469 2186 5513; x_wconf 84' lang='lat' dir='ltr'><strong>motus</strong></span> <span class='ocrx_word' id='word_1_916' title='bbox 2213 5459 2324 5528; x_wconf 83' lang='lat' dir='ltr'><strong>ipse</strong></span> <span class='ocrx_word' id='word_1_917' title='bbox 2348 5460 2418 5513; x_wconf 91' lang='lat' dir='ltr'><strong>sit</strong></span> <span class='ocrx_word' id='word_1_918' title='bbox 2459 5459 2649 5526; x_wconf 84' lang='lat' dir='ltr'><strong>ﬂatus,</strong></span> <span class='ocrx_word' id='word_1_919' title='bbox 2679 5461 2818 5530; x_wconf 91' lang='lat' dir='ltr'><strong>quod</strong></span> <span class='ocrx_word' id='word_1_920' title='bbox 2848 5471 2900 5519; x_wconf 83' lang='lat' dir='ltr'><strong>et</strong></span> <span class='ocrx_word' id='word_1_921' title='bbox 2939 5463 3152 5519; x_wconf 75' lang='lat' dir='ltr'><strong>ﬂabello</strong></span> <span class='ocrx_word' id='word_1_922' title='bbox 3179 5465 3378 5536; x_wconf 79' lang='lat' dir='ltr'><strong>agitato</strong></span> <span class='ocrx_word' id='word_1_923' title='bbox 3407 5465 3584 5523; x_wconf 65' lang='lat' dir='ltr'><strong>docesi</strong></span> 
     </span>
    </p>
   </div>
   <div class='ocr_carea' id='block_1_118' title="bbox 2012 5549 3584 5628">
    <p class='ocr_par' dir='ltr' id='par_1_118' title="bbox 2012 5549 3584 5628">
     <span class='ocr_line' id='line_1_118' title="bbox 2012 5549 3584 5628; baseline 0.003 -24"><span class='ocrx_word' id='word_1_924' title='bbox 2012 5559 2183 5618; x_wconf 89' lang='lat' dir='ltr'><strong>potest</strong></span> <span class='ocrx_word' id='word_1_925' title='bbox 2217 5567 2230 5602; x_wconf 89' lang='lat'><strong>:</strong></span> <span class='ocrx_word' id='word_1_926' title='bbox 2262 5559 2404 5606; x_wconf 89' lang='lat' dir='ltr'><strong>certe</strong></span> <span class='ocrx_word' id='word_1_927' title='bbox 2433 5565 2557 5606; x_wconf 86' lang='lat' dir='ltr'><strong>vasa</strong></span> <span class='ocrx_word' id='word_1_928' title='bbox 2596 5549 2844 5622; x_wconf 65' lang='lat' dir='ltr'><strong>quaelibet</strong></span> <span class='ocrx_word' id='word_1_929' title='bbox 2881 5569 3110 5609; x_wconf 86' lang='lat' dir='ltr'><strong>concava</strong></span> <span class='ocrx_word' id='word_1_930' title='bbox 3155 5572 3274 5626; x_wconf 71' lang='lat' dir='ltr'><strong>qua:</strong></span> <span class='ocrx_word' id='word_1_931' title='bbox 3315 5567 3470 5628; x_wconf 87' lang='lat' dir='ltr'><strong>putas</strong></span> <span class='ocrx_word' id='word_1_932' title='bbox 3500 5557 3584 5610; x_wconf 59' lang='lat' dir='ltr'><strong>in-</strong></span> 
     </span>
    </p>
   </div>
   <div class='ocr_carea' id='block_1_119' title="bbox 2079 5695 3522 5759">
    <p class='ocr_par' dir='ltr' id='par_1_119' title="bbox 2079 5695 3522 5759">
     <span class='ocr_line' id='line_1_119' title="bbox 2079 5695 3522 5759; baseline 0.006 -17"><span class='ocrx_word' id='word_1_933' title='bbox 2079 5699 2092 5728; x_wconf 85' lang='grc' dir='ltr'>ι</span> <span class='ocrx_word' id='word_1_934' title='bbox 2131 5703 2232 5744; x_wconf 73' lang='lat' dir='ltr'><strong>Mss.</strong></span> <span class='ocrx_word' id='word_1_935' title='bbox 2259 5733 2270 5754; x_wconf 87' lang='lat'><strong>,</strong></span> <span class='ocrx_word' id='word_1_936' title='bbox 2313 5695 2444 5746; x_wconf 69' lang='lat' dir='ltr'><strong>(sciit:</strong></span> <span class='ocrx_word' id='word_1_937' title='bbox 2480 5695 2722 5759; x_wconf 56' lang='lat' dir='ltr'><strong>rutilisque</strong></span> <span class='ocrx_word' id='word_1_938' title='bbox 2760 5696 2860 5758; x_wconf 87' lang='lat' dir='ltr'><strong>(vel</strong></span> <span class='ocrx_word' id='word_1_939' title='bbox 2899 5699 3196 5755; x_wconf 68' lang='lat' dir='ltr'><strong>subtilisque)</strong></span> <span class='ocrx_word' id='word_1_940' title='bbox 3241 5702 3522 5753; x_wconf 74' lang='lat' dir='ltr'><strong>substantia.</strong></span> 
     </span>
    </p>
   </div>
  </div>
