4034 6182
300 334 415 396 537

300 451 589 519 imaginem
618 445 733 512 Dei,
764 453 1016 517 tanquam
1052 444 1141 500 illa
1170 444 1415 516 contigua
1444 448 1692 518 corpori,
1725 455 1779 501 et
1807 445 1893 501 ille

300 541 376 595 sit
404 538 554 604 Deo;
598 553 661 593 ac
698 537 776 593 sic
802 535 868 592 ad
909 535 1194 607 imaginem
1224 535 1318 591 Dei
1346 535 1507 592 homo
1536 538 1623 592 ille
1652 537 1890 602 intimus,

302 646 416 686 non
445 630 545 685 iste
583 628 805 684 interior
833 625 1195 682 reformetur?
1238 625 1343 682 Sed
1384 626 1577 682 frustra
1607 624 1708 680 hoc
1735 625 1889 681 dicis.

299 719 443 777 Nam
470 720 515 774 si
546 728 600 774 et
626 718 713 774 ille
738 718 958 773 intimus
986 718 1058 772 ita
1081 725 1165 772 est
1191 731 1287 787 per
1304 717 1496 771 anima:
1521 718 1698 772 omnia
1726 731 1894 772 mem-

299 812 404 868 bra
439 809 699 873 diffusus,
743 816 800 863 ut
845 808 937 862 illa
986 822 1082 876 per
1121 807 1396 877 corporis;
1440 808 1550 878 jam
1579 809 1739 863 etiam
1781 807 1894 876 ipse

304 919 410 975 per
439 904 667 957 animam
697 900 840 971 cepit
879 899 1165 970 imaginem
1191 901 1463 970 corporis,
1491 901 1628 955 sicut
1657 900 1743 953 illa
1771 915 1891 953 eum

301 999 480 1077 fgrtna
524 996 818 1051 formavit:
850 1010 913 1049 ac
952 1010 1048 1065 per
1090 993 1191 1050 hoc
1237 1009 1344 1048 non
1389 993 1548 1049 habet
1592 993 1678 1049 ubi
1720 992 1895 1062 capiat

301 1087 592 1159 imaginem
623 1085 749 1149 Dei,
780 1091 1031 1140 manente
1060 1085 1112 1138 in
1140 1098 1199 1140 se
1228 1084 1327 1139 ista
1358 1084 1599 1155 imagine
1616 1084 1889 1155 corporis;

303 1181 410 1235 nisi
436 1177 886 1249 quemadmodum
930 1191 1201 1243 nummus,
1234 1186 1290 1230 ut
1315 1175 1451 1242 dixi,
1483 1178 1637 1231 aliter
1661 1192 1723 1232 ex
1755 1174 1890 1231 infe-

306 1272 482 1333 riore,
512 1270 668 1323 aliter
696 1283 761 1323 ex
790 1276 938 1337 parte
974 1262 1249 1336 superiore
1282 1267 1558 1322 formetur.
1603 1266 1680 1319 Ad
1714 1267 1812 1320 ista
1841 1275 1892 1321 te

302 1358 535 1414 absurda
564 1355 779 1427 quando
820 1356 889 1412 dc
916 1356 1092 1410 anima
1122 1355 1322 1425 cogitas
1341 1397 1358 1423 ,
1388 1356 1615 1411 carnalis
1642 1356 1890 1428 cogitatio

303 1464 632 1520 corporum,
675 1449 807 1503 velis
851 1449 1089 1515 nolisve,
1120 1447 1414 1516 compellit.
1462 1447 1566 1503 Sed
1614 1447 1791 1512 Deus,
1836 1455 1894 1501 ut

302 1540 466 1596 etiam
516 1540 628 1608 ipse
672 1537 969 1595 rectissime
1015 1536 1318 1605 conﬁteris,
1363 1552 1470 1591 non
1518 1546 1602 1592 est
1646 1553 1886 1608 corpus:

300 1628 575 1700 quomodo
615 1630 775 1697 igitur
814 1626 990 1697 capiat
1029 1627 1144 1698 ejus
1184 1627 1466 1698 imaginem
1506 1628 1741 1699 corpus?
1778 1626 1888 1682 0b-

299 1728 577 1784 secrete,
619 1718 815 1783 frater,
847 1726 903 1772 ut
950 1733 1056 1772 non
1102 1717 1456 1774 confortneris
1500 1716 1625 1774 huic
1665 1719 1887 1783 smculo,

299 1809 401 1865 sed
443 1809 751 1864 reformeris
781 1810 833 1862 in
862 1808 1095 1863 novitate
1121 1809 1314 1863 mentis
1345 1818 1450 1863 tute
1481 1808 1654 1882 (Rom.
1683 1825 1776 1875 xu,
1804 1808 1885 1878 2),

300 1916 409 1957 nec
450 1901 626 1971 sapias
673 1900 965 1955 secundum
1014 1915 1266 1968 carnem,
1315 1902 1567 1971 quoniam
1616 1917 1760 1956 mors
1804 1912 1890 1957 est

300 1989 419 2061 (Id.
448 2007 571 2050 vm,
604 1990 683 2059 6).

374 2078 601 2134 CAPUT
638 2077 754 2133 XV.
786 2109 857 2119 —
891 2079 980 2134 21.
1016 2079 1119 2135 Sed
1156 2079 1350 2151 inquis,
1388 2099 1406 2134 ι
1443 2080 1497 2135 Si
1530 2082 1704 2136 anima
1739 2090 1886 2137 caret

306 2184 561 2239 corpore,
594 2169 720 2239 quid
749 2178 833 2224 est
866 2169 1003 2239 quod
1044 2172 1182 2241 apud
1229 2171 1427 2226 inferos
1465 2172 1614 2227 dives
1662 2173 1750 2228 ille
1792 2188 1885 2227 co«

298 2262 510 2332 gnoscit
530 2262 552 2313 ?
575 2255 755 2327 C'erte,
778 2279 797 2313 ι
820 2261 1014 2331 inquis,
1036 2280 1055 2314 ι
1077 2274 1297 2318 noverat
1313 2263 1421 2334 jam
1443 2264 1725 2331 Lazarum,
1753 2266 1884 2321 non‘

299 2360 527 2407 noverat
551 2350 818 2406 Abraham
850 2351 999 2423 (Luc.
1030 2368 1140 2419 xvt,
1173 2353 1364 2424 l9—5t)
1397 2371 1411 2407 :
1440 2353 1579 2409 unde
1622 2354 1696 2408 illi
1743 2364 1888 2410 tanto

300 2450 429 2497 ante
451 2452 692 2513 tempore
714 2441 949 2498 defuncti
973 2444 1200 2498 Abrahze
1225 2445 1473 2516 provenit
1498 2444 1734 2515 agnitio?
1766 2445 1889 2500 llaec

300 2532 525 2600 dicens,
568 2533 613 2587 si
652 2532 974 2603 agnitionem
1006 2532 1236 2589 hominis
1282 2535 1569 2605 provenire
1597 2551 1702 2590 non
1733 2543 1889 2606 putas

299 2624 419 2678 sine
437 2623 680 2693 corporis
703 2622 911 2690 forma;
936 2633 995 2679 ut
1022 2624 1234 2680 noveris
1262 2637 1312 2681 te
1338 2626 1533 2697 ipsum,
1561 2626 1721 2683 credo
1747 2628 1886 2699 quod

298 2717 518 2772 assidue
544 2715 818 2786 speculum
843 2716 1095 2783 attendis,
1127 2732 1197 2772 ne
1223 2717 1269 2774 si
1296 2716 1461 2773 fueris
1480 2718 1675 2773 oblitus
1698 2717 1885 2774 faciem

300 2817 474 2875 tuam,
504 2823 611 2863 non
638 2816 691 2864 te
717 2808 893 2878 possis
919 2821 1227 2878 agnoscere.
1253 2807 1403 2879 Rogo
1434 2818 1505 2875 te,
1533 2824 1691 2879 quem
1722 2809 1889 2880 magis

297 2896 583 2953 hominum
612 2898 755 2952 novit
784 2897 946 2952 homo
973 2912 1133 2968 quam
1158 2912 1218 2954 se
1246 2899 1441 2968 ipsum,
1465 2908 1519 2954 et
1539 2897 1692 2969 cujus
1712 2899 1888 2954 minus

296 2995 481 3058 potest
506 2987 695 3044 faciem
721 2987 904 3043 videre
945 3004 1103 3059 quam
1134 2990 1324 3045 suam?
1350 2990 1479 3058 Quis
1508 2999 1682 3045 autem
1714 2997 1889 3060 potest

298 3091 631 3149 cognoscere
680 3078 846 3134 Deum
872 3120 888 3145 ,
939 3094 1094 3150 quem
1145 3089 1200 3134 tu
1241 3095 1453 3151 quoque
1513 3081 1886 3150 incorporeum

298 3180 426 3222 esse
460 3182 570 3222 non
597 3167 845 3233 dubitas;
873 3169 916 3224 si
949 3178 1146 3237 prmter
1182 3171 1424 3239 corporis
1453 3169 1699 3237 formam,
1748 3172 1889 3227 sicut

298 3265 496 3329 pum,
523 3274 629 3313 non
671 3268 845 3329 potest
870 3261 1103 3330 cognitio
1132 3262 1432 3331 pmvcttire,
1474 3261 1525 3317 id
1556 3271 1657 3329 est,
1690 3265 1734 3317 si
1764 3278 1886 3318 cor-

307 3363 441 3420 pora
467 3360 693 3421 possunt
737 3350 849 3406 sola
878 3353 1168 3422 cognosci?
1192 3354 1322 3421 Quis
1362 3364 1536 3409 autem
1565 3354 1887 3410 christianus

302 3437 371 3493 de
395 3449 506 3494 tam
535 3442 741 3511 magnis
770 3441 851 3495 dif
853 3442 1207 3514 licillimisque
1250 3446 1410 3499 rebus
1438 3446 1734 3516 disputans,
1766 3449 1884 3502 ani-

304 3543 453 3584 mum
505 3531 559 3585 in
601 3531 760 3587 verba
788 3532 968 3587 divina
1015 3542 1121 3587 tam
1167 3535 1498 3606 negligenter
1541 3538 1798 3605 intendat,
1828 3547 1888 3593 ut

303 3618 471 3685 dtcat,
518 3641 538 3674 ι
574 3622 630 3677 Si
662 3623 973 3693 incorporea
1014 3635 1093 3679 cst
1121 3627 1319 3692 anima,
1353 3642 1572 3683 necesse
1600 3637 1682 3683 est
1710 3638 1888 3685 careat

304 3712 474 3769 forma
491 3715 544 3768 ιι
577 3715 780 3771 Oblitus
809 3731 887 3780 es,
911 3726 963 3771 te
984 3714 1207 3771 formam
1226 3717 1415 3787 legisse
1431 3718 1685 3773 doctrina:
1711 3719 1885 3788 (Rom.

303 3820 379 3871 rt,
411 3805 546 3877 I7)?
572 3806 712 3875 Ergo
744 3821 999 3877 corporea
1030 3815 1111 3861 est
1141 3807 1308 3861 forma
1350 3808 1627 3863 doctrinm.
1680 3809 1887 3864 Oblitus

302 3911 367 3954 es
407 3899 662 3969 scriptum
688 3913 807 3955 esse
833 3899 899 3955 de
925 3898 1144 3953 Christo
1191 3900 1337 3964 Jesu,
1383 3911 1666 3970 antequam
1710 3901 1888 3956 homi-

296 4003 429 4043 nem
448 3988 633 4043 fuisset
652 3988 885 4054 indutus,
904 3990 1046 4058 quod
1066 3990 1116 4043 in
1133 3989 1300 4044 forma
1321 3990 1411 4043 Dei
1426 3999 1543 4043 erat
1556 3989 1810 4060 (Philipp.
1828 4005 1884 4055 ll,

305 4078 398 4149 6)?
424 4079 703 4146 Quomodo
732 4096 858 4151 ergo
883 4080 1013 4135 dicis
1032 4122 1048 4147 ,
1087 4099 1107 4131 ι
1152 4081 1206 4135 Si
1245 4081 1553 4149 incorporea
1581 4089 1663 4135 est
1689 4082 1885 4147 anima,

305 4183 527 4224 necesse
551 4178 633 4223 est
662 4179 838 4225 careat
864 4170 1058 4235 forma;
1100 4188 1119 4221 ι
1145 4185 1265 4225 ειιιιι
1295 4170 1480 4223 audias
1517 4170 1738 4223 formam
1772 4171 1885 4238 Dei,

304 4274 462 4329 quem
510 4276 615 4313 non
648 4274 766 4314 esse
796 4276 1109 4330 corporeum
1136 4261 1436 4324 conliteris;
1467 4268 1519 4313 et
1559 4261 1626 4312 ita
1656 4260 1887 4328 loqueris

306 4359 558 4419 tanquam
601 4350 767 4404 forma
800 4350 899 4405 nisi
939 4351 990 4404 in
1021 4351 1331 4420 corporibus
1360 4364 1479 4405 esse
1510 4365 1613 4403 non
1642 4350 1844 4419 possit?

373 4442 465 4496 22.
509 4442 653 4497 Dicis
700 4444 882 4507 etiam,
918 4461 937 4494 ι
981 4444 1206 4498 Cessare
1245 4443 1354 4497 illic
1397 4444 1632 4508 nomina,
1667 4442 1752 4495 ubi
1780 4457 1886 4498 non

304 4533 645 4601 distinguitur
666 4535 833 4586 forma
859 4552 876 4598 ;
902 4543 956 4588 et
981 4534 1110 4587 nihil
1151 4534 1256 4589 illic
1285 4548 1445 4603 agere
1473 4532 1884 4603 appellationem

305 4622 617 4687 nominum,
661 4623 748 4676 ubi
793 4624 936 4677 nulla
981 4634 1064 4678 est
1107 4623 1403 4692 designatio
1451 4639 1819 4693 personarum.
1862 4642 1881 4676 ι

304 4713 440 4768 Hinc
485 4714 670 4768 volens
693 4715 924 4784 probare
965 4714 1190 4769 Abrahae
1224 4715 1456 4768 animam
1501 4713 1665 4769 fuisse
1693 4730 1886 4784 corpo-

302 4818 470 4867 ream,
500 4804 624 4873 quia
656 4804 757 4858 dici
779 4805 972 4875 potuit,
1010 4804 1164 4860 Pater
1189 4806 1464 4859 Abraham.
1486 4806 1602 4861 Jam
1633 4806 1884 4872 diximus,

300 4896 463 4950 ctiam
492 4896 579 4949 ulti
620 4911 816 4967 corpus
844 4898 1046 4952 nullum
1075 4907 1176 4961 est,
1205 4913 1325 4953 esse
1357 4899 1601 4952 formam.
1632 4898 1685 4954 Si
1710 4908 1887 4953 autem

302 4984 710 5053 appellationem
752 4990 1026 5042 nominum
1050 4988 1181 5042 nihil
1225 4997 1378 5059 putas
1418 5004 1607 5059 agere,
1652 4989 1739 5043 ubi
1783 5005 1886 5044 non

300 5083 425 5128 sunt
475 5089 737 5144 corpora;
792 5093 1014 5132 numera
1069 5079 1166 5133 ista
1224 5080 1477 5142 nomina,
1536 5095 1718 5149 quaeso
1787 5089 1886 5135 te:

306 5165 531 5221 Fructus
583 5177 752 5221 autem
788 5169 994 5239 spiritus
1046 5180 1117 5223 est
1162 5170 1416 5234 charitas,
1458 5170 1721 5240 gaudium,
1766 5186 1885 5239 pax,

301 5260 694 5329 longanimitas,
733 5260 1042 5331 benignitas,
1083 5260 1307 5324 bonitas,
1339 5261 1483 5327 ﬁdes,
1526 5260 1877 5328 mansuetudo,

300 5351 608 5404 continentia
633 5350 827 5422 (Gatat.
858 5366 909 5416 v,
940 5351 1030 5413 22,
1061 5350 1164 5422 25)
1192 5365 1206 5405 :
1241 5360 1293 5405 ct
1327 5350 1411 5404 die
1443 5350 1570 5403 mihi
1597 5359 1773 5404 utrum
1804 5363 1890 5406 res

301 5444 444 5510 ipsas
468 5460 576 5499 non
617 5459 897 5515 agnoscas,
942 5459 1165 5515 quarum
1212 5444 1311 5499 ista
1355 5452 1478 5497 sunt
1519 5443 1774 5511 nomina,
1802 5443 1889 5498 vel

300 5539 379 5592 sic
450 5552 747 5606 agnoscas,
823 5546 884 5592 ut
960 5534 1136 5607 aliqua
1205 5536 1525 5591 lineamenta
1600 5550 1886 5606 corporum

304 5627 503 5682 videas.
540 5629 697 5694 Ecce,
721 5639 777 5682 ut
805 5627 905 5682 alia
936 5637 1158 5691 taceam,
1191 5627 1277 5681 die
1306 5627 1435 5681 mihi
1464 5642 1621 5695 quam
1648 5628 1886 5696 ﬁgurant,

368 5740 383 5772 ¹
422 5738 654 5791 t‘articula
670 5754 858 5806 negans
879 5741 1021 5792 abest
1042 5754 1068 5790 a
1092 5739 1374 5805 quibusdam
1390 5745 1496 5787 Mss.

1651 294 1850 388 stata
1888 324 2229 398 ausurus.

3471 335 3578 393 5551

2006 460 2123 514 quae
2153 444 2421 509 membra,
2468 459 2624 515 quem
2668 445 2901 501 colorem
2943 445 3388 504 charitashabcat
3420 465 3435 514 ;
3463 466 3583 522 qua

2002 545 2169 599 certe,
2208 535 2254 590 si
2299 536 2412 606 ipse
2442 536 2614 589 inanis
2640 550 2745 590 non
2774 551 2853 603 es,
2886 537 3043 592 inane
3068 538 3265 609 aliquid
3297 540 3387 594 tibi
3418 542 3580 595 videri

2003 641 2108 680 non
2135 636 2328 697 potest.
2378 644 2397 678 ι
2434 624 2598 697 Cujus
2641 628 2891 681 auxilium
2924 628 3259 699 imploratum
3286 640 3387 695 est,
3430 650 3448 684 ι
3495 631 3579 685 in-

2001 718 2140 788 quis,
2176 734 2194 769 ι
2233 733 2522 787 corporeus
2562 718 2742 788 utique
2772 719 2914 774 visus
2951 730 3034 775 est
3058 731 3214 791 atque
3240 721 3514 778 formatus.
3552 742 3572 775 ι

2001 809 2232 863 Audiant
2259 818 2308 864 te
2340 810 2603 875 homines,
2636 820 2688 865 ct
2721 812 2809 865 Dei
2838 827 2996 867 nemo
3022 814 3272 882 implbret
3299 816 3575 880 auxilium,

1999 898 2119 969 quia
2147 915 2303 953 nemo
2329 916 2450 955 eum
2479 908 2650 969 potest
2678 900 2857 955 videre
2885 917 3222 971 corporeum.

2070 989 2295 1044 CAPUT
2328 989 2467 1044 XVI.
2493 1021 2566 1030 —
2593 990 2683 1045 25.
2715 1009 2735 1043 ι
2769 992 3024 1062 Denique,
3066 1012 3082 1045 ι
3123 995 3315 1064 inquis,
3350 1014 3369 1047 ι
3409 1011 3577 1051 mem-

1999 1079 2094 1134 bra
2118 1080 2225 1136 illic
2249 1082 2438 1134 animm
2462 1081 2853 1147 describuntur,
2884 1092 2939 1137 ut
2960 1099 3082 1137 vere
3110 1085 3179 1139 sit
3205 1100 3396 1152 corpus
3421 1104 3434 1141 :
3466 1106 3483 1139 ι
3525 1098 3578 1142 ει

2000 1169 2100 1233 vis,
2135 1187 2155 1222 ι
2190 1186 2282 1240 per
2309 1171 2520 1225 oculum
2550 1179 2715 1226 totum
2747 1181 2902 1241 caput
2931 1174 3168 1244 intelligi,
3207 1193 3225 1227 ι
3254 1176 3371 1243 quia
3402 1176 3575 1230 dictus

2000 1269 2082 1315 est
2106 1261 2313 1315 levasse
2341 1262 2524 1316 oculos
2573 1276 2733 1327 suos;
2784 1281 2803 1313 t
2838 1278 2931 1333 per
2971 1263 3201 1334 linguam
3249 1264 3446 1331 fauces,
3484 1283 3579 1337 per

1998 1350 2218 1420 digitum
2260 1368 2499 1419 manum,
2538 1371 2557 1404 ι
2599 1352 2720 1423 quia
2752 1352 2954 1408 dictum
2990 1364 3088 1418 est,
3129 1353 3273 1407 Mitte
3302 1354 3574 1416 Lazarum.

1999 1442 2328 1512 utiutiuguat
2354 1452 2627 1495 extremum
2653 1444 2795 1513 digiti
2815 1445 2896 1497 sui
2920 1446 2971 1496 in
3007 1461 3210 1513 aquam,
3247 1454 3293 1499 et
3319 1447 3579 1517 refrigeret

1998 1534 2220 1603 linguam
2248 1551 2426 1588 meam.
2453 1534 2651 1589 Tamen
2684 1552 2750 1589 ne
2773 1551 2867 1604 per
2894 1538 3253 1591 membrorum
3276 1540 3489 1592 nomina
3509 1540 3580 1595 de

2001 1625 2108 1678 Deo
2130 1624 2221 1677 tibi
2261 1640 2518 1693 corporeo
2550 1626 2954 1695 prmseribatur,
2981 1627 3113 1681 dicis
3148 1645 3165 1678 ι
3202 1642 3294 1696 per
3335 1629 3447 1683 haec
3492 1629 3578 1682 in-

1997 1726 2279 1783 corporeas
2330 1714 2701 1784 intelligendas
2744 1731 2863 1770 esse
2908 1719 3170 1772 virtutes:
3208 1735 3227 1768 ι
3264 1718 3383 1788 quia
3409 1719 3572 1774 Deum

1997 1806 2289 1860 rectissime
2311 1805 2549 1861 defendis
2576 1822 2679 1861 non
2710 1821 2829 1861 esse
2864 1822 3204 1876 corporeum.
3236 1808 3370 1874 Quid
3414 1811 3573 1880 igitur

1996 1910 2171 1950 causa?
2197 1905 2299 1963 est,
2331 1912 2426 1951 cur
2468 1898 2684 1951 nomina
2716 1898 2811 1951 ista
2843 1898 3206 1953 membrorum
3248 1899 3300 1953 in
3333 1900 3439 1956 Deo
3484 1902 3577 1955 tibi

1995 2002 2188 2056 corpus
2220 2004 2322 2042 non
2354 1987 2569 2051 faciant,
2604 1989 2654 2042 in
2681 1990 2855 2042 anima
2884 1988 3117 2044 faciant?
3142 1992 3223 2045 An
3254 2006 3382 2046 vero
3408 2007 3575 2061 quan-

1994 2079 2065 2131 do
2108 2077 2173 2133 tle
2216 2090 2457 2131 creatura
2518 2078 2633 2132 haec
2677 2079 2965 2141 dicuntur,
3015 2080 3229 2149 preprie
3268 2082 3573 2150 accipienda

1994 2179 2150 2235 sunt;
2204 2170 2418 2239 quando
2468 2179 2644 2224 autem
2696 2170 2762 2224 de
2817 2168 3089 2234 Creatore,
3148 2171 3352 2239 tropice
3407 2181 3568 2241 atque

1997 2262 2292 2317 translate?
2335 2262 2545 2317 Pennas
2575 2261 2753 2331 itaque
2800 2275 3086 2330 corporeas
3128 2261 3349 2315 daturus
3375 2276 3434 2316 es
3476 2277 3575 2317 no-

1995 2356 2095 2421 bis,
2119 2354 2368 2425 quouiam
2396 2368 2500 2407 non
2527 2351 2768 2419 Creator,
2788 2352 2880 2407 sed
2908 2360 3170 2416 creatura,
3201 2351 3252 2405 id
3274 2361 3376 2415 est,
3409 2352 3570 2406 homo

1993 2445 2141 2511 dicit,
2168 2443 2229 2499 Si
2257 2458 2576 2513 assumpsere
2602 2458 2794 2514 pennas
2823 2458 2959 2497 meas
2983 2443 3113 2496 sicut
3142 2443 3372 2496 columba
3394 2441 3569 2515 (Psat.

1994 2550 2251 2601 cxxxvttt,
2284 2533 2359 2605 9).
2389 2534 2556 2589 Porro
2582 2541 2782 2599 autem,
2814 2533 2857 2588 si
2885 2540 3166 2603 propterea
3214 2533 3441 2603 linguam
3477 2534 3574 2587 ha.

1993 2628 2155 2683 bebat
2176 2626 2325 2680 dives
2365 2626 2454 2680 ille
2490 2639 2801 2695 corpoream
2839 2624 3087 2694 quoniam
3115 2625 3263 2689 dixit,
3300 2626 3582 2697 Refrigerat

1995 2725 2219 2793 linguam
2244 2736 2407 2774 meam
2436 2736 2455 2773 :
2487 2721 2539 2773 in
2584 2719 2740 2773 nobis
2788 2733 2999 2786 quoque
3018 2718 3189 2772 adhuc
3217 2717 3268 2771 in
3296 2734 3456 2773 carne
3499 2720 3577 2771 vi-

1994 2814 2261 2879 ventibus,
2303 2826 2494 2866 manus
2537 2810 2700 2864 habet
2743 2809 2854 2879 ipsa
2902 2810 3075 2878 lingua
3102 2823 3403 2879 corporeas,
3452 2811 3572 2879 quia

1992 2905 2247 2975 scriptum
2276 2910 2380 2969 est,
2414 2901 2557 2955 Mors
2598 2909 2646 2956 et
2682 2901 2782 2953 vita
2806 2900 2859 2953 in
2890 2900 3119 2952 manibus
3166 2899 3353 2968 lingua:
3390 2897 3570 2971 (Prov.

1992 3012 2139 3060 xvut,
2167 2994 2280 3065 21).
2312 2993 2448 3048 Ριιιο
2475 2992 2634 3047 etiam
2663 3005 2766 3044 non
2799 2989 2890 3044 tibi
2924 2989 3112 3054 videri,
3141 2989 3221 3043 vel
3268 3004 3390 3045 esse
3420 3003 3573 3045 crea-

1994 3087 2227 3153 turam‘,
2268 3084 2355 3141 vel
2396 3098 2591 3152 corpus
2617 3095 2739 3138 esse
2774 3090 3047 3152 peccatum
3075 3098 3087 3133 :
3111 3095 3207 3135 cur
3245 3096 3375 3151 ergo
3413 3082 3576 3137 habet

1992 3175 2222 3231 faciem?
2249 3175 2331 3229 An
2360 3189 2467 3228 non
2488 3171 2641 3227 audis
2681 3173 2735 3225 in
2768 3172 2999 3235 Psalmo,
3026 3170 3146 3224 Non
3171 3179 3242 3225 est
3270 3187 3371 3240 pax
3385 3172 3579 3226 ossibus

1993 3269 2136 3334 meis,
2165 3284 2196 3320 a
2221 3266 2351 3338 facie
2375 3274 2692 3336 peccatorum
2718 3279 2937 3317 meorum
2961 3262 3132 3333 (Psal.
3163 3277 3365 3330 xxxvn,
3394 3263 3449 3332 4)
3468 3265 3494 3315 1'

2061 3358 2151 3412 2t.
2184 3355 2334 3423 Quod
2380 3369 2507 3409 vero
2537 3372 2555 3405 ι
2591 3353 2738 3408 illum
2773 3352 2999 3406 Abrahae
3027 3350 3202 3406 sinum
3234 3369 3253 3403 ι
3304 3351 3577 3406 existimas

1999 3467 2018 3500 ι
2048 3463 2165 3504 εεεε
2186 3462 2523 3516 corporeum,
2557 3453 2612 3501 et
2641 3458 2735 3514 per
2756 3445 2927 3512 ipsum
2958 3462 2978 3496 ι
3000 3444 3195 3498 asscris
3219 3461 3236 3494 t
3264 3453 3428 3497 totum
3458 3459 3579 3500 eor-

1993 3555 2092 3609 pus
2120 3542 2234 3607 ejus
2264 3537 2514 3606 agnosci,
2560 3552 2580 3585 ›
2616 3549 2805 3589 vereor
2829 3549 2897 3589 ne
2935 3535 2985 3587 in
3016 3550 3075 3589 re
3105 3543 3245 3589 tanta
3270 3535 3579 3605 joculariter

1991 3638 2151 3698 atque
2197 3625 2497 3689 irridenter,
2528 3639 2634 3678 non
2661 3624 2802 3678 serio
2829 3624 3166 3693 graviterque
3203 3640 3361 3694 agere
3388 3626 3577 3680 creda-

1992 3719 2085 3774 ris.
2109 3718 2289 3787 Neque
2310 3716 2453 3771 enim
2481 3729 2649 3784 usque
2674 3713 2807 3768 adeo
2836 3712 3130 3781 desiperes,
3163 3723 3217 3767 ιιι
3239 3714 3577 3770 arbitrareris

1993 3824 2311 3880 corporeum
2359 3808 2516 3862 unius
2564 3805 2797 3862 hominis
2842 3806 3015 3859 sinum
3066 3805 3206 3860 ferre
3244 3813 3318 3858 tot
3350 3806 3574 3870 animas,

1994 3901 2118 3964 imo,
2151 3908 2206 3954 ut
2229 3897 2518 3953 secundum
2548 3905 2600 3951 te
2628 3897 2833 3965 loquar,
2873 3913 2899 3945 ι
2926 3893 3065 3948 ferre
3092 3903 3167 3947 tot
3194 3908 3416 3963 corpora
3443 3894 3577 3949 bene

1994 3993 2328 4055 meritorum,
2359 3997 2489 4059 quot
2517 3987 2640 4042 illuc
2685 3987 2873 4056 Angeli
2916 3987 3051 4039 sicut
3094 3986 3352 4039 Lazarum
3400 3986 3575 4053 perfe-

1994 4090 2137 4135 runt.
2176 4100 2193 4132 ι
2226 4080 2335 4134 Nisi
2366 4078 2604 4148 opinaris
2631 4077 2855 4131 fortasSe
2882 4075 3024 4129 illum
3057 4076 3461 4129 unamanimam
3490 4089 3579 4130 so-

1994 4173 2121 4236 lam,
2152 4171 2217 4225 ad
2245 4170 2489 4225 eumdem
2529 4169 2700 4222 sinum
2740 4168 3017 4236 pervenire
3049 4168 3329 4223 meruisse.
3373 4168 3428 4223 Si
3468 4183 3575 4223 non

1991 4265 2209 4335 jocaris,
2258 4272 2313 4319 et
2337 4276 2520 4318 errare
2552 4262 2825 4331 pueriliter
2871 4276 2973 4313 non
3003 4261 3114 4327 vis,
3146 4261 3318 4314 sinum
3349 4259 3577 4314 Abraha:

1994 4358 2249 4427 intellige,
2283 4364 2540 4409 remotam
2571 4352 2750 4407 sedem
2780 4352 2971 4421 quietis
2993 4361 3151 4421 atque
3182 4361 3465 4415 secretam,
3491 4351 3580 4406 ubi

1994 4456 2078 4503 est
2101 4446 2387 4502 Abraham.
2417 4444 2487 4499 Et
2525 4445 2644 4501 ideo
2674 4445 2901 4499 Abrahze
2924 4444 3122 4498 dictum
3153 4443 3297 4516 (Luc.
3338 4460 3448 4510 xvt,
3480 4443 3579 4499 I9-

1994 4538 2120 4609 51),
2182 4553 2289 4591 non
2333 4535 2474 4606 quod
2524 4535 2688 4605 ipsius
2735 4544 2934 4587 tantum
2980 4536 3082 4593 sit.
3144 4534 3237 4589 sed
3284 4535 3423 4605 quod
3466 4534 3581 4603 ipse

1996 4639 2145 4699 pater
2183 4628 2465 4682 multarum
2496 4628 2731 4697 gentium
2762 4627 2829 4679 sit
2858 4628 3057 4695 positus
3081 4625 3229 4697 (Gen.
3259 4642 3386 4691 χιιι,
3416 4626 3469 4688 4,
3495 4626 3576 4696 5),

1993 4719 2182 4789 quibus
2202 4718 2370 4773 estad
2400 4717 2711 4771 imitandum
2742 4716 2861 4770 fidei
2889 4718 3206 4786 principatu”
3232 4716 3531 4784 propositus
3561 4734 3576 4769 :

1995 4808 2131 4862 sicut
2159 4808 2323 4862 Deum
2351 4806 2639 4871 Abraham,
2672 4817 2723 4859 ct
2754 4807 2916 4858 Deum
2942 4804 3105 4867 Isaae,
3136 4814 3186 4857 et
3206 4804 3370 4857 Deum
3391 4802 3576 4866 Jacoh,

1994 4911 2053 4952 se
2082 4898 2219 4950 Deus
2248 4898 2424 4949 vocari
2460 4897 2623 4950 voluit
2650 4894 2838 4967 (Exod.
2866 4911 2939 4953 Ill.
2965 4893 3043 4964 6),
3084 4909 3201 4947 ειιιιι
3243 4892 3310 4945 sit
3336 4894 3580 4947 innume-

1995 4990 2238 5043 rabilium
2270 4988 2427 5041 Deus.

2066 5080 2290 5134 CAPUT
2331 5078 2491 5133 XVII.
2518 5109 2587 5118 —
2617 5078 2710 5132 25.
2744 5077 2925 5146 Neque
2957 5093 3041 5130 me
3067 5076 3179 5129 lucc
3211 5075 3278 5127 ita
3316 5074 3580 5128 disserere

1995 5173 2295 5236 existimes,
2321 5182 2568 5242 tanquam
2602 5185 2788 5239 negem
2828 5170 2940 5222 ﬁeri
2970 5182 3127 5236 posse
3153 5178 3209 5220 ut
3233 5168 3407 5219 anima
3437 5181 3582 5219 mor-

1998 5263 2071 5317 tui
2097 5263 2232 5317 sicut
2256 5260 2592 5321 durmientis,
2620 5259 2671 5311 in
2701 5257 3050 5311 similitudine
3078 5257 3319 5325 corporis
3340 5256 3421 5309 sui
3452 5270 3579 5310 scn-

1998 5356 2111 5421 tiat,
2144 5369 2237 5409 seu
2267 5354 2424 5414 bona,
2454 5367 2545 5406 seu
2578 5351 2736 5403 mala.
2768 5348 2897 5403 Nam
2942 5358 2997 5403 et
3021 5348 3073 5401 in
3122 5348 3325 5402 somnis
3366 5346 3580 5416 quando

1996 5449 2171 5517 aliqua
2201 5446 2331 5501 dura
2371 5454 2425 5498 et
2469 5442 2687 5496 molesta
2732 5441 3081 5511 perpetimur,
3133 5452 3232 5492 nos
3272 5439 3453 5508 utique
3491 5453 3581 5492 su-

1996 5555 2151 5605 mus;
2193 5547 2248 5593 et
2304 5536 2406 5591 nisi
2449 5534 2817 5605 evigilantihus
2874 5531 3027 5587 nobis
3085 5531 3173 5585 illa
3220 5541 3578 5601 prmtcreant,

2065 5678 2077 5706 ⁸
2114 5682 2290 5737 omnes
2312 5672 2459 5737 nostri
2480 5679 2612 5730 Mss,
2638 5673 2685 5722 in
2710 5678 2947 5737 Crantore.
3269 5730 3277 5737 .

2063 5738 2082 5766 ¹
2116 5736 2250 5795 Fditi,
2275 5734 2607 5796 principatum.
2634 5735 2930 5795 castigantur
2957 5746 3017 5780 ex
3046 5734 3392 5791 ιιι-ιιιιιιςσιιμιε.
