4034 6182
441 314 540 374 55$

441 439 626 498 ρωιιιις
665 419 1003 495 gratissimas
1030 416 1330 488 pendimus.
1363 411 1472 470 Sed
1503 422 1730 482 corpora
1759 425 1880 472 esse
1905 424 2024 468 cre-

439 517 588 582 dere,
632 513 821 585 quibus
861 509 959 564 hac
991 516 1147 579 atque
1177 505 1294 560 illac
1325 503 1473 574 quasi
1504 501 1725 557 ferimur
1750 509 1805 556 et
1835 500 2026 555 volita-

443 622 562 663 tnus
589 606 638 659 in
669 603 891 669 somnis,
931 597 1180 662 hominis,
1207 605 1286 652 est
1325 595 1414 666 qui
1445 609 1630 664 parum
1657 593 1934 664 vigilanter
1960 590 2027 648 de

397 672 401 676 ⁷
446 697 602 752 rebus
632 693 824 748 talibus
851 690 1132 760 cogitavit;
1155 688 1226 742 de
1252 687 1336 742 bis
1357 686 1551 757 quippe
1571 685 1807 740 visorum
1836 684 2024 755 imagi-

442 789 618 850 nibus,
646 784 876 840 maxime
915 782 1091 837 anima
1133 781 1387 850 probatur
1427 793 1534 832 non
1563 791 1684 832 esse
1711 790 1970 847 corporea
2005 793 2020 832 :

441 881 541 934 nisi
568 878 698 932 velis
726 885 782 931 et
805 876 894 930 illa
923 889 1147 944 corpora
1171 871 1370 936 dicere,
1396 885 1515 941 quae
1554 879 1746 940 praeter
1765 884 1862 926 nos
1884 869 2027 939 ipsos

443 981 548 1026 tam
572 970 735 1024 multa
764 967 1004 1023 videmus
1033 967 1085 1021 in
1110 964 1334 1029 somnis,
1362 963 1582 1028 caelum,
1614 973 1831 1036 terram,
1857 975 2023 1027 mare,

439 1064 630 1127 solem,
666 1063 868 1128 lunam,
909 1059 1108 1124 stellas,
1136 1057 1346 1122 ﬂuvios,
1380 1064 1610 1121 montes,
1642 1055 1882 1121 arbores,
1913 1053 2028 1108 ani-

441 1154 620 1209 malia.
650 1153 772 1207 Ilaec
797 1152 883 1221 qui
905 1164 1130 1219 corpora
1163 1163 1282 1204 esse
1307 1147 1498 1211 credit,
1527 1146 1907 1202 incredibiliter
1926 1143 2026 1200 de-

440 1245 594 1314 sipit:
613 1251 737 1298 sunt
759 1251 934 1296 tamen
951 1239 1268 1309 corporibus
1285 1238 1504 1292 omnino
1519 1237 1808 1290 simillima.
1822 1235 1902 1291 Ex
1924 1235 2027 1291 hoc

441 1349 638 1402 genere
664 1343 786 1387 sunt
807 1331 988 1393 etiam,
1003 1345 1125 1400 qum
1141 1329 1261 1382 alia‘
1284 1327 1629 1397 signiﬁcantia
1646 1325 1897 1380 divinitus
1915 1324 2014 1380 de-

453 1431 838 1488 monstrantur,
870 1421 981 1476 sive
1003 1419 1292 1486 insomnis,
1315 1419 1428 1472 sive
1458 1419 1509 1472 in
1531 1417 1861 1487 ectasizquaa
1887 1415 2026 1470 unde

445 1516 592 1581 (iant,
625 1517 676 1570 id
704 1524 804 1582 est,
831 1529 1074 1583 quatnam
1110 1513 1179 1567 sit
1217 1513 1356 1567 velut
1383 1513 1631 1566 materies
1665 1525 1870 1573 eorum,
1907 1508 2026 1579 quis

443 1609 694 1678 indagare
716 1614 888 1676 potest
913 1616 1002 1660 aut
1031 1603 1246 1660 dicere?
1277 1604 1466 1659 Procul
1494 1603 1654 1657 dubio
1681 1611 1854 1656 tamen
1878 1600 2029 1670 spiri-

445 1699 603 1754 tualis
623 1706 726 1762 est,
753 1711 856 1752 non
883 1693 1196 1764 corporalis.
1227 1693 1465 1763 Namque
1481 1692 1784 1764 hujusmodi
1818 1691 2026 1760 species

445 1790 594 1844 velut
617 1803 926 1858 corporum,
965 1802 1070 1840 non
1109 1795 1286 1839 tamen
1327 1799 1576 1854 corpora,
1623 1792 1678 1838 et
1705 1781 2026 1852 vigilantium

445 1880 763 1952 cogitatione
789 1879 1108 1951 formantur,
1131 1885 1185 1931 et
1211 1875 1565 1946 profunditate
1596 1874 1868 1930 memoria:
1897 1888 2028 1928 con-

445 1972 700 2034 tinentur;
733 1976 788 2023 et
815 1983 880 2023 ex
921 1968 1038 2035 ejus
1075 1966 1420 2020 abditissimis
1440 1964 1665 2032 sinibus,
1699 1964 1879 2020 nescio
1923 1978 2029 2034 quo

445 2059 674 2112 mirabili
716 2067 766 2111 et
815 2055 1070 2112 ineﬂabili
1113 2055 1295 2122 modo,
1349 2071 1470 2110 cum
1510 2054 1854 2110 recordamur
1899 2069 2028 2123 pro-

445 2147 632 2211 deunt,
668 2156 720 2200 et
748 2146 898 2216 quasi
935 2157 1059 2199 ante
1079 2145 1262 2225 oculos
1289 2144 1493 2214 prolata
1537 2152 1842 2199 versantur.
1889 2143 2023 2198 Tam

445 2239 639 2294 multas
669 2237 826 2308 igitur
862 2244 916 2292 et
947 2243 1054 2290 tam
1091 2249 1310 2304 magnas
1342 2249 1626 2304 corporum
1664 2234 1920 2304 imagines
1941 2273 1954 2297 ,
1979 2233 2025 2288 si

455 2328 630 2384 anima
681 2341 876 2395 corpus
908 2333 1068 2387 esset,
1113 2339 1306 2394 capere
1349 2323 1632 2392 cogitando
1659 2323 1741 2378 vel
1772 2323 2029 2377 memoria

457 2410 783 2470 continendo
803 2417 822 2448 ⁸
849 2431 956 2470 non
984 2423 1180 2484 posset.
1213 2413 1514 2468 Secundum
1543 2422 1686 2467 tuam
1713 2413 1910 2482 quippe
1935 2413 2030 2468 de:-

454 2507 773 2573 Iiuitionem,
833 2525 854 2557 ι
905 2519 1164 2575 corporea
1210 2504 1504 2559 substantia
1561 2519 1654 2559 sua
1695 2518 1893 2574 corpus
1932 2505 2032 2560 hoc

445 2597 683 2652 exterius
712 2612 819 2650 non
841 2595 1072 2650 excedit.
1111 2612 1130 2646 ι
1161 2592 1274 2660 Qua
1315 2593 1476 2664 igitur
1502 2592 1886 2664 magnitudine,
1914 2609 2033 2664 qua:

447 2687 591 2742 nulla
621 2688 693 2741 illi
733 2696 835 2751 est,
879 2685 1136 2755 imagines
1165 2692 1272 2740 tam
1313 2699 1626 2755 magnorum
1667 2697 1950 2753 corporum
1979 2691 2035 2740 et

445 2780 736 2849 spatiorum
751 2789 907 2849 atque
920 2779 1196 2848 regionum
1213 2777 1378 2846 Capit?
1389 2776 1525 2846 Quid
1540 2791 1668 2846 ergo
1689 2775 1904 2842 mirum,
1921 2777 1966 2832 si
1980 2785 2036 2834 et

448 2872 560 2940 ipsa
581 2871 680 2926 sibi
698 2871 749 2925 in
775 2871 854 2924 sui
881 2870 1119 2940 corporis
1135 2867 1479 2924 similitudine
1496 2875 1738 2938 apparet,
1751 2875 1806 2923 et
1820 2869 2035 2938 quando

448 2963 561 3014 sine
577 2975 802 3028 corpore
823 2971 1038 3030 apparet
1053 2959 1078 3012 ?
1093 2959 1271 3027 Neque
1287 2960 1428 3013 enim
1446 2972 1564 3012 cum
1583 2973 1680 3012 suo
1694 2972 1922 3028 corpore
1934 2957 2034 3014 sibi

449 3058 670 3119 apparet
707 3049 760 3102 in
805 3049 1036 3112 somnis,
1065 3058 1118 3102 et
1149 3057 1324 3102 tamen
1353 3047 1406 3101 in
1435 3062 1497 3103 ea
1534 3047 1648 3116 ipsa
1688 3047 2036 3106 similitudine

449 3141 690 3210 corporis
715 3140 818 3206 sui,
837 3139 983 3208 quasi
1014 3154 1110 3208 per
1125 3139 1241 3193 loca
1264 3139 1442 3208 ignota
1465 3146 1520 3192 et
1548 3149 1671 3193 nota
1694 3139 1965 3204 discurrit,
1983 3148 2038 3196 et

449 3232 569 3287 Izcta
595 3231 756 3284 sentit
785 3231 946 3283 multa
969 3233 1048 3284 vel
1073 3229 1262 3284 tristia.
1281 3229 1386 3284 Sed
1408 3239 1536 3299 puto
1561 3230 1701 3301 quod
1732 3247 1833 3286 nec
1865 3241 1918 3286 tu
1946 3247 2038 3288 au-

451 3323 582 3380 deas
599 3322 798 3384 dicere,
821 3321 1038 3392 ﬁguram
1059 3321 1197 3374 illam
1214 3321 1456 3390 corporis
1475 3333 1632 3391 atque
1652 3322 2032 3389 membrorum,

451 3431 610 3484 quam
628 3413 730 3469 sibi
749 3413 944 3468 habere
957 3413 1162 3468 videtur
1179 3413 1230 3466 in
1245 3413 1468 3479 somnis,
1480 3429 1664 3468 verum
1680 3421 1878 3484 corpus”
1892 3430 2034 3471 esse.

453 3503 586 3562 Nam
613 3506 718 3560 ἱειο
745 3503 904 3558 modo
937 3505 1040 3560 erit
1067 3519 1223 3559 verus
1267 3518 1442 3570 mons,
1479 3518 1636 3573 quem
1686 3504 1784 3558 sibi
1829 3505 2040 3562 videtur

451 3595 776 3660 ascendere;
805 3605 859 3650 et
887 3609 1142 3664 corporea
1174 3593 1384 3658 domus,
1425 3609 1584 3663 quam
1603 3593 1704 3648 sibi
1725 3593 1934 3648 videtur
1959 3595 2042 3650 in-

454 3696 630 3750 trare;
661 3693 716 3741 et
741 3687 899 3740 arbor
924 3700 1048 3740 vera
1074 3684 1380 3754 lignumque
1403 3699 1586 3738 verum
1604 3699 1796 3754 corpus
1816 3683 2034 3750 habens,

452 3779 552 3833 sub
578 3793 680 3848 qua
711 3777 810 3832 sibi
849 3777 1058 3830 videtur
1081 3776 1298 3844 jacere;
1329 3782 1384 3828 et
1409 3789 1545 3844 aqua
1578 3790 1724 3842 vera,
1753 3791 1908 3846 quam
1938 3775 2038 3830 sibi

453 3871 664 3926 videtur
688 3869 929 3934 haurire;
958 3875 1013 3923 et
1045 3867 1223 3920 omnia
1255 3866 1306 3920 in
1334 3866 1526 3936 quibus
1549 3867 1699 3936 quasi
1728 3865 2042 3936 corporibus

453 3976 712 4029 versatur,
754 3976 978 4030 corpora
1029 3968 1186 4015 erunt
1213 3959 1258 4014 si
1308 3966 1364 4014 et
1406 3958 1518 4028 ipsa
1545 3973 1740 4029 corpus
1780 3969 1884 4024 est,
1923 3974 2042 4030 qua:

453 4052 613 4111 simili
642 4052 870 4121 imagine
899 4052 1036 4105 inter
1055 4058 1245 4105 cuncta
1275 4049 1365 4104 illa
1389 4057 1652 4104 versatur.

528 4142 752 4199 CAPUT
790 4141 976 4196 XVIII.
1017 4139 1206 4195 ~26.
1251 4139 1327 4194 De
1373 4140 1688 4210 conscriptis
1733 4139 2037 4195 visionibus

459 4243 752 4306 martyrum
799 4231 1082 4288 dicendum
1142 4230 1233 4286 tibi
1287 4237 1370 4285 est
1416 4229 1649 4300 aliquid;
1691 4230 1940 4301 quoniam
1985 4238 2040 4285 tu

454 4325 614 4380 etiam
649 4323 770 4378 inde
796 4322 1158 4378 testimonium
1203 4320 1562 4376 adhibendum
1587 4322 1799 4391 putasti.
1827 4321 2032 4393 Nempe

457 4426 641 4472 sancta
663 4416 926 4484 Perpetua
953 4414 1064 4468 visa
1103 4413 1202 4468 sibi
1225 4423 1308 4469 est
1332 4413 1384 4468 in
1415 4413 1635 4481 somnis,
1669 4428 1788 4468 cum
1810 4413 2038 4484 quodam

457 4507 711 4578 Egyptio
741 4507 791 4559 iu
828 4505 998 4559 virum
1040 4519 1298 4559 conversa
1337 4504 1551 4558 luctari.
1583 4504 1715 4572 Quis
1743 4513 1916 4558 autem
1937 4503 2038 4558 du-

457 4601 608 4666 bitet,
642 4599 694 4654 in
720 4597 806 4654 illa
829 4595 1181 4652 similitudine
1203 4597 1445 4664 corporis
1469 4596 1700 4650 animam
1718 4596 1834 4666 ejus
1852 4597 2034 4664 fuisse,

457 4706 564 4746 non
591 4704 805 4760 corpus,
829 4687 968 4757 quod
997 4688 1177 4757 utique
1197 4687 1247 4740 in
1269 4701 1364 4742 suo
1387 4686 1618 4742 femineo
1637 4704 1767 4743 sexu
1793 4705 2035 4757 manens,

455 4783 646 4854 sopitis
674 4780 918 4836 sensibus
938 4779 1149 4849 jacebat
1171 4778 1221 4832 in
1251 4778 1450 4840 stratis,
1473 4779 1685 4848 quando
1718 4781 1892 4835 anima
1923 4781 2040 4850 ejus

454 4876 510 4934 in
553 4877 640 4932 illa
671 4873 839 4928 virilis
876 4871 1118 4941 corporis
1160 4869 1508 4926 similitudine
1540 4871 1876 4926 luctabatur?
1901 4872 2037 4940 Quid

455 4969 544 5024 hic
571 4966 740 5024 dicis?
781 4979 1038 5020 verumne
1075 4969 1193 5016 erat
1233 4977 1428 5032 corpus
1457 4961 1545 5016 illa
1577 4963 1679 5016 viri
1722 4963 2035 5028 similitudo,

455 5074 522 5112 an
553 5074 657 5113 non
699 5063 814 5112 erat
837 5069 1033 5126 corpus
1053 5096 1068 5120 ,
1101 5052 1346 5123 quamvis
1384 5051 1605 5108 haberet
1634 5052 2034 5108 similitudinem

457 5147 741 5217 corporis?
787 5147 934 5217 Elige
977 5144 1104 5216 quid
1130 5142 1284 5198 velis.
1312 5142 1368 5198 Si
1410 5157 1604 5212 corpus
1645 5152 1781 5211 erat,
1813 5159 1908 5200 cur
1931 5161 2035 5202 non

457 5239 702 5292 servabat
743 5237 946 5308 vagina:
972 5252 1083 5292 sum
1128 5235 1391 5290 formam?
1427 5233 1608 5304 Neque
1631 5235 1773 5290 enim
1820 5237 1872 5290 in
1899 5236 2037 5292 illius

456 5327 664 5384 {etaiam
681 5343 842 5384 carne
859 5327 1026 5382 virilia
1045 5325 1591 5396 repereratgenitalia,
1610 5323 1750 5379 unde
1769 5325 1837 5379 ita
1857 5336 2040 5395 posset

458 5435 579 5476 sese
613 5420 965 5485 coarctando,
1008 5426 1172 5486 et,out
1207 5410 1260 5473 tu
1289 5417 1523 5488 loqueris
1549 5460 1564 5479 ,
1603 5434 1623 5468 ι
1658 5415 1886 5488 gelando
1925 5417 2036 5474 for-

459 5509 611 5567 mari.
653 5529 674 5562 »
715 5510 935 5578 Deinde,
981 5510 1204 5566 obsecro
1229 5517 1301 5575 te,
1350 5524 1470 5566 cum
1501 5523 1696 5582 corpus
1721 5507 2036 5566 dormientis

521 5641 538 5672 ¹
565 5637 734 5688 t‘lures
754 5645 880 5696 διεδ..
897 5637 1074 5697 aliqua.

521 5702 546 5732 ι
577 5699 647 5749 Slc
670 5698 848 5747 habent
873 5705 976 5746 .ttss.
1011 5697 1146 5755 mliti,
1167 5699 1424 5749 retinendo.

1300 305 1389 361 DE
1429 305 1638 360 ANIMA
1685 303 1771 358 ET
1812 303 1976 358 EJUS
2013 300 2312 367 URIGINE,
2352 302 2412 360 S.
2453 302 2814 360 AUGUSTINI

3608 309 3715 364 διε)

2138 409 2314 466 adhuc
2341 415 2560 480 viveret,
2601 412 2813 486 quando
2835 412 2955 482 ejus.
2977 414 3152 478 anima
3192 415 3508 484 luctabatur,
3540 417 3593 474 in
3618 433 3714 474 sua

2135 501 2322 572 vagina
2352 511 2486 568 erat,
2527 504 2708 574 utique
2728 503 2976 558 omnibus
3004 503 3261 559 membris
3291 505 3514 561 viventis
3545 507 3714 566 inclu-

2135 606 2214 661 sa,
2243 601 2296 650 et
2325 591 2377 648 in
2417 592 2535 664 ejus
2555 609 2781 664 corpore
2819 609 2970 652 suam
3019 593 3268 662 formam,
3317 595 3384 651 de
3411 611 3516 668 quo
3537 596 3713 654 fuerat

2134 682 2382 751 formata,
2413 683 2659 740 servabat
2684 701 2698 739 :
2728 682 2961 740 nondum
2991 683 3188 758 quippe
3223 694 3371 741 artus
3409 686 3548 752 illos,
3576 687 3718 744 sicut

2134 772 2274 828 litin
2300 783 2495 843 morte,
2539 773 2859 846 reliquerat;
2887 773 3122 834 nondum
3154 775 3394 831 membra
3437 791 3503 832 ex
3546 792 3716 832 mem.

2133 863 2242 920 bris
2269 863 2490 919 formata
2520 879 2584 922 ex
2613 865 2960 926 I'ormantibus
2988 874 3212 937 cogente
3235 867 3286 922 vi
3313 866 3502 922 mortis
3531 877 3715 922 extra-

2133 965 2322 1012 xerat:
2354 955 2496 1012 unde
2533 957 2692 1029 igitur
2714 965 2832 1020 erat
2875 957 3030 1034 virile
3057 959 3248 1014 anima:
3284 973 3502 1030 corpus,
3530 959 3582 1014 in
3606 974 3718 1031 quo

2132 1047 2233 1102 sibi
2261 1047 2448 1102 luctari
2479 1063 2600 1103 cum
2638 1048 2950 1106 adversario
2977 1048 3295 1104 videbatur?
3315 1049 3374 1106 Si
3401 1061 3577 1106 autem
3603 1064 3716 1106 non

2133 1149 2248 1194 erat
2274 1153 2490 1210 corpus,
2522 1149 2579 1206 et
2605 1148 2783 1196 tamen
2803 1149 2918 1195 erat
2942 1139 3144 1212 aliquid
3170 1141 3344 1196 simile
3366 1143 3630 1212 corporis,
3662 1143 3719 1198 in

2133 1243 2240 1298 quo
2283 1244 2412 1285 sane
2455 1245 2616 1292 verus
2660 1231 2812 1285 labor
2853 1239 2946 1285 aut
2991 1246 3117 1286 vera
3169 1231 3350 1285 laetitia
3389 1233 3718 1296 sentiretur;

2128 1321 2310 1391 jamne
2340 1321 2549 1377 tandem
2585 1321 2754 1388 vides,
2785 1321 3232 1394 quemadmodum
3268 1321 3384 1378 ﬁeri
3437 1323 3606 1394 possit
3659 1333 3718 1379 ut

2133 1411 2201 1466 sit
2222 1412 2272 1466 in
2294 1413 2470 1467 anima
2496 1413 2790 1470 similitudo
2810 1413 3054 1485 quaedam
3084 1414 3347 1486 corporis,
3376 1429 3478 1471 nec
3500 1414 3613 1486 ipsa
3645 1413 3715 1469 sit

2132 1515 2324 1570 corpus
2343 1502 2366 1556 ?

2201 1590 2289 1646 27.
2319 1592 2454 1661 Quid
2481 1595 2523 1647 si
2552 1593 2656 1649 tale
2689 1593 2885 1665 aliquid
2915 1595 3055 1666 apud
3084 1594 3282 1650 inferos
3309 1596 3530 1667 geritur,
3561 1603 3617 1651 et
3646 1595 3698 1653 in

2133 1681 2210 1736 eis
2241 1696 2318 1748 sc,
2349 1699 2454 1738 non
2481 1686 2816 1755 corporibus,
2845 1685 2939 1740 sed
2964 1701 3250 1758 corporum
3279 1687 3718 1747 similitudinibus

2133 1773 2325 1827 animo}
2353 1777 2686 1846 agnoscunt?
2711 1777 2845 1832 Cum
2875 1777 3016 1833 enim
3057 1779 3225 1834 tristia
3251 1781 3498 1850 patimur,
3529 1796 3718 1852 quam-

2133 1865 2214 1918 vis
2245 1864 2296 1918 in
2326 1867 2552 1935 somnis,
2583 1867 2684 1922 etsi
2711 1869 3072 1925 membrorum
3115 1885 3496 1942 corporeorum
3525 1875 3594 1928 sit
3624 1874 3718 1932 illa

2133 1955 2442 2022 similitudo,
2471 1973 2576 2012 non
2603 1959 2841 2014 membra
2861 1975 3117 2030 corporea
3136 1978 3152 2028 ;
3171 1977 3277 2017 non
3303 1973 3386 2019 est
3407 1977 3579 2020 tamen
3599 1980 3720 2037 pte-

2137 2059 2218 2098 n:e
2240 2045 2552 2113 similitudo,
2579 2048 2673 2104 sed
2697 2063 2855 2120 poma
2883 2067 2896 2104 :
2924 2050 3004 2106 sic
3027 2050 3187 2106 etiam
3211 2051 3300 2107 ubi
3327 2053 3446 2109 lzeta
3473 2055 3718 2111 sentiun-

2137 2142 2242 2189 tur.
2274 2135 2378 2190 Sed
2404 2139 2654 2207 quoniam
2684 2149 2864 2194 sancta
2888 2140 3148 2210 Perpetua
3177 2141 3410 2200 nondum
3437 2154 3552 2200 erat
3573 2159 3720 2201 mor-

2138 2235 2222 2280 tua
2243 2269 2260 2294 ,
2293 2244 2398 2284 non
2427 2229 2504 2284 vis
2533 2229 2658 2286 hinc
2685 2232 2777 2288 tibi
2808 2231 3032 2288 fortasse
3060 2235 3330 2304 praescribi
3357 2253 3371 2290 :
3400 2251 3520 2291 cum
3565 2237 3724 2294 valde

2137 2315 2201 2370 ad
2246 2332 2358 2372 rem
2389 2320 2690 2386 pertineat,
2720 2320 2874 2392 cujus
2901 2337 3020 2378 esse
3048 2330 3252 2380 naturae.
3281 2325 3556 2381 existimes
3598 2327 3723 2382 illas

2137 2406 2513 2465 similitudines
2550 2425 2832 2482 corporum
2867 2429 2999 2484 quas
3027 2415 3286 2472 habemus
3309 2417 3361 2472 in
3400 2417 3638 2483 somnis;
3665 2426 3726 2477 et

2139 2505 2247 2552 tota
2277 2499 2374 2553 ista
2402 2515 2560 2556 causa
2589 2501 2738 2558 finita
2763 2504 2854 2571 sit,
2884 2505 2929 2560 si
2955 2520 3047 2560 eas
3075 2514 3130 2560 et
3157 2507 3358 2563 similes
3381 2509 3722 2578 corporibus,

2137 2599 2193 2644 et
2218 2607 2322 2646 non
2349 2607 2470 2648 esse
2496 2609 2718 2664 corpora
2745 2595 3036 2653 conﬁteris.
3068 2597 3443 2656 Verumtamen
3472 2601 3730 2656 Dinocra-

2141 2689 2220 2736 tes
2264 2681 2576 2755 fraterejus
2618 2695 2858 2742 mortuus
2901 2695 3018 2742 erat
3062 2705 3077 2742 :
3127 2686 3268 2746 hunc
3297 2687 3426 2745 vidit
3466 2706 3586 2746 cum
3632 2691 3727 2753 illo

2137 2773 2356 2829 vulnere
2395 2776 2538 2846 quod
2574 2777 2725 2832 vivus
2770 2777 2992 2846 habuit,
3035 2787 3090 2834 et
3129 2779 3271 2836 unde
3317 2790 3400 2836 est
3439 2783 3730 2852 perductus

2139 2863 2206 2918 ad
2267 2875 2516 2922 mortem.
2569 2867 2668 2924 Ubi
2715 2877 2797 2923 est
2846 2870 2988 2939 quod
3038 2871 3199 2926 tantis
3245 2873 3523 2929 conatibus
3575 2874 3731 2932 Iaboo

2141 2955 2267 3012 rasti
2301 2997 2318 3024 ,
2379 2972 2499 3012 cum
2568 2973 2756 3029 ageres
2817 2959 2887 3016 de
2945 2961 3260 3035 prtccisione
3317 2963 3676 3022 membrorum
3708 3007 3727 3032 ,

2142 3067 2211 3106 ne
2265 3052 2423 3107 simul
2485 3053 2692 3108 concidi
2739 3055 2914 3110 anima
2972 3057 3286 3125 putaretur?
3336 3056 3476 3114 Ecce
3535 3059 3734 3126 vulnus

2141 3151 2258 3198 erat
2295 3144 2346 3197 in
2375 3145 2550 3200 anima
2587 3145 2903 3212 Dinocratis,
2943 3147 3086 3218 quod
3119 3163 3237 3204 eam
3273 3151 3324 3204 vi
3359 3164 3478 3218 sua,
3516 3153 3763 3224 quando‘

2142 3245 2256 3290 erat
2303 3235 2354 3289 in
2397 3235 2512 3306 ejus
2542 3251 2804 3307 corpore,
2838 3239 3068 3294 exclusit
3107 3253 3405 3310 ecorpore.
3448 3241 3734 3310 Quomodo

2143 3339 2270 3395 ergo
2299 3325 2590 3380 secundum
2637 3337 2783 3382 tuam
2822 3329 3159 3398 opinionem,
3208 3347 3228 3382 ι
3252 3331 3464 3400 quando
3490 3333 3730 3388 membra

2143 3419 2386 3486 corporis
2417 3418 2792 3488 prmcidnntur,
2825 3421 2892 3476 ab
2915 3421 3020 3477 ictu
3047 3437 3106 3477 se
3129 3422 3410 3490 subtrahit,
3435 3434 3491 3480 et
3518 3426 3568 3481 in
3598 3426 3733 3484 alias

2146 3518 2322 3576 partes
2351 3507 2628 3563 densando
2657 3524 2714 3564 se
2741 3509 2978 3580 colligit,
3009 3527 3078 3566 ne
3101 3511 3277 3583 aliqua
3303 3529 3426 3584 pars
3455 3514 3572 3584 ejus
3610 3515 3724 3570 vul-
3791 3535 3804 3548 ο

2145 3613 2276 3654 nere
2301 3602 2544 3671 corporis
2581 3612 2912 3674 amputetur,
2957 3622 2976 3658 ι
3010 3604 3218 3660 etiamsi
3259 3607 3543 3662 dormienti
3572 3618 3734 3679 atque

2148 3693 2404 3746 nescienti
2457 3693 2816 3750 membrorum
2863 3694 3064 3764 aliquid
3109 3696 3462 3765 praecidatur?
3505 3698 3730 3756 Tantam

2146 3782 2341 3853 quippe
2367 3783 2446 3838 illi
2475 3781 2704 3840 tribuisti
2735 3785 3056 3856 vigilantiam
3077 3826 3094 3849 ,
3123 3795 3180 3841 ut
3222 3787 3381 3842 etiam
3407 3788 3538 3844 visis
3571 3805 3732 3846 occu-

2151 3881 2267 3942 pata
2295 3875 2646 3941 somniorum,
2675 3875 2718 3930 si
2746 3875 2894 3946 plaga
2924 3867 3139 3930 irruerit
3166 3877 3450 3948 ignoranti,
3479 3895 3580 3949 qua
3602 3895 3731 3936 caro

2149 3963 2385 4030 feriatur,
2414 3980 2472 4019 se
2501 3965 2588 4020 illa
2624 3966 2965 4035 providenter
3004 3967 3392 4039 perniciterque
3433 3971 3727 4036 subducat,

2148 4071 2216 4110 ne
2245 4057 2410 4125 possit
2449 4055 2596 4112 feriri
2626 4067 2784 4126 atque
2823 4057 3032 4122 vexari,
3075 4059 3188 4114 sive
3229 4059 3478 4117 concidi:
3512 4075 3610 4115 nec
3645 4071 3727 4116 at-

2150 4147 2343 4211 tendis,
2367 4145 2527 4202 homo
2553 4147 2814 4216 prudens,
2845 4149 2984 4219 quod
3009 4148 3055 4204 si
3088 4165 3148 4204 se
3171 4151 3348 4205 anima
3379 4151 3504 4208 inde
3530 4151 3730 4207 subdu-

2147 4244 2310 4301 ceret,
2341 4251 2440 4290 ncc
2463 4237 2552 4292 illa
2583 4239 2852 4307 percussio
2885 4240 3190 4294 sentiretur.
3229 4239 3336 4296 Sed
3380 4241 3557 4296 inveni
3586 4243 3726 4313 quod

2149 4329 2404 4396 potueris,
2435 4329 2558 4398 quid
2588 4327 2712 4384 inde
2739 4331 3086 4399 respondeas,
3111 4331 3380 4400 quomodo
3407 4334 3584 4388 anima
3609 4349 3728 4404 par-

2149 4429 2227 4474 tes
2251 4435 2374 4474 suas
2395 4420 2622 4490 abripiat
2648 4422 2687 4488 ³,
2715 4429 2770 4476 et
2795 4422 3046 4476 recondat
3072 4423 3354 4490 introrsus,
3387 4439 3458 4480 ne
3483 4425 3568 4480 ubi
3593 4441 3728 4494 prte-

2147 4511 2338 4566 ciditur
2365 4527 2462 4566 seu
2489 4513 2779 4581 percutitur
2804 4513 3044 4584 corporis
3069 4515 3393 4580 membrum,
3425 4526 3726 4586 amputetur

2145 4612 2200 4657 et
2229 4605 2338 4674 ipsa
2367 4614 2524 4674 atque
2550 4615 2785 4659 vexetur.
2819 4605 3154 4662 Dinocratem
3173 4607 3365 4675 aspice
3387 4647 3404 4674 ,
3435 4617 3490 4662 et
3518 4607 3604 4662 die
3633 4623 3728 4662 cur

2146 4693 2260 4764 ejus
2287 4694 2464 4748 anima
2498 4709 2602 4748 non
2631 4708 2688 4750 se
2717 4695 3040 4750 subtraxerit
3081 4695 3149 4750 ab
3191 4711 3257 4751 eo
3297 4697 3541 4766 corporis
3579 4697 3725 4762 loco,

2151 4783 2240 4853 qui
2285 4781 2564 4838 mortifero
2602 4783 2824 4838 vulnere
2861 4785 3196 4852 vastabatur,
3239 4801 3306 4841 ne
3347 4786 3400 4841 in
3447 4787 3538 4842 illa
3582 4787 3726 4842 lieret

2145 4872 2285 4942 quod
2315 4872 2366 4926 in
2397 4871 2512 4942 ejus
2547 4871 2684 4928 facie
2709 4873 2870 4950 etiam
2900 4883 3019 4943 post
3041 4884 3267 4930 mortem
3297 4874 3465 4944 ipsius
3490 4878 3727 4946 corporis

2145 4972 2448 5032 appareret.
2476 4963 2556 5018 An
2583 4962 2720 5019 forte
2742 4965 2903 5020 etiam
2929 4966 2950 4996 ³
2981 4965 3074 5019 tibi
3096 4965 3288 5036 placet,
3313 4974 3372 5020 ut
3398 4966 3528 5021 istas
3558 4969 3726 5038 potius

2146 5051 2521 5106 similitudines
2541 5068 2823 5122 corporum
2849 5068 3005 5123 quam
3027 5069 3250 5124 corpora
3271 5069 3390 5110 esse
3415 5057 3723 5121 credamus;

2147 5150 2205 5198 ut
2232 5141 2498 5212 quomodo
2523 5152 2744 5213 apparet
2770 5143 2921 5213 quasi
2947 5143 3162 5211 vulnus,
3191 5143 3331 5215 quod
3359 5159 3466 5200 non
3496 5153 3582 5202 est
3607 5146 3722 5202 vul-

2147 5248 2268 5297 nus,
2297 5234 2366 5290 ita
2394 5234 2533 5305 quod
2565 5248 2670 5289 non
2701 5242 2784 5290 est
2805 5235 3198 5308 corpus,_quasi
3224 5251 3418 5305 corpus
3439 5237 3724 5307 appareat?

2145 5324 2276 5380 Nam
2317 5325 2361 5380 si
2389 5325 2566 5382 anima
2603 5327 2872 5382 vulnerari
2910 5337 3087 5398 potest
3110 5328 3178 5383 ab
3213 5329 3292 5384 eis
3327 5328 3420 5398 qui
3445 5329 3722 5385 vulnerant

2147 5431 2340 5486 corpus
2359 5455 2374 5482 ,
2405 5415 2606 5474 nihilne
2637 5416 2978 5472 metuendum
3007 5426 3120 5485 est,
3149 5433 3218 5476 ne
3243 5420 3414 5489 possit
3450 5419 3620 5476 occidi
3655 5417 3722 5474 ab

2146 5510 2224 5565 eis
2249 5508 2340 5580 qui
2374 5510 2620 5565 occidunt
2653 5510 2886 5583 corpus?
2913 5509 3066 5576 Quod
3109 5510 3365 5568 Dominus
3390 5511 3720 5584 apertissime

2210 5646 2225 5674 ί
2264 5641 2392 5705 Apud
2412 5647 2544 5700 ων..
2565 5642 2785 5705 arripiat.

2213 5707 2234 5737 ³
2261 5704 2425 5753 t‘lurcs
2448 5712 2570 5766 Mss,
2600 5704 2803 5765 auferte
2817 5704 2944 5766 jam.
