4034 6182
303 360 409 415 εει

311 471 431 524 lteri
478 483 584 524 non
637 481 794 536 posse
837 472 1062 520 testatur
1090 462 1305 534 (Matth.
1347 477 1416 529 χ,
1459 459 1576 532 28).
1620 459 1686 514 Et
1727 469 1902 514 tamen

313 561 498 617 anima
525 556 826 614 Dinocratis
865 552 1004 610 mori
1031 569 1139 609 non
1169 553 1370 624 potuit,
1405 550 1546 606 unde
1573 565 1764 618 corpus
1789 551 1906 617 ejus

309 663 401 710 est
428 663 694 706 mortuum
721 668 734 705 :
762 658 818 704 et
844 648 996 719 quasi
1025 647 1300 702 vulnerata
1326 644 1438 699 visa
1475 653 1583 708 est,
1616 643 1754 697 sicut
1783 657 1903 695 eor-

314 755 420 812 pus
445 744 612 797 fuerat
647 742 1000 806 vulneratum,
1023 737 1272 808 quoniam
1299 749 1492 804 corpus
1519 749 1622 787 non
1649 741 1784 798 erat,
1811 730 1905 786 sed

317 835 548 892 habebat
579 834 628 885 io
659 829 1009 885 similitudine
1035 829 1281 896 corporis
1307 826 1468 880 etiam
1507 822 1906 879 similitudinem

325 924 599 980 vulneris:
639 936 802 992 perm
829 929 1008 975 autem
1057 919 1109 972 in
1137 919 1156 951 ¹
1205 933 1309 974 non
1349 929 1478 970 vero
1513 928 1738 983 corpore
1785 927 1906 966 vera

321 1017 533 1074 miseria
575 1015 670 1067 fuit
711 1013 940 1077 animae,
989 1026 1110 1082 quat
1157 1008 1554 1080 significabatur
1595 1005 1910 1060 adumbrata

317 1107 563 1177 corporis
585 1105 840 1172 vulnere,
881 1103 952 1160 de
993 1117 1096 1174 qua
1122 1102 1326 1158 sororis
1352 1109 1552 1157 sanctze
1579 1097 1910 1154 orationibus

321 1199 518 1254 meruit
542 1197 776 1252 liberari.

391 1289 482 1344 28.
511 1287 631 1342 .lam
673 1287 800 1342 illud
829 1287 985 1358 quale
1010 1294 1123 1353 est,
1153 1285 1336 1341 dicere
1371 1282 1512 1355 quod
1547 1300 1567 1334 ε
1596 1281 1771 1336 anima
1805 1279 1912 1335 for-

319 1395 464 1434 mam
493 1379 562 1432 de
590 1372 817 1449 corpore
840 1377 1098 1448 accipiat,
1129 1387 1181 1432 et
1208 1390 1329 1432 cum
1360 1374 1690 1430 incremento
1717 1385 1910 1440 corpo-

319 1473 398 1526 ris
423 1471 770 1540 protendatur
795 1478 850 1523 et
867 1477 1106 1535 crescat;
1137 1487 1160 1522 ι
1191 1475 1246 1522 et
1269 1482 1376 1521 non
1399 1464 1677 1520 attendere
1699 1465 1722 1497 ⁸
1752 1478 1910 1533 quam

320 1571 664 1616 monstruosa
694 1560 883 1616 evadat
918 1559 1095 1614 anima
1129 1558 1339 1628 juvenis
1370 1559 1482 1612 sive
1509 1557 1682 1622 senis,
1715 1555 1760 1610 si
1795 1553 1912 1624 ejus

320 1652 600 1707 brachium
632 1650 949 1720 prmcidatur
977 1650 1211 1704 infantis.
1245 1666 1266 1701 ι
1294 1646 1573 1702 Contrahit
1597 1645 1738 1700 enim
1767 1658 1848 1710 se,
1885 1662 1904 1696 ι

322 1751 384 1796 ut
419 1742 592 1804 dicis;
627 1758 648 1792 ι
676 1740 870 1794 animm
908 1752 1126 1806 manus,
1157 1755 1228 1794 ne
1255 1739 1368 1808 ipsa
1393 1737 1554 1792 etiam
1583 1750 1706 1790 eum
1750 1749 1912 1789 manu

319 1833 566 1900 corporis
589 1839 911 1900 amputetur,
934 1839 988 1886 et
1009 1829 1059 1884 in
1077 1829 1210 1884 alias
1229 1843 1290 1884 se
1310 1838 1488 1900 partes
1507 1825 1747 1896 corporis
1774 1825 1910 1880 den-

321 1921 496 1978 sando
520 1921 812 1976 concludit.
842 1939 862 1974 ι
893 1921 971 1974 Ac
997 1935 1094 1990 per
1119 1925 1218 1973 hoc
1243 1918 1372 1973 illud
1401 1919 1592 1972 animm
1613 1916 1908 1982 brachium,

321 2028 483 2084 quam
524 2013 688 2068 breve
715 2012 955 2084 corporis
979 2011 1072 2066 fuit
1105 2010 1245 2066 unde
1271 2019 1485 2080 ceperat
1514 2008 1736 2063 formam
1755 2049 1770 2071 ,
1803 2017 1910 2062 tam

321 2102 488 2157 breve
511 2102 815 2158 servabitur
853 2101 1174 2170 ubicumque
1213 2109 1488 2165 servetur;
1534 2099 1654 2168 quia
1687 2097 1912 2168 perdidit

321 2191 584 2257 formam,
625 2191 778 2262 cujus
815 2192 1141 2247 incremento
1184 2199 1365 2262 posset
1405 2190 1604 2260 pariter
1642 2203 1906 2244 crescere.

322 2283 446 2340 Exit
475 2299 610 2354 ergo
633 2284 808 2340 anima
834 2283 1046 2353 juvenis
1073 2291 1164 2336 aut
1190 2282 1366 2346 senis,
1401 2283 1488 2350 qui
1519 2295 1762 2346 manum,
1787 2295 1908 2334 cum

321 2386 467 2430 esset
510 2391 740 2445 parvus,
787 2375 996 2442 amisit,
1042 2375 1242 2430 habens
1270 2374 1485 2445 quidem
1527 2373 1660 2428 duas
1687 2386 1906 2438 manus,

321 2468 443 2538 quia
473 2482 578 2522 una
622 2467 886 2537 refugiens
915 2481 1018 2521 non
1070 2475 1154 2522 est
1191 2475 1460 2536 amputata
1498 2480 1620 2522 cum
1649 2479 1905 2536 corpore,

322 2557 416 2613 sed
439 2559 664 2614 alteram
689 2559 984 2626 juvenilem
1010 2557 1092 2613 vel
1112 2559 1356 2623 senilem,
1380 2559 1602 2612 alteram
1628 2571 1755 2612 vero
1775 2558 1912 2611 sicut

331 2650 560 2720 primum
589 2647 780 2711 fuerat,
812 2647 1126 2703 infantilem.
1148 2648 1306 2703 Tales
1327 2649 1550 2713 animas,
1577 2649 1736 2703 crede
1757 2646 1907 2713 mihi,

321 2753 430 2798 nun
452 2739 618 2793 forma
637 2739 880 2810 corporis
900 2737 1043 2802 facit,
1064 2737 1159 2794 sed
1181 2737 1378 2794 erroris
1399 2736 1709 2792 deformitas
1735 2735 1904 2806 fingit.

321 2829 439 2884 Non
470 2829 600 2884 mihi
635 2829 832 2884 videris
867 2829 936 2884 ab
963 2829 1066 2884 isto
1091 2843 1278 2884 errore
1305 2842 1460 2898 posse
1483 2827 1627 2894 erui,
1667 2825 1770 2880 nisi
1801 2825 1912 2882 Deo

321 2920 608 2990 adiuvante
630 2920 910 2992 diligenter
929 2919 1352 2977 consideraveris
1375 2919 1484 2974 visa
1511 2918 1908 2983 somniantium,

325 3021 383 3070 et
411 3011 536 3067 inde
575 3013 891 3084 cognoveris
917 3027 1035 3068 esse
1073 3010 1329 3082 quasdam
1359 3024 1480 3080 quae.
1507 3025 1612 3064 non
1653 3008 1762 3063 sint
1787 3021 1910 3062 cor-

323 3112 453 3172 pora
473 3140 491 3166 ,
519 3101 614 3160 sed
660 3101 1033 3156 similitudines
1075 3115 1380 3170 corporum.
1409 3099 1663 3168 Quamvis
1689 3099 1832 3154 enim
1858 3106 1912 3154 et

324 3209 386 3251 ea
413 3207 535 3262 qua:
560 3192 752 3246 similia
789 3192 1104 3262 corporibus
1133 3192 1454 3260 cogitamus,
1497 3205 1562 3246 ex
1607 3204 1673 3245 eo
1715 3203 1912 3258 genere

325 3283 432 3343 sint
460 3299 476 3336 :
509 3291 689 3337 tamen
727 3281 868 3352 quod
898 3281 964 3337 ad
995 3291 1236 3340 mortuos
1265 3283 1482 3346 attinet,
1513 3283 1686 3353 aptior
1725 3279 1907 3350 conje-

323 3383 472 3428 ctura
501 3373 570 3428 de
611 3373 1000 3428 dormientibus
1037 3373 1266 3430 ducitur.
1314 3373 1497 3444 Neque
1533 3373 1674 3429 enim
1716 3371 1911 3426 frustra

327 3476 452 3526 cos,
482 3463 572 3534 qui
614 3463 809 3518 mortui
849 3474 973 3518 sunt
1000 3464 1232 3536 appellat
1269 3475 1451 3518 sancta
1481 3462 1754 3532 Scriptura
1782 3462 1911 3517 dor-

325 3556 554 3613 mieutes
584 3555 624 3626 (I
653 3555 827 3610 Thess.
857 3571 933 3622 Iv,
965 3556 1054 3628 l2)
1076 3597 1092 3620 ,
1121 3556 1220 3610 nisi
1261 3555 1384 3626 quia
1410 3565 1492 3610 est
1520 3552 1912 3623 quodammodo

325 3647 748 3717 mnsauguiueus
795 3645 926 3702 lethi
968 3661 1132 3718 Sopor
1171 3645 1389 3720 (Virgil.
1413 3685 1430 3713 ,
1469 3643 1685 3702 Αέιιεὶά.
1725 3645 1814 3700 lib.
1843 3647 1907 3710 6,

324 3753 452 3794 vers.
479 3739 630 3808 279).

392 3828 622 3886 CAPUT
649 3828 792 3885 XIX.
817 3859 888 3872 -—
912 3829 1004 3886 29.
1035 3829 1271 3886 Proinde
1303 3829 1348 3885 si
1387 3829 1563 3886 anima
1589 3843 1784 3899 corpus
1821 3841 1911 3884 es-

323 3929 439 3985 set.
469 3931 524 3976 et
550 3935 806 3990 corporea
837 3931 982 3977 esset
1011 3922 1174 3991 figura
1203 3923 1254 3976 in
1283 3937 1387 3993 qua
1413 3935 1474 3976 se
1522 3921 1666 3977 videt
1700 3920 1755 3975 in
1805 3934 1898 3975 so-

322 4012 711 4082 mnis,eoquod
737 4013 806 4067 de
825 4027 1050 4081 corpore
1075 4013 1190 4080 ejus
1207 4011 1394 4068 fuisset
1417 4025 1703 4082 expressa;
1737 4010 1911 4066 nullus

324 4101 600 4158 hominum
631 4103 872 4158 membro
894 4104 1136 4172 corporis
1161 4112 1456 4172 aniputato,
1484 4101 1622 4154 sicut
1648 4115 1714 4154 eo
1738 4107 1908 4166 caret,

319 4193 398 4248 ita
423 4195 542 4248 sine
570 4193 663 4248 illo
702 4207 762 4248 se
791 4191 997 4249 videret
1025 4193 1076 4248 iu
1106 4193 1310 4248 somnis
1329 4233 1345 4258 ,
1373 4191 1468 4246 sed
1497 4191 1670 4262 potius
1697 4204 1912 4258 semper

328 4284 618 4354 integrum,
647 4299 714 4338 eo
740 4283 881 4354 quod
911 4284 1102 4338 animae
1130 4285 1295 4353 ipsius
1321 4283 1448 4338 nihil
1483 4283 1640 4337 fuerit
1663 4292 1910 4350 amputa-

325 4382 458 4427 tum.
497 4371 631 4428 Cum
673 4389 801 4428 vero
834 4373 1118 4443 aliquando
1159 4389 1219 4428 se
1255 4375 1486 4444 integros
1520 4371 1766 4434 videant,
1807 4371 1910 4425 ali-

323 4463 538 4534 quando
562 4473 739 4516 autem
781 4462 917 4517 sicut
944 4474 1103 4530 sunt,
1133 4479 1198 4520 ex
1225 4477 1556 4533 quacumque
1584 4469 1732 4530 parte
1763 4471 1910 4516 trun-

322 4564 505 4617 ratos;
534 4553 657 4624 quid
686 4553 828 4609 aliud
857 4555 956 4610 ista
983 4570 1068 4608 res
1093 4555 1284 4620 docet,
1332 4555 1434 4610 nisi
1461 4556 1694 4609 animam
1714 4595 1729 4620 ,
1772 4555 1908 4612 sicut

327 4645 549 4700 aliarum
579 4661 755 4701 rerum
782 4661 914 4716 quas
938 4647 1108 4701 sensit
1138 4645 1189 4700 in
1219 4647 1442 4712 somnis,
1469 4647 1538 4700 ita
1567 4655 1621 4701 et
1647 4659 1906 4714 corporis,

323 4735 484 4790 modo
507 4736 605 4799 sic,
633 4737 792 4790 modo
813 4737 913 4801 sic,
936 4751 1041 4790 non
1067 4737 1365 4800 veritatem,
1391 4737 1482 4790 sed
1507 4736 1908 4790 similitudinem

319 4827 545 4897 gerere?
583 4825 846 4881 Gaudium
883 4842 1011 4880 vero
1048 4827 1163 4895 ejus
1199 4826 1311 4881 sive
1343 4826 1590 4890 tristitia,
1627 4827 1908 4882 delectatio

308 4918 402 4972 'vel
431 4916 692 4982 offensio,
723 4919 836 4972 sive
859 4917 926 4970 sit
955 4917 1004 4970 in
1031 4917 1371 4986 corporibus,
1403 4921 1516 4974 sive
1544 4919 1594 4972 in
1621 4933 1906 4986 corporum

318 5008 776 5073 similitudinibus,
799 5023 923 5062 vera
953 5020 1054 5064 est.
1080 5007 1158 5062 Tu
1187 5009 1299 5078 ipse
1328 5023 1503 5062 nonne
1529 5009 1728 5074 dixisti,
1753 5023 1906 5064 verc-

318 5116 421 5171 que
437 5100 642 5164 dixisti,
681 5117 699 5152 ι
726 5100 987 5154 Alimenta
1012 5109 1070 5156 et
1089 5100 1400 5157 vestimenta
1425 5116 1533 5156 non
1551 5117 1671 5156 esse
1693 5103 1904 5168 animm,

318 5191 411 5245 sed
442 5192 653 5261 corpori
687 5193 1028 5248 necessaria?
1055 5211 1075 5244 ι
1107 5194 1216 5250 Cur
1243 5209 1370 5264 ergo
1400 5209 1552 5264 aqua:
1582 5195 1777 5250 stillam
1809 5195 1908 5250 de-

318 5280 571 5334 sidcravit
591 5281 730 5350 apud
753 5282 952 5337 inferos
973 5282 1159 5338 dives?
1185 5283 1292 5338 Cur
1311 5284 1524 5340 Samuel
1549 5296 1766 5340 sanctus
1789 5293 1910 5356 post

318 5383 549 5428 mortem
571 5413 586 5438 ,
617 5383 674 5426 ut
712 5373 824 5442 ipse
861 5388 1072 5445 quoque
1101 5377 1551 5440 commemorasti,
1583 5377 1746 5430 solito
1771 5376 1792 5407 ⁸
1821 5377 1904 5431 in-

317 5463 577 5520 dumento
603 5467 826 5522 vestitus
853 5467 1098 5537 apparuit
1125 5467 1176 5540 (l
1205 5467 1328 5539 Reg.
1365 5485 1556 5536 xxvtu,
1588 5467 1720 5539 li)?
1747 5468 1910 5524 Num-

383 5629 404 5700 ξ
537 5637 590 5700 et
609 5637 740 5690 Lov.,
759 5629 804 5700 si
825 5629 893 5700 in:
919 5632 1082 5695 Abest,
1107 5634 1167 5696 si,
1191 5647 1218 5684 a
1235 5637 1567 5700 manuscrirtis
1591 5645 1642 5690 et
1667 5638 1728 5687 ab
1752 5647 1850 5687 Am.

383 5693 406 5723 ι
439 5692 576 5750 εᾱὶιὶ,
593 5703 686 5742 non
708 5692 932 5744 attendis.

385 5751 407 5784 ³
440 5751 626 5815 Aliquot
647 5759 776 5816 κει,
799 5751 970 5806 solido.

1664 348 1863 404 LIBER
1903 347 2038 416 QUA
2051 348 2250 406 RTUS.

3482 363 3586 420 5&2

2012 459 2136 530 quid
2169 461 2253 515 ille
2284 462 2460 522 ruinas
2485 463 2674 518 animae
2694 507 2709 532 ,
2741 465 2874 521 sicut
2901 469 3094 531 carnis,
3114 485 3208 538 per
3229 471 3468 528 humoris
3497 478 3584 530 ali-

2013 561 2250 606 mentum
2279 554 2498 608 reficere
2533 555 2816 622 cupiebat?
2849 557 3112 629 Numquid
3141 562 3240 616 iste
3264 563 3332 622 de
3365 579 3590 635 corpore

2012 642 2234 697 vestitus
2261 645 2504 699 exierat?
2531 643 2636 702 Sed
2675 649 2726 702 in
2759 648 2847 704 illo
2887 665 3006 705 vera
3037 661 3153 706 erat
3181 653 3452 723 molestia,
3481 674 3585 728 qua

2013 733 2347 788 cruciabatur
2389 737 2592 802 animo;
2639 754 2742 792 non
2787 749 2960 814 tamen
3001 759 3182 798 verum
3229 759 3457 816 corpus,
3501 749 3584 804 cui

2013 834 2274 892 qua-reret
2310 826 2578 882 alimenta.
2609 829 2673 884 Et
2700 831 2796 888 iste
2821 832 2898 885 sic
2927 834 3098 902 potuit
3132 851 3392 904 apparere
3425 841 3585 894 vesti-

2015 922 2119 976 tus,
2151 925 2208 969 ut
2243 932 2346 970 non
2377 933 2570 988 corpus
2595 932 2738 976 esset
2763 962 2778 987 ,
2808 923 2906 978 sed
2930 925 3324 981 similitudinem
3351 930 3590 998 corporis

2016 1007 2238 1061 haberet
2273 1017 2327 1062 et
2352 1010 2528 1064 anima
2571 1020 2626 1066 et
2667 1011 2896 1068 habitus.
2927 1013 3108 1084 Neque
3134 1018 3276 1072 enim
3314 1033 3374 1074 se
3413 1020 3589 1076 anima

2014 1101 2153 1155 sicut
2181 1102 2232 1155 in
2257 1103 2492 1158 membra
2519 1107 2780 1175 corporis,
2815 1106 2886 1162 ita
2915 1117 2968 1162 et
2998 1111 3048 1163 in
3075 1111 3387 1168 vestimenta
3417 1115 3587 1183 porriu

2015 1191 2090 1261 git
2109 1201 2162 1245 et
2185 1203 2442 1260 coarctat,
2472 1205 2528 1248 ut
2555 1198 2712 1250 etiam
2742 1196 2864 1252 inde
2885 1197 3160 1254 formetur.

2086 1282 2173 1337 50.
2207 1284 2332 1338 Post
2360 1293 2586 1340 mortem
2625 1301 2751 1341 vero
2789 1303 2948 1356 quam
2992 1289 3097 1344 vim
3127 1292 3440 1362 cognitionis
3469 1309 3589 1350 cor-

2017 1374 2352 1442 ruptibilibus
2397 1389 2699 1432 exonerata:
2741 1381 3056 1448 corporibus
3100 1383 3291 1437 anima:
3333 1384 3594 1453 accipiant

2015 1463 2173 1518 etiam
2203 1480 2306 1518 non
2339 1466 2523 1532 home;
2558 1476 2615 1522 ut
2640 1469 2722 1522 vel
2750 1471 2949 1538 pariter
2977 1471 3178 1537 malas,
3203 1473 3286 1529 vel
3313 1473 3472 1528 etiam
3500 1473 3593 1531 bo-

2017 1569 2114 1610 nas
2133 1555 2344 1611 valeant
2362 1557 2700 1614 interioribus
2721 1561 2965 1618 sensibus
2987 1563 3175 1620 intueri
3201 1574 3256 1621 et
3279 1580 3587 1636 agnoscere,

2017 1647 2131 1701 sive
2162 1647 2214 1701 in
2243 1647 2371 1717 ipsis
2396 1663 2502 1703 non
2527 1652 2864 1720 corporibus,
2897 1653 2990 1708 sed
3018 1653 3450 1712 similitudinibus
3475 1671 3595 1713 cor-

2019 1750 2225 1805 porum,
2257 1738 2450 1794 sivein
2483 1740 2634 1796 bonis
2663 1750 2754 1796 aut
2783 1743 2934 1800 malis
2963 1745 3330 1804 affectionibus
3361 1749 3555 1804 mentis
3575 1790 3590 1808 .

2017 1825 2071 1881 in
2099 1827 2291 1898 quibus
2332 1830 2474 1884 nulla
2503 1843 2626 1888 sunt
2657 1835 2806 1903 quasi
2838 1835 3156 1892 lineamenta
3194 1838 3555 1894 membrorum
3577 1882 3592 1906 ,

2015 1918 2135 1988 quis
2161 1919 2334 1976 valeat
2361 1921 2650 1994 indagare?
2677 1925 2830 1982 Unde
2853 1937 2935 1982 est
2963 1936 3018 1984 et
3047 1929 3195 1996 illud,
3225 1931 3368 2002 quod
3390 1941 3593 2000 patrem

2017 2008 2282 2064 Abraham
2308 2011 2456 2067 dives
2481 2015 2599 2078 ille,
2631 2031 2752 2070 eum
2782 2018 2834 2072 in
2863 2022 3141 2078 tormentis
3167 2031 3328 2088 esset,
3357 2031 3592 2094 agnovit,

2015 2099 2102 2154 cui
2129 2099 2294 2168 ﬁgura
2319 2105 2558 2172 corporis
2586 2105 2700 2176 ejus
2729 2125 2832 2164 non
2857 2121 2972 2166 erat
2999 2123 3141 2177 nota,
3171 2115 3322 2185 cujus
3349 2116 3595 2186 corporis

2014 2190 2412 2250 similitudinem
2432 2199 2674 2266 quamvis
2694 2201 3007 2270 incorporea
3037 2205 3053 2236 ⁸
3081 2206 3244 2274 potuit
3269 2207 3445 2262 anima
3469 2208 3595 2264 reti-

2015 2297 2162 2338 nere.
2191 2285 2321 2350 Quis
2340 2297 2514 2342 autem
2546 2299 2690 2344 recte
2707 2291 2866 2356 dicat,
2881 2307 2941 2348 se
2961 2293 3188 2364 aliquem
3204 2297 3470 2351 hominem
3497 2312 3594 2354 co-

2014 2377 2290 2446 gnovisse,
2318 2378 2418 2432 nisi
2450 2381 2501 2434 in
2531 2390 2786 2450 quantum
2813 2386 2982 2453 potuit
3016 2387 3134 2454 ejus
3161 2389 3320 2442 vitam
3348 2391 3594 2445 volunta-

2016 2477 2230 2540 temque
2266 2486 2616 2540 cognoscere,
2661 2489 2780 2546 quze
2805 2478 2982 2546 utique
3003 2479 3171 2533 moles
3192 2494 3296 2533 non
3319 2481 3476 2536 habet
3509 2483 3592 2536 vel

2014 2564 2260 2620 colores?
2287 2564 2379 2620 Sic
2406 2566 2548 2620 enim
2577 2574 2632 2622 et
2659 2582 2756 2622 nos
2786 2568 2930 2638 ipsos
2968 2571 3164 2625 certius
3191 2586 3347 2642 quam
3372 2582 3596 2628 cmteros

2015 2653 2290 2718 novimus,
2331 2655 2454 2724 quia
2494 2655 2646 2710 nobis
2685 2659 3010 2712 conscientia
3048 2673 3229 2714 nostra
3259 2670 3379 2714 nota
3423 2673 3505 2716 est
3542 2672 3597 2717 et

2014 2745 2296 2800 voluntas:
2324 2760 2482 2815 quam
2511 2747 2666 2815 plane
2693 2746 2962 2813 videmus,
3002 2758 3058 2804 et
3095 2749 3148 2804 in
3177 2764 3238 2804 ea
3281 2759 3456 2806 buten
3491 2751 3592 2806 ali-

2013 2852 2171 2908 quam
2209 2838 2450 2906 corporis
2475 2837 2870 2894 similitudinem
2912 2856 3016 2894 non
3051 2841 3313 2898 videmus.
3355 2842 3500 2898 Hanc
3539 2845 3592 2898 in

2013 2929 2120 2983 alio
2147 2929 2390 2998 quamvis
2418 2940 2678 2998 prmsente
2699 2947 2801 2984 non
2824 2931 3110 2996 cernimus,
3135 2933 3294 2988 etiam
3319 2933 3467 3003 cujus
3497 2935 3594 2990 ab-

2013 3019 2182 3074 sentis
2195 3017 2383 3074 faciem
2406 3019 2671 3085 novimus,
2691 3020 2994 3084 recolimus,
3017 3022 3329 3092 cogitamus.
3347 3023 3596 3082 Nostram

2013 3127 2142 3166 vero
2169 3111 2357 3167 faciem
2399 3127 2466 3168 eo
2497 3112 2654 3167 modo
2683 3127 2870 3178 nosse,
2914 3114 3185 3180 recolere,
3217 3117 3452 3186 cogitare
3489 3131 3595 3173 non

2013 3219 2319 3276 possumus,
2341 3215 2395 3260 et
2417 3215 2594 3261 tamen
2622 3221 2720 3261 nos
2741 3206 2884 3275 ipsos
2904 3207 3056 3262 nobis
3077 3208 3242 3278 magis
3267 3225 3423 3278 quam
3449 3210 3596 3266 illum

2014 3299 2282 3368 cognitum
2313 3299 2589 3354 verissime
2627 3299 2890 3356 dicimus:
2923 3301 2992 3354 ita
3021 3300 3226 3356 clarum
3269 3310 3379 3368 est,
3411 3301 3500 3358 ubi
3529 3304 3600 3359 sit

2015 3391 2190 3460 potior
2212 3389 2442 3446 hominis
2467 3391 2750 3461 veriurque
2777 3392 2982 3446 notitia.

2084 3479 2310 3537 CAPUT
2347 3481 2467 3537 XX.
2495 3511 2568 3524 —
2592 3484 2680 3539 51.
2711 3482 2842 3538 Cum
2874 3498 3003 3554 ergo
3026 3483 3166 3538 aliud
3197 3485 3266 3538 sit
3293 3483 3345 3538 in
3383 3485 3558 3540 anima
3579 3529 3594 3552 ,

2013 3585 2122 3640 quo
2161 3585 2382 3640 corpora
2425 3587 2548 3627 vera
2581 3573 2879 3639 sentimus,
2918 3573 3064 3642 quod
3107 3574 3328 3630 facimus
3367 3576 3600 3645 quinque

2005 3663 2257 3717 sensibus
2282 3663 2550 3732 corporis;
2583 3663 2723 3718 aliud
2749 3680 2856 3734 quo
2878 3673 3071 3734 prwter
3093 3667 3236 3736 ipsos
3261 3667 3450 3720 similia
3477 3681 3602 3722 cor-

2016 3751 2238 3822 poribus
2269 3768 2373 3806 nou
2400 3768 2624 3823 corpora
2651 3755 2950 3820 cernimus,
2985 3755 3070 3808 ubi
3111 3765 3165 3810 et
3194 3771 3290 3809 nos
3322 3756 3463 3824 ipsos
3491 3771 3599 3810 non

2013 3844 2171 3900 aliter
2197 3861 2354 3916 quam
2386 3846 2586 3901 similes
2611 3847 2924 3916 corporibus
2950 3857 3296 3910 contuemur;
3327 3845 3466 3899 aliud
3493 3862 3598 3913 quo

2015 3951 2115 3992 nec
2138 3951 2362 4006 corpora
2393 3954 2491 3993 nec
2511 3938 2884 3993 similitudines
2906 3953 3209 4008 corporum,
3243 3939 3377 3992 sicut
3403 3936 3559 3989 fidem
3579 3979 3592 3999 ,

2014 4042 2194 4098 spem,
2240 4028 2586 4093 eharitatem,
2621 4029 2736 4083 sine
2763 4029 2885 4084 ullis
2923 4029 3188 4084 coloribus
3217 4037 3270 4082 et
3301 4025 3598 4082 tumoribus

2013 4132 2304 4188 eorumque
2351 4119 2813 4184 similitudinibus,
2861 4118 3058 4174 certius
3107 4131 3236 4172 Sane
3288 4117 3597 4184 firmiusque

2013 4211 2368 4278 conspicimus
2389 4211 2506 4273 ςυὺί
2531 4209 2695 4278 magis
2715 4222 2834 4263 esse
2858 4217 2912 4263 et
2939 4207 3165 4278 quodam
3189 4208 3347 4264 modo
3374 4207 3596 4262 familia-

2015 4299 2124 4352 rius
2167 4299 2402 4353 habitare
2431 4298 2713 4364 debemus,
2761 4297 2848 4352 ubi
2889 4297 3135 4352 renovari
3177 4297 3229 4352 in
3269 4299 3594 4368 agnitionem

2016 4388 2107 4443 Dei
2137 4388 2425 4444 secundum
2457 4387 2736 4456 imaginem
2769 4387 2886 4456 ejus
2912 4387 3000 4457 qui
3029 4391 3228 4443 creavit
3256 4387 3390 4444 nos?
3414 4404 3592 4444 nonne

2015 4481 2066 4532 in
2095 4477 2197 4531 hoc
2220 4477 2362 4548 quod
2393 4475 2546 4531 tertio
2577 4477 2694 4532 loco
2731 4477 2923 4546 posui?
2951 4477 3026 4532 lbi
3069 4479 3209 4534 enim
3239 4487 3384 4534 certe
3424 4495 3596 4548 neque

2014 4568 2176 4622 nllmn
2204 4583 2390 4622 sexum
2411 4609 2425 4635 ,
2465 4583 2636 4638 neque
2663 4569 2822 4624 ullam
2863 4584 3028 4626 sexus
3068 4571 3470 4626 similitudinem
3501 4585 3593 4641 ge.

2015 4661 2202 4714 rimus.

2084 4750 2173 4806 '52.
2201 4749 2331 4805 Nam
2354 4751 2438 4805 illa
2463 4753 2770 4808 masculina:
2793 4755 2873 4809 vel
2901 4753 3167 4810 feminina:
3187 4757 3378 4809 animae
3400 4753 3588 4821 forma,

2013 4841 2269 4896 membris
2299 4841 2538 4896 virilibus
2579 4844 3030 4914 muliebribusque
3069 4845 3348 4908 distincta,
3399 4844 3443 4897 si
3491 4860 3602 4898 non

2013 4933 2253 5001 corporis
2291 4933 2609 4998 similitudo,
2657 4934 2752 4990 sed
2791 4950 2987 5004 corpus
3025 4945 3142 5001 est,
3181 4935 3318 4990 velis
3347 4933 3488 4990 nolis
3515 4943 3592 4988 est

2013 5025 2314 5091 masculus,
2356 5025 2490 5081 velis
2528 5027 2666 5082 nolis
2713 5037 2796 5082 est
2837 5027 3064 5094 femina,
3117 5041 3465 5096 qutccumque
3507 5039 3606 5084 aut

2016 5115 2282 5170 masculus
2307 5125 2528 5185 apparet
2553 5127 2645 5171 aut
2684 5117 2900 5172 femina.
2932 5115 3040 5172 Sed
3069 5125 3243 5170 tamen
3286 5116 3371 5170 si'
3398 5131 3592 5170 secun.

2014 5207 2140 5262 dum
2173 5217 2315 5262 tuam
2345 5209 2650 5278 opinionem
2683 5217 2738 5262 et
2761 5223 2954 5276 corpus
2989 5216 3071 5261 est
3099 5207 3274 5261 anima
3295 5248 3312 5273 ,
3339 5215 3394 5261 et
3419 5209 3596 5262 vivum

2013 5313 2207 5368 corpus
2229 5308 2332 5363 est,
2351 5311 2403 5354 et
2422 5299 2578 5354 habet
2597 5314 2857 5353 mammas
2872 5297 3199 5370 prottjmidas
3216 5307 3268 5353 et
3293 5297 3597 5370 propendu-

2017 5391 2116 5459 las,
2147 5401 2200 5448 et
2228 5408 2332 5448 non
2359 5391 2514 5448 habet
2545 5391 2784 5458 barbam,
2810 5400 2865 5447 et
2891 5391 3050 5448 habet
3079 5391 3286 5447 vulvam
3313 5401 3368 5447 et
3389 5392 3609 5465 genita-

2081 5572 2098 5604 ι
2133 5570 2204 5621 sic
2225 5578 2323 5621 Am.
2355 5575 2428 5620 Er.
2475 5575 2529 5620 et
2559 5568 2726 5632 plures
2755 5571 3085 5636 manuscripti.
3126 5577 3182 5621 At
3212 5577 3345 5632 tom,
3381 5569 3598 5634 interno.

2014 5645 2216 5744 Manilio
2236 5692 2471 5755 addlmus,
2508 5692 2582 5754 si,
2609 5705 2672 5743 ex
2705 5694 3078 5758 manuscriptis:
3125 5702 3175 5746 et
3219 5693 3341 5744 infra
3382 5691 3598 5742 restitui-

2017 5770 2140 5819 mus,
2164 5769 2308 5821 egone
2324 5769 2343 5818 ,'
2366 5769 2472 5820 pro,
2503 5769 2693 5822 ergone.
