4034 6182
341 363 444 420 535

345 477 416 528 lia
443 486 560 543 quae
590 468 784 524 habent
812 462 1022 521 femina:
1049 459 1288 530 corporis
1313 452 1548 510 membra
1567 491 1584 516 ,
1616 458 1808 543 et_non
1833 451 1917 543 est

345 537 541 620 femina
568 579 584 618 :
612 573 778 631 egone
803 572 908 612 non
935 553 1110 609 dicam
1139 565 1264 606 vera
1291 543 1644 607 constantius,
1671 539 1739 594 Et
1765 537 1923 631 habet

357 655 582 716 iculum,
613 626 668 706 et
690 647 850 703 habet
879 645 1133 715 linguam,
1159 649 1213 696 et
1239 638 1396 693 habet
1418 634 1662 704 digitum,
1693 639 1748 685 et
1772 626 1928 680 habet

365 753 542 800 :aatera
565 739 755 795 similia
785 736 1026 806 corporis
1051 731 1310 796 membra,
1339 737 1395 784 et
1428 726 1542 781 haec
1573 733 1680 779 tota
1705 727 1786 776 est
1810 734 1931 776 cor-

353 834 496 903 poris
515 824 824 894 similitudo,
853 841 959 880 non
987 838 1179 893 corpus
1204 839 1217 875 :
1248 835 1368 876 cum
1397 818 1496 872 hoc
1522 813 1663 886 quod
1686 826 1786 882 ego
1809 809 1931 903 dico

353 897 538 996 probet
558 909 699 991 apud
725 933 784 972 se
811 917 1062 988 quisque,-
1087 927 1208 970 cum
1235 921 1463 980 corpora
1489 903 1806 972 imaginatur
1833 897 1930 996 ab-

353 987 616 1076 sentium;
649 987 843 1080 probet
859 1015 1004 1062 certe
1024 1045 1039 1072 ,
1071 1017 1190 1058 cum
1220 999 1414 1069 figuras
1452 1003 1508 1050 et
1544 1006 1694 1048 suam
1721 999 1775 1045 et
1803 987 1935 1080 alias

351 1117 568 1157 suorum
591 1077 776 1156 recolit
796 1097 1123 1152 somniorum
1149 1111 1163 1146 :
1196 1108 1224 1145 a
1246 1098 1300 1145 te
1319 1097 1494 1142 autem
1517 1085 1674 1152 hujus
1691 1077 1934 1141 monstri,

357 1194 444 1249 ubi
469 1202 524 1248 et
546 1207 732 1246 verum
761 1197 860 1251 est,
893 1196 946 1242 et
975 1186 1153 1240 vivum
1180 1190 1282 1247 est,
1311 1189 1368 1234 et
1393 1176 1680 1232 femineum
1710 1178 1795 1227 est
1818 1183 1939 1222 eor-

355 1298 474 1353 pus,
503 1293 556 1338 et
583 1283 843 1338 femineus
873 1293 976 1332 non
1001 1284 1084 1332 est
1111 1287 1292 1338 sexus,
1329 1269 1534 1324 nullum
1560 1267 1614 1321 in
1640 1272 1826 1319 natura
1845 1274 1935 1314 re-

357 1392 474 1430 rum
504 1373 806 1446 proferatur
828 1366 1166 1438 exemplum?

429 1442 522 1521 3'5:
553 1464 702 1532 Quod
743 1463 885 1517 enim
916 1461 982 1516 de
1026 1457 1273 1528 phoenice
1319 1451 1586 1524 loqueris,
1617 1447 1685 1502 ad
1726 1459 1838 1502 rem
1873 1442 1940 1498 de

360 1571 462 1626 qua
511 1556 684 1624 agitur
735 1553 953 1608 omnino
1011 1565 1118 1604 non
1173 1547 1420 1619 pertinet.
1477 1538 1942 1598 Resurrectinnem

361 1648 559 1717 quippe
586 1645 672 1700 illa
703 1644 966 1714 signiﬁcat
991 1655 1274 1712 corporum
1296 1677 1312 1704 ,
1357 1651 1466 1692 non
1494 1648 1680 1691 sexum
1719 1629 1948 1686 destruit

361 1739 657 1791 animarum
685 1753 698 1789 :
729 1735 773 1790 si
805 1745 980 1789 tamen
1005 1773 1019 1798 ,
1051 1741 1110 1786 ut
1133 1729 1388 1794 creditur,
1429 1725 1497 1780 de
1533 1738 1630 1779 sua
1659 1731 1829 1778 morte
1854 1733 1944 1775 re-

363 1831 617 1886 nascitur.
647 1823 754 1884 Sed
794 1826 1027 1881 arbitror
1063 1821 1203 1892 quod
1235 1828 1386 1874 tuum
1425 1828 1730 1872 sermonem
1759 1826 1945 1881 parum

365 1921 636 1990 putaveris
665 1919 780 1974 fore
808 1915 1163 1988 plausibilem,
1195 1913 1242 1967 si
1267 1925 1373 1965 non
1405 1907 1568 1964 multa
1606 1905 1676 1961 de
1705 1901 1951 1974 phoenice

364 2027 518 2067 more
542 2009 961 2066 adolescentium
993 2005 1340 2062 declamares.
1370 1997 1633 2070 Numquid
1660 1996 1801 2052 enim
1826 2003 1953 2050 sunt

367 2105 420 2159 in
447 2097 562 2172 ejus
589 2115 816 2170 corpore
843 2099 1094 2172 genitalia
1127 2095 1417 2152 masculina
1453 2101 1508 2148 et
1537 2106 1645 2146 non
1686 2095 1770 2143 est
1831 2102 1950 2142 ma-

369 2195 572 2257 sculus,
602 2193 684 2248 vel
714 2191 965 2248 feminina
991 2198 1046 2245 et
1072 2204 1178 2244 non
1197 2196 1280 2244 est
1306 2184 1535 2240 femina?
1564 2181 1644 2237 Tu
1663 2190 1840 2236 autem
1865 2186 1952 2234 at-

372 2285 528 2341 tende
551 2285 677 2355 quid
705 2283 872 2350 dicas,
900 2281 1026 2352 quid
1047 2289 1309 2342 astruere,
1339 2275 1464 2347 quid
1497 2271 1820 2345 persuadere
1854 2282 1952 2324 co-

371 2375 537 2430 neris.
590 2375 837 2428 Animam
878 2371 1012 2427 dicis
1056 2386 1150 2440 per
1197 2378 1388 2422 cuncta
1430 2365 1666 2420 membra
1711 2360 1954 2416 dih‘usam

372 2463 599 2535 gelando
624 2463 872 2534 riguisse,
899 2471 955 2518 et
979 2477 1008 2514 a
1035 2459 1235 2515 vertice
1260 2472 1428 2526 usque
1461 2455 1528 2510 ad
1571 2454 1677 2508 ima
1701 2450 1918 2520 vestigia
1938 2490 1954 2516 ,

373 2571 404 2609 a
432 2553 682 2608 medullis
717 2552 916 2619 intimis
951 2565 1119 2620 usque
1145 2547 1209 2602 ad
1240 2543 1576 2616 superﬁciem
1603 2541 1762 2608 cutis,
1795 2548 1957 2594 totam

379 2647 543 2700 totius
567 2645 837 2714 accepisse
859 2641 1102 2712 corporis
1133 2639 1355 2693 formam
1381 2655 1394 2691 :
1423 2650 1488 2690 ac
1511 2649 1604 2704 per
1632 2632 1733 2686 hoc
1757 2629 1961 2700 accepit

381 2736 434 2789 in
461 2733 693 2790 femineo
718 2747 941 2802 corpore
973 2728 1226 2801 quidquid
1251 2727 1448 2782 habent
1491 2724 1844 2780 femincorum
1871 2720 1957 2775 vi-

375 2841 590 2882 scerum
611 2824 840 2891 feminae,
867 2831 922 2879 et
947 2837 1128 2877 verum
1154 2828 1236 2876 est
1261 2819 1365 2874 hoc
1385 2831 1602 2887 corpus,
1620 2823 1676 2872 et
1698 2814 1814 2868 haec
1835 2827 1960 2868 vera

375 2927 502 2973 sunt
530 2916 788 2981 membra,
815 2923 869 2969 et
889 2923 1066 2968 tamen
1089 2925 1193 2966 non
1221 2917 1304 2966 est
1332 2907 1546 2964 femina.
1575 2905 1704 2971 Cur,
1731 2902 1956 2959 obsecro

379 3018 432 3066 te
451 3053 467 3076 ,
513 3013 565 3064 in
596 3023 724 3064 vero
751 3017 804 3064 et
831 3007 955 3063 vivo
979 3021 1202 3076 corpore
1240 3002 1416 3058 omnia
1445 3007 1568 3056 sunt
1608 2997 1847 3053 membra
1875 2995 1958 3052 fe-

377 3099 588 3166 minea,
627 3107 684 3154 et
719 3113 825 3152 non
863 3105 948 3152 est
987 3093 1218 3160 femina;
1267 3092 1320 3147 in
1347 3105 1476 3147 vero
1503 3097 1560 3145 et
1595 3089 1714 3143 vivo
1738 3101 1966 3157 corpore

380 3187 618 3244 membra
644 3197 768 3243 sunt
794 3186 978 3242 omnia
993 3183 1301 3248 masculina,
1333 3189 1519 3237 etnon
1552 3187 1635 3234 est
1661 3175 1964 3233 masculus?

381 3280 510 3348 Quis
536 3279 634 3335 ista
662 3277 908 3343 credere,
938 3275 1135 3342 dicere,
1167 3273 1364 3329 docere
1389 3269 1711 3340 praesumat?
1736 3267 1816 3322 An
1842 3267 1964 3338 quia

381 3384 487 3424 non
512 3375 767 3440 generant
801 3366 1026 3422 animae?
1061 3363 1204 3435 Ergo
1241 3377 1345 3418 nec
1381 3359 1511 3416 muli
1551 3366 1606 3415 et
1644 3357 1800 3412 mulae
1845 3364 1969 3411 sunt

298 3469 304 3474 ‘
384 3459 603 3514 masculi
623 3468 678 3514 et
696 3457 930 3514 feminae.
960 3457 1042 3512 An
1068 3454 1190 3526 quia
1223 3469 1322 3510 nec
1340 3448 1698 3508 concumbere
1721 3455 1969 3519 poterunt

383 3549 501 3604 sine
525 3547 734 3603 carneis
761 3546 1074 3617 corporibus
1097 3544 1328 3600 animm?
1369 3543 1476 3599 Sed
1526 3543 1626 3597 hoc
1653 3539 1891 3595 aufertur
1916 3547 1972 3594 et

385 3637 471 3693 his
490 3637 578 3708 qui
599 3645 902 3692 castrantur
925 3654 940 3690 :
965 3645 1020 3694 et
1042 3645 1217 3690 tamen
1240 3649 1359 3690 cmn
1381 3632 1462 3689 eis
1479 3631 1742 3688 adimatur
1763 3641 1817 3686 et
1836 3643 1970 3700 opus

387 3737 443 3799 et
461 3737 662 3796 motus,
685 3741 792 3783 non
823 3725 1074 3783 adimitur
1097 3740 1275 3790 sexus,
1301 3724 1465 3795 figura
1491 3721 1971 3793 quantulacumque

388 3818 800 3874 Inascnlinorum
826 3827 1078 3872 manente
1117 3816 1499 3871 membrorum.
1530 3813 1698 3868 Nemo
1739 3827 1969 3881 unquam

389 3909 682 3965 masculum
733 3909 945 3980 negavit
986 3907 1311 3964 eunuchum.
1361 3905 1494 3972 Quid
1535 3903 1687 3974 'quod
1732 3903 1870 3974 apud
1921 3911 1974 3958 te

387 4001 580 4055 anima:
608 3999 768 4054 etiam
793 3998 1161 4054 cunuchorum
1198 4005 1363 4051 testes
1400 3996 1633 4065 integros
1663 3993 1889 4060 habent,
1921 4003 1976 4049 et

389 4092 434 4146 si
473 4091 718 4162 cuiquam
748 4089 996 4162 genitalia
1041 4102 1258 4158 prorsus
1304 4097 1412 4143 tota
1461 4087 1732 4152 tollantur,
1773 4095 1880 4141 tota
1919 4085 1972 4140 in

391 4183 506 4252 ejus
535 4184 742 4248 anima,
772 4181 1065 4237 secundum
1103 4181 1407 4250 opinionem
1437 4187 1614 4246 tuam,
1661 4188 1716 4234 et
1755 4180 1986 4252 omnino!

395 4275 599 4344 integra
631 4273 1046 4343 permanebunt?
1074 4271 1229 4326 Novit
1253 4271 1395 4326 enim
1422 4284 1482 4326 se
1509 4269 1822 4326 subtrahere
1839 4311 1854 4335 ,
1873 4253 1987 4324 sic-I

403 4375 460 4418 ut
496 4367 662 4428 dicis.
698 4375 818 4418 eum
865 4381 924 4418 ea
967 4379 1089 4434 pars
1132 4365 1310 4419 carnis
1349 4363 1573 4434 cmperit
1609 4362 1879 4428 exsecari;
1911 4370 1970 4416 ut

398 4471 459 4510 ea
491 4454 662 4509 forma
704 4471 824 4525 qua:
867 4455 990 4510 inde
1032 4464 1242 4525 sumpta
1287 4465 1403 4521 est,
1446 4454 1658 4524 quando
1685 4453 1807 4508 illud
1840 4453 1981 4509 unde

400 4556 612 4616 sumpta
650 4554 734 4600 est
761 4554 1086 4614 amputatur,
1127 4562 1229 4600 non
1263 4553 1476 4614 pereat;
1507 4544 1600 4599 sed
1627 4545 1868 4614 quamvis
1898 4545 1949 4598 in

402 4639 515 4694 fusa
546 4638 824 4708 gelavcrit,
849 4645 995 4692 motu
1023 4645 1196 4690 tamen
1225 4635 1506 4691 celerrimo
1534 4635 1786 4704 rapiatur,
1815 4643 1868 4689 et
1897 4635 1982 4689 in-

399 4731 568 4787 terius
597 4728 940 4794 recondatur,
981 4737 1039 4780 ut
1069 4725 1209 4781 salva
1258 4731 1534 4779 servetur:
1565 4733 1618 4779 et
1662 4733 1836 4780 tamen
1874 4741 1982 4778 non

398 4821 470 4876 sit
493 4819 762 4876 masculus
789 4818 928 4890 apud
959 4817 1187 4883 inferos,
1231 4816 1644 4871 maseulinorum
1673 4817 1981 4886 genitalium

400 4930 580 4970 secum
607 4913 838 4968 all‘erens
865 4913 883 4945 ⁸
917 4920 1083 4968 totum
1106 4953 1120 4975 ,
1152 4911 1242 4982 qui
1272 4925 1394 4965 cum
1421 4909 1508 4964 illa
1548 4909 1600 4964 in
1626 4924 1851 4980 corpore
1879 4927 1985 4966 non

403 4985 627 5060 haberet
645 5046 660 5071 ,
689 5005 956 5060 masculus
985 5001 1084 5058 fuit
1126 5011 1342 5072 propter
1369 5015 1552 5056 eorum
1582 5001 1752 5056 solum
1783 5001 1982 5056 locum.

404 5092 558 5150 Falsa
585 5103 708 5150 sunt
732 5094 866 5160 hmc,
896 5093 970 5150 ﬁli
997 5111 1009 5148 :
1035 5093 1080 5148 si
1106 5108 1212 5148 non
1238 5091 1318 5147 vis
1345 5099 1402 5147 ut
1421 5092 1491 5147 sit
1516 5091 1569 5146 in
1593 5092 1769 5146 anima
1793 5107 1984 5160 sexus;

407 5201 510 5242 non
541 5185 612 5241 sit
635 5195 688 5240 et
716 5201 932 5254 corpus.

475 5279 700 5334 CAPUT
731 5277 1060 5334 IUL—34.
1087 5277 1205 5334 Non
1225 5277 1400 5333 omnis
1428 5275 1721 5330 similitudo
1741 5277 1991 5346 corporis

407 5383 600 5438 corpus
631 5379 732 5426 est.
767 5371 966 5438 Dormi,
993 5379 1048 5426 et
1076 5369 1279 5424 videbis
1305 5388 1317 5422 :
1350 5367 1443 5423 sed
1473 5383 1594 5422 cum
1624 5367 1986 5438 evigilaveris,

409 5459 691 5531 vigilanter
718 5460 961 5516 discerne
988 5459 1129 5531 quod
1155 5459 1369 5515 videris.
1407 5459 1463 5514 ln
1492 5459 1696 5514 somnis
1723 5458 1864 5514 enim
1898 5459 1990 5514 tibi

411 5553 556 5608 velut
596 5565 885 5621 corporeus
927 5551 1210 5622 apparebis
1243 5569 1256 5604 :
1301 5567 1471 5622 neque
1502 5552 1552 5606 id
1583 5566 1777 5624 corpus
1810 5561 1988 5620 tuum,

475 5685 491 5718 ι
519 5680 658 5738 aditi,
681 5682 919 5742 auferens.
961 5689 1018 5732 At
1046 5694 1226 5747 omnes
1259 5695 1409 5747 prope
1447 5691 1570 5747 uss“
1607 5683 1810 5746 aﬂ'erens
1846 5696 1984 5747 :quo

417 5748 564 5796 verbo
587 5751 875 5793 ntonatratur
888 5745 1200 5792 contrarietas
1217 5746 1265 5792 in
1286 5744 1426 5794 dictis
1449 5745 1597 5807 ipsius
1621 5744 1834 5795 victoris.

1228 343 1316 400 DE
1352 338 1564 398 ANIMA
1607 334 1692 392 ET
1733 329 1895 390 ειυς
1933 324 2235 394 οιιιαιπε,
2273 325 2332 382 S.
2373 319 2740 380 AUGUSTINI

2035 439 2127 496 sed
2156 439 2330 494 anima
2359 447 2468 502 tua,
2495 451 2594 492 nec
2618 449 2802 490 verum
2831 447 3043 503 corpus,
3075 429 3168 487 sed
3195 427 3486 486 similitudo
3500 447 3624 484 coro

2036 530 2182 601 peris
2200 529 2320 585 erit.
2342 527 2548 584 Jacebit
2571 525 2715 582 enim
2737 538 2932 594 corpus
2957 531 3128 589 tuum,
3151 519 3443 576 ambulabit
3469 521 3579 592 ipsa
3604 538 3617 574 :

2036 622 2213 678 silebit
2236 622 2412 692 lingua
2438 618 2680 689 corporis
2711 619 2807 683 tui,
2839 617 3086 686 loquetur
3113 615 3239 670 illa:
3264 614 3437 690 clausi
3463 623 3625 669 erunt

2037 713 2176 768 oculi
2209 714 2309 781 tui,
2333 712 2532 768 videbit
2559 712 2644 765 illa
2671 728 2685 765 :
2712 719 2766 765 et
2795 709 2976 780 utique
3019 708 3250 764 viventia
3271 706 3522 777 iacebunt
3549 717 3625 760 tut

2039 807 2282 876 corporis
2309 806 2550 861 membra
2571 847 2586 869 ,
2617 820 2722 860 non
2760 812 2988 858 mortua.
3022 804 3099 857 Ac
3138 817 3233 872 per
3263 802 3365 857 hoc
3391 802 3626 857 nondum

2039 905 2276 953 extracta
2318 906 2400 951 est
2425 896 2570 950 velut
2607 895 2676 951 de
2715 893 2903 966 vagina
2943 907 3058 957 sua.
3095 892 3266 964 gelata
3301 889 3392 946 illa
3419 891 3584 947 forma
3609 932 3626 958 ,

2043 985 2179 1040 sicut
2207 994 2360 1054 putas
2381 1026 2396 1052 ,
2437 985 2629 1040 animae
2671 993 2810 1050 tuae,
2856 993 2912 1039 et
2942 983 2994 1038 in
3033 996 3096 1038 ea
3126 992 3303 1037 tamen
3337 989 3444 1035 tota
3469 990 3630 1051 atque

2045 1079 2246 1148 integra
2268 1079 2505 1134 cernitur
2521 1077 2812 1133 similitudo
2839 1077 3018 1134 carnis
3051 1086 3175 1132 tum.
3209 1077 3286 1131 Ex
3311 1075 3412 1131 hoc
3433 1091 3630 1146 genere

2045 1169 2448 1224 similitudinum
2492 1169 2882 1240 corporalium,
2923 1183 3043 1238 qua:
3080 1182 3185 1222 non
3227 1179 3450 1236 corpora
3493 1166 3636 1220 sicut

2046 1274 2273 1330 corpora
2300 1268 2558 1330 apparent
2580 1301 2595 1323 ,
2645 1266 2771 1312 sunt
2809 1257 2990 1312 omnia
3030 1249 3156 1327 "quae
3191 1265 3402 1311 sanctos
3444 1253 3634 1310 Libros

2048 1351 2233 1421 legens
2261 1352 2315 1405 in
2346 1349 2666 1420 prepbeticis
2695 1349 2856 1405 etiam
2887 1349 3184 1404 visionibus
3202 1364 3306 1402 non
3338 1347 3586 1418 intelligis
3617 1366 3630 1403 :

2047 1442 2239 1514 quibus
2266 1441 2634 1513 significantur
2659 1457 2722 1498 ea
2747 1457 2867 1512 qua:
2892 1450 3153 1511 geruntur
3183 1440 3234 1496 in
3267 1441 3593 1511 temporibus
3611 1481 3630 1507 ,

2048 1533 2132 1586 vel
2151 1533 2423 1604 praesenti,
2445 1532 2532 1587 vel
2558 1532 2850 1602 praeterito,
2871 1532 2955 1588 vel
2976 1530 3176 1587 futuro.
3209 1530 3437 1587 Falleris
3457 1538 3635 1586 autem

2051 1625 2104 1680 in
2147 1625 2257 1691 eis,
2290 1640 2394 1679 non
2422 1625 2548 1695 quia
2573 1632 2700 1680 sunt
2735 1625 2850 1694 ipsa
2891 1622 3100 1678 fallacia
3121 1665 3137 1690 ,
3169 1621 3262 1679 sed
3289 1623 3412 1694 quia
3441 1638 3546 1686 non
3572 1638 3638 1680 ea

2051 1714 2190 1770 sicut
2228 1712 2536 1784 accipienda
2583 1721 2709 1768 sunt
2748 1713 2968 1784 accipis.
3019 1711 3123 1768 Ubi
3167 1713 3310 1768 enim
3351 1712 3478 1767 visa:
3515 1721 3640 1768 sunt

2051 1810 2243 1865 anima:
2273 1818 2562 1882 martyrum
2585 1809 2766 1881 (Apoc.
2793 1825 2866 1875 vl,
2893 1807 2984 1881 9),
3014 1807 3080 1864 inl
3097 1807 3286 1864 eadem
3317 1807 3635 1863 refelatione

2052 1901 2198 1956 visus
2215 1909 2296 1956 est
2315 1909 2371 1956 et
2383 1915 2553 1972 agnus
2579 1900 2730 1972 quasi
2745 1899 2975 1966 occisus,
2997 1899 3201 1954 habens
3219 1913 3418 1954 cornua
3436 1906 3637 1968 septem

2055 1989 2166 2062 (Id.
2195 2007 2247 2057 v,
2271 1988 2360 2064 6):
2390 1991 2461 2047 ibi
2487 1991 2644 2062 equi,
2675 1991 2884 2062 aliaque
2908 1991 3157 2046 animalia
3175 2031 3193 2058 ,
3235 1990 3373 2045 sicut
3397 1991 3632 2061 oportuit

2057 2085 2311 2156 figurata:
2343 2085 2413 2140 ibi
2440 2093 2714 2155 postremo
2736 2093 2792 2140 et
2817 2083 2985 2140 stellze
3012 2079 3342 2146 ceciderunt,
3369 2089 3423 2136 et
3443 2080 3640 2136 caelum

2056 2177 2290 2248 plicitum
2314 2178 2330 2210 ί
2369 2187 2452 2233 est
2490 2187 2547 2232 ut
2573 2177 2708 2232 liber
2737 2174 2847 2248 (Id.
2878 2191 2928 2230 vt
2954 2185 3002 2230 et
3032 2176 3144 2246 rx);
3172 2189 3274 2229 nec
3303 2183 3486 2229 tamen
3515 2181 3642 2228 tunc

2057 2266 2287 2322 concidit
2313 2267 2560 2322 mundus.
2589 2265 2690 2322 [sta
2723 2267 2900 2337 itaque
2927 2265 3106 2320 omnia
3132 2266 3176 2320 si
3207 2265 3475 2334 sapienter
3505 2263 3644 2318 acci-

2058 2359 2252 2430 pinms,
2276 2359 2518 2428 quamvis
2536 2358 2775 2414 dicamus
2795 2359 2909 2414 visa
2929 2355 3162 2422 veracia,
3189 2369 3294 2411 non
3325 2363 3496 2410 tamen
3521 2368 3644 2409 vera

2059 2449 2287 2506 dicimus
2312 2465 2558 2522 corpora.

2049 2583 2059 2592 .
2133 2543 2222 2598 35.
2262 2543 2575 2598 Prolixioris
2603 2550 2783 2598 autem
2807 2541 3071 2597 sermonis
3099 2549 3200 2608 est,
3226 2539 3294 2597 de
3323 2539 3428 2595 isto
3451 2553 3646 2612 genere

2062 2633 2468 2690 similitudinum
2499 2634 2856 2704 corporalium
2885 2632 3290 2704 diligentissima
3329 2631 3645 2702 disputatio,

2063 2731 2240 2778 utrum
2283 2731 2336 2780 et
2376 2724 2594 2795 Angeli,
2639 2740 2734 2779 seu
2763 2725 2921 2791 boni,
2953 2740 3046 2780 seu
3074 2725 3198 2780 mali
3221 2725 3300 2779 sic
3325 2731 3644 2794 appareant,

2064 2813 2276 2884 quando
2305 2815 2482 2884 specie
2507 2814 2811 2881 hominum,
2855 2815 2939 2871 vel
2965 2815 3324 2885 quorumlibet
3360 2829 3643 2886 cor-porum

2067 2915 2354 2976 apparent;
2378 2920 2445 2959 an
2471 2903 2704 2961 habeant
2726 2906 2900 2976 aliqua
2930 2921 3055 2961 vera
3077 2920 3324 2976 corpora,
3351 2915 3405 2962 et
3431 2907 3482 2960 in
3509 2905 3650 2976 ipso-

2066 3012 2185 3054 rum
2216 2999 2389 3068 potius
2414 2998 2640 3054 veritate
2664 2998 2980 3055 videantur:
3005 3013 3074 3054 an
3098 3013 3228 3055 vero
3250 2999 3308 3054 in
3333 2999 3539 3055 somnis
3565 2999 3650 3055 vel

2067 3088 2122 3144 in
2148 3089 2338 3144 ecstasi
2357 3130 2374 3156 ,
2402 3089 2456 3144 in
2479 3088 2597 3145 istis
2622 3100 2928 3155 cernantur,
2960 3105 3067 3145 non
3089 3089 3436 3161 corporibus,
3457 3090 3550 3146 sed
3578 3091 3652 3146 si-

2069 3179 2459 3237 militudinibus
2509 3196 2842 3252 corporum;
2905 3181 3250 3252 vigilantibus
3297 3191 3476 3238 autem
3529 3197 3651 3238 vera

2071 3271 2372 3337 cernenda,
2415 3280 2471 3325 et
2511 3271 2555 3326 si
2594 3287 2726 3342 opus
2754 3280 2873 3340 est,
2919 3273 3082 3328 etiam
3122 3273 3384 3345 tangenda
3416 3274 3657 3344 ingerant

2067 3373 2318 3431 corpora.
2365 3361 2470 3418 Sed
2513 3362 2611 3418 ista
2655 3363 2707 3418 in
2753 3362 2857 3418 hoc
2901 3364 3036 3420 libro
3079 3364 3397 3436 requirenda
3437 3375 3491 3422 et
3529 3379 3654 3436 per-

2070 3451 2345 3507 tractanda
2383 3467 2505 3508 esse
2548 3469 2654 3508 non
2691 3453 2942 3509 arbitror.
2989 3454 3142 3510 Nunc
3164 3455 3231 3510 de
3259 3457 3432 3510 anima
3469 3457 3650 3512 incor-

2072 3555 2235 3613 porea
2277 3543 2408 3598 satis
2449 3542 2648 3599 dictum
2691 3545 2804 3600 sit:
2851 3560 3011 3616 quam
3037 3547 3435 3616 sitcorporcam
3479 3548 3653 3602 mavis

2073 3632 2314 3700 credere,
2339 3634 2484 3704 prius
2503 3634 2596 3690 tibi
2615 3635 2974 3691 definiendum
3001 3645 3084 3692 est
3103 3637 3228 3708 quid
3253 3637 3322 3692 sit
3345 3652 3567 3708 corpus;
3592 3654 3661 3694 no

2076 3724 2212 3780 forte
2250 3740 2370 3780 cum
2397 3726 2466 3782 de
2489 3739 2550 3782 re
2575 3726 2688 3798 ipsa
2733 3727 2870 3783 inter
2893 3743 2992 3784 nos
3016 3736 3252 3793 constet,
3297 3729 3560 3787 incassum
3592 3729 3662 3784 de

2076 3815 2290 3872 nomine
2321 3817 2645 3874 laboremus.
2675 3818 2883 3886 Quanta
2921 3829 2974 3875 te
2999 3810 3178 3876 tamen
3213 3820 3439 3876 absurda
3470 3831 3652 3877 secuta

2077 3905 2186 3960 sint
2211 3905 2315 3960 tale
2339 3921 2536 3978 corpus
2561 3907 2616 3962 in
2641 3909 2818 3963 anima
2843 3910 3189 3980 cogitantem,
3211 3910 3385 3980 qualia
3407 3919 3664 3982 suntquae

2079 3995 2148 4050 ab
2165 3996 2413 4052 omnibus
2433 3997 2657 4052 eruditis
2682 4013 2904 4068 corpora
2928 4009 3317 4070 nuneupantur,
3346 3999 3400 4054 id
3421 4011 3522 4065 est,
3545 4015 3664 4072 qnze

2077 4099 2178 4156 per
2205 4085 2509 4141 distantiam
2546 4088 2925 4160 longitudinis,
2972 4088 3294 4157 latitudinis,
3338 4090 3664 4158 altitudinis,

2082 4177 2323 4234 locorum
2346 4190 2608 4249 occupant
2634 4181 2824 4250 spatia,
2853 4181 3061 4236 minora
3091 4183 3388 4238 minoribus
3407 4183 3517 4238 suis
3547 4197 3669 4252 par-

2083 4267 2244 4333 tihns,
2274 4278 2328 4324 et
2356 4269 2555 4340 majora
2587 4271 2899 4342 majoribus,
2930 4281 3060 4342 puto
3077 4272 3218 4344 quod
3240 4274 3351 4344 jam
3380 4273 3668 4345 prudenter

2083 4358 2351 4414 advertas.

2156 4451 2381 4508 CAPUT
2420 4453 2585 4509 XXII.
2603 4454 2776 4511 —36.
2807 4454 2994 4511 Restat
3022 4455 3307 4513 ostendere
3327 4456 3669 4528 quemadmo-

2085 4546 2244 4610 dum,
2282 4547 2525 4618 quamvis
2561 4559 2615 4604 et
2648 4550 2862 4620 proprie
2885 4549 3092 4605 dicatur
3117 4552 3369 4621 Spiritus,
3416 4565 3520 4606 non
3547 4549 3669 4605 nni~

2087 4652 2239 4693 versa
2267 4639 2464 4705 anima;
2489 4639 2581 4694 sed
2607 4639 2805 4710 aliquid
2834 4641 3021 4710 ipsius,
3051 4641 3188 4696 sicut
3213 4641 3500 4711 Apostolus
3521 4640 3670 4706 dicit,

2089 4728 2158 4784 Et
2185 4729 2376 4801 integer
2401 4731 2610 4800 spiritus
2635 4740 2816 4796 vester,
2838 4741 2886 4786 et
2911 4733 3082 4786 anima
3101 4773 3117 4799 ,
3147 4742 3194 4786 et
3215 4749 3400 4804 corpus
3425 4731 3466 4802 (I
3489 4731 3672 4788 Thess.

2089 4837 2143 4887 v,
2169 4821 2296 4892 23);
2325 4823 2408 4878 vel
2433 4822 2559 4877 illud
2582 4823 2751 4878 multo
2774 4824 3080 4894 expressius
3109 4825 3162 4879 in
3191 4824 3328 4880 libro
3355 4824 3476 4892 Job,
3499 4824 3679 4879 Absol-

2091 4913 2202 4967 visti
2229 4913 2452 4966 animam
2475 4930 2637 4968 meam
2657 4913 2718 4968 ab
2739 4914 2919 4985 spiritu
2941 4931 3050 4970 meo
3076 4913 3197 4986 (Job
3223 4931 3315 4980 vn,
3344 4931 3445 4970 sec.
3469 4914 3633 4986 LXX)
3663 4933 3680 4970 :

2092 5012 2271 5059 tamen
2315 5013 2370 5060 et
2414 5005 2656 5060 universa
2695 5007 2874 5060 anima
2917 5007 3214 5077 appelletur
3261 5006 3365 5064 hoc
3419 5009 3678 5073 nomine;

2093 5095 2334 5165 quamvis
2361 5095 2530 5150 multo
2555 5097 2724 5168 magis
2746 5097 2860 5152 lucc
2883 5099 3109 5168 qurnstio
3137 5099 3415 5153 nominum
3441 5098 3680 5153 videatur

2096 5201 2215 5243 esse
2235 5229 2250 5254 ,
2295 5201 2402 5242 non
2433 5201 2633 5242 rerum.
2664 5188 2798 5243 Cum
2824 5189 2968 5243 enim
2996 5195 3208 5245 constet
3245 5203 3366 5244 esse
3403 5188 3601 5259 aliquid
3630 5190 3683 5244 in

2095 5280 2288 5346 anima,
2313 5279 2456 5350 quod
2492 5281 2708 5352 preprie
2734 5279 2954 5350 spiritus
2979 5281 3282 5337 nominetur
3309 5323 3325 5348 ,
3368 5297 3474 5352 quo
3518 5295 3679 5336 exce-

2100 5380 2190 5441 pto
2232 5373 2449 5443 proprie
2528 5384 2841 5429 nominatur
2900 5381 2956 5429 et
3024 5374 3243 5439 anima,
3313 5375 3426 5444 jam
3476 5374 3546 5430 de
3596 5388 3680 5428 re-

2101 5463 2198 5518 bus
2239 5465 2368 5534 ipsis
2410 5465 2552 5519 nulla
2597 5465 2870 5520 contentio
2909 5472 3024 5531 est;
3064 5466 3359 5536 prmsertim
3401 5468 3524 5538 quia
3557 5462 3684 5519 illud

2101 5557 2260 5611 etiam
2285 5571 2384 5627 ego
2403 5557 2522 5611 dico
2544 5557 2755 5627 preprie
2780 5557 2956 5612 vocari
2983 5557 3250 5628 spiritum,
3275 5557 3418 5630 quod
3445 5567 3500 5612 ct
3524 5565 3576 5611 tu
3602 5555 3685 5610 di-

2103 5649 2198 5711 cis,
2235 5647 2284 5701 id
2315 5655 2414 5714 est,
2445 5662 2552 5718 quo
2583 5647 2962 5704 ratiocinamur
2991 5657 3044 5704 et
3076 5648 3448 5720 intelligimus,
3479 5645 3686 5718 quando

2171 5743 2186 5773 ί
2213 5742 2279 5788 air
2299 5738 2405 5787 Mss.
2436 5741 2569 5799 Editt,
2594 5739 2839 5802 υἱέι-αιδην.

3505 317 3618 373 564
3689 321 3715 354 κ

4032 5 4034 64 l

4032 77 4034 128 |

4031 331 4034 452 ἰ

4031 461 4034 596 1
