  <div class='ocr_page' id='page_1' title='image "/cluster/home/n/w/nwhite01/storage/ocr_20150623/44/hvd.32044069687945/278.png"; bbox 0 0 4010 6186; ppageno 0'>
   <div class='ocr_carea' id='block_1_1' title="bbox 325 302 2255 377">
    <p class='ocr_par' dir='ltr' id='par_1_1' title="bbox 325 302 2255 377">
     <span class='ocr_line' id='line_1_1' title="bbox 325 302 2255 377; baseline 0.015 -36"><span class='ocrx_word' id='word_1_1' title='bbox 325 302 428 357; x_wconf 63' lang='grc' dir='ltr'><strong>με</strong></span> <span class='ocrx_word' id='word_1_2' title='bbox 1677 307 1876 362; x_wconf 76' lang='lat' dir='ltr'><strong>LIBER</strong></span> <span class='ocrx_word' id='word_1_3' title='bbox 1916 307 2255 377; x_wconf 77' lang='lat' dir='ltr'><strong>QUARTUS.</strong></span> 
     </span>
    </p>
   </div>
   <div class='ocr_carea' id='block_1_2' title="bbox 322 415 1907 490">
    <p class='ocr_par' dir='ltr' id='par_1_2' title="bbox 322 415 1907 490">
     <span class='ocr_line' id='line_1_2' title="bbox 322 415 1907 490; baseline 0.003 -19"><span class='ocrx_word' id='word_1_4' title='bbox 322 418 390 472; x_wconf 83' lang='lat' dir='ltr'><strong>ita</strong></span> <span class='ocrx_word' id='word_1_5' title='bbox 418 415 671 473; x_wconf 71' lang='lat' dir='ltr'><strong>distincte</strong></span> <span class='ocrx_word' id='word_1_6' title='bbox 709 418 808 474; x_wconf 90' lang='lat' dir='ltr'><strong>ista</strong></span> <span class='ocrx_word' id='word_1_7' title='bbox 834 418 1110 485; x_wconf 89' lang='lat' dir='ltr'><strong>dicuntur,</strong></span> <span class='ocrx_word' id='word_1_8' title='bbox 1149 420 1594 489; x_wconf 82' lang='lat' dir='ltr'><strong>quemadmodum</strong></span> <span class='ocrx_word' id='word_1_9' title='bbox 1623 421 1907 490; x_wconf 78' lang='lat' dir='ltr'><strong>Apostolus</strong></span> 
     </span>
    </p>
   </div>
   <div class='ocr_carea' id='block_1_3' title="bbox 317 506 1907 581">
    <p class='ocr_par' dir='ltr' id='par_1_3' title="bbox 317 506 1907 581">
     <span class='ocr_line' id='line_1_3' title="bbox 317 506 1907 581; baseline 0.003 -19"><span class='ocrx_word' id='word_1_10' title='bbox 317 511 410 573; x_wconf 73' lang='lat' dir='ltr'><strong>sit,</strong></span> <span class='ocrx_word' id='word_1_11' title='bbox 441 506 511 560; x_wconf 80' lang='lat' dir='ltr'><strong>Et</strong></span> <span class='ocrx_word' id='word_1_12' title='bbox 533 510 723 580; x_wconf 86' lang='lat' dir='ltr'><strong>integer</strong></span> <span class='ocrx_word' id='word_1_13' title='bbox 744 510 952 579; x_wconf 87' lang='lat' dir='ltr'><strong>spiritus</strong></span> <span class='ocrx_word' id='word_1_14' title='bbox 978 520 1153 574; x_wconf 86' lang='lat' dir='ltr'><strong>vester,</strong></span> <span class='ocrx_word' id='word_1_15' title='bbox 1178 521 1224 566; x_wconf 83' lang='lat' dir='ltr'><strong>et</strong></span> <span class='ocrx_word' id='word_1_16' title='bbox 1244 511 1436 579; x_wconf 84' lang='lat' dir='ltr'><strong>anima,</strong></span> <span class='ocrx_word' id='word_1_17' title='bbox 1459 521 1507 566; x_wconf 90' lang='lat' dir='ltr'><strong>et</strong></span> <span class='ocrx_word' id='word_1_18' title='bbox 1528 527 1731 581; x_wconf 88' lang='lat' dir='ltr'><strong>corpus.</strong></span> <span class='ocrx_word' id='word_1_19' title='bbox 1758 512 1907 567; x_wconf 87' lang='lat' dir='ltr'><strong>IIunc</strong></span> 
     </span>
    </p>
   </div>
   <div class='ocr_carea' id='block_1_4' title="bbox 3492 341 3596 401">
    <p class='ocr_par' dir='ltr' id='par_1_4' title="bbox 3492 341 3596 401">
     <span class='ocr_line' id='line_1_4' title="bbox 3492 341 3596 401; baseline 0.029 -4"><span class='ocrx_word' id='word_1_20' title='bbox 3492 341 3596 401; x_wconf 60' lang='lat'><strong>5&amp;6</strong></span> 
     </span>
    </p>
   </div>
   <div class='ocr_carea' id='block_1_5' title="bbox 2020 426 3602 519">
    <p class='ocr_par' dir='ltr' id='par_1_5' title="bbox 2020 426 3602 519">
     <span class='ocr_line' id='line_1_5' title="bbox 2020 426 3602 519; baseline 0.023 -43"><span class='ocrx_word' id='word_1_21' title='bbox 2020 433 2136 491; x_wconf 80' lang='lat' dir='ltr'><strong>est,</strong></span> <span class='ocrx_word' id='word_1_22' title='bbox 2171 426 2347 484; x_wconf 72' lang='lat' dir='ltr'><strong>Nolite</strong></span> <span class='ocrx_word' id='word_1_23' title='bbox 2383 448 2488 487; x_wconf 87' lang='lat' dir='ltr'><strong>esse</strong></span> <span class='ocrx_word' id='word_1_24' title='bbox 2524 437 2654 491; x_wconf 89' lang='lat' dir='ltr'><strong>sicut</strong></span> <span class='ocrx_word' id='word_1_25' title='bbox 2693 456 2847 511; x_wconf 77' lang='lat' dir='ltr'><strong>equus</strong></span> <span class='ocrx_word' id='word_1_26' title='bbox 2881 453 2926 497; x_wconf 88' lang='lat' dir='ltr'><strong>et</strong></span> <span class='ocrx_word' id='word_1_27' title='bbox 2956 446 3150 514; x_wconf 85' lang='lat' dir='ltr'><strong>mulus,</strong></span> <span class='ocrx_word' id='word_1_28' title='bbox 3190 449 3365 519; x_wconf 83' lang='lat' dir='ltr'><strong>quibus</strong></span> <span class='ocrx_word' id='word_1_29' title='bbox 3393 470 3492 509; x_wconf 87' lang='lat' dir='ltr'><strong>non</strong></span> <span class='ocrx_word' id='word_1_30' title='bbox 3529 472 3602 514; x_wconf 73' lang='lat' dir='ltr'><strong>est</strong></span> 
     </span>
    </p>
   </div>
   <div class='ocr_carea' id='block_1_6' title="bbox 2015 512 3598 608">
    <p class='ocr_par' dir='ltr' id='par_1_6' title="bbox 2015 512 3598 608">
     <span class='ocr_line' id='line_1_6' title="bbox 2015 512 3598 608; baseline 0.025 -45"><span class='ocrx_word' id='word_1_31' title='bbox 2015 512 2296 570; x_wconf 81' lang='lat' dir='ltr'><strong>intellectus</strong></span> <span class='ocrx_word' id='word_1_32' title='bbox 2327 518 2496 590; x_wconf 87' lang='lat' dir='ltr'><strong>(Psat.</strong></span> <span class='ocrx_word' id='word_1_33' title='bbox 2528 539 2671 590; x_wconf 65' lang='grc' dir='ltr'><strong>χχχι,</strong></span> <span class='ocrx_word' id='word_1_34' title='bbox 2706 528 2781 599; x_wconf 87' lang='lat'><strong>9).</strong></span> <span class='ocrx_word' id='word_1_35' title='bbox 2826 531 2957 597; x_wconf 62' lang='lat' dir='ltr'><strong>Quae</strong></span> <span class='ocrx_word' id='word_1_36' title='bbox 2985 548 3107 588; x_wconf 92' lang='lat' dir='ltr'><strong>eum</strong></span> <span class='ocrx_word' id='word_1_37' title='bbox 3234 541 3360 608; x_wconf 91' lang='lat' dir='ltr'><strong>sint,</strong></span> <span class='ocrx_word' id='word_1_38' title='bbox 3387 512 3598 601; x_wconf 83' lang='lat' dir='ltr'><strong>attende</strong></span> 
     </span>
    </p>
   </div>
   <div class='ocr_carea' id='block_1_7' title="bbox 314 598 1902 671">
    <p class='ocr_par' dir='ltr' id='par_1_7' title="bbox 314 598 1902 671">
     <span class='ocr_line' id='line_1_7' title="bbox 314 598 1902 671; baseline 0.003 -20"><span class='ocrx_word' id='word_1_39' title='bbox 314 606 494 652; x_wconf 84' lang='lat' dir='ltr'><strong>autem</strong></span> <span class='ocrx_word' id='word_1_40' title='bbox 524 598 771 668; x_wconf 86' lang='lat' dir='ltr'><strong>spiritum</strong></span> <span class='ocrx_word' id='word_1_41' title='bbox 798 600 958 655; x_wconf 88' lang='lat' dir='ltr'><strong>etiam</strong></span> <span class='ocrx_word' id='word_1_42' title='bbox 983 611 1214 657; x_wconf 90' lang='lat' dir='ltr'><strong>mentem</strong></span> <span class='ocrx_word' id='word_1_43' title='bbox 1243 601 1451 657; x_wconf 89' lang='lat' dir='ltr'><strong>videtur</strong></span> <span class='ocrx_word' id='word_1_44' title='bbox 1473 603 1759 671; x_wconf 86' lang='lat' dir='ltr'><strong>appellare,</strong></span> <span class='ocrx_word' id='word_1_45' title='bbox 1783 617 1902 657; x_wconf 89' lang='lat' dir='ltr'><strong>cum</strong></span> 
     </span>
    </p>
   </div>
   <div class='ocr_carea' id='block_1_8' title="bbox 312 691 1904 765">
    <p class='ocr_par' dir='ltr' id='par_1_8' title="bbox 312 691 1904 765">
     <span class='ocr_line' id='line_1_8' title="bbox 312 691 1904 765; baseline 0.003 -21"><span class='ocrx_word' id='word_1_46' title='bbox 312 691 441 745; x_wconf 88' lang='lat' dir='ltr'><strong>dicit</strong></span> <span class='ocrx_word' id='word_1_47' title='bbox 462 732 479 755; x_wconf 92' lang='lat'><strong>,</strong></span> <span class='ocrx_word' id='word_1_48' title='bbox 514 692 684 747; x_wconf 71' lang='lat' dir='ltr'><strong>Mente</strong></span> <span class='ocrx_word' id='word_1_49' title='bbox 727 694 886 748; x_wconf 86' lang='lat' dir='ltr'><strong>seruio</strong></span> <span class='ocrx_word' id='word_1_50' title='bbox 920 693 1019 762; x_wconf 80' lang='lat' dir='ltr'><strong>legi</strong></span> <span class='ocrx_word' id='word_1_51' title='bbox 1052 692 1174 759; x_wconf 89' lang='lat' dir='ltr'><strong>Dei,</strong></span> <span class='ocrx_word' id='word_1_52' title='bbox 1216 710 1367 748; x_wconf 86' lang='lat' dir='ltr'><strong>carne</strong></span> <span class='ocrx_word' id='word_1_53' title='bbox 1390 705 1557 748; x_wconf 85' lang='lat' dir='ltr'><strong>autem</strong></span> <span class='ocrx_word' id='word_1_54' title='bbox 1585 693 1681 765; x_wconf 82' lang='lat' dir='ltr'><strong>legi</strong></span> <span class='ocrx_word' id='word_1_55' title='bbox 1707 696 1904 765; x_wconf 76' lang='lat' dir='ltr'><strong>peccati</strong></span> 
     </span>
    </p>
   </div>
   <div class='ocr_carea' id='block_1_9' title="bbox 313 780 1899 853">
    <p class='ocr_par' dir='ltr' id='par_1_9' title="bbox 313 780 1899 853">
     <span class='ocr_line' id='line_1_9' title="bbox 313 780 1899 853; baseline 0.001 -18"><span class='ocrx_word' id='word_1_56' title='bbox 313 780 488 850; x_wconf 77' lang='lat' dir='ltr'><strong>(Rom.</strong></span> <span class='ocrx_word' id='word_1_57' title='bbox 521 798 608 846; x_wconf 86' lang='lat' dir='ltr'><strong>vn,</strong></span> <span class='ocrx_word' id='word_1_58' title='bbox 636 781 752 853; x_wconf 73' lang='lat'><strong>25).</strong></span> <span class='ocrx_word' id='word_1_59' title='bbox 784 781 918 836; x_wconf 88' lang='lat' dir='ltr'><strong>Nam</strong></span> <span class='ocrx_word' id='word_1_60' title='bbox 947 783 1061 852; x_wconf 89' lang='lat' dir='ltr'><strong>ipsa</strong></span> <span class='ocrx_word' id='word_1_61' title='bbox 1090 785 1355 838; x_wconf 89' lang='lat' dir='ltr'><strong>sententia</strong></span> <span class='ocrx_word' id='word_1_62' title='bbox 1386 793 1501 847; x_wconf 88' lang='lat' dir='ltr'><strong>est,</strong></span> <span class='ocrx_word' id='word_1_63' title='bbox 1534 783 1601 837; x_wconf 85' lang='lat' dir='ltr'><strong>Et</strong></span> <span class='ocrx_word' id='word_1_64' title='bbox 1620 801 1746 839; x_wconf 85' lang='lat' dir='ltr'><strong>caro</strong></span> <span class='ocrx_word' id='word_1_65' title='bbox 1774 801 1899 838; x_wconf 82' lang='lat' dir='ltr'><strong>con-</strong></span> 
     </span>
    </p>
   </div>
   <div class='ocr_carea' id='block_1_10' title="bbox 309 870 1900 943">
    <p class='ocr_par' dir='ltr' id='par_1_10' title="bbox 309 870 1900 943">
     <span class='ocr_line' id='line_1_10' title="bbox 309 870 1900 943; baseline 0.001 -18"><span class='ocrx_word' id='word_1_66' title='bbox 309 873 519 939; x_wconf 74' lang='lat' dir='ltr'><strong>cupiscit</strong></span> <span class='ocrx_word' id='word_1_67' title='bbox 546 874 782 927; x_wconf 80' lang='lat' dir='ltr'><strong>adversus</strong></span> <span class='ocrx_word' id='word_1_68' title='bbox 809 870 1069 943; x_wconf 81' lang='lat' dir='ltr'><strong>spiritum,</strong></span> <span class='ocrx_word' id='word_1_69' title='bbox 1101 883 1151 929; x_wconf 87' lang='lat' dir='ltr'><strong>et</strong></span> <span class='ocrx_word' id='word_1_70' title='bbox 1177 874 1387 943; x_wconf 88' lang='lat' dir='ltr'><strong>spiritus</strong></span> <span class='ocrx_word' id='word_1_71' title='bbox 1418 874 1658 928; x_wconf 80' lang='lat' dir='ltr'><strong>adversus</strong></span> <span class='ocrx_word' id='word_1_72' title='bbox 1697 890 1900 928; x_wconf 89' lang='lat' dir='ltr'><strong>carnem</strong></span> 
     </span>
    </p>
   </div>
   <div class='ocr_carea' id='block_1_11' title="bbox 313 964 1895 1036">
    <p class='ocr_par' dir='ltr' id='par_1_11' title="bbox 313 964 1895 1036">
     <span class='ocr_line' id='line_1_11' title="bbox 313 964 1895 1036; baseline 0.002 -20"><span class='ocrx_word' id='word_1_73' title='bbox 313 964 511 1031; x_wconf 72' lang='lat' dir='ltr'><strong>(Colat.</strong></span> <span class='ocrx_word' id='word_1_74' title='bbox 537 981 588 1028; x_wconf 88' lang='lat' dir='ltr'><strong>v,</strong></span> <span class='ocrx_word' id='word_1_75' title='bbox 618 966 741 1029; x_wconf 83' lang='lat' dir='ltr'><strong>I7):</strong></span> <span class='ocrx_word' id='word_1_76' title='bbox 777 966 1001 1036; x_wconf 89' lang='lat' dir='ltr'><strong>utquod</strong></span> <span class='ocrx_word' id='word_1_77' title='bbox 1031 966 1101 1021; x_wconf 86' lang='lat' dir='ltr'><strong>ibi</strong></span> <span class='ocrx_word' id='word_1_78' title='bbox 1127 964 1275 1031; x_wconf 90' lang='lat' dir='ltr'><strong>dicit,</strong></span> <span class='ocrx_word' id='word_1_79' title='bbox 1305 976 1572 1031; x_wconf 90' lang='lat' dir='ltr'><strong>mentem;</strong></span> <span class='ocrx_word' id='word_1_80' title='bbox 1605 965 1709 1022; x_wconf 89' lang='lat' dir='ltr'><strong>hoc</strong></span> <span class='ocrx_word' id='word_1_81' title='bbox 1737 966 1895 1021; x_wconf 88' lang='lat' dir='ltr'><strong>intel-</strong></span> 
     </span>
    </p>
   </div>
   <div class='ocr_carea' id='block_1_12' title="bbox 284 1052 1893 1125">
    <p class='ocr_par' dir='ltr' id='par_1_12' title="bbox 284 1052 1893 1125">
     <span class='ocr_line' id='line_1_12' title="bbox 284 1052 1893 1125; baseline 0.003 -20"><span class='ocrx_word' id='word_1_82' title='bbox 284 1054 499 1123; x_wconf 80' lang='lat' dir='ltr'><strong>‘Iigatur</strong></span> <span class='ocrx_word' id='word_1_83' title='bbox 527 1056 612 1110; x_wconf 89' lang='lat' dir='ltr'><strong>hic</strong></span> <span class='ocrx_word' id='word_1_84' title='bbox 637 1057 881 1125; x_wconf 77' lang='lat' dir='ltr'><strong>spiritum</strong></span> <span class='ocrx_word' id='word_1_85' title='bbox 906 1055 1087 1112; x_wconf 86' lang='lat' dir='ltr'><strong>dicere</strong></span> <span class='ocrx_word' id='word_1_86' title='bbox 1120 1075 1134 1110; x_wconf 87' lang='lat'><strong>:</strong></span> <span class='ocrx_word' id='word_1_87' title='bbox 1184 1072 1288 1110; x_wconf 91' lang='lat' dir='ltr'><strong>non</strong></span> <span class='ocrx_word' id='word_1_88' title='bbox 1318 1057 1456 1113; x_wconf 86' lang='lat' dir='ltr'><strong>sicut</strong></span> <span class='ocrx_word' id='word_1_89' title='bbox 1497 1067 1550 1111; x_wconf 91' lang='lat' dir='ltr'><strong>tu</strong></span> <span class='ocrx_word' id='word_1_90' title='bbox 1591 1052 1893 1124; x_wconf 60' lang='lat' dir='ltr'><strong>existimas,</strong></span> 
     </span>
    </p>
   </div>
   <div class='ocr_carea' id='block_1_13' title="bbox 313 1146 1896 1217">
    <p class='ocr_par' dir='ltr' id='par_1_13' title="bbox 313 1146 1896 1217">
     <span class='ocr_line' id='line_1_13' title="bbox 313 1146 1896 1217; baseline 0.004 -22"><span class='ocrx_word' id='word_1_91' title='bbox 313 1162 330 1195; x_wconf 78' lang='grc' dir='ltr'>α</span> <span class='ocrx_word' id='word_1_92' title='bbox 361 1146 661 1201; x_wconf 83' lang='lat' dir='ltr'><strong>universam</strong></span> <span class='ocrx_word' id='word_1_93' title='bbox 686 1156 917 1213; x_wconf 77' lang='lat' dir='ltr'><strong>mentem</strong></span> <span class='ocrx_word' id='word_1_94' title='bbox 947 1147 1147 1212; x_wconf 89' lang='lat' dir='ltr'><strong>vocari,</strong></span> <span class='ocrx_word' id='word_1_95' title='bbox 1173 1162 1292 1217; x_wconf 74' lang='lat' dir='ltr'><strong>qua:</strong></span> <span class='ocrx_word' id='word_1_96' title='bbox 1320 1155 1528 1202; x_wconf 83' lang='lat' dir='ltr'><strong>constat</strong></span> <span class='ocrx_word' id='word_1_97' title='bbox 1554 1161 1620 1202; x_wconf 76' lang='lat' dir='ltr'><strong>ex</strong></span> <span class='ocrx_word' id='word_1_98' title='bbox 1645 1148 1820 1202; x_wconf 90' lang='lat' dir='ltr'><strong>anima</strong></span> <span class='ocrx_word' id='word_1_99' title='bbox 1841 1157 1896 1203; x_wconf 90' lang='lat' dir='ltr'><strong>et</strong></span> 
     </span>
    </p>
   </div>
   <div class='ocr_carea' id='block_1_14' title="bbox 304 1238 1893 1312">
    <p class='ocr_par' dir='ltr' id='par_1_14' title="bbox 304 1238 1893 1312">
     <span class='ocr_line' id='line_1_14' title="bbox 304 1238 1893 1312; baseline 0.004 -22"><span class='ocrx_word' id='word_1_100' title='bbox 304 1238 528 1305; x_wconf 85' lang='lat' dir='ltr'><strong>spiritu;</strong></span> <span class='ocrx_word' id='word_1_101' title='bbox 565 1258 584 1291; x_wconf 76' lang='grc' dir='ltr'><strong>ι</strong></span> <span class='ocrx_word' id='word_1_102' title='bbox 634 1239 775 1309; x_wconf 89' lang='lat' dir='ltr'><strong>quod</strong></span> <span class='ocrx_word' id='word_1_103' title='bbox 804 1240 891 1294; x_wconf 91' lang='lat' dir='ltr'><strong>ubi</strong></span> <span class='ocrx_word' id='word_1_104' title='bbox 922 1238 1149 1310; x_wconf 82' lang='lat' dir='ltr'><strong>legeris,</strong></span> <span class='ocrx_word' id='word_1_105' title='bbox 1193 1240 1394 1297; x_wconf 87' lang='lat' dir='ltr'><strong>nescio.</strong></span> <span class='ocrx_word' id='word_1_106' title='bbox 1428 1239 1659 1296; x_wconf 82' lang='lat' dir='ltr'><strong>Mentem</strong></span> <span class='ocrx_word' id='word_1_107' title='bbox 1699 1242 1893 1312; x_wconf 83' lang='lat' dir='ltr'><strong>quippe</strong></span> 
     </span>
    </p>
   </div>
   <div class='ocr_carea' id='block_1_15' title="bbox 305 1330 1892 1393">
    <p class='ocr_par' dir='ltr' id='par_1_15' title="bbox 305 1330 1892 1393">
     <span class='ocr_line' id='line_1_15' title="bbox 305 1330 1892 1393; baseline 0.004 -12"><span class='ocrx_word' id='word_1_108' title='bbox 305 1337 564 1393; x_wconf 84' lang='lat' dir='ltr'><strong>nostram,</strong></span> <span class='ocrx_word' id='word_1_109' title='bbox 593 1330 691 1384; x_wconf 87' lang='lat' dir='ltr'><strong>nisi</strong></span> <span class='ocrx_word' id='word_1_110' title='bbox 723 1330 980 1387; x_wconf 83' lang='lat' dir='ltr'><strong>rationale</strong></span> <span class='ocrx_word' id='word_1_111' title='bbox 1000 1339 1053 1385; x_wconf 89' lang='lat' dir='ltr'><strong>et</strong></span> <span class='ocrx_word' id='word_1_112' title='bbox 1073 1330 1427 1387; x_wconf 89' lang='lat' dir='ltr'><strong>intellectuale</strong></span> <span class='ocrx_word' id='word_1_113' title='bbox 1450 1341 1691 1387; x_wconf 88' lang='lat' dir='ltr'><strong>nostrum</strong></span> <span class='ocrx_word' id='word_1_114' title='bbox 1712 1333 1892 1389; x_wconf 84' lang='lat' dir='ltr'><strong>dicere</strong></span> 
     </span>
    </p>
   </div>
   <div class='ocr_carea' id='block_1_16' title="bbox 304 1420 1888 1492">
    <p class='ocr_par' dir='ltr' id='par_1_16' title="bbox 304 1420 1888 1492">
     <span class='ocr_line' id='line_1_16' title="bbox 304 1420 1888 1492; baseline 0.003 -18"><span class='ocrx_word' id='word_1_115' title='bbox 304 1433 408 1474; x_wconf 68' lang='lat' dir='ltr'><strong>son</strong></span> <span class='ocrx_word' id='word_1_116' title='bbox 440 1420 677 1475; x_wconf 82' lang='lat' dir='ltr'><strong>solemus</strong></span> <span class='ocrx_word' id='word_1_117' title='bbox 708 1439 723 1475; x_wconf 92' lang='lat'>:</span> <span class='ocrx_word' id='word_1_118' title='bbox 750 1435 813 1476; x_wconf 88' lang='lat' dir='ltr'><strong>ac</strong></span> <span class='ocrx_word' id='word_1_119' title='bbox 852 1436 945 1491; x_wconf 89' lang='lat' dir='ltr'><strong>per</strong></span> <span class='ocrx_word' id='word_1_120' title='bbox 988 1420 1088 1476; x_wconf 88' lang='lat' dir='ltr'><strong>hoc</strong></span> <span class='ocrx_word' id='word_1_121' title='bbox 1118 1421 1259 1491; x_wconf 91' lang='lat' dir='ltr'><strong>quod</strong></span> <span class='ocrx_word' id='word_1_122' title='bbox 1295 1422 1372 1476; x_wconf 89' lang='lat' dir='ltr'><strong>ait</strong></span> <span class='ocrx_word' id='word_1_123' title='bbox 1403 1422 1542 1478; x_wconf 89' lang='lat' dir='ltr'><strong>idem</strong></span> <span class='ocrx_word' id='word_1_124' title='bbox 1578 1424 1849 1492; x_wconf 84' lang='lat' dir='ltr'><strong>apostolus</strong></span> <span class='ocrx_word' id='word_1_125' title='bbox 1872 1464 1888 1490; x_wconf 96' lang='lat'><strong>,</strong></span> 
     </span>
    </p>
   </div>
   <div class='ocr_carea' id='block_1_17' title="bbox 304 1511 1882 1586">
    <p class='ocr_par' dir='ltr' id='par_1_17' title="bbox 304 1511 1882 1586">
     <span class='ocr_line' id='line_1_17' title="bbox 304 1511 1882 1586; baseline 0.003 -21"><span class='ocrx_word' id='word_1_126' title='bbox 304 1511 636 1567; x_wconf 78' lang='lat' dir='ltr'><strong>Renovamini</strong></span> <span class='ocrx_word' id='word_1_127' title='bbox 652 1523 819 1568; x_wconf 81' lang='lat' dir='ltr'><strong>autent</strong></span> <span class='ocrx_word' id='word_1_128' title='bbox 837 1515 1018 1585; x_wconf 86' lang='lat' dir='ltr'><strong>spiritu</strong></span> <span class='ocrx_word' id='word_1_129' title='bbox 1037 1516 1216 1570; x_wconf 88' lang='lat' dir='ltr'><strong>mentis</strong></span> <span class='ocrx_word' id='word_1_130' title='bbox 1239 1523 1414 1571; x_wconf 80' lang='lat' dir='ltr'><strong>uestra:</strong></span> <span class='ocrx_word' id='word_1_131' title='bbox 1435 1513 1650 1586; x_wconf 78' lang='lat' dir='ltr'><strong>(Ephes.</strong></span> <span class='ocrx_word' id='word_1_132' title='bbox 1673 1531 1745 1581; x_wconf 89' lang='lat' dir='ltr'><strong>tv,</strong></span> <span class='ocrx_word' id='word_1_133' title='bbox 1768 1514 1882 1586; x_wconf 73' lang='lat'><strong>25);</strong></span> 
     </span>
    </p>
   </div>
   <div class='ocr_carea' id='block_1_18' title="bbox 300 1604 1888 1674">
    <p class='ocr_par' dir='ltr' id='par_1_18' title="bbox 300 1604 1888 1674">
     <span class='ocr_line' id='line_1_18' title="bbox 300 1604 1888 1674; baseline 0.004 -17"><span class='ocrx_word' id='word_1_134' title='bbox 300 1604 425 1674; x_wconf 88' lang='lat' dir='ltr'><strong>quid</strong></span> <span class='ocrx_word' id='word_1_135' title='bbox 455 1605 597 1659; x_wconf 80' lang='lat' dir='ltr'><strong>aliud</strong></span> <span class='ocrx_word' id='word_1_136' title='bbox 627 1604 788 1670; x_wconf 91' lang='lat' dir='ltr'><strong>dicit,</strong></span> <span class='ocrx_word' id='word_1_137' title='bbox 819 1606 939 1671; x_wconf 88' lang='lat' dir='ltr'><strong>nisi,</strong></span> <span class='ocrx_word' id='word_1_138' title='bbox 972 1606 1321 1662; x_wconf 83' lang='lat' dir='ltr'><strong>Renovamini</strong></span> <span class='ocrx_word' id='word_1_139' title='bbox 1350 1616 1530 1663; x_wconf 87' lang='lat' dir='ltr'><strong>mente</strong></span> <span class='ocrx_word' id='word_1_140' title='bbox 1560 1608 1773 1663; x_wconf 83' lang='lat' dir='ltr'><strong>vestra?</strong></span> <span class='ocrx_word' id='word_1_141' title='bbox 1798 1607 1888 1663; x_wconf 89' lang='lat' dir='ltr'><strong>Sic</strong></span> 
     </span>
    </p>
   </div>
   <div class='ocr_carea' id='block_1_19' title="bbox 299 1694 1887 1769">
    <p class='ocr_par' dir='ltr' id='par_1_19' title="bbox 299 1694 1887 1769">
     <span class='ocr_line' id='line_1_19' title="bbox 299 1694 1887 1769; baseline 0.005 -23"><span class='ocrx_word' id='word_1_142' title='bbox 299 1694 441 1748; x_wconf 88' lang='lat' dir='ltr'><strong>enim</strong></span> <span class='ocrx_word' id='word_1_143' title='bbox 470 1695 686 1765; x_wconf 87' lang='lat' dir='ltr'><strong>spiritus</strong></span> <span class='ocrx_word' id='word_1_144' title='bbox 712 1696 907 1751; x_wconf 88' lang='lat' dir='ltr'><strong>mentis</strong></span> <span class='ocrx_word' id='word_1_145' title='bbox 934 1696 1066 1751; x_wconf 88' lang='lat' dir='ltr'><strong>nihil</strong></span> <span class='ocrx_word' id='word_1_146' title='bbox 1094 1705 1176 1752; x_wconf 89' lang='lat' dir='ltr'><strong>est</strong></span> <span class='ocrx_word' id='word_1_147' title='bbox 1200 1696 1344 1752; x_wconf 89' lang='lat' dir='ltr'><strong>aliud</strong></span> <span class='ocrx_word' id='word_1_148' title='bbox 1365 1713 1522 1768; x_wconf 88' lang='lat' dir='ltr'><strong>quam</strong></span> <span class='ocrx_word' id='word_1_149' title='bbox 1547 1713 1722 1766; x_wconf 88' lang='lat' dir='ltr'><strong>mens,</strong></span> <span class='ocrx_word' id='word_1_150' title='bbox 1753 1714 1887 1769; x_wconf 87' lang='lat' dir='ltr'><strong>quo-</strong></span> 
     </span>
    </p>
   </div>
   <div class='ocr_carea' id='block_1_20' title="bbox 298 1785 1881 1861">
    <p class='ocr_par' dir='ltr' id='par_1_20' title="bbox 298 1785 1881 1861">
     <span class='ocr_line' id='line_1_20' title="bbox 298 1785 1881 1861; baseline 0.005 -23"><span class='ocrx_word' id='word_1_151' title='bbox 298 1785 460 1840; x_wconf 89' lang='lat' dir='ltr'><strong>modo</strong></span> <span class='ocrx_word' id='word_1_152' title='bbox 479 1801 672 1855; x_wconf 89' lang='lat' dir='ltr'><strong>corpus</strong></span> <span class='ocrx_word' id='word_1_153' title='bbox 692 1788 868 1843; x_wconf 86' lang='lat' dir='ltr'><strong>carnis</strong></span> <span class='ocrx_word' id='word_1_154' title='bbox 888 1788 1019 1842; x_wconf 89' lang='lat' dir='ltr'><strong>nihil</strong></span> <span class='ocrx_word' id='word_1_155' title='bbox 1044 1788 1185 1842; x_wconf 88' lang='lat' dir='ltr'><strong>aliud</strong></span> <span class='ocrx_word' id='word_1_156' title='bbox 1209 1796 1382 1859; x_wconf 87' lang='lat' dir='ltr'><strong>potest</strong></span> <span class='ocrx_word' id='word_1_157' title='bbox 1403 1804 1524 1845; x_wconf 87' lang='lat' dir='ltr'><strong>esse</strong></span> <span class='ocrx_word' id='word_1_158' title='bbox 1542 1804 1701 1861; x_wconf 90' lang='lat' dir='ltr'><strong>quam</strong></span> <span class='ocrx_word' id='word_1_159' title='bbox 1721 1804 1848 1845; x_wconf 89' lang='lat' dir='ltr'><strong>caro</strong></span> <span class='ocrx_word' id='word_1_160' title='bbox 1868 1810 1881 1846; x_wconf 87' lang='lat'><strong>:</strong></span> 
     </span>
    </p>
   </div>
   <div class='ocr_carea' id='block_1_21' title="bbox 297 1874 1881 1950">
    <p class='ocr_par' dir='ltr' id='par_1_21' title="bbox 297 1874 1881 1950">
     <span class='ocr_line' id='line_1_21' title="bbox 297 1874 1881 1950; baseline 0.004 -24"><span class='ocrx_word' id='word_1_161' title='bbox 297 1890 419 1929; x_wconf 84' lang='lat' dir='ltr'><strong>nam</strong></span> <span class='ocrx_word' id='word_1_162' title='bbox 441 1884 495 1931; x_wconf 88' lang='lat' dir='ltr'><strong>et</strong></span> <span class='ocrx_word' id='word_1_163' title='bbox 521 1874 622 1931; x_wconf 89' lang='lat' dir='ltr'><strong>hoc</strong></span> <span class='ocrx_word' id='word_1_164' title='bbox 634 1877 888 1949; x_wconf 85' lang='lat' dir='ltr'><strong>scriptum</strong></span> <span class='ocrx_word' id='word_1_165' title='bbox 917 1887 1018 1945; x_wconf 90' lang='grc' dir='ltr'>εει,</span> <span class='ocrx_word' id='word_1_166' title='bbox 1045 1876 1113 1931; x_wconf 84' lang='lat' dir='ltr'><strong>In</strong></span> <span class='ocrx_word' id='word_1_167' title='bbox 1138 1878 1502 1949; x_wconf 71' lang='lat' dir='ltr'><strong>exspoliatione</strong></span> <span class='ocrx_word' id='word_1_168' title='bbox 1520 1880 1747 1950; x_wconf 83' lang='lat' dir='ltr'><strong>corporis</strong></span> <span class='ocrx_word' id='word_1_169' title='bbox 1764 1896 1881 1933; x_wconf 77' lang='lat' dir='ltr'><strong>car-</strong></span> 
     </span>
    </p>
   </div>
   <div class='ocr_carea' id='block_1_22' title="bbox 296 1964 1875 2042">
    <p class='ocr_par' dir='ltr' id='par_1_22' title="bbox 296 1964 1875 2042">
     <span class='ocr_line' id='line_1_22' title="bbox 296 1964 1875 2042; baseline 0.008 -27"><span class='ocrx_word' id='word_1_170' title='bbox 296 1965 374 2019; x_wconf 82' lang='lat' dir='ltr'><strong>nis</strong></span> <span class='ocrx_word' id='word_1_171' title='bbox 396 1964 614 2035; x_wconf 84' lang='lat' dir='ltr'><strong>(Coloss.</strong></span> <span class='ocrx_word' id='word_1_172' title='bbox 642 1983 697 2032; x_wconf 92' lang='lat' dir='ltr'><strong>n,</strong></span> <span class='ocrx_word' id='word_1_173' title='bbox 727 1967 845 2041; x_wconf 81' lang='lat' dir='ltr'><strong>ll);</strong></span> <span class='ocrx_word' id='word_1_174' title='bbox 873 1968 960 2023; x_wconf 89' lang='lat' dir='ltr'><strong>ubi</strong></span> <span class='ocrx_word' id='word_1_175' title='bbox 981 1984 1196 2025; x_wconf 87' lang='lat' dir='ltr'><strong>carnem</strong></span> <span class='ocrx_word' id='word_1_176' title='bbox 1217 1984 1413 2040; x_wconf 89' lang='lat' dir='ltr'><strong>corpus</strong></span> <span class='ocrx_word' id='word_1_177' title='bbox 1431 1972 1607 2026; x_wconf 88' lang='lat' dir='ltr'><strong>carnis</strong></span> <span class='ocrx_word' id='word_1_178' title='bbox 1625 1972 1875 2042; x_wconf 84' lang='lat' dir='ltr'><strong>appellat.</strong></span> 
     </span>
    </p>
   </div>
   <div class='ocr_carea' id='block_1_23' title="bbox 298 2056 1880 2134">
    <p class='ocr_par' dir='ltr' id='par_1_23' title="bbox 298 2056 1880 2134">
     <span class='ocr_line' id='line_1_23' title="bbox 298 2056 1880 2134; baseline 0.004 -24"><span class='ocrx_word' id='word_1_179' title='bbox 298 2056 431 2113; x_wconf 90' lang='lat' dir='ltr'><strong>Dicit</strong></span> <span class='ocrx_word' id='word_1_180' title='bbox 459 2072 589 2112; x_wconf 84' lang='lat' dir='ltr'><strong>sane</strong></span> <span class='ocrx_word' id='word_1_181' title='bbox 607 2067 663 2113; x_wconf 92' lang='lat' dir='ltr'><strong>et</strong></span> <span class='ocrx_word' id='word_1_182' title='bbox 680 2058 788 2114; x_wconf 90' lang='lat' dir='ltr'><strong>alio</strong></span> <span class='ocrx_word' id='word_1_183' title='bbox 811 2059 970 2115; x_wconf 90' lang='lat' dir='ltr'><strong>modo</strong></span> <span class='ocrx_word' id='word_1_184' title='bbox 990 2061 1237 2131; x_wconf 78' lang='lat' dir='ltr'><strong>Spiritum</strong></span> <span class='ocrx_word' id='word_1_185' title='bbox 1264 2060 1517 2129; x_wconf 84' lang='lat' dir='ltr'><strong>hominis,</strong></span> <span class='ocrx_word' id='word_1_186' title='bbox 1541 2077 1697 2133; x_wconf 91' lang='lat' dir='ltr'><strong>quem</strong></span> <span class='ocrx_word' id='word_1_187' title='bbox 1727 2079 1880 2134; x_wconf 87' lang='lat' dir='ltr'><strong>pror-</strong></span> 
     </span>
    </p>
   </div>
   <div class='ocr_carea' id='block_1_24' title="bbox 293 2150 1872 2226">
    <p class='ocr_par' dir='ltr' id='par_1_24' title="bbox 293 2150 1872 2226">
     <span class='ocr_line' id='line_1_24' title="bbox 293 2150 1872 2226; baseline 0.003 -22"><span class='ocrx_word' id='word_1_188' title='bbox 293 2164 384 2205; x_wconf 86' lang='lat' dir='ltr'><strong>sus</strong></span> <span class='ocrx_word' id='word_1_189' title='bbox 409 2166 439 2204; x_wconf 92' lang='lat' dir='ltr'><strong>a</strong></span> <span class='ocrx_word' id='word_1_190' title='bbox 470 2161 650 2206; x_wconf 89' lang='lat' dir='ltr'><strong>mente</strong></span> <span class='ocrx_word' id='word_1_191' title='bbox 671 2150 961 2208; x_wconf 84' lang='lat' dir='ltr'><strong>discernit:</strong></span> <span class='ocrx_word' id='word_1_192' title='bbox 995 2152 1054 2208; x_wconf 90' lang='lat' dir='ltr'><strong>Si</strong></span> <span class='ocrx_word' id='word_1_193' title='bbox 1076 2153 1209 2208; x_wconf 86' lang='lat' dir='ltr'><strong>enim</strong></span> <span class='ocrx_word' id='word_1_194' title='bbox 1232 2170 1436 2208; x_wconf 82' lang='lat' dir='ltr'><strong>oravere</strong></span> <span class='ocrx_word' id='word_1_195' title='bbox 1459 2155 1654 2226; x_wconf 80' lang='lat' dir='ltr'><strong>lingua,</strong></span> <span class='ocrx_word' id='word_1_196' title='bbox 1682 2155 1872 2225; x_wconf 84' lang='lat' dir='ltr'><strong>inquit,</strong></span> 
     </span>
    </p>
   </div>
   <div class='ocr_carea' id='block_1_25' title="bbox 290 2241 1875 2317">
    <p class='ocr_par' dir='ltr' id='par_1_25' title="bbox 290 2241 1875 2317">
     <span class='ocr_line' id='line_1_25' title="bbox 290 2241 1875 2317; baseline 0.004 -23"><span class='ocrx_word' id='word_1_197' title='bbox 290 2241 496 2310; x_wconf 83' lang='lat' dir='ltr'><strong>spiritus</strong></span> <span class='ocrx_word' id='word_1_198' title='bbox 540 2257 680 2297; x_wconf 87' lang='lat' dir='ltr'><strong>meus</strong></span> <span class='ocrx_word' id='word_1_199' title='bbox 721 2252 861 2312; x_wconf 87' lang='lat' dir='ltr'><strong>orat,</strong></span> <span class='ocrx_word' id='word_1_200' title='bbox 905 2260 1043 2299; x_wconf 89' lang='lat' dir='ltr'><strong>mens</strong></span> <span class='ocrx_word' id='word_1_201' title='bbox 1080 2253 1249 2298; x_wconf 88' lang='lat' dir='ltr'><strong>autem</strong></span> <span class='ocrx_word' id='word_1_202' title='bbox 1290 2261 1400 2299; x_wconf 89' lang='lat' dir='ltr'><strong>mea</strong></span> <span class='ocrx_word' id='word_1_203' title='bbox 1445 2246 1760 2317; x_wconf 79' lang='lat' dir='ltr'><strong>infructuosa</strong></span> <span class='ocrx_word' id='word_1_204' title='bbox 1802 2256 1875 2301; x_wconf 89' lang='lat' dir='ltr'><strong>est</strong></span> 
     </span>
    </p>
   </div>
   <div class='ocr_carea' id='block_1_26' title="bbox 290 2331 1875 2410">
    <p class='ocr_par' dir='ltr' id='par_1_26' title="bbox 290 2331 1875 2410">
     <span class='ocr_line' id='line_1_26' title="bbox 290 2331 1875 2410; baseline 0.005 -24"><span class='ocrx_word' id='word_1_205' title='bbox 290 2331 334 2401; x_wconf 71' lang='lat' dir='ltr'><strong>(I</strong></span> <span class='ocrx_word' id='word_1_206' title='bbox 355 2333 473 2387; x_wconf 83' lang='lat' dir='ltr'><strong>Cor.</strong></span> <span class='ocrx_word' id='word_1_207' title='bbox 504 2350 578 2402; x_wconf 88' lang='lat' dir='ltr'><strong>tv,</strong></span> <span class='ocrx_word' id='word_1_208' title='bbox 609 2333 719 2407; x_wconf 70' lang='grc'><strong>14).</strong></span> <span class='ocrx_word' id='word_1_209' title='bbox 752 2336 945 2392; x_wconf 84' lang='lat' dir='ltr'><strong>Verum</strong></span> <span class='ocrx_word' id='word_1_210' title='bbox 971 2352 1111 2392; x_wconf 90' lang='lat' dir='ltr'><strong>nunc</strong></span> <span class='ocrx_word' id='word_1_211' title='bbox 1136 2353 1242 2392; x_wconf 89' lang='lat' dir='ltr'><strong>non</strong></span> <span class='ocrx_word' id='word_1_212' title='bbox 1268 2337 1336 2393; x_wconf 88' lang='lat' dir='ltr'><strong>de</strong></span> <span class='ocrx_word' id='word_1_213' title='bbox 1362 2337 1463 2392; x_wconf 89' lang='lat' dir='ltr'><strong>isto</strong></span> <span class='ocrx_word' id='word_1_214' title='bbox 1489 2339 1680 2409; x_wconf 87' lang='lat' dir='ltr'><strong>spiritu</strong></span> <span class='ocrx_word' id='word_1_215' title='bbox 1704 2339 1875 2410; x_wconf 86' lang='lat' dir='ltr'><strong>loqui-</strong></span> 
     </span>
    </p>
   </div>
   <div class='ocr_carea' id='block_1_27' title="bbox 289 2426 1872 2497">
    <p class='ocr_par' dir='ltr' id='par_1_27' title="bbox 289 2426 1872 2497">
     <span class='ocr_line' id='line_1_27' title="bbox 289 2426 1872 2497; baseline 0.006 -19"><span class='ocrx_word' id='word_1_216' title='bbox 289 2441 427 2491; x_wconf 87' lang='lat' dir='ltr'><strong>mur,</strong></span> <span class='ocrx_word' id='word_1_217' title='bbox 449 2426 647 2497; x_wconf 90' lang='lat' dir='ltr'><strong>quiest</strong></span> <span class='ocrx_word' id='word_1_218' title='bbox 668 2444 697 2482; x_wconf 93' lang='lat' dir='ltr'><strong>a</strong></span> <span class='ocrx_word' id='word_1_219' title='bbox 719 2436 900 2485; x_wconf 85' lang='lat' dir='ltr'><strong>mente</strong></span> <span class='ocrx_word' id='word_1_220' title='bbox 919 2429 1218 2485; x_wconf 89' lang='lat' dir='ltr'><strong>distinctus.</strong></span> <span class='ocrx_word' id='word_1_221' title='bbox 1242 2430 1413 2486; x_wconf 84' lang='lat' dir='ltr'><strong>Habet</strong></span> <span class='ocrx_word' id='word_1_222' title='bbox 1433 2432 1531 2487; x_wconf 89' lang='lat' dir='ltr'><strong>iste</strong></span> <span class='ocrx_word' id='word_1_223' title='bbox 1560 2446 1710 2487; x_wconf 90' lang='lat' dir='ltr'><strong>suam</strong></span> <span class='ocrx_word' id='word_1_224' title='bbox 1734 2447 1872 2487; x_wconf 86' lang='lat' dir='ltr'><strong>eam-</strong></span> 
     </span>
    </p>
   </div>
   <div class='ocr_carea' id='block_1_28' title="bbox 290 2518 1870 2592">
    <p class='ocr_par' dir='ltr' id='par_1_28' title="bbox 290 2518 1870 2592">
     <span class='ocr_line' id='line_1_28' title="bbox 290 2518 1870 2592; baseline 0.004 -21"><span class='ocrx_word' id='word_1_225' title='bbox 290 2518 517 2588; x_wconf 90' lang='lat' dir='ltr'><strong>demque</strong></span> <span class='ocrx_word' id='word_1_226' title='bbox 546 2518 816 2576; x_wconf 76' lang='lat' dir='ltr'><strong>difﬁcilem</strong></span> <span class='ocrx_word' id='word_1_227' title='bbox 861 2522 1210 2592; x_wconf 76' lang='lat' dir='ltr'><strong>qtttestionem</strong></span> <span class='ocrx_word' id='word_1_228' title='bbox 1243 2538 1258 2574; x_wconf 89' lang='lat'><strong>:</strong></span> <span class='ocrx_word' id='word_1_229' title='bbox 1293 2522 1470 2577; x_wconf 89' lang='lat' dir='ltr'><strong>multis</strong></span> <span class='ocrx_word' id='word_1_230' title='bbox 1510 2523 1654 2579; x_wconf 89' lang='lat' dir='ltr'><strong>enim</strong></span> <span class='ocrx_word' id='word_1_231' title='bbox 1696 2523 1870 2579; x_wconf 89' lang='lat' dir='ltr'><strong>modis</strong></span> 
     </span>
    </p>
   </div>
   <div class='ocr_carea' id='block_1_29' title="bbox 285 2610 1869 2683">
    <p class='ocr_par' dir='ltr' id='par_1_29' title="bbox 285 2610 1869 2683">
     <span class='ocr_line' id='line_1_29' title="bbox 285 2610 1869 2683; baseline 0.003 -20"><span class='ocrx_word' id='word_1_232' title='bbox 285 2619 444 2679; x_wconf 87' lang='lat' dir='ltr'><strong>atque</strong></span> <span class='ocrx_word' id='word_1_233' title='bbox 486 2610 539 2664; x_wconf 92' lang='lat' dir='ltr'><strong>in</strong></span> <span class='ocrx_word' id='word_1_234' title='bbox 566 2610 791 2666; x_wconf 81' lang='lat' dir='ltr'><strong>diversis</strong></span> <span class='ocrx_word' id='word_1_235' title='bbox 834 2611 1306 2683; x_wconf 89' lang='lat' dir='ltr'><strong>signiﬁcationibus</strong></span> <span class='ocrx_word' id='word_1_236' title='bbox 1345 2612 1634 2683; x_wconf 84' lang='lat' dir='ltr'><strong>Scripturae</strong></span> <span class='ocrx_word' id='word_1_237' title='bbox 1671 2614 1869 2669; x_wconf 72' lang='lat' dir='ltr'><strong>divinae</strong></span> 
     </span>
    </p>
   </div>
   <div class='ocr_carea' id='block_1_30' title="bbox 285 2699 1868 2775">
    <p class='ocr_par' dir='ltr' id='par_1_30' title="bbox 285 2699 1868 2775">
     <span class='ocr_line' id='line_1_30' title="bbox 285 2699 1868 2775; baseline 0.004 -23"><span class='ocrx_word' id='word_1_238' title='bbox 285 2699 528 2769; x_wconf 72' lang='lat' dir='ltr'><strong>Spiritum</strong></span> <span class='ocrx_word' id='word_1_239' title='bbox 570 2701 845 2756; x_wconf 88' lang='lat' dir='ltr'><strong>nominant</strong></span> <span class='ocrx_word' id='word_1_240' title='bbox 877 2719 891 2757; x_wconf 88' lang='lat'><strong>:</strong></span> <span class='ocrx_word' id='word_1_241' title='bbox 933 2702 1026 2757; x_wconf 84' lang='lat' dir='ltr'><strong>sed</strong></span> <span class='ocrx_word' id='word_1_242' title='bbox 1064 2703 1131 2759; x_wconf 88' lang='lat' dir='ltr'><strong>de</strong></span> <span class='ocrx_word' id='word_1_243' title='bbox 1171 2719 1279 2774; x_wconf 92' lang='lat' dir='ltr'><strong>quo</strong></span> <span class='ocrx_word' id='word_1_244' title='bbox 1312 2719 1452 2759; x_wconf 89' lang='lat' dir='ltr'><strong>nunc</strong></span> <span class='ocrx_word' id='word_1_245' title='bbox 1489 2702 1727 2773; x_wconf 89' lang='lat' dir='ltr'><strong>agimus,</strong></span> <span class='ocrx_word' id='word_1_246' title='bbox 1761 2718 1868 2775; x_wconf 86' lang='lat' dir='ltr'><strong>quo</strong></span> 
     </span>
    </p>
   </div>
   <div class='ocr_carea' id='block_1_31' title="bbox 284 2793 1869 2868">
    <p class='ocr_par' dir='ltr' id='par_1_31' title="bbox 284 2793 1869 2868">
     <span class='ocr_line' id='line_1_31' title="bbox 284 2793 1869 2868; baseline 0.003 -19"><span class='ocrx_word' id='word_1_247' title='bbox 284 2793 689 2859; x_wconf 80' lang='lat' dir='ltr'><strong>ratiocinamur,</strong></span> <span class='ocrx_word' id='word_1_248' title='bbox 738 2795 1110 2866; x_wconf 78' lang='lat' dir='ltr'><strong>intelligimus,</strong></span> <span class='ocrx_word' id='word_1_249' title='bbox 1166 2797 1431 2868; x_wconf 74' lang='lat' dir='ltr'><strong>sapimus;</strong></span> <span class='ocrx_word' id='word_1_250' title='bbox 1477 2806 1685 2852; x_wconf 84' lang='lat' dir='ltr'><strong>constat</strong></span> <span class='ocrx_word' id='word_1_251' title='bbox 1730 2797 1869 2853; x_wconf 88' lang='lat' dir='ltr'><strong>inter</strong></span> 
     </span>
    </p>
   </div>
   <div class='ocr_carea' id='block_1_32' title="bbox 286 2882 1863 2957">
    <p class='ocr_par' dir='ltr' id='par_1_32' title="bbox 286 2882 1863 2957">
     <span class='ocr_line' id='line_1_32' title="bbox 286 2882 1863 2957; baseline 0.004 -22"><span class='ocrx_word' id='word_1_252' title='bbox 286 2898 381 2937; x_wconf 88' lang='lat' dir='ltr'><strong>nos</strong></span> <span class='ocrx_word' id='word_1_253' title='bbox 401 2882 479 2938; x_wconf 87' lang='lat' dir='ltr'><strong>sic</strong></span> <span class='ocrx_word' id='word_1_254' title='bbox 497 2898 620 2939; x_wconf 90' lang='lat' dir='ltr'><strong>eum</strong></span> <span class='ocrx_word' id='word_1_255' title='bbox 642 2884 801 2940; x_wconf 89' lang='lat' dir='ltr'><strong>etiam</strong></span> <span class='ocrx_word' id='word_1_256' title='bbox 824 2885 1035 2956; x_wconf 80' lang='lat' dir='ltr'><strong>proprie</strong></span> <span class='ocrx_word' id='word_1_257' title='bbox 1060 2886 1304 2957; x_wconf 88' lang='lat' dir='ltr'><strong>spiritum</strong></span> <span class='ocrx_word' id='word_1_258' title='bbox 1332 2888 1644 2957; x_wconf 86' lang='lat' dir='ltr'><strong>nuncupari,</strong></span> <span class='ocrx_word' id='word_1_259' title='bbox 1674 2897 1735 2941; x_wconf 90' lang='lat' dir='ltr'><strong>ut</strong></span> <span class='ocrx_word' id='word_1_260' title='bbox 1759 2902 1863 2941; x_wconf 85' lang='lat' dir='ltr'><strong>non</strong></span> 
     </span>
    </p>
   </div>
   <div class='ocr_carea' id='block_1_33' title="bbox 282 2976 1861 3049">
    <p class='ocr_par' dir='ltr' id='par_1_33' title="bbox 282 2976 1861 3049">
     <span class='ocr_line' id='line_1_33' title="bbox 282 2976 1861 3049; baseline 0.003 -19"><span class='ocrx_word' id='word_1_261' title='bbox 282 2976 352 3031; x_wconf 89' lang='lat' dir='ltr'><strong>sit</strong></span> <span class='ocrx_word' id='word_1_262' title='bbox 379 2978 623 3031; x_wconf 63' lang='lat' dir='ltr'><strong>uniscrsa</strong></span> <span class='ocrx_word' id='word_1_263' title='bbox 648 2978 856 3042; x_wconf 90' lang='lat' dir='ltr'><strong>anima,</strong></span> <span class='ocrx_word' id='word_1_264' title='bbox 887 2978 981 3033; x_wconf 90' lang='lat' dir='ltr'><strong>sed</strong></span> <span class='ocrx_word' id='word_1_265' title='bbox 1009 2978 1208 3049; x_wconf 89' lang='lat' dir='ltr'><strong>aliquid</strong></span> <span class='ocrx_word' id='word_1_266' title='bbox 1236 2978 1372 3048; x_wconf 87' lang='lat' dir='ltr'><strong>ejus.</strong></span> <span class='ocrx_word' id='word_1_267' title='bbox 1402 2978 1602 3034; x_wconf 83' lang='lat' dir='ltr'><strong>Tamen</strong></span> <span class='ocrx_word' id='word_1_268' title='bbox 1631 2980 1861 3035; x_wconf 89' lang='lat' dir='ltr'><strong>animam</strong></span> 
     </span>
    </p>
   </div>
   <div class='ocr_carea' id='block_1_34' title="bbox 282 3070 1859 3143">
    <p class='ocr_par' dir='ltr' id='par_1_34' title="bbox 282 3070 1859 3143">
     <span class='ocr_line' id='line_1_34' title="bbox 282 3070 1859 3143; baseline 0.003 -20"><span class='ocrx_word' id='word_1_269' title='bbox 282 3070 440 3123; x_wconf 88' lang='lat' dir='ltr'><strong>etiam</strong></span> <span class='ocrx_word' id='word_1_270' title='bbox 466 3071 709 3140; x_wconf 77' lang='lat' dir='ltr'><strong>Spiritum</strong></span> <span class='ocrx_word' id='word_1_271' title='bbox 739 3085 878 3137; x_wconf 89' lang='lat' dir='ltr'><strong>esse,</strong></span> <span class='ocrx_word' id='word_1_272' title='bbox 903 3071 947 3126; x_wconf 90' lang='lat' dir='ltr'><strong>si</strong></span> <span class='ocrx_word' id='word_1_273' title='bbox 975 3080 1257 3142; x_wconf 87' lang='lat' dir='ltr'><strong>preptcrea</strong></span> <span class='ocrx_word' id='word_1_274' title='bbox 1279 3086 1461 3142; x_wconf 88' lang='lat' dir='ltr'><strong>negas,</strong></span> <span class='ocrx_word' id='word_1_275' title='bbox 1485 3073 1607 3143; x_wconf 89' lang='lat' dir='ltr'><strong>quia</strong></span> <span class='ocrx_word' id='word_1_276' title='bbox 1634 3073 1751 3143; x_wconf 85' lang='lat' dir='ltr'><strong>ejus</strong></span> <span class='ocrx_word' id='word_1_277' title='bbox 1776 3074 1859 3128; x_wconf 91' lang='lat' dir='ltr'><strong>in-</strong></span> 
     </span>
    </p>
   </div>
   <div class='ocr_carea' id='block_1_35' title="bbox 283 3152 1860 3236">
    <p class='ocr_par' dir='ltr' id='par_1_35' title="bbox 283 3152 1860 3236">
     <span class='ocr_line' id='line_1_35' title="bbox 283 3152 1860 3236; baseline 0.003 -22"><span class='ocrx_word' id='word_1_278' title='bbox 283 3152 564 3230; x_wconf 71' lang='lat' dir='ltr'><strong>telligentia</strong></span> <span class='ocrx_word' id='word_1_279' title='bbox 611 3160 861 3218; x_wconf 89' lang='lat' dir='ltr'><strong>distincte</strong></span> <span class='ocrx_word' id='word_1_280' title='bbox 894 3161 1089 3216; x_wconf 85' lang='lat' dir='ltr'><strong>dicitur</strong></span> <span class='ocrx_word' id='word_1_281' title='bbox 1129 3162 1379 3232; x_wconf 85' lang='lat' dir='ltr'><strong>spiritus;</strong></span> <span class='ocrx_word' id='word_1_282' title='bbox 1422 3163 1624 3235; x_wconf 87' lang='lat' dir='ltr'><strong>poteris</strong></span> <span class='ocrx_word' id='word_1_283' title='bbox 1662 3179 1860 3236; x_wconf 86' lang='lat' dir='ltr'><strong>negare</strong></span> 
     </span>
    </p>
   </div>
   <div class='ocr_carea' id='block_1_36' title="bbox 282 3251 1858 3324">
    <p class='ocr_par' dir='ltr' id='par_1_36' title="bbox 282 3251 1858 3324">
     <span class='ocr_line' id='line_1_36' title="bbox 282 3251 1858 3324; baseline 0.004 -21"><span class='ocrx_word' id='word_1_284' title='bbox 282 3251 585 3305; x_wconf 82' lang='lat' dir='ltr'><strong>universum</strong></span> <span class='ocrx_word' id='word_1_285' title='bbox 613 3266 797 3308; x_wconf 87' lang='lat' dir='ltr'><strong>semen</strong></span> <span class='ocrx_word' id='word_1_286' title='bbox 826 3251 991 3308; x_wconf 85' lang='lat' dir='ltr'><strong>Jacob</strong></span> <span class='ocrx_word' id='word_1_287' title='bbox 1007 3253 1260 3323; x_wconf 88' lang='lat' dir='ltr'><strong>appellari</strong></span> <span class='ocrx_word' id='word_1_288' title='bbox 1288 3253 1468 3320; x_wconf 89' lang='lat' dir='ltr'><strong>Israel,</strong></span> <span class='ocrx_word' id='word_1_289' title='bbox 1488 3256 1738 3324; x_wconf 87' lang='lat' dir='ltr'><strong>quoniam</strong></span> <span class='ocrx_word' id='word_1_290' title='bbox 1762 3271 1858 3309; x_wconf 82' lang='lat' dir='ltr'><strong>ex-</strong></span> 
     </span>
    </p>
   </div>
   <div class='ocr_carea' id='block_1_37' title="bbox 280 3342 1856 3416">
    <p class='ocr_par' dir='ltr' id='par_1_37' title="bbox 280 3342 1856 3416">
     <span class='ocr_line' id='line_1_37' title="bbox 280 3342 1856 3416; baseline 0.003 -20"><span class='ocrx_word' id='word_1_291' title='bbox 280 3352 430 3412; x_wconf 87' lang='lat' dir='ltr'><strong>cepto</strong></span> <span class='ocrx_word' id='word_1_292' title='bbox 476 3342 643 3410; x_wconf 84' lang='lat' dir='ltr'><strong>Juda,</strong></span> <span class='ocrx_word' id='word_1_293' title='bbox 684 3343 843 3399; x_wconf 90' lang='lat' dir='ltr'><strong>etiam</strong></span> <span class='ocrx_word' id='word_1_294' title='bbox 885 3343 1133 3400; x_wconf 85' lang='lat' dir='ltr'><strong>distincte</strong></span> <span class='ocrx_word' id='word_1_295' title='bbox 1169 3345 1464 3416; x_wconf 88' lang='lat' dir='ltr'><strong>appellatus</strong></span> <span class='ocrx_word' id='word_1_296' title='bbox 1501 3354 1584 3399; x_wconf 92' lang='lat' dir='ltr'><strong>est</strong></span> <span class='ocrx_word' id='word_1_297' title='bbox 1615 3345 1773 3400; x_wconf 90' lang='lat' dir='ltr'><strong>Israel</strong></span> <span class='ocrx_word' id='word_1_298' title='bbox 1804 3348 1856 3401; x_wconf 91' lang='lat' dir='ltr'><strong>in</strong></span> 
     </span>
    </p>
   </div>
   <div class='ocr_carea' id='block_1_38' title="bbox 280 3434 1853 3510">
    <p class='ocr_par' dir='ltr' id='par_1_38' title="bbox 280 3434 1853 3510">
     <span class='ocr_line' id='line_1_38' title="bbox 280 3434 1853 3510; baseline 0.004 -24"><span class='ocrx_word' id='word_1_299' title='bbox 280 3434 518 3489; x_wconf 89' lang='lat' dir='ltr'><strong>tribubus</strong></span> <span class='ocrx_word' id='word_1_300' title='bbox 536 3436 741 3502; x_wconf 85' lang='lat' dir='ltr'><strong>decem,</strong></span> <span class='ocrx_word' id='word_1_301' title='bbox 765 3452 883 3506; x_wconf 74' lang='lat' dir='ltr'><strong>qute</strong></span> <span class='ocrx_word' id='word_1_302' title='bbox 900 3437 951 3491; x_wconf 91' lang='lat' dir='ltr'><strong>in</strong></span> <span class='ocrx_word' id='word_1_303' title='bbox 973 3436 1210 3492; x_wconf 86' lang='lat' dir='ltr'><strong>Samaria</strong></span> <span class='ocrx_word' id='word_1_304' title='bbox 1238 3445 1363 3491; x_wconf 90' lang='lat' dir='ltr'><strong>tunc</strong></span> <span class='ocrx_word' id='word_1_305' title='bbox 1384 3438 1594 3492; x_wconf 80' lang='lat' dir='ltr'><strong>fuerunt</strong></span> <span class='ocrx_word' id='word_1_306' title='bbox 1616 3437 1704 3510; x_wconf 89' lang='lat' dir='ltr'><strong>(III</strong></span> <span class='ocrx_word' id='word_1_307' title='bbox 1726 3437 1853 3508; x_wconf 85' lang='lat' dir='ltr'><strong>Reg.</strong></span> 
     </span>
    </p>
   </div>
   <div class='ocr_carea' id='block_1_39' title="bbox 279 3526 1735 3599">
    <p class='ocr_par' dir='ltr' id='par_1_39' title="bbox 279 3526 1735 3599">
     <span class='ocr_line' id='line_1_39' title="bbox 279 3526 1735 3599; baseline 0.003 -20"><span class='ocrx_word' id='word_1_308' title='bbox 279 3542 369 3590; x_wconf 71' lang='lat' dir='ltr'><strong>stt,</strong></span> <span class='ocrx_word' id='word_1_309' title='bbox 399 3526 515 3597; x_wconf 68' lang='grc'><strong>28).</strong></span> <span class='ocrx_word' id='word_1_310' title='bbox 542 3527 644 3582; x_wconf 87' lang='lat' dir='ltr'><strong>Sed</strong></span> <span class='ocrx_word' id='word_1_311' title='bbox 670 3528 793 3596; x_wconf 91' lang='lat' dir='ltr'><strong>quid</strong></span> <span class='ocrx_word' id='word_1_312' title='bbox 818 3543 950 3599; x_wconf 84' lang='lat' dir='ltr'><strong>opus</strong></span> <span class='ocrx_word' id='word_1_313' title='bbox 980 3537 1063 3583; x_wconf 90' lang='lat' dir='ltr'><strong>est</strong></span> <span class='ocrx_word' id='word_1_314' title='bbox 1088 3528 1173 3583; x_wconf 90' lang='lat' dir='ltr'><strong>hic</strong></span> <span class='ocrx_word' id='word_1_315' title='bbox 1199 3528 1399 3583; x_wconf 86' lang='lat' dir='ltr'><strong>diutius</strong></span> <span class='ocrx_word' id='word_1_316' title='bbox 1427 3528 1735 3583; x_wconf 85' lang='lat' dir='ltr'><strong>immorari?</strong></span> 
     </span>
    </p>
   </div>
   <div class='ocr_carea' id='block_1_40' title="bbox 341 3618 1854 3679">
    <p class='ocr_par' dir='ltr' id='par_1_40' title="bbox 341 3618 1854 3679">
     <span class='ocr_line' id='line_1_40' title="bbox 341 3618 1854 3679; baseline 0.005 -7"><span class='ocrx_word' id='word_1_317' title='bbox 341 3618 570 3674; x_wconf 70' lang='lat' dir='ltr'><strong>CAPUT</strong></span> <span class='ocrx_word' id='word_1_318' title='bbox 626 3619 1022 3677; x_wconf 74' lang='lat' dir='ltr'><strong>XXIll.—37.</strong></span> <span class='ocrx_word' id='word_1_319' title='bbox 1077 3621 1194 3677; x_wconf 84' lang='lat' dir='ltr'><strong>Jam</strong></span> <span class='ocrx_word' id='word_1_320' title='bbox 1249 3637 1392 3677; x_wconf 92' lang='lat' dir='ltr'><strong>nunc</strong></span> <span class='ocrx_word' id='word_1_321' title='bbox 1450 3622 1590 3677; x_wconf 90' lang='lat' dir='ltr'><strong>unde</strong></span> <span class='ocrx_word' id='word_1_322' title='bbox 1646 3623 1854 3679; x_wconf 83' lang='lat' dir='ltr'><strong>facilius</strong></span> 
     </span>
    </p>
   </div>
   <div class='ocr_carea' id='block_1_41' title="bbox 275 3708 1852 3785">
    <p class='ocr_par' dir='ltr' id='par_1_41' title="bbox 275 3708 1852 3785">
     <span class='ocr_line' id='line_1_41' title="bbox 275 3708 1852 3785; baseline 0.005 -22"><span class='ocrx_word' id='word_1_323' title='bbox 275 3708 638 3777; x_wconf 69' lang='lat' dir='ltr'><strong>ostendamus,</strong></span> <span class='ocrx_word' id='word_1_324' title='bbox 670 3711 888 3767; x_wconf 88' lang='lat' dir='ltr'><strong>attende</strong></span> <span class='ocrx_word' id='word_1_325' title='bbox 916 3727 1034 3768; x_wconf 88' lang='lat' dir='ltr'><strong>eam</strong></span> <span class='ocrx_word' id='word_1_326' title='bbox 1059 3729 1178 3783; x_wconf 61' lang='lat' dir='ltr'><strong>quas</strong></span> <span class='ocrx_word' id='word_1_327' title='bbox 1205 3714 1383 3769; x_wconf 85' lang='lat' dir='ltr'><strong>anima</strong></span> <span class='ocrx_word' id='word_1_328' title='bbox 1413 3724 1516 3783; x_wconf 89' lang='lat' dir='ltr'><strong>est,</strong></span> <span class='ocrx_word' id='word_1_329' title='bbox 1542 3716 1702 3771; x_wconf 85' lang='lat' dir='ltr'><strong>etiam</strong></span> <span class='ocrx_word' id='word_1_330' title='bbox 1739 3718 1852 3785; x_wconf 86' lang='lat' dir='ltr'><strong>Spi-</strong></span> 
     </span>
    </p>
   </div>
   <div class='ocr_carea' id='block_1_42' title="bbox 274 3798 1848 3876">
    <p class='ocr_par' dir='ltr' id='par_1_42' title="bbox 274 3798 1848 3876">
     <span class='ocr_line' id='line_1_42' title="bbox 274 3798 1848 3876; baseline 0.007 -24"><span class='ocrx_word' id='word_1_331' title='bbox 274 3799 428 3853; x_wconf 88' lang='lat' dir='ltr'><strong>ritum</strong></span> <span class='ocrx_word' id='word_1_332' title='bbox 465 3798 604 3867; x_wconf 88' lang='lat' dir='ltr'><strong>dici,</strong></span> <span class='ocrx_word' id='word_1_333' title='bbox 642 3816 761 3857; x_wconf 91' lang='lat' dir='ltr'><strong>cum</strong></span> <span class='ocrx_word' id='word_1_334' title='bbox 790 3802 941 3859; x_wconf 90' lang='lat' dir='ltr'><strong>audis</strong></span> <span class='ocrx_word' id='word_1_335' title='bbox 970 3804 1054 3860; x_wconf 90' lang='lat' dir='ltr'><strong>vel</strong></span> <span class='ocrx_word' id='word_1_336' title='bbox 1084 3804 1246 3876; x_wconf 84' lang='lat' dir='ltr'><strong>legis,</strong></span> <span class='ocrx_word' id='word_1_337' title='bbox 1285 3805 1515 3861; x_wconf 86' lang='lat' dir='ltr'><strong>Domino</strong></span> <span class='ocrx_word' id='word_1_338' title='bbox 1552 3808 1848 3875; x_wconf 87' lang='lat' dir='ltr'><strong>moriente,</strong></span> 
     </span>
    </p>
   </div>
   <div class='ocr_carea' id='block_1_43' title="bbox 272 3892 1851 3972">
    <p class='ocr_par' dir='ltr' id='par_1_43' title="bbox 272 3892 1851 3972">
     <span class='ocr_line' id='line_1_43' title="bbox 272 3892 1851 3972; baseline 0.011 -33"><span class='ocrx_word' id='word_1_339' title='bbox 272 3892 407 3961; x_wconf 85' lang='lat' dir='ltr'><strong>quod</strong></span> <span class='ocrx_word' id='word_1_340' title='bbox 429 3894 685 3964; x_wconf 87' lang='lat' dir='ltr'><strong>scriptum</strong></span> <span class='ocrx_word' id='word_1_341' title='bbox 705 3904 809 3961; x_wconf 90' lang='lat' dir='ltr'><strong>est,</strong></span> <span class='ocrx_word' id='word_1_342' title='bbox 836 3894 904 3949; x_wconf 88' lang='lat' dir='ltr'><strong>Et</strong></span> <span class='ocrx_word' id='word_1_343' title='bbox 930 3898 1174 3953; x_wconf 85' lang='lat' dir='ltr'><strong>inclinato</strong></span> <span class='ocrx_word' id='word_1_344' title='bbox 1202 3901 1366 3971; x_wconf 81' lang='lat' dir='ltr'><strong>capite</strong></span> <span class='ocrx_word' id='word_1_345' title='bbox 1383 3900 1591 3955; x_wconf 81' lang='lat' dir='ltr'><strong>tradidit</strong></span> <span class='ocrx_word' id='word_1_346' title='bbox 1618 3903 1851 3972; x_wconf 84' lang='lat' dir='ltr'><strong>spiritum</strong></span> 
     </span>
    </p>
   </div>
   <div class='ocr_carea' id='block_1_44' title="bbox 272 3980 1850 4063">
    <p class='ocr_par' dir='ltr' id='par_1_44' title="bbox 272 3980 1850 4063">
     <span class='ocr_line' id='line_1_44' title="bbox 272 3980 1850 4063; baseline 0.01 -30"><span class='ocrx_word' id='word_1_347' title='bbox 272 3980 447 4049; x_wconf 86' lang='lat' dir='ltr'><strong>(Joan.</strong></span> <span class='ocrx_word' id='word_1_348' title='bbox 488 4001 613 4053; x_wconf 75' lang='lat' dir='ltr'><strong>six,</strong></span> <span class='ocrx_word' id='word_1_349' title='bbox 646 3987 782 4056; x_wconf 77' lang='lat'><strong>50):</strong></span> <span class='ocrx_word' id='word_1_350' title='bbox 827 3988 896 4042; x_wconf 85' lang='lat' dir='ltr'><strong>ita</strong></span> <span class='ocrx_word' id='word_1_351' title='bbox 923 3989 1002 4043; x_wconf 89' lang='lat' dir='ltr'><strong>vis</strong></span> <span class='ocrx_word' id='word_1_352' title='bbox 1027 3990 1246 4061; x_wconf 82' lang='lat' dir='ltr'><strong>intelligi</strong></span> <span class='ocrx_word' id='word_1_353' title='bbox 1271 4032 1286 4056; x_wconf 97' lang='lat'><strong>,</strong></span> <span class='ocrx_word' id='word_1_354' title='bbox 1335 4001 1584 4061; x_wconf 85' lang='lat' dir='ltr'><strong>tanquam</strong></span> <span class='ocrx_word' id='word_1_355' title='bbox 1628 4010 1658 4047; x_wconf 90' lang='lat' dir='ltr'><strong>a</strong></span> <span class='ocrx_word' id='word_1_356' title='bbox 1700 4003 1850 4063; x_wconf 85' lang='lat' dir='ltr'><strong>parte</strong></span> 
     </span>
    </p>
   </div>
   <div class='ocr_carea' id='block_1_45' title="bbox 269 4075 1843 4154">
    <p class='ocr_par' dir='ltr' id='par_1_45' title="bbox 269 4075 1843 4154">
     <span class='ocr_line' id='line_1_45' title="bbox 269 4075 1843 4154; baseline 0.009 -27"><span class='ocrx_word' id='word_1_357' title='bbox 269 4075 648 4144; x_wconf 89' lang='lat' dir='ltr'><strong>signiﬁcaverit</strong></span> <span class='ocrx_word' id='word_1_358' title='bbox 688 4086 852 4134; x_wconf 90' lang='lat' dir='ltr'><strong>totum</strong></span> <span class='ocrx_word' id='word_1_359' title='bbox 876 4122 891 4147; x_wconf 95' lang='lat'><strong>,</strong></span> <span class='ocrx_word' id='word_1_360' title='bbox 925 4096 1030 4135; x_wconf 89' lang='lat' dir='ltr'><strong>non</strong></span> <span class='ocrx_word' id='word_1_361' title='bbox 1056 4081 1197 4151; x_wconf 88' lang='lat' dir='ltr'><strong>quod</strong></span> <span class='ocrx_word' id='word_1_362' title='bbox 1242 4098 1303 4138; x_wconf 89' lang='lat' dir='ltr'><strong>ea</strong></span> <span class='ocrx_word' id='word_1_363' title='bbox 1349 4099 1466 4154; x_wconf 69' lang='lat' dir='ltr'><strong>qua:</strong></span> <span class='ocrx_word' id='word_1_364' title='bbox 1509 4085 1683 4139; x_wconf 89' lang='lat' dir='ltr'><strong>anima</strong></span> <span class='ocrx_word' id='word_1_365' title='bbox 1732 4096 1843 4153; x_wconf 90' lang='lat' dir='ltr'><strong>est,</strong></span> 
     </span>
    </p>
   </div>
   <div class='ocr_carea' id='block_1_46' title="bbox 270 4154 1847 4255">
    <p class='ocr_par' dir='ltr' id='par_1_46' title="bbox 270 4154 1847 4255">
     <span class='ocr_line' id='line_1_46' title="bbox 270 4154 1847 4255; baseline 0.011 -37"><span class='ocrx_word' id='word_1_366' title='bbox 270 4168 432 4232; x_wconf 78' lang='lat' dir='ltr'><strong>possit</strong></span> <span class='ocrx_word' id='word_1_367' title='bbox 455 4176 510 4221; x_wconf 89' lang='grc' dir='ltr'><strong>ει</strong></span> <span class='ocrx_word' id='word_1_368' title='bbox 538 4170 754 4238; x_wconf 88' lang='lat' dir='ltr'><strong>spiritus</strong></span> <span class='ocrx_word' id='word_1_369' title='bbox 785 4173 1098 4241; x_wconf 90' lang='lat' dir='ltr'><strong>nuncupari.</strong></span> <span class='ocrx_word' id='word_1_370' title='bbox 1141 4174 1212 4228; x_wconf 83' lang='lat' dir='ltr'><strong>At</strong></span> <span class='ocrx_word' id='word_1_371' title='bbox 1238 4189 1337 4244; x_wconf 82' lang='lat' dir='ltr'><strong>ego</strong></span> <span class='ocrx_word' id='word_1_372' title='bbox 1367 4183 1423 4230; x_wconf 91' lang='lat' dir='ltr'><strong>ut</strong></span> <span class='ocrx_word' id='word_1_373' title='bbox 1450 4177 1650 4245; x_wconf 85' lang='lat' dir='ltr'><strong>possim</strong></span> <span class='ocrx_word' id='word_1_374' title='bbox 1682 4154 1847 4255; x_wconf 59' lang='lat' dir='ltr'><strong>erpe-</strong></span> 
     </span>
    </p>
   </div>
   <div class='ocr_carea' id='block_1_47' title="bbox 267 4255 1849 4336">
    <p class='ocr_par' dir='ltr' id='par_1_47' title="bbox 267 4255 1849 4336">
     <span class='ocr_line' id='line_1_47' title="bbox 267 4255 1849 4336; baseline 0.013 -27"><span class='ocrx_word' id='word_1_375' title='bbox 267 4255 425 4313; x_wconf 90' lang='lat' dir='ltr'><strong>ditius</strong></span> <span class='ocrx_word' id='word_1_376' title='bbox 454 4259 680 4327; x_wconf 88' lang='lat' dir='ltr'><strong>probare</strong></span> <span class='ocrx_word' id='word_1_377' title='bbox 716 4263 858 4332; x_wconf 89' lang='lat' dir='ltr'><strong>quod</strong></span> <span class='ocrx_word' id='word_1_378' title='bbox 884 4263 1038 4333; x_wconf 93' lang='lat' dir='ltr'><strong>dico,</strong></span> <span class='ocrx_word' id='word_1_379' title='bbox 1078 4273 1130 4321; x_wconf 90' lang='lat' dir='ltr'><strong>te</strong></span> <span class='ocrx_word' id='word_1_380' title='bbox 1167 4267 1341 4336; x_wconf 72' lang='lat' dir='ltr'><strong>ipsum</strong></span> <span class='ocrx_word' id='word_1_381' title='bbox 1384 4279 1573 4325; x_wconf 80' lang='lat' dir='ltr'><strong>testem</strong></span> <span class='ocrx_word' id='word_1_382' title='bbox 1613 4272 1769 4327; x_wconf 90' lang='lat' dir='ltr'><strong>citius</strong></span> <span class='ocrx_word' id='word_1_383' title='bbox 1795 4283 1849 4330; x_wconf 87' lang='lat' dir='ltr'><strong>et</strong></span> 
     </span>
    </p>
   </div>
   <div class='ocr_carea' id='block_1_48' title="bbox 267 4351 1847 4431">
    <p class='ocr_par' dir='ltr' id='par_1_48' title="bbox 267 4351 1847 4431">
     <span class='ocr_line' id='line_1_48' title="bbox 267 4351 1847 4431; baseline 0.012 -30"><span class='ocrx_word' id='word_1_384' title='bbox 267 4351 597 4406; x_wconf 88' lang='lat' dir='ltr'><strong>commodius</strong></span> <span class='ocrx_word' id='word_1_385' title='bbox 622 4353 906 4411; x_wconf 87' lang='lat' dir='ltr'><strong>adhibebo.</strong></span> <span class='ocrx_word' id='word_1_386' title='bbox 939 4358 1026 4412; x_wconf 91' lang='lat' dir='ltr'><strong>Sic</strong></span> <span class='ocrx_word' id='word_1_387' title='bbox 1057 4360 1196 4413; x_wconf 86' lang='lat' dir='ltr'><strong>enim</strong></span> <span class='ocrx_word' id='word_1_388' title='bbox 1223 4361 1468 4430; x_wconf 75' lang='lat' dir='ltr'><strong>Spiritum</strong></span> <span class='ocrx_word' id='word_1_389' title='bbox 1498 4362 1758 4431; x_wconf 85' lang='lat' dir='ltr'><strong>deﬁnisti,</strong></span> <span class='ocrx_word' id='word_1_390' title='bbox 1791 4376 1847 4420; x_wconf 91' lang='lat' dir='ltr'><strong>ut</strong></span> 
     </span>
    </p>
   </div>
   <div class='ocr_carea' id='block_1_49' title="bbox 268 4450 1841 4519">
    <p class='ocr_par' dir='ltr' id='par_1_49' title="bbox 268 4450 1841 4519">
     <span class='ocr_line' id='line_1_49' title="bbox 268 4450 1841 4519; baseline 0.011 -24"><span class='ocrx_word' id='word_1_391' title='bbox 268 4455 455 4509; x_wconf 87' lang='lat' dir='ltr'><strong>pecora</strong></span> <span class='ocrx_word' id='word_1_392' title='bbox 491 4456 779 4513; x_wconf 86' lang='lat' dir='ltr'><strong>appareant</strong></span> <span class='ocrx_word' id='word_1_393' title='bbox 807 4463 911 4503; x_wconf 91' lang='lat' dir='ltr'><strong>non</strong></span> <span class='ocrx_word' id='word_1_394' title='bbox 948 4450 1192 4518; x_wconf 90' lang='lat' dir='ltr'><strong>spiritum</strong></span> <span class='ocrx_word' id='word_1_395' title='bbox 1221 4452 1446 4519; x_wconf 85' lang='lat' dir='ltr'><strong>habere,</strong></span> <span class='ocrx_word' id='word_1_396' title='bbox 1475 4457 1566 4511; x_wconf 88' lang='lat' dir='ltr'><strong>sed</strong></span> <span class='ocrx_word' id='word_1_397' title='bbox 1590 4457 1841 4512; x_wconf 88' lang='lat' dir='ltr'><strong>animam.</strong></span> 
     </span>
    </p>
   </div>
   <div class='ocr_carea' id='block_1_50' title="bbox 266 4529 1843 4615">
    <p class='ocr_par' dir='ltr' id='par_1_50' title="bbox 266 4529 1843 4615">
     <span class='ocr_line' id='line_1_50' title="bbox 266 4529 1843 4615; baseline 0.015 -32"><span class='ocrx_word' id='word_1_398' title='bbox 266 4529 591 4587; x_wconf 89' lang='lat' dir='ltr'><strong>Irrationalia</strong></span> <span class='ocrx_word' id='word_1_399' title='bbox 622 4537 819 4607; x_wconf 89' lang='lat' dir='ltr'><strong>quippe</strong></span> <span class='ocrx_word' id='word_1_400' title='bbox 850 4538 970 4595; x_wconf 88' lang='lat' dir='ltr'><strong>ideo</strong></span> <span class='ocrx_word' id='word_1_401' title='bbox 998 4540 1273 4610; x_wconf 87' lang='lat' dir='ltr'><strong>dicuntur,</strong></span> <span class='ocrx_word' id='word_1_402' title='bbox 1309 4546 1451 4615; x_wconf 82' lang='lat' dir='ltr'><strong>quod</strong></span> <span class='ocrx_word' id='word_1_403' title='bbox 1478 4550 1582 4602; x_wconf 79' lang='lat' dir='ltr'><strong>vim</strong></span> <span class='ocrx_word' id='word_1_404' title='bbox 1609 4564 1714 4604; x_wconf 91' lang='lat' dir='ltr'><strong>non</strong></span> <span class='ocrx_word' id='word_1_405' title='bbox 1747 4551 1843 4605; x_wconf 88' lang='lat' dir='ltr'><strong>ha-</strong></span> 
     </span>
    </p>
   </div>
   <div class='ocr_carea' id='block_1_51' title="bbox 266 4622 1843 4703">
    <p class='ocr_par' dir='ltr' id='par_1_51' title="bbox 266 4622 1843 4703">
     <span class='ocr_line' id='line_1_51' title="bbox 266 4622 1843 4703; baseline 0.014 -27"><span class='ocrx_word' id='word_1_406' title='bbox 266 4622 416 4680; x_wconf 82' lang='lat' dir='ltr'><strong>beant</strong></span> <span class='ocrx_word' id='word_1_407' title='bbox 458 4626 818 4699; x_wconf 72' lang='lat' dir='ltr'><strong>inteIIigentite</strong></span> <span class='ocrx_word' id='word_1_408' title='bbox 854 4641 1016 4703; x_wconf 88' lang='lat' dir='ltr'><strong>atque</strong></span> <span class='ocrx_word' id='word_1_409' title='bbox 1050 4637 1288 4693; x_wconf 89' lang='lat' dir='ltr'><strong>rationis.</strong></span> <span class='ocrx_word' id='word_1_410' title='bbox 1329 4638 1480 4696; x_wconf 89' lang='lat' dir='ltr'><strong>Unde</strong></span> <span class='ocrx_word' id='word_1_411' title='bbox 1513 4656 1633 4697; x_wconf 92' lang='lat' dir='ltr'><strong>cum</strong></span> <span class='ocrx_word' id='word_1_412' title='bbox 1666 4642 1843 4698; x_wconf 86' lang='lat' dir='ltr'><strong>homi-</strong></span> 
     </span>
    </p>
   </div>
   <div class='ocr_carea' id='block_1_52' title="bbox 265 4716 1842 4801">
    <p class='ocr_par' dir='ltr' id='par_1_52' title="bbox 265 4716 1842 4801">
     <span class='ocr_line' id='line_1_52' title="bbox 265 4716 1842 4801; baseline 0.016 -34"><span class='ocrx_word' id='word_1_413' title='bbox 265 4728 380 4769; x_wconf 86' lang='lat' dir='ltr'><strong>nem</strong></span> <span class='ocrx_word' id='word_1_414' title='bbox 413 4716 586 4787; x_wconf 90' lang='lat' dir='ltr'><strong>ipsum</strong></span> <span class='ocrx_word' id='word_1_415' title='bbox 612 4721 929 4780; x_wconf 83' lang='lat' dir='ltr'><strong>admoneres</strong></span> <span class='ocrx_word' id='word_1_416' title='bbox 965 4741 1115 4782; x_wconf 91' lang='lat' dir='ltr'><strong>suam</strong></span> <span class='ocrx_word' id='word_1_417' title='bbox 1161 4745 1320 4786; x_wconf 88' lang='lat' dir='ltr'><strong>nosse</strong></span> <span class='ocrx_word' id='word_1_418' title='bbox 1349 4742 1627 4801; x_wconf 90' lang='lat' dir='ltr'><strong>naturam,</strong></span> <span class='ocrx_word' id='word_1_419' title='bbox 1659 4736 1731 4791; x_wconf 91' lang='lat' dir='ltr'><strong>ita</strong></span> <span class='ocrx_word' id='word_1_420' title='bbox 1761 4738 1842 4791; x_wconf 92' lang='lat' dir='ltr'><strong>lo-</strong></span> 
     </span>
    </p>
   </div>
   <div class='ocr_carea' id='block_1_53' title="bbox 262 4810 1841 4884">
    <p class='ocr_par' dir='ltr' id='par_1_53' title="bbox 262 4810 1841 4884">
     <span class='ocr_line' id='line_1_53' title="bbox 262 4810 1841 4884; baseline 0.017 -28"><span class='ocrx_word' id='word_1_421' title='bbox 262 4815 410 4859; x_wconf 88' lang='lat' dir='ltr'><strong>cutus</strong></span> <span class='ocrx_word' id='word_1_422' title='bbox 451 4814 546 4862; x_wconf 84' lang='lat' dir='ltr'><strong>es:</strong></span> <span class='ocrx_word' id='word_1_423' title='bbox 583 4829 602 4861; x_wconf 71' lang='grc' dir='ltr'><strong>ε</strong></span> <span class='ocrx_word' id='word_1_424' title='bbox 630 4810 763 4867; x_wconf 86' lang='lat' dir='ltr'><strong>Nam</strong></span> <span class='ocrx_word' id='word_1_425' title='bbox 803 4829 923 4869; x_wconf 86' lang='lat' dir='ltr'><strong>cum</strong></span> <span class='ocrx_word' id='word_1_426' title='bbox 964 4817 1104 4872; x_wconf 91' lang='lat' dir='ltr'><strong>Deus</strong></span> <span class='ocrx_word' id='word_1_427' title='bbox 1139 4818 1310 4876; x_wconf 91' lang='lat' dir='ltr'><strong>bonus</strong></span> <span class='ocrx_word' id='word_1_428' title='bbox 1341 4822 1470 4877; x_wconf 92' lang='lat' dir='ltr'><strong>nihil</strong></span> <span class='ocrx_word' id='word_1_429' title='bbox 1497 4839 1600 4878; x_wconf 92' lang='lat' dir='ltr'><strong>non</strong></span> <span class='ocrx_word' id='word_1_430' title='bbox 1634 4827 1841 4884; x_wconf 86' lang='lat' dir='ltr'><strong>ratione</strong></span> 
     </span>
    </p>
   </div>
   <div class='ocr_carea' id='block_1_54' title="bbox 262 4895 1838 4982">
    <p class='ocr_par' dir='ltr' id='par_1_54' title="bbox 262 4895 1838 4982">
     <span class='ocr_line' id='line_1_54' title="bbox 262 4895 1838 4982; baseline 0.018 -37"><span class='ocrx_word' id='word_1_431' title='bbox 262 4895 577 4966; x_wconf 86' lang='lat' dir='ltr'><strong>condiderit,</strong></span> <span class='ocrx_word' id='word_1_432' title='bbox 612 4901 893 4973; x_wconf 86' lang='lat' dir='ltr'><strong>ipsumque</strong></span> <span class='ocrx_word' id='word_1_433' title='bbox 923 4905 1193 4962; x_wconf 89' lang='lat' dir='ltr'><strong>hominem</strong></span> <span class='ocrx_word' id='word_1_434' title='bbox 1222 4912 1420 4967; x_wconf 85' lang='lat' dir='ltr'><strong>animal</strong></span> <span class='ocrx_word' id='word_1_435' title='bbox 1450 4916 1727 4982; x_wconf 88' lang='lat' dir='ltr'><strong>rationale,</strong></span> <span class='ocrx_word' id='word_1_436' title='bbox 1754 4918 1838 4973; x_wconf 90' lang='lat' dir='ltr'><strong>in-</strong></span> 
     </span>
    </p>
   </div>
   <div class='ocr_carea' id='block_1_55' title="bbox 264 4985 1838 5076">
    <p class='ocr_par' dir='ltr' id='par_1_55' title="bbox 264 4985 1838 5076">
     <span class='ocr_line' id='line_1_55' title="bbox 264 4985 1838 5076; baseline 0.017 -39"><span class='ocrx_word' id='word_1_437' title='bbox 264 4985 505 5042; x_wconf 87' lang='lat' dir='ltr'><strong>tellectus</strong></span> <span class='ocrx_word' id='word_1_438' title='bbox 535 5004 817 5060; x_wconf 89' lang='lat' dir='ltr'><strong>capacem,</strong></span> <span class='ocrx_word' id='word_1_439' title='bbox 850 4998 1073 5053; x_wconf 87' lang='lat' dir='ltr'><strong>rationis</strong></span> <span class='ocrx_word' id='word_1_440' title='bbox 1099 5010 1432 5071; x_wconf 89' lang='lat' dir='ltr'><strong>compotem,</strong></span> <span class='ocrx_word' id='word_1_441' title='bbox 1464 5018 1730 5076; x_wconf 85' lang='lat' dir='ltr'><strong>sensuque</strong></span> <span class='ocrx_word' id='word_1_442' title='bbox 1757 5008 1838 5062; x_wconf 89' lang='lat' dir='ltr'><strong>vi-</strong></span> 
     </span>
    </p>
   </div>
   <div class='ocr_carea' id='block_1_56' title="bbox 260 5080 1836 5173">
    <p class='ocr_par' dir='ltr' id='par_1_56' title="bbox 260 5080 1836 5173">
     <span class='ocr_line' id='line_1_56' title="bbox 260 5080 1836 5173; baseline 0.016 -47"><span class='ocrx_word' id='word_1_443' title='bbox 260 5087 475 5139; x_wconf 77' lang='lat' dir='ltr'><strong>vacem,</strong></span> <span class='ocrx_word' id='word_1_444' title='bbox 506 5080 594 5149; x_wconf 89' lang='lat' dir='ltr'><strong>qui</strong></span> <span class='ocrx_word' id='word_1_445' title='bbox 621 5084 798 5137; x_wconf 89' lang='lat' dir='ltr'><strong>omnia</strong></span> <span class='ocrx_word' id='word_1_446' title='bbox 828 5085 1050 5142; x_wconf 89' lang='lat' dir='ltr'><strong>rationis</strong></span> <span class='ocrx_word' id='word_1_447' title='bbox 1080 5092 1318 5159; x_wconf 81' lang='lat' dir='ltr'><strong>expertia</strong></span> <span class='ocrx_word' id='word_1_448' title='bbox 1346 5094 1591 5163; x_wconf 78' lang='lat' dir='ltr'><strong>prudenti</strong></span> <span class='ocrx_word' id='word_1_449' title='bbox 1620 5097 1836 5173; x_wconf 78' lang='lat' dir='ltr'><strong>ordina-</strong></span> 
     </span>
    </p>
   </div>
   <div class='ocr_carea' id='block_1_57' title="bbox 261 5164 1835 5244">
    <p class='ocr_par' dir='ltr' id='par_1_57' title="bbox 261 5164 1835 5244">
     <span class='ocr_line' id='line_1_57' title="bbox 261 5164 1835 5244; baseline 0.018 -29"><span class='ocrx_word' id='word_1_450' title='bbox 261 5164 400 5221; x_wconf 88' lang='lat' dir='ltr'><strong>tione</strong></span> <span class='ocrx_word' id='word_1_451' title='bbox 440 5168 756 5238; x_wconf 78' lang='lat' dir='ltr'><strong>distribuat,</strong></span> <span class='ocrx_word' id='word_1_452' title='bbox 792 5180 1168 5244; x_wconf 89' lang='lat' dir='ltr'><strong>procreaverit.</strong></span> <span class='ocrx_word' id='word_1_453' title='bbox 1197 5199 1217 5232; x_wconf 76' lang='grc' dir='ltr'><strong>ι</strong></span> <span class='ocrx_word' id='word_1_454' title='bbox 1253 5182 1345 5237; x_wconf 90' lang='lat' dir='ltr'><strong>Ilis</strong></span> <span class='ocrx_word' id='word_1_455' title='bbox 1374 5184 1478 5238; x_wconf 91' lang='lat' dir='ltr'><strong>tuis</strong></span> <span class='ocrx_word' id='word_1_456' title='bbox 1509 5164 1691 5243; x_wconf 77' lang='lat' dir='ltr'><strong>verbis</strong></span> <span class='ocrx_word' id='word_1_457' title='bbox 1707 5189 1835 5244; x_wconf 89' lang='lat' dir='ltr'><strong>satis</strong></span> 
     </span>
    </p>
   </div>
   <div class='ocr_carea' id='block_1_58' title="bbox 257 5258 1834 5352">
    <p class='ocr_par' dir='ltr' id='par_1_58' title="bbox 257 5258 1834 5352">
     <span class='ocr_line' id='line_1_58' title="bbox 257 5258 1834 5352; baseline 0.018 -45"><span class='ocrx_word' id='word_1_458' title='bbox 257 5258 558 5326; x_wconf 77' lang='lat' dir='ltr'><strong>asseruisti,</strong></span> <span class='ocrx_word' id='word_1_459' title='bbox 608 5263 750 5331; x_wconf 91' lang='lat' dir='ltr'><strong>quod</strong></span> <span class='ocrx_word' id='word_1_460' title='bbox 789 5268 1007 5324; x_wconf 91' lang='lat' dir='ltr'><strong>omnino</strong></span> <span class='ocrx_word' id='word_1_461' title='bbox 1040 5271 1384 5352; x_wconf 80' lang='lat' dir='ltr'><strong>verissimum</strong></span> <span class='ocrx_word' id='word_1_462' title='bbox 1420 5285 1535 5343; x_wconf 91' lang='lat' dir='ltr'><strong>est,</strong></span> <span class='ocrx_word' id='word_1_463' title='bbox 1565 5276 1834 5335; x_wconf 84' lang='lat' dir='ltr'><strong>hominem</strong></span> 
     </span>
    </p>
   </div>
   <div class='ocr_carea' id='block_1_59' title="bbox 258 5358 1830 5441">
    <p class='ocr_par' dir='ltr' id='par_1_59' title="bbox 258 5358 1830 5441">
     <span class='ocr_line' id='line_1_59' title="bbox 258 5358 1830 5441; baseline 0.017 -39"><span class='ocrx_word' id='word_1_464' title='bbox 258 5359 372 5402; x_wconf 83' lang='lat' dir='ltr'><strong>esse</strong></span> <span class='ocrx_word' id='word_1_465' title='bbox 398 5362 700 5423; x_wconf 91' lang='lat' dir='ltr'><strong>compotem</strong></span> <span class='ocrx_word' id='word_1_466' title='bbox 730 5358 951 5415; x_wconf 89' lang='lat' dir='ltr'><strong>rationis</strong></span> <span class='ocrx_word' id='word_1_467' title='bbox 975 5370 1136 5432; x_wconf 88' lang='lat' dir='ltr'><strong>atque</strong></span> <span class='ocrx_word' id='word_1_468' title='bbox 1164 5363 1529 5436; x_wconf 70' lang='lat' dir='ltr'><strong>intelligentiae</strong></span> <span class='ocrx_word' id='word_1_469' title='bbox 1557 5383 1830 5441; x_wconf 85' lang='lat' dir='ltr'><strong>capacem,</strong></span> 
     </span>
    </p>
   </div>
   <div class='ocr_carea' id='block_1_60' title="bbox 260 5442 1828 5531">
    <p class='ocr_par' dir='ltr' id='par_1_60' title="bbox 260 5442 1828 5531">
     <span class='ocr_line' id='line_1_60' title="bbox 260 5442 1828 5531; baseline 0.015 -35"><span class='ocrx_word' id='word_1_470' title='bbox 260 5442 398 5508; x_wconf 82' lang='lat' dir='ltr'><strong>quod</strong></span> <span class='ocrx_word' id='word_1_471' title='bbox 442 5446 625 5514; x_wconf 89' lang='lat' dir='ltr'><strong>utique</strong></span> <span class='ocrx_word' id='word_1_472' title='bbox 668 5463 777 5504; x_wconf 90' lang='lat' dir='ltr'><strong>non</strong></span> <span class='ocrx_word' id='word_1_473' title='bbox 823 5462 948 5507; x_wconf 90' lang='lat' dir='ltr'><strong>sunt</strong></span> <span class='ocrx_word' id='word_1_474' title='bbox 1001 5454 1250 5512; x_wconf 88' lang='lat' dir='ltr'><strong>animalia</strong></span> <span class='ocrx_word' id='word_1_475' title='bbox 1293 5459 1514 5515; x_wconf 90' lang='lat' dir='ltr'><strong>rationis</strong></span> <span class='ocrx_word' id='word_1_476' title='bbox 1570 5466 1828 5531; x_wconf 82' lang='lat' dir='ltr'><strong>expertia.</strong></span> 
     </span>
    </p>
   </div>
   <div class='ocr_carea' id='block_1_61' title="bbox 259 5529 1908 5627">
    <p class='ocr_par' dir='ltr' id='par_1_61' title="bbox 259 5529 1908 5627">
     <span class='ocr_line' id='line_1_61' title="bbox 259 5529 1908 5627; baseline 0.017 -41"><span class='ocrx_word' id='word_1_477' title='bbox 259 5529 405 5590; x_wconf 85' lang='lat' dir='ltr'><strong>Unde</strong></span> <span class='ocrx_word' id='word_1_478' title='bbox 443 5545 497 5592; x_wconf 89' lang='lat' dir='ltr'><strong>et</strong></span> <span class='ocrx_word' id='word_1_479' title='bbox 538 5541 843 5598; x_wconf 88' lang='lat' dir='ltr'><strong>testimonio</strong></span> <span class='ocrx_word' id='word_1_480' title='bbox 866 5544 1080 5612; x_wconf 88' lang='lat' dir='ltr'><strong>divino,</strong></span> <span class='ocrx_word' id='word_1_481' title='bbox 1121 5563 1214 5604; x_wconf 88' lang='lat' dir='ltr'><strong>eos</strong></span> <span class='ocrx_word' id='word_1_482' title='bbox 1248 5550 1337 5621; x_wconf 92' lang='lat' dir='ltr'><strong>qui</strong></span> <span class='ocrx_word' id='word_1_483' title='bbox 1369 5568 1472 5608; x_wconf 93' lang='lat' dir='ltr'><strong>non</strong></span> <span class='ocrx_word' id='word_1_484' title='bbox 1504 5529 1829 5627; x_wconf 84' lang='lat' dir='ltr'><strong>intelligunt,</strong></span> <span class='ocrx_word' id='word_1_485' title='bbox 1896 5586 1908 5600; x_wconf 68' lang='grc' dir='ltr'><strong>ι</strong></span> 
     </span>
    </p>
   </div>
   <div class='ocr_carea' id='block_1_62' title="bbox 257 5630 1832 5712">
    <p class='ocr_par' dir='ltr' id='par_1_62' title="bbox 257 5630 1832 5712">
     <span class='ocr_line' id='line_1_62' title="bbox 257 5630 1832 5712; baseline 0.014 -29"><span class='ocrx_word' id='word_1_486' title='bbox 257 5630 534 5695; x_wconf 77' lang='lat' dir='ltr'><strong>pecoribus</strong></span> <span class='ocrx_word' id='word_1_487' title='bbox 570 5639 921 5704; x_wconf 86' lang='lat' dir='ltr'><strong>comparasti,</strong></span> <span class='ocrx_word' id='word_1_488' title='bbox 966 5654 1070 5695; x_wconf 90' lang='lat' dir='ltr'><strong>non</strong></span> <span class='ocrx_word' id='word_1_489' title='bbox 1098 5642 1282 5712; x_wconf 90' lang='lat' dir='ltr'><strong>utique</strong></span> <span class='ocrx_word' id='word_1_490' title='bbox 1316 5644 1634 5703; x_wconf 82' lang='lat' dir='ltr'><strong>habentibus</strong></span> <span class='ocrx_word' id='word_1_491' title='bbox 1673 5651 1832 5705; x_wconf 88' lang='lat' dir='ltr'><strong>intel-</strong></span> 
     </span>
    </p>
   </div>
   <div class='ocr_carea' id='block_1_63' title="bbox 258 5716 1826 5817">
    <p class='ocr_par' dir='ltr' id='par_1_63' title="bbox 258 5716 1826 5817">
     <span class='ocr_line' id='line_1_63' title="bbox 258 5716 1826 5817; baseline 0.022 -47"><span class='ocrx_word' id='word_1_492' title='bbox 258 5716 451 5776; x_wconf 83' lang='lat' dir='ltr'><strong>lectum</strong></span> <span class='ocrx_word' id='word_1_493' title='bbox 480 5717 646 5789; x_wconf 75' lang='lat' dir='ltr'><strong>(Psat.</strong></span> <span class='ocrx_word' id='word_1_494' title='bbox 674 5742 863 5798; x_wconf 72' lang='lat' dir='ltr'><strong>XLVIII,</strong></span> <span class='ocrx_word' id='word_1_495' title='bbox 895 5730 1007 5802; x_wconf 80' lang='lat' dir='ltr'><strong>I3).</strong></span> <span class='ocrx_word' id='word_1_496' title='bbox 1037 5733 1187 5800; x_wconf 89' lang='lat' dir='ltr'><strong>Quod</strong></span> <span class='ocrx_word' id='word_1_497' title='bbox 1214 5746 1267 5791; x_wconf 92' lang='lat' dir='ltr'><strong>et</strong></span> <span class='ocrx_word' id='word_1_498' title='bbox 1295 5737 1400 5792; x_wconf 88' lang='lat' dir='ltr'><strong>alio</strong></span> <span class='ocrx_word' id='word_1_499' title='bbox 1428 5741 1542 5796; x_wconf 80' lang='lat' dir='ltr'><strong>loco</strong></span> <span class='ocrx_word' id='word_1_500' title='bbox 1574 5753 1826 5817; x_wconf 62' lang='grc' dir='ltr'>ερινῐμιιςιη</span> 
     </span>
    </p>
   </div>
   <div class='ocr_carea' id='block_1_64' title="bbox 2014 601 3594 702">
    <p class='ocr_par' dir='ltr' id='par_1_64' title="bbox 2014 601 3594 702">
     <span class='ocr_line' id='line_1_64' title="bbox 2014 601 3594 702; baseline 0.025 -48"><span class='ocrx_word' id='word_1_501' title='bbox 2014 601 2171 657; x_wconf 86' lang='lat' dir='ltr'><strong>etiam</strong></span> <span class='ocrx_word' id='word_1_502' title='bbox 2205 608 2393 676; x_wconf 87' lang='lat' dir='ltr'><strong>quibus</strong></span> <span class='ocrx_word' id='word_1_503' title='bbox 2425 613 2599 669; x_wconf 80' lang='lat' dir='ltr'><strong>verbis</strong></span> <span class='ocrx_word' id='word_1_504' title='bbox 2628 619 2873 687; x_wconf 82' lang='lat' dir='ltr'><strong>spiritum</strong></span> <span class='ocrx_word' id='word_1_505' title='bbox 2903 623 3171 682; x_wconf 84' lang='lat' dir='ltr'><strong>deﬁnieris</strong></span> <span class='ocrx_word' id='word_1_506' title='bbox 3210 601 3369 702; x_wconf 82' lang='lat' dir='ltr'><strong>atque</strong></span> <span class='ocrx_word' id='word_1_507' title='bbox 3396 633 3594 694; x_wconf 88' lang='lat' dir='ltr'><strong>descri-</strong></span> 
     </span>
    </p>
   </div>
   <div class='ocr_carea' id='block_1_65' title="bbox 2010 694 3591 789">
    <p class='ocr_par' dir='ltr' id='par_1_65' title="bbox 2010 694 3591 789">
     <span class='ocr_line' id='line_1_65' title="bbox 2010 694 3591 789; baseline 0.026 -45"><span class='ocrx_word' id='word_1_508' title='bbox 2010 694 2215 762; x_wconf 88' lang='lat' dir='ltr'><strong>pseris,</strong></span> <span class='ocrx_word' id='word_1_509' title='bbox 2257 713 2376 753; x_wconf 91' lang='lat' dir='ltr'><strong>cum</strong></span> <span class='ocrx_word' id='word_1_510' title='bbox 2410 702 2554 757; x_wconf 92' lang='lat' dir='ltr'><strong>illum</strong></span> <span class='ocrx_word' id='word_1_511' title='bbox 2603 708 2671 763; x_wconf 86' lang='lat' dir='ltr'><strong>ab</strong></span> <span class='ocrx_word' id='word_1_512' title='bbox 2718 702 2896 766; x_wconf 73' lang='lat' dir='ltr'><strong>anima</strong></span> <span class='ocrx_word' id='word_1_513' title='bbox 2945 714 3272 789; x_wconf 82' lang='lat' dir='ltr'><strong>distinguere</strong></span> <span class='ocrx_word' id='word_1_514' title='bbox 3320 725 3591 787; x_wconf 87' lang='lat' dir='ltr'><strong>nitereris.</strong></span> 
     </span>
    </p>
   </div>
   <div class='ocr_carea' id='block_1_66' title="bbox 2014 782 3590 875">
    <p class='ocr_par' dir='ltr' id='par_1_66' title="bbox 2014 782 3590 875">
     <span class='ocr_line' id='line_1_66' title="bbox 2014 782 3590 875; baseline 0.027 -41"><span class='ocrx_word' id='word_1_515' title='bbox 2014 799 2035 833; x_wconf 70' lang='grc' dir='ltr'><strong>ι</strong></span> <span class='ocrx_word' id='word_1_516' title='bbox 2061 782 2183 839; x_wconf 70' lang='grc' dir='ltr'>Ηαιε</span> <span class='ocrx_word' id='word_1_517' title='bbox 2212 790 2409 859; x_wconf 89' lang='lat' dir='ltr'><strong>anima,</strong></span> <span class='ocrx_word' id='word_1_518' title='bbox 2442 812 2461 844; x_wconf 71' lang='grc' dir='ltr'><strong>ι</strong></span> <span class='ocrx_word' id='word_1_519' title='bbox 2500 795 2690 866; x_wconf 86' lang='lat' dir='ltr'><strong>inquis,</strong></span> <span class='ocrx_word' id='word_1_520' title='bbox 2725 818 2745 851; x_wconf 67' lang='grc' dir='ltr'><strong>ι</strong></span> <span class='ocrx_word' id='word_1_521' title='bbox 2770 816 2889 871; x_wconf 77' lang='lat' dir='ltr'><strong>qua:</strong></span> <span class='ocrx_word' id='word_1_522' title='bbox 2920 821 2983 859; x_wconf 79' lang='lat' dir='ltr'><strong>ex</strong></span> <span class='ocrx_word' id='word_1_523' title='bbox 3016 806 3142 863; x_wconf 82' lang='lat' dir='ltr'><strong>ﬂatu</strong></span> <span class='ocrx_word' id='word_1_524' title='bbox 3175 811 3269 866; x_wconf 90' lang='lat' dir='ltr'><strong>Dei</strong></span> <span class='ocrx_word' id='word_1_525' title='bbox 3298 814 3453 873; x_wconf 87' lang='lat' dir='ltr'><strong>habet</strong></span> <span class='ocrx_word' id='word_1_526' title='bbox 3481 823 3590 875; x_wconf 86' lang='lat' dir='ltr'><strong>ori-</strong></span> 
     </span>
    </p>
   </div>
   <div class='ocr_carea' id='block_1_67' title="bbox 2006 875 3590 969">
    <p class='ocr_par' dir='ltr' id='par_1_67' title="bbox 2006 875 3590 969">
     <span class='ocr_line' id='line_1_67' title="bbox 2006 875 3590 969; baseline 0.027 -44"><span class='ocrx_word' id='word_1_527' title='bbox 2006 875 2217 944; x_wconf 83' lang='lat' dir='ltr'><strong>ginem,</strong></span> <span class='ocrx_word' id='word_1_528' title='bbox 2268 881 2383 936; x_wconf 88' lang='lat' dir='ltr'><strong>sine</strong></span> <span class='ocrx_word' id='word_1_529' title='bbox 2424 899 2586 943; x_wconf 91' lang='lat' dir='ltr'><strong>sensu</strong></span> <span class='ocrx_word' id='word_1_530' title='bbox 2632 894 2845 963; x_wconf 89' lang='lat' dir='ltr'><strong>proprio</strong></span> <span class='ocrx_word' id='word_1_531' title='bbox 2885 907 3044 968; x_wconf 88' lang='lat' dir='ltr'><strong>atque</strong></span> <span class='ocrx_word' id='word_1_532' title='bbox 3084 901 3356 961; x_wconf 87' lang='lat' dir='ltr'><strong>intellectu</strong></span> <span class='ocrx_word' id='word_1_533' title='bbox 3402 911 3590 969; x_wconf 91' lang='lat' dir='ltr'><strong>intimo</strong></span> 
     </span>
    </p>
   </div>
   <div class='ocr_carea' id='block_1_68' title="bbox 2005 978 3584 1072">
    <p class='ocr_par' dir='ltr' id='par_1_68' title="bbox 2005 978 3584 1072">
     <span class='ocr_line' id='line_1_68' title="bbox 2005 978 3584 1072; baseline 0.027 -52"><span class='ocrx_word' id='word_1_534' title='bbox 2005 981 2124 1023; x_wconf 80' lang='lat' dir='ltr'><strong>esse</strong></span> <span class='ocrx_word' id='word_1_535' title='bbox 2166 987 2270 1026; x_wconf 89' lang='lat' dir='ltr'><strong>non</strong></span> <span class='ocrx_word' id='word_1_536' title='bbox 2302 978 2489 1045; x_wconf 91' lang='lat' dir='ltr'><strong>potuit,</strong></span> <span class='ocrx_word' id='word_1_537' title='bbox 2522 982 2664 1051; x_wconf 87' lang='lat' dir='ltr'><strong>quod</strong></span> <span class='ocrx_word' id='word_1_538' title='bbox 2693 996 2775 1040; x_wconf 90' lang='lat' dir='ltr'><strong>est</strong></span> <span class='ocrx_word' id='word_1_539' title='bbox 2804 989 3040 1057; x_wconf 87' lang='lat' dir='ltr'><strong>spiritus.</strong></span> <span class='ocrx_word' id='word_1_540' title='bbox 3083 1013 3103 1046; x_wconf 77' lang='grc'><strong>»</strong></span> <span class='ocrx_word' id='word_1_541' title='bbox 3144 996 3211 1050; x_wconf 86' lang='grc' dir='ltr'>Ει</span> <span class='ocrx_word' id='word_1_542' title='bbox 3236 1004 3394 1067; x_wconf 91' lang='lat' dir='ltr'><strong>paulo</strong></span> <span class='ocrx_word' id='word_1_543' title='bbox 3420 1016 3537 1072; x_wconf 91' lang='lat' dir='ltr'><strong>post</strong></span> <span class='ocrx_word' id='word_1_544' title='bbox 3571 1025 3584 1061; x_wconf 90' lang='lat'>:</span> 
     </span>
    </p>
   </div>
   <div class='ocr_carea' id='block_1_69' title="bbox 2010 1058 3586 1160">
    <p class='ocr_par' dir='ltr' id='par_1_69' title="bbox 2010 1058 3586 1160">
     <span class='ocr_line' id='line_1_69' title="bbox 2010 1058 3586 1160; baseline 0.027 -52"><span class='ocrx_word' id='word_1_545' title='bbox 2010 1075 2028 1107; x_wconf 76' lang='grc' dir='ltr'><strong>ι</strong></span> <span class='ocrx_word' id='word_1_546' title='bbox 2062 1058 2124 1113; x_wconf 87' lang='lat' dir='ltr'><strong>Et</strong></span> <span class='ocrx_word' id='word_1_547' title='bbox 2167 1067 2409 1131; x_wconf 84' lang='lat' dir='ltr'><strong>quamvis</strong></span> <span class='ocrx_word' id='word_1_548' title='bbox 2439 1071 2643 1137; x_wconf 90' lang='lat' dir='ltr'><strong>anima,</strong></span> <span class='ocrx_word' id='word_1_549' title='bbox 2671 1092 2690 1125; x_wconf 73' lang='grc' dir='ltr'><strong>ι</strong></span> <span class='ocrx_word' id='word_1_550' title='bbox 2724 1075 2930 1148; x_wconf 89' lang='lat' dir='ltr'><strong>inquis,</strong></span> <span class='ocrx_word' id='word_1_551' title='bbox 2966 1099 2986 1133; x_wconf 85' lang='grc'><em>‹</em></span> <span class='ocrx_word' id='word_1_552' title='bbox 3012 1086 3211 1142; x_wconf 90' lang='lat' dir='ltr'><strong>animet</strong></span> <span class='ocrx_word' id='word_1_553' title='bbox 3236 1104 3458 1160; x_wconf 87' lang='lat' dir='ltr'><strong>corpus;</strong></span> <span class='ocrx_word' id='word_1_554' title='bbox 3504 1104 3586 1150; x_wconf 89' lang='lat' dir='ltr'><strong>ta-</strong></span> 
     </span>
    </p>
   </div>
   <div class='ocr_carea' id='block_1_70' title="bbox 2002 1156 3585 1253">
    <p class='ocr_par' dir='ltr' id='par_1_70' title="bbox 2002 1156 3585 1253">
     <span class='ocr_line' id='line_1_70' title="bbox 2002 1156 3585 1253; baseline 0.028 -51"><span class='ocrx_word' id='word_1_555' title='bbox 2002 1165 2123 1205; x_wconf 86' lang='lat' dir='ltr'><strong>men</strong></span> <span class='ocrx_word' id='word_1_556' title='bbox 2151 1156 2289 1224; x_wconf 88' lang='lat' dir='ltr'><strong>quod</strong></span> <span class='ocrx_word' id='word_1_557' title='bbox 2321 1162 2506 1225; x_wconf 89' lang='lat' dir='ltr'><strong>sentit,</strong></span> <span class='ocrx_word' id='word_1_558' title='bbox 2535 1166 2677 1234; x_wconf 89' lang='lat' dir='ltr'><strong>quod</strong></span> <span class='ocrx_word' id='word_1_559' title='bbox 2703 1170 2868 1239; x_wconf 88' lang='lat' dir='ltr'><strong>sapit,</strong></span> <span class='ocrx_word' id='word_1_560' title='bbox 2900 1175 3039 1243; x_wconf 88' lang='lat' dir='ltr'><strong>quod</strong></span> <span class='ocrx_word' id='word_1_561' title='bbox 3069 1177 3236 1248; x_wconf 81' lang='lat' dir='ltr'><strong>viget,</strong></span> <span class='ocrx_word' id='word_1_562' title='bbox 3266 1156 3484 1253; x_wconf 87' lang='lat' dir='ltr'><strong>spiritus</strong></span> <span class='ocrx_word' id='word_1_563' title='bbox 3513 1190 3585 1246; x_wconf 86' lang='lat' dir='ltr'><strong>sit</strong></span> 
     </span>
    </p>
   </div>
   <div class='ocr_carea' id='block_1_71' title="bbox 2001 1250 3582 1349">
    <p class='ocr_par' dir='ltr' id='par_1_71' title="bbox 2001 1250 3582 1349">
     <span class='ocr_line' id='line_1_71' title="bbox 2001 1250 3582 1349; baseline 0.027 -56"><span class='ocrx_word' id='word_1_564' title='bbox 2001 1255 2220 1301; x_wconf 86' lang='lat' dir='ltr'><strong>necesse</strong></span> <span class='ocrx_word' id='word_1_565' title='bbox 2242 1256 2342 1301; x_wconf 89' lang='lat' dir='ltr'><strong>est.</strong></span> <span class='ocrx_word' id='word_1_566' title='bbox 2370 1268 2388 1301; x_wconf 75' lang='grc' dir='ltr'><strong>ι</strong></span> <span class='ocrx_word' id='word_1_567' title='bbox 2420 1250 2549 1307; x_wconf 91' lang='lat' dir='ltr'><strong>Item</strong></span> <span class='ocrx_word' id='word_1_568' title='bbox 2576 1258 2732 1325; x_wconf 90' lang='lat' dir='ltr'><strong>paqu</strong></span> <span class='ocrx_word' id='word_1_569' title='bbox 2760 1271 2880 1330; x_wconf 90' lang='lat' dir='ltr'><strong>post</strong></span> <span class='ocrx_word' id='word_1_570' title='bbox 2904 1281 2918 1316; x_wconf 90' lang='lat'>:</span> <span class='ocrx_word' id='word_1_571' title='bbox 2948 1283 2968 1315; x_wconf 71' lang='grc' dir='ltr'><strong>ι</strong></span> <span class='ocrx_word' id='word_1_572' title='bbox 2992 1267 3149 1323; x_wconf 84' lang='lat' dir='ltr'><strong>Aliud</strong></span> <span class='ocrx_word' id='word_1_573' title='bbox 3177 1250 3309 1339; x_wconf 75' lang='lat' dir='ltr'><strong>erit,</strong></span> <span class='ocrx_word' id='word_1_574' title='bbox 3331 1293 3350 1328; x_wconf 72' lang='grc' dir='ltr'><strong>ι</strong></span> <span class='ocrx_word' id='word_1_575' title='bbox 3382 1276 3582 1349; x_wconf 86' lang='lat' dir='ltr'><strong>inquis,</strong></span> 
     </span>
    </p>
   </div>
   <div class='ocr_carea' id='block_1_72' title="bbox 2004 1334 3574 1424">
    <p class='ocr_par' dir='ltr' id='par_1_72' title="bbox 2004 1334 3574 1424">
     <span class='ocr_line' id='line_1_72' title="bbox 2004 1334 3574 1424; baseline 0.027 -41"><span class='ocrx_word' id='word_1_576' title='bbox 2004 1346 2024 1381; x_wconf 73' lang='grc' dir='ltr'><strong>ι</strong></span> <span class='ocrx_word' id='word_1_577' title='bbox 2052 1334 2248 1400; x_wconf 89' lang='lat' dir='ltr'><strong>anima,</strong></span> <span class='ocrx_word' id='word_1_578' title='bbox 2268 1348 2324 1393; x_wconf 89' lang='lat' dir='ltr'><strong>et</strong></span> <span class='ocrx_word' id='word_1_579' title='bbox 2341 1341 2482 1397; x_wconf 89' lang='lat' dir='ltr'><strong>aliud</strong></span> <span class='ocrx_word' id='word_1_580' title='bbox 2501 1347 2741 1415; x_wconf 89' lang='lat' dir='ltr'><strong>Spiritus,</strong></span> <span class='ocrx_word' id='word_1_581' title='bbox 2765 1353 3022 1422; x_wconf 75' lang='lat' dir='ltr'><strong>Sapientia</strong></span> <span class='ocrx_word' id='word_1_582' title='bbox 3044 1368 3097 1413; x_wconf 90' lang='lat' dir='ltr'><strong>et</strong></span> <span class='ocrx_word' id='word_1_583' title='bbox 3115 1374 3305 1418; x_wconf 90' lang='lat' dir='ltr'><strong>sensus</strong></span> <span class='ocrx_word' id='word_1_584' title='bbox 3320 1334 3532 1424; x_wconf 50' lang='lat' dir='ltr'><strong>anim&#39;m.</strong></span> <span class='ocrx_word' id='word_1_585' title='bbox 3556 1391 3574 1423; x_wconf 74' lang='grc' dir='ltr'><strong>ι</strong></span> 
     </span>
    </p>
   </div>
   <div class='ocr_carea' id='block_1_73' title="bbox 1997 1420 3581 1519">
    <p class='ocr_par' dir='ltr' id='par_1_73' title="bbox 1997 1420 3581 1519">
     <span class='ocr_line' id='line_1_73' title="bbox 1997 1420 3581 1519; baseline 0.028 -45"><span class='ocrx_word' id='word_1_586' title='bbox 1997 1420 2092 1477; x_wconf 90' lang='lat' dir='ltr'><strong>IIis</strong></span> <span class='ocrx_word' id='word_1_587' title='bbox 2135 1427 2307 1482; x_wconf 89' lang='lat' dir='ltr'><strong>verbis</strong></span> <span class='ocrx_word' id='word_1_588' title='bbox 2337 1434 2468 1488; x_wconf 88' lang='lat' dir='ltr'><strong>satis</strong></span> <span class='ocrx_word' id='word_1_589' title='bbox 2516 1436 2718 1494; x_wconf 89' lang='lat' dir='ltr'><strong>indicas</strong></span> <span class='ocrx_word' id='word_1_590' title='bbox 2747 1420 2873 1512; x_wconf 83' lang='lat' dir='ltr'><strong>quid</strong></span> <span class='ocrx_word' id='word_1_591' title='bbox 2903 1461 3026 1502; x_wconf 86' lang='lat' dir='ltr'><strong>esse</strong></span> <span class='ocrx_word' id='word_1_592' title='bbox 3064 1452 3308 1519; x_wconf 87' lang='lat' dir='ltr'><strong>spiritum</strong></span> <span class='ocrx_word' id='word_1_593' title='bbox 3348 1457 3581 1517; x_wconf 86' lang='lat' dir='ltr'><strong>hominis</strong></span> 
     </span>
    </p>
   </div>
   <div class='ocr_carea' id='block_1_74' title="bbox 1995 1516 3580 1625">
    <p class='ocr_par' dir='ltr' id='par_1_74' title="bbox 1995 1516 3580 1625">
     <span class='ocr_line' id='line_1_74' title="bbox 1995 1516 3580 1625; baseline 0.028 -58"><span class='ocrx_word' id='word_1_594' title='bbox 1995 1516 2227 1584; x_wconf 88' lang='lat' dir='ltr'><strong>sentias,</strong></span> <span class='ocrx_word' id='word_1_595' title='bbox 2262 1522 2312 1575; x_wconf 89' lang='lat' dir='ltr'><strong>id</strong></span> <span class='ocrx_word' id='word_1_596' title='bbox 2352 1535 2460 1592; x_wconf 90' lang='lat' dir='ltr'><strong>est,</strong></span> <span class='ocrx_word' id='word_1_597' title='bbox 2503 1532 2762 1588; x_wconf 86' lang='lat' dir='ltr'><strong>rationale</strong></span> <span class='ocrx_word' id='word_1_598' title='bbox 2790 1547 3029 1595; x_wconf 86' lang='lat' dir='ltr'><strong>nostrum</strong></span> <span class='ocrx_word' id='word_1_599' title='bbox 3050 1582 3065 1607; x_wconf 92' lang='lat'><strong>,</strong></span> <span class='ocrx_word' id='word_1_600' title='bbox 3095 1516 3205 1612; x_wconf 77' lang='lat' dir='ltr'><strong>quo</strong></span> <span class='ocrx_word' id='word_1_601' title='bbox 3232 1552 3393 1606; x_wconf 89' lang='lat' dir='ltr'><strong>sentit</strong></span> <span class='ocrx_word' id='word_1_602' title='bbox 3420 1562 3580 1625; x_wconf 87' lang='lat' dir='ltr'><strong>atque</strong></span> 
     </span>
    </p>
   </div>
   <div class='ocr_carea' id='block_1_75' title="bbox 1996 1606 3576 1709">
    <p class='ocr_par' dir='ltr' id='par_1_75' title="bbox 1996 1606 3576 1709">
     <span class='ocr_line' id='line_1_75' title="bbox 1996 1606 3576 1709; baseline 0.028 -51"><span class='ocrx_word' id='word_1_603' title='bbox 1996 1606 2241 1679; x_wconf 83' lang='lat' dir='ltr'><strong>intelligit</strong></span> <span class='ocrx_word' id='word_1_604' title='bbox 2279 1616 2493 1685; x_wconf 89' lang='lat' dir='ltr'><strong>anima;</strong></span> <span class='ocrx_word' id='word_1_605' title='bbox 2528 1638 2632 1677; x_wconf 91' lang='lat' dir='ltr'><strong>non</strong></span> <span class='ocrx_word' id='word_1_606' title='bbox 2663 1627 2801 1682; x_wconf 87' lang='lat' dir='ltr'><strong>sicut</strong></span> <span class='ocrx_word' id='word_1_607' title='bbox 2829 1633 3058 1688; x_wconf 90' lang='lat' dir='ltr'><strong>sentitur</strong></span> <span class='ocrx_word' id='word_1_608' title='bbox 3079 1637 3093 1666; x_wconf 87' lang='grc'>¹</span> <span class='ocrx_word' id='word_1_609' title='bbox 3125 1643 3369 1709; x_wconf 89' lang='lat' dir='ltr'><strong>corporis</strong></span> <span class='ocrx_word' id='word_1_610' title='bbox 3399 1606 3576 1702; x_wconf 66' lang='lat' dir='ltr'><strong>sensi-</strong></span> 
     </span>
    </p>
   </div>
   <div class='ocr_carea' id='block_1_76' title="bbox 1991 1696 3574 1809">
    <p class='ocr_par' dir='ltr' id='par_1_76' title="bbox 1991 1696 3574 1809">
     <span class='ocr_line' id='line_1_76' title="bbox 1991 1696 3574 1809; baseline 0.028 -60"><span class='ocrx_word' id='word_1_611' title='bbox 1991 1696 2111 1764; x_wconf 88' lang='lat' dir='ltr'><strong>bus,</strong></span> <span class='ocrx_word' id='word_1_612' title='bbox 2143 1702 2235 1755; x_wconf 86' lang='lat' dir='ltr'><strong>sed</strong></span> <span class='ocrx_word' id='word_1_613' title='bbox 2266 1706 2404 1762; x_wconf 87' lang='lat' dir='ltr'><strong>sicut</strong></span> <span class='ocrx_word' id='word_1_614' title='bbox 2434 1720 2515 1764; x_wconf 91' lang='lat' dir='ltr'><strong>est</strong></span> <span class='ocrx_word' id='word_1_615' title='bbox 2544 1712 2632 1768; x_wconf 90' lang='lat' dir='ltr'><strong>ille</strong></span> <span class='ocrx_word' id='word_1_616' title='bbox 2663 1716 2880 1773; x_wconf 88' lang='lat' dir='ltr'><strong>intimus</strong></span> <span class='ocrx_word' id='word_1_617' title='bbox 2907 1736 3118 1791; x_wconf 87' lang='lat' dir='ltr'><strong>sensus,</strong></span> <span class='ocrx_word' id='word_1_618' title='bbox 3148 1696 3343 1800; x_wconf 47' lang='lat' dir='ltr'><strong>eat-quo</strong></span> <span class='ocrx_word' id='word_1_619' title='bbox 3374 1745 3455 1790; x_wconf 93' lang='lat' dir='ltr'><strong>est</strong></span> <span class='ocrx_word' id='word_1_620' title='bbox 3474 1753 3574 1809; x_wconf 88' lang='lat' dir='ltr'><strong>ap-</strong></span> 
     </span>
    </p>
   </div>
   <div class='ocr_carea' id='block_1_77' title="bbox 1992 1791 3573 1885">
    <p class='ocr_par' dir='ltr' id='par_1_77' title="bbox 1992 1791 3573 1885">
     <span class='ocr_line' id='line_1_77' title="bbox 1992 1791 3573 1885; baseline 0.027 -42"><span class='ocrx_word' id='word_1_621' title='bbox 1992 1791 2187 1859; x_wconf 89' lang='lat' dir='ltr'><strong>pellata</strong></span> <span class='ocrx_word' id='word_1_622' title='bbox 2219 1802 2503 1858; x_wconf 86' lang='lat' dir='ltr'><strong>sententia.</strong></span> <span class='ocrx_word' id='word_1_623' title='bbox 2538 1804 2672 1862; x_wconf 88' lang='lat' dir='ltr'><strong>Ilinc</strong></span> <span class='ocrx_word' id='word_1_624' title='bbox 2700 1820 2876 1867; x_wconf 90' lang='lat' dir='ltr'><strong>autem</strong></span> <span class='ocrx_word' id='word_1_625' title='bbox 2908 1818 3186 1884; x_wconf 86' lang='lat' dir='ltr'><strong>pecoribus</strong></span> <span class='ocrx_word' id='word_1_626' title='bbox 3217 1791 3333 1880; x_wconf 74' lang='lat' dir='ltr'><strong>sine</strong></span> <span class='ocrx_word' id='word_1_627' title='bbox 3359 1791 3573 1885; x_wconf 66' lang='lat' dir='ltr'><strong>dubita-</strong></span> 
     </span>
    </p>
   </div>
   <div class='ocr_carea' id='block_1_78' title="bbox 1989 1880 3569 1991">
    <p class='ocr_par' dir='ltr' id='par_1_78' title="bbox 1989 1880 3569 1991">
     <span class='ocr_line' id='line_1_78' title="bbox 1989 1880 3569 1991; baseline 0.027 -57"><span class='ocrx_word' id='word_1_628' title='bbox 1989 1880 2135 1938; x_wconf 89' lang='lat' dir='ltr'><strong>tione</strong></span> <span class='ocrx_word' id='word_1_629' title='bbox 2159 1890 2540 1960; x_wconf 75' lang='lat' dir='ltr'><strong>prteponimur,</strong></span> <span class='ocrx_word' id='word_1_630' title='bbox 2572 1911 2638 1951; x_wconf 92' lang='lat' dir='ltr'><strong>eo</strong></span> <span class='ocrx_word' id='word_1_631' title='bbox 2675 1902 2817 1969; x_wconf 91' lang='lat' dir='ltr'><strong>quod</strong></span> <span class='ocrx_word' id='word_1_632' title='bbox 2847 1880 2971 1960; x_wconf 79' lang='lat' dir='ltr'><strong>sunt</strong></span> <span class='ocrx_word' id='word_1_633' title='bbox 3002 1908 3090 1961; x_wconf 91' lang='lat' dir='ltr'><strong>illa</strong></span> <span class='ocrx_word' id='word_1_634' title='bbox 3126 1913 3348 1970; x_wconf 86' lang='lat' dir='ltr'><strong>rationis</strong></span> <span class='ocrx_word' id='word_1_635' title='bbox 3379 1934 3569 1991; x_wconf 74' lang='lat' dir='ltr'><strong>exper-</strong></span> 
     </span>
    </p>
   </div>
   <div class='ocr_carea' id='block_1_79' title="bbox 1987 1973 3569 2073">
    <p class='ocr_par' dir='ltr' id='par_1_79' title="bbox 1987 1973 3569 2073">
     <span class='ocr_line' id='line_1_79' title="bbox 1987 1973 3569 2073; baseline 0.026 -46"><span class='ocrx_word' id='word_1_636' title='bbox 1987 1973 2079 2029; x_wconf 89' lang='lat' dir='ltr'><strong>tia.</strong></span> <span class='ocrx_word' id='word_1_637' title='bbox 2105 1975 2220 2033; x_wconf 89' lang='lat' dir='ltr'><strong>Non</strong></span> <span class='ocrx_word' id='word_1_638' title='bbox 2252 1979 2450 2039; x_wconf 87' lang='lat' dir='ltr'><strong>habent</strong></span> <span class='ocrx_word' id='word_1_639' title='bbox 2474 1987 2649 2059; x_wconf 89' lang='lat' dir='ltr'><strong>itaque</strong></span> <span class='ocrx_word' id='word_1_640' title='bbox 2675 1994 2917 2063; x_wconf 86' lang='lat' dir='ltr'><strong>spiritum</strong></span> <span class='ocrx_word' id='word_1_641' title='bbox 2949 2014 3160 2067; x_wconf 87' lang='lat' dir='ltr'><strong>pecora,</strong></span> <span class='ocrx_word' id='word_1_642' title='bbox 3195 2005 3245 2059; x_wconf 90' lang='lat' dir='ltr'><strong>id</strong></span> <span class='ocrx_word' id='word_1_643' title='bbox 3277 2018 3374 2073; x_wconf 90' lang='lat' dir='ltr'><strong>cst,</strong></span> <span class='ocrx_word' id='word_1_644' title='bbox 3409 1973 3569 2069; x_wconf 56' lang='lat' dir='ltr'><strong>uitel—</strong></span> 
     </span>
    </p>
   </div>
   <div class='ocr_carea' id='block_1_80' title="bbox 1984 2065 3568 2162">
    <p class='ocr_par' dir='ltr' id='par_1_80' title="bbox 1984 2065 3568 2162">
     <span class='ocr_line' id='line_1_80' title="bbox 1984 2065 3568 2162; baseline 0.025 -42"><span class='ocrx_word' id='word_1_645' title='bbox 1984 2065 2178 2124; x_wconf 87' lang='lat' dir='ltr'><strong>lectum</strong></span> <span class='ocrx_word' id='word_1_646' title='bbox 2206 2082 2259 2127; x_wconf 91' lang='lat' dir='ltr'><strong>et</strong></span> <span class='ocrx_word' id='word_1_647' title='bbox 2284 2076 2505 2132; x_wconf 82' lang='lat' dir='ltr'><strong>rationis</strong></span> <span class='ocrx_word' id='word_1_648' title='bbox 2530 2095 2593 2136; x_wconf 92' lang='lat' dir='ltr'><strong>ac</strong></span> <span class='ocrx_word' id='word_1_649' title='bbox 2619 2084 2899 2152; x_wconf 74' lang='lat' dir='ltr'><strong>sapientiae</strong></span> <span class='ocrx_word' id='word_1_650' title='bbox 2924 2105 3138 2148; x_wconf 87' lang='lat' dir='ltr'><strong>sensum</strong></span> <span class='ocrx_word' id='word_1_651' title='bbox 3162 2138 3176 2162; x_wconf 93' lang='lat'><strong>,</strong></span> <span class='ocrx_word' id='word_1_652' title='bbox 3208 2098 3302 2153; x_wconf 89' lang='lat' dir='ltr'><strong>sed</strong></span> <span class='ocrx_word' id='word_1_653' title='bbox 3334 2102 3568 2161; x_wconf 85' lang='lat' dir='ltr'><strong>animam</strong></span> 
     </span>
    </p>
   </div>
   <div class='ocr_carea' id='block_1_81' title="bbox 1984 2163 3569 2265">
    <p class='ocr_par' dir='ltr' id='par_1_81' title="bbox 1984 2163 3569 2265">
     <span class='ocr_line' id='line_1_81' title="bbox 1984 2163 3569 2265; baseline 0.025 -55"><span class='ocrx_word' id='word_1_654' title='bbox 1984 2165 2208 2215; x_wconf 86' lang='lat' dir='ltr'><strong>tantum.</strong></span> <span class='ocrx_word' id='word_1_655' title='bbox 2240 2163 2371 2219; x_wconf 83' lang='lat' dir='ltr'><strong>Nam</strong></span> <span class='ocrx_word' id='word_1_656' title='bbox 2399 2177 2454 2221; x_wconf 85' lang='lat' dir='ltr'><strong>et</strong></span> <span class='ocrx_word' id='word_1_657' title='bbox 2479 2169 2547 2225; x_wconf 81' lang='lat' dir='ltr'><strong>de</strong></span> <span class='ocrx_word' id='word_1_658' title='bbox 2572 2171 2679 2227; x_wconf 85' lang='lat' dir='ltr'><strong>illis</strong></span> <span class='ocrx_word' id='word_1_659' title='bbox 2702 2174 2900 2265; x_wconf 62' lang='lat' dir='ltr'><strong>dictum</strong></span> <span class='ocrx_word' id='word_1_660' title='bbox 2929 2189 3008 2234; x_wconf 90' lang='lat' dir='ltr'><strong>est</strong></span> <span class='ocrx_word' id='word_1_661' title='bbox 3037 2200 3051 2235; x_wconf 91' lang='lat'><strong>:</strong></span> <span class='ocrx_word' id='word_1_662' title='bbox 3089 2182 3383 2244; x_wconf 80' lang='lat' dir='ltr'><strong>Producant</strong></span> <span class='ocrx_word' id='word_1_663' title='bbox 3422 2210 3569 2265; x_wconf 75' lang='lat' dir='ltr'><strong>aqutz</strong></span> 
     </span>
    </p>
   </div>
   <div class='ocr_carea' id='block_1_82' title="bbox 1980 2251 3567 2345">
    <p class='ocr_par' dir='ltr' id='par_1_82' title="bbox 1980 2251 3567 2345">
     <span class='ocr_line' id='line_1_82' title="bbox 1980 2251 3567 2345; baseline 0.025 -45"><span class='ocrx_word' id='word_1_664' title='bbox 1980 2253 2207 2319; x_wconf 86' lang='lat' dir='ltr'><strong>repentia</strong></span> <span class='ocrx_word' id='word_1_665' title='bbox 2237 2256 2519 2313; x_wconf 90' lang='lat' dir='ltr'><strong>animarum</strong></span> <span class='ocrx_word' id='word_1_666' title='bbox 2548 2251 2816 2322; x_wconf 64' lang='lat' dir='ltr'><strong>viventium</strong></span> <span class='ocrx_word' id='word_1_667' title='bbox 2832 2284 2854 2335; x_wconf 79' lang='lat'><strong>,&#39;</strong></span> <span class='ocrx_word' id='word_1_668' title='bbox 2882 2277 2965 2334; x_wconf 90' lang='lat' dir='ltr'><strong>et,</strong></span> <span class='ocrx_word' id='word_1_669' title='bbox 2998 2271 3258 2345; x_wconf 81' lang='lat' dir='ltr'><strong>Producot</strong></span> <span class='ocrx_word' id='word_1_670' title='bbox 3287 2289 3420 2335; x_wconf 83' lang='lat' dir='ltr'><strong>terra</strong></span> <span class='ocrx_word' id='word_1_671' title='bbox 3448 2286 3567 2339; x_wconf 89' lang='lat' dir='ltr'><strong>ani-</strong></span> 
     </span>
    </p>
   </div>
   <div class='ocr_carea' id='block_1_83' title="bbox 1980 2342 3568 2438">
    <p class='ocr_par' dir='ltr' id='par_1_83' title="bbox 1980 2342 3568 2438">
     <span class='ocr_line' id='line_1_83' title="bbox 1980 2342 3568 2438; baseline 0.026 -49"><span class='ocrx_word' id='word_1_672' title='bbox 1980 2354 2119 2438; x_wconf 66' lang='lat' dir='ltr'><strong>mant</strong></span> <span class='ocrx_word' id='word_1_673' title='bbox 2144 2342 2383 2438; x_wconf 78' lang='lat' dir='ltr'><strong>uiuentem</strong></span> <span class='ocrx_word' id='word_1_674' title='bbox 2413 2348 2562 2421; x_wconf 83' lang='lat' dir='ltr'><strong>(Gen.</strong></span> <span class='ocrx_word' id='word_1_675' title='bbox 2593 2368 2630 2419; x_wconf 85' lang='grc' dir='ltr'><strong>ι,</strong></span> <span class='ocrx_word' id='word_1_676' title='bbox 2656 2354 2746 2422; x_wconf 72' lang='lat'><strong>20,</strong></span> <span class='ocrx_word' id='word_1_677' title='bbox 2774 2357 2890 2431; x_wconf 74' lang='grc'><strong>24).</strong></span> <span class='ocrx_word' id='word_1_678' title='bbox 2922 2344 3144 2435; x_wconf 87' lang='lat' dir='ltr'><strong>Utergo</strong></span> <span class='ocrx_word' id='word_1_679' title='bbox 3175 2368 3481 2438; x_wconf 88' lang='lat' dir='ltr'><strong>plenissime</strong></span> <span class='ocrx_word' id='word_1_680' title='bbox 3503 2393 3568 2433; x_wconf 90' lang='lat' dir='ltr'><strong>ac</strong></span> 
     </span>
    </p>
   </div>
   <div class='ocr_carea' id='block_1_84' title="bbox 1977 2430 3565 2523">
    <p class='ocr_par' dir='ltr' id='par_1_84' title="bbox 1977 2430 3565 2523">
     <span class='ocr_line' id='line_1_84' title="bbox 1977 2430 3565 2523; baseline 0.025 -40"><span class='ocrx_word' id='word_1_681' title='bbox 1977 2430 2289 2499; x_wconf 90' lang='lat' dir='ltr'><strong>planissime</strong></span> <span class='ocrx_word' id='word_1_682' title='bbox 2318 2441 2533 2496; x_wconf 85' lang='lat' dir='ltr'><strong>noveris</strong></span> <span class='ocrx_word' id='word_1_683' title='bbox 2553 2485 2568 2510; x_wconf 94' lang='lat'><strong>,</strong></span> <span class='ocrx_word' id='word_1_684' title='bbox 2601 2459 2719 2501; x_wconf 86' lang='lat' dir='ltr'><strong>eam</strong></span> <span class='ocrx_word' id='word_1_685' title='bbox 2749 2430 2868 2521; x_wconf 75' lang='lat' dir='ltr'><strong>quas</strong></span> <span class='ocrx_word' id='word_1_686' title='bbox 2897 2453 3074 2508; x_wconf 86' lang='lat' dir='ltr'><strong>anima</strong></span> <span class='ocrx_word' id='word_1_687' title='bbox 3106 2467 3214 2523; x_wconf 89' lang='lat' dir='ltr'><strong>est,</strong></span> <span class='ocrx_word' id='word_1_688' title='bbox 3249 2477 3399 2519; x_wconf 89' lang='lat' dir='ltr'><strong>more</strong></span> <span class='ocrx_word' id='word_1_689' title='bbox 3427 2466 3565 2522; x_wconf 86' lang='lat' dir='ltr'><strong>divi-</strong></span> 
     </span>
    </p>
   </div>
   <div class='ocr_carea' id='block_1_85' title="bbox 1967 2527 3566 2623">
    <p class='ocr_par' dir='ltr' id='par_1_85' title="bbox 1967 2527 3566 2623">
     <span class='ocr_line' id='line_1_85' title="bbox 1967 2527 3566 2623; baseline 0.024 -49"><span class='ocrx_word' id='word_1_690' title='bbox 1967 2535 2167 2579; x_wconf 75' lang='lat' dir='ltr'><strong>norum</strong></span> <span class='ocrx_word' id='word_1_691' title='bbox 2212 2527 2546 2600; x_wconf 89' lang='lat' dir='ltr'><strong>eloquiorum</strong></span> <span class='ocrx_word' id='word_1_692' title='bbox 2592 2536 2752 2596; x_wconf 85' lang='lat' dir='ltr'><strong>etiam</strong></span> <span class='ocrx_word' id='word_1_693' title='bbox 2797 2542 3041 2612; x_wconf 88' lang='lat' dir='ltr'><strong>Spiritum</strong></span> <span class='ocrx_word' id='word_1_694' title='bbox 3091 2547 3228 2617; x_wconf 87' lang='lat' dir='ltr'><strong>dici,</strong></span> <span class='ocrx_word' id='word_1_695' title='bbox 3267 2556 3566 2623; x_wconf 87' lang='lat' dir='ltr'><strong>appellatur</strong></span> 
     </span>
    </p>
   </div>
   <div class='ocr_carea' id='block_1_86' title="bbox 1975 2614 3562 2707">
    <p class='ocr_par' dir='ltr' id='par_1_86' title="bbox 1975 2614 3562 2707">
     <span class='ocr_line' id='line_1_86' title="bbox 1975 2614 3562 2707; baseline 0.023 -42"><span class='ocrx_word' id='word_1_696' title='bbox 1975 2614 2187 2679; x_wconf 88' lang='lat' dir='ltr'><strong>pecoris</strong></span> <span class='ocrx_word' id='word_1_697' title='bbox 2215 2618 2454 2685; x_wconf 86' lang='lat' dir='ltr'><strong>spiritus.</strong></span> <span class='ocrx_word' id='word_1_698' title='bbox 2488 2623 2554 2678; x_wconf 87' lang='lat' dir='ltr'><strong>Et</strong></span> <span class='ocrx_word' id='word_1_699' title='bbox 2581 2627 2761 2698; x_wconf 87' lang='lat' dir='ltr'><strong>utique</strong></span> <span class='ocrx_word' id='word_1_700' title='bbox 2804 2646 2908 2686; x_wconf 92' lang='lat' dir='ltr'><strong>non</strong></span> <span class='ocrx_word' id='word_1_701' title='bbox 2940 2632 3138 2692; x_wconf 89' lang='lat' dir='ltr'><strong>habent</strong></span> <span class='ocrx_word' id='word_1_702' title='bbox 3184 2614 3372 2707; x_wconf 72' lang='lat' dir='ltr'><strong>pecora</strong></span> <span class='ocrx_word' id='word_1_703' title='bbox 3413 2645 3562 2702; x_wconf 90' lang='lat' dir='ltr'><strong>illum</strong></span> 
     </span>
    </p>
   </div>
   <div class='ocr_carea' id='block_1_87' title="bbox 1972 2701 3563 2789">
    <p class='ocr_par' dir='ltr' id='par_1_87' title="bbox 1972 2701 3563 2789">
     <span class='ocr_line' id='line_1_87' title="bbox 1972 2701 3563 2789; baseline 0.023 -36"><span class='ocrx_word' id='word_1_704' title='bbox 1972 2701 2238 2771; x_wconf 87' lang='lat' dir='ltr'><strong>spiritum,</strong></span> <span class='ocrx_word' id='word_1_705' title='bbox 2268 2724 2427 2777; x_wconf 87' lang='lat' dir='ltr'><strong>quem</strong></span> <span class='ocrx_word' id='word_1_706' title='bbox 2462 2720 2546 2767; x_wconf 86' lang='lat' dir='ltr'><strong>tua</strong></span> <span class='ocrx_word' id='word_1_707' title='bbox 2578 2716 2803 2775; x_wconf 85' lang='lat' dir='ltr'><strong>Dilectio</strong></span> <span class='ocrx_word' id='word_1_708' title='bbox 2830 2720 3141 2781; x_wconf 88' lang='lat' dir='ltr'><strong>discernens</strong></span> <span class='ocrx_word' id='word_1_709' title='bbox 3168 2701 3236 2782; x_wconf 80' lang='lat' dir='ltr'><strong>ab</strong></span> <span class='ocrx_word' id='word_1_710' title='bbox 3267 2733 3442 2788; x_wconf 90' lang='lat' dir='ltr'><strong>anima</strong></span> <span class='ocrx_word' id='word_1_711' title='bbox 3469 2701 3563 2789; x_wconf 41' lang='lat' dir='ltr'><strong>de?</strong></span> 
     </span>
    </p>
   </div>
   <div class='ocr_carea' id='block_1_88' title="bbox 1971 2792 3561 2884">
    <p class='ocr_par' dir='ltr' id='par_1_88' title="bbox 1971 2792 3561 2884">
     <span class='ocr_line' id='line_1_88' title="bbox 1971 2792 3561 2884; baseline 0.023 -39"><span class='ocrx_word' id='word_1_712' title='bbox 1971 2792 2159 2849; x_wconf 81' lang='lat' dir='ltr'><strong>ﬁnivit.</strong></span> <span class='ocrx_word' id='word_1_713' title='bbox 2194 2795 2345 2853; x_wconf 89' lang='lat' dir='ltr'><strong>Unde</strong></span> <span class='ocrx_word' id='word_1_714' title='bbox 2375 2803 2718 2864; x_wconf 79' lang='lat' dir='ltr'><strong>manifestum</strong></span> <span class='ocrx_word' id='word_1_715' title='bbox 2748 2820 2831 2864; x_wconf 86' lang='lat' dir='ltr'><strong>est</strong></span> <span class='ocrx_word' id='word_1_716' title='bbox 2862 2815 3003 2880; x_wconf 91' lang='lat' dir='ltr'><strong>quod</strong></span> <span class='ocrx_word' id='word_1_717' title='bbox 3033 2820 3269 2884; x_wconf 84' lang='lat' dir='ltr'><strong>generali</strong></span> <span class='ocrx_word' id='word_1_718' title='bbox 3304 2825 3561 2881; x_wconf 87' lang='lat' dir='ltr'><strong>vocabulo</strong></span> 
     </span>
    </p>
   </div>
   <div class='ocr_carea' id='block_1_89' title="bbox 1969 2884 3558 2984">
    <p class='ocr_par' dir='ltr' id='par_1_89' title="bbox 1969 2884 3558 2984">
     <span class='ocr_line' id='line_1_89' title="bbox 1969 2884 3558 2984; baseline 0.024 -48"><span class='ocrx_word' id='word_1_719' title='bbox 1969 2884 2146 2940; x_wconf 89' lang='lat' dir='ltr'><strong>anima</strong></span> <span class='ocrx_word' id='word_1_720' title='bbox 2178 2890 2387 2957; x_wconf 89' lang='lat' dir='ltr'><strong>pecoris</strong></span> <span class='ocrx_word' id='word_1_721' title='bbox 2412 2903 2557 2949; x_wconf 89' lang='lat' dir='ltr'><strong>recte</strong></span> <span class='ocrx_word' id='word_1_722' title='bbox 2586 2900 2756 2965; x_wconf 90' lang='lat' dir='ltr'><strong>potuit</strong></span> <span class='ocrx_word' id='word_1_723' title='bbox 2779 2903 2858 2957; x_wconf 89' lang='lat' dir='ltr'><strong>sic</strong></span> <span class='ocrx_word' id='word_1_724' title='bbox 2885 2906 3085 2974; x_wconf 86' lang='lat' dir='ltr'><strong>vocari,</strong></span> <span class='ocrx_word' id='word_1_725' title='bbox 3118 2910 3256 2965; x_wconf 89' lang='lat' dir='ltr'><strong>sicut</strong></span> <span class='ocrx_word' id='word_1_726' title='bbox 3284 2912 3475 2984; x_wconf 83' lang='lat' dir='ltr'><strong>legitur</strong></span> <span class='ocrx_word' id='word_1_727' title='bbox 3503 2918 3558 2974; x_wconf 89' lang='lat' dir='ltr'><strong>in</strong></span> 
     </span>
    </p>
   </div>
   <div class='ocr_carea' id='block_1_90' title="bbox 1967 2973 3557 3071">
    <p class='ocr_par' dir='ltr' id='par_1_90' title="bbox 1967 2973 3557 3071">
     <span class='ocr_line' id='line_1_90' title="bbox 1967 2973 3557 3071; baseline 0.023 -43"><span class='ocrx_word' id='word_1_728' title='bbox 1967 2973 2104 3032; x_wconf 86' lang='lat' dir='ltr'><strong>libro</strong></span> <span class='ocrx_word' id='word_1_729' title='bbox 2133 2978 2469 3041; x_wconf 63' lang='lat' dir='ltr'><strong>Ecclesiaste</strong></span> <span class='ocrx_word' id='word_1_730' title='bbox 2494 3005 2508 3041; x_wconf 88' lang='lat'>:</span> <span class='ocrx_word' id='word_1_731' title='bbox 2539 2988 2665 3055; x_wconf 85' lang='lat' dir='ltr'><strong>Quis</strong></span> <span class='ocrx_word' id='word_1_732' title='bbox 2693 2993 2822 3062; x_wconf 85' lang='lat' dir='ltr'><strong>scit,</strong></span> <span class='ocrx_word' id='word_1_733' title='bbox 2851 2973 3076 3066; x_wconf 85' lang='lat' dir='ltr'><strong>spiritus</strong></span> <span class='ocrx_word' id='word_1_734' title='bbox 3084 3001 3311 3071; x_wconf 70' lang='lat' dir='ltr'><strong>filiorum</strong></span> <span class='ocrx_word' id='word_1_735' title='bbox 3334 2973 3557 3066; x_wconf 52' lang='lat' dir='ltr'><strong>immittis</strong></span> 
     </span>
    </p>
   </div>
   <div class='ocr_carea' id='block_1_91' title="bbox 1965 3071 3555 3162">
    <p class='ocr_par' dir='ltr' id='par_1_91' title="bbox 1965 3071 3555 3162">
     <span class='ocr_line' id='line_1_91' title="bbox 1965 3071 3555 3162; baseline 0.023 -41"><span class='ocrx_word' id='word_1_736' title='bbox 1965 3071 2012 3122; x_wconf 87' lang='lat' dir='ltr'><strong>si</strong></span> <span class='ocrx_word' id='word_1_737' title='bbox 2034 3074 2273 3128; x_wconf 81' lang='lat' dir='ltr'><strong>ascendat</strong></span> <span class='ocrx_word' id='word_1_738' title='bbox 2298 3077 2406 3147; x_wconf 89' lang='lat' dir='ltr'><strong>ipse</strong></span> <span class='ocrx_word' id='word_1_739' title='bbox 2423 3096 2657 3149; x_wconf 89' lang='lat' dir='ltr'><strong>sursum,</strong></span> <span class='ocrx_word' id='word_1_740' title='bbox 2688 3096 2735 3142; x_wconf 90' lang='lat' dir='ltr'><strong>et</strong></span> <span class='ocrx_word' id='word_1_741' title='bbox 2763 3088 2970 3159; x_wconf 81' lang='lat' dir='ltr'><strong>spiritus</strong></span> <span class='ocrx_word' id='word_1_742' title='bbox 2998 3097 3192 3162; x_wconf 85' lang='lat' dir='ltr'><strong>pecoris</strong></span> <span class='ocrx_word' id='word_1_743' title='bbox 3217 3099 3261 3151; x_wconf 87' lang='lat' dir='ltr'><strong>si</strong></span> <span class='ocrx_word' id='word_1_744' title='bbox 3285 3099 3555 3158; x_wconf 83' lang='lat' dir='ltr'><strong>descendat</strong></span> 
     </span>
    </p>
   </div>
   <div class='ocr_carea' id='block_1_92' title="bbox 1965 3161 3555 3261">
    <p class='ocr_par' dir='ltr' id='par_1_92' title="bbox 1965 3161 3555 3261">
     <span class='ocr_line' id='line_1_92' title="bbox 1965 3161 3555 3261; baseline 0.024 -48"><span class='ocrx_word' id='word_1_745' title='bbox 1965 3161 2076 3231; x_wconf 83' lang='lat' dir='ltr'><strong>ipse</strong></span> <span class='ocrx_word' id='word_1_746' title='bbox 2105 3165 2340 3222; x_wconf 85' lang='lat' dir='ltr'><strong>deorsum</strong></span> <span class='ocrx_word' id='word_1_747' title='bbox 2366 3171 2419 3225; x_wconf 89' lang='lat' dir='ltr'><strong>in</strong></span> <span class='ocrx_word' id='word_1_748' title='bbox 2446 3182 2629 3229; x_wconf 88' lang='lat' dir='ltr'><strong>terram</strong></span> <span class='ocrx_word' id='word_1_749' title='bbox 2651 3176 2846 3246; x_wconf 79' lang='lat' dir='ltr'><strong>(Eccle.</strong></span> <span class='ocrx_word' id='word_1_750' title='bbox 2878 3197 2956 3250; x_wconf 84' lang='lat' dir='ltr'><strong>nt,</strong></span> <span class='ocrx_word' id='word_1_751' title='bbox 2981 3161 3112 3256; x_wconf 65' lang='lat' dir='ltr'><strong>2i)?</strong></span> <span class='ocrx_word' id='word_1_752' title='bbox 3139 3187 3373 3261; x_wconf 87' lang='lat' dir='ltr'><strong>Itemque</strong></span> <span class='ocrx_word' id='word_1_753' title='bbox 3403 3194 3453 3248; x_wconf 91' lang='lat' dir='ltr'><strong>in</strong></span> <span class='ocrx_word' id='word_1_754' title='bbox 3475 3196 3555 3250; x_wconf 84' lang='lat' dir='ltr'><strong>di-</strong></span> 
     </span>
    </p>
   </div>
   <div class='ocr_carea' id='block_1_93' title="bbox 1966 3252 3554 3341">
    <p class='ocr_par' dir='ltr' id='par_1_93' title="bbox 1966 3252 3554 3341">
     <span class='ocr_line' id='line_1_93' title="bbox 1966 3252 3554 3341; baseline 0.022 -36"><span class='ocrx_word' id='word_1_755' title='bbox 1966 3252 2090 3309; x_wconf 82' lang='lat' dir='ltr'><strong>luvii</strong></span> <span class='ocrx_word' id='word_1_756' title='bbox 2125 3260 2368 3315; x_wconf 78' lang='lat' dir='ltr'><strong>vastitate</strong></span> <span class='ocrx_word' id='word_1_757' title='bbox 2410 3263 2481 3317; x_wconf 89' lang='lat' dir='ltr'><strong>ita</strong></span> <span class='ocrx_word' id='word_1_758' title='bbox 2520 3268 2775 3338; x_wconf 87' lang='lat' dir='ltr'><strong>scriptum</strong></span> <span class='ocrx_word' id='word_1_759' title='bbox 2813 3281 2935 3328; x_wconf 86' lang='lat' dir='ltr'><strong>est:</strong></span> <span class='ocrx_word' id='word_1_760' title='bbox 2973 3252 3267 3334; x_wconf 27' lang='lat' dir='ltr'><strong>Et‘mortua</strong></span> <span class='ocrx_word' id='word_1_761' title='bbox 3296 3294 3365 3337; x_wconf 84' lang='lat' dir='ltr'><strong>cst</strong></span> <span class='ocrx_word' id='word_1_762' title='bbox 3392 3288 3554 3341; x_wconf 86' lang='lat' dir='ltr'><strong>omnis</strong></span> 
     </span>
    </p>
   </div>
   <div class='ocr_carea' id='block_1_94' title="bbox 1963 3353 3553 3444">
    <p class='ocr_par' dir='ltr' id='par_1_94' title="bbox 1963 3353 3553 3444">
     <span class='ocr_line' id='line_1_94' title="bbox 1963 3353 3553 3444; baseline 0.022 -49"><span class='ocrx_word' id='word_1_763' title='bbox 1963 3360 2080 3398; x_wconf 81' lang='lat' dir='ltr'><strong>cura</strong></span> <span class='ocrx_word' id='word_1_764' title='bbox 2100 3387 2114 3411; x_wconf 92' lang='lat'><strong>,</strong></span> <span class='ocrx_word' id='word_1_765' title='bbox 2161 3364 2274 3419; x_wconf 71' lang='lat' dir='ltr'><strong>quae</strong></span> <span class='ocrx_word' id='word_1_766' title='bbox 2312 3353 2601 3409; x_wconf 80' lang='lat' dir='ltr'><strong>movebatur</strong></span> <span class='ocrx_word' id='word_1_767' title='bbox 2626 3374 2780 3430; x_wconf 84' lang='lat' dir='ltr'><strong>super</strong></span> <span class='ocrx_word' id='word_1_768' title='bbox 2807 3371 3012 3429; x_wconf 86' lang='lat' dir='ltr'><strong>terram,</strong></span> <span class='ocrx_word' id='word_1_769' title='bbox 3047 3370 3322 3425; x_wconf 76' lang='lat' dir='ltr'><strong>uolutitium</strong></span> <span class='ocrx_word' id='word_1_770' title='bbox 3345 3414 3360 3439; x_wconf 90' lang='lat'><strong>,</strong></span> <span class='ocrx_word' id='word_1_771' title='bbox 3403 3391 3553 3444; x_wconf 83' lang='lat' dir='ltr'><strong>peco-</strong></span> 
     </span>
    </p>
   </div>
   <div class='ocr_carea' id='block_1_95' title="bbox 1961 3442 3549 3538">
    <p class='ocr_par' dir='ltr' id='par_1_95' title="bbox 1961 3442 3549 3538">
     <span class='ocr_line' id='line_1_95' title="bbox 1961 3442 3549 3538; baseline 0.023 -52"><span class='ocrx_word' id='word_1_772' title='bbox 1961 3451 2093 3504; x_wconf 86' lang='lat' dir='ltr'><strong>rum,</strong></span> <span class='ocrx_word' id='word_1_773' title='bbox 2125 3451 2171 3490; x_wconf 86' lang='lat' dir='ltr'><strong>et</strong></span> <span class='ocrx_word' id='word_1_774' title='bbox 2191 3442 2541 3511; x_wconf 84' lang='lat' dir='ltr'><strong>jumentorum</strong></span> <span class='ocrx_word' id='word_1_775' title='bbox 2565 3488 2580 3512; x_wconf 93' lang='lat'><strong>,</strong></span> <span class='ocrx_word' id='word_1_776' title='bbox 2613 3460 2659 3502; x_wconf 89' lang='lat' dir='ltr'><strong>et</strong></span> <span class='ocrx_word' id='word_1_777' title='bbox 2688 3451 2931 3519; x_wconf 77' lang='lat' dir='ltr'><strong>ferarum,</strong></span> <span class='ocrx_word' id='word_1_778' title='bbox 2966 3465 3013 3509; x_wconf 91' lang='lat' dir='ltr'><strong>et</strong></span> <span class='ocrx_word' id='word_1_779' title='bbox 3041 3461 3203 3515; x_wconf 83' lang='lat' dir='ltr'><strong>omnis</strong></span> <span class='ocrx_word' id='word_1_780' title='bbox 3232 3479 3434 3534; x_wconf 78' lang='lat' dir='ltr'><strong>serpens</strong></span> <span class='ocrx_word' id='word_1_781' title='bbox 3463 3470 3549 3538; x_wconf 82' lang='lat' dir='ltr'><strong>qui</strong></span> 
     </span>
    </p>
   </div>
   <div class='ocr_carea' id='block_1_96' title="bbox 1961 3540 3545 3626">
    <p class='ocr_par' dir='ltr' id='par_1_96' title="bbox 1961 3540 3545 3626">
     <span class='ocr_line' id='line_1_96' title="bbox 1961 3540 3545 3626; baseline 0.021 -48"><span class='ocrx_word' id='word_1_782' title='bbox 1961 3540 2184 3582; x_wconf 74' lang='lat' dir='ltr'><strong>movetur</strong></span> <span class='ocrx_word' id='word_1_783' title='bbox 2222 3549 2383 3599; x_wconf 87' lang='lat' dir='ltr'><strong>super.</strong></span> <span class='ocrx_word' id='word_1_784' title='bbox 2401 3545 2585 3590; x_wconf 83' lang='lat' dir='ltr'><strong>terram</strong></span> <span class='ocrx_word' id='word_1_785' title='bbox 2613 3550 2661 3594; x_wconf 80' lang='lat' dir='ltr'><strong>et</strong></span> <span class='ocrx_word' id='word_1_786' title='bbox 2687 3545 2848 3598; x_wconf 83' lang='lat' dir='ltr'><strong>omnis</strong></span> <span class='ocrx_word' id='word_1_787' title='bbox 2892 3540 3041 3601; x_wconf 70' lang='lat' dir='ltr'><strong>[fama</strong></span> <span class='ocrx_word' id='word_1_788' title='bbox 3071 3591 3085 3615; x_wconf 96' lang='lat'><strong>,</strong></span> <span class='ocrx_word' id='word_1_789' title='bbox 3117 3560 3164 3604; x_wconf 83' lang='lat' dir='ltr'><strong>et</strong></span> <span class='ocrx_word' id='word_1_790' title='bbox 3203 3557 3374 3608; x_wconf 83' lang='lat' dir='ltr'><strong>omnia</strong></span> <span class='ocrx_word' id='word_1_791' title='bbox 3401 3574 3545 3626; x_wconf 73' lang='lat' dir='ltr'><strong>qiua-</strong></span> 
     </span>
    </p>
   </div>
   <div class='ocr_carea' id='block_1_97' title="bbox 1958 3621 3542 3718">
    <p class='ocr_par' dir='ltr' id='par_1_97' title="bbox 1958 3621 3542 3718">
     <span class='ocr_line' id='line_1_97' title="bbox 1958 3621 3542 3718; baseline 0.023 -50"><span class='ocrx_word' id='word_1_792' title='bbox 1958 3632 2168 3689; x_wconf 81' lang='lat' dir='ltr'><strong>cumque</strong></span> <span class='ocrx_word' id='word_1_793' title='bbox 2195 3621 2375 3676; x_wconf 72' lang='lat' dir='ltr'><strong>habent</strong></span> <span class='ocrx_word' id='word_1_794' title='bbox 2419 3627 2651 3695; x_wconf 86' lang='lat' dir='ltr'><strong>spiritum</strong></span> <span class='ocrx_word' id='word_1_795' title='bbox 2690 3632 2804 3686; x_wconf 78' lang='lat' dir='ltr'><strong>vita:</strong></span> <span class='ocrx_word' id='word_1_796' title='bbox 2831 3633 2982 3705; x_wconf 78' lang='lat' dir='ltr'><strong>(Gen.</strong></span> <span class='ocrx_word' id='word_1_797' title='bbox 3015 3653 3117 3706; x_wconf 81' lang='lat' dir='ltr'><strong>vn,</strong></span> <span class='ocrx_word' id='word_1_798' title='bbox 3149 3641 3250 3710; x_wconf 76' lang='grc'>21,</span> <span class='ocrx_word' id='word_1_799' title='bbox 3277 3644 3391 3718; x_wconf 73' lang='lat'><strong>22).</strong></span> <span class='ocrx_word' id='word_1_800' title='bbox 3413 3621 3423 3626; x_wconf 36' lang='lat'>&#39;</span> <span class='ocrx_word' id='word_1_801' title='bbox 3445 3648 3542 3704; x_wconf 85' lang='lat' dir='ltr'><strong>Ubi</strong></span> 
     </span>
    </p>
   </div>
   <div class='ocr_carea' id='block_1_98' title="bbox 1958 3712 3543 3806">
    <p class='ocr_par' dir='ltr' id='par_1_98' title="bbox 1958 3712 3543 3806">
     <span class='ocr_line' id='line_1_98' title="bbox 1958 3712 3543 3806; baseline 0.021 -44"><span class='ocrx_word' id='word_1_802' title='bbox 1958 3712 2179 3766; x_wconf 86' lang='lat' dir='ltr'><strong>remotis</strong></span> <span class='ocrx_word' id='word_1_803' title='bbox 2228 3714 2480 3772; x_wconf 88' lang='lat' dir='ltr'><strong>omnibus</strong></span> <span class='ocrx_word' id='word_1_804' title='bbox 2524 3719 2872 3780; x_wconf 88' lang='lat' dir='ltr'><strong>dubitationis</strong></span> <span class='ocrx_word' id='word_1_805' title='bbox 2916 3729 3246 3800; x_wconf 84' lang='lat' dir='ltr'><strong>ambagibus,</strong></span> <span class='ocrx_word' id='word_1_806' title='bbox 3293 3712 3543 3806; x_wconf 79' lang='lat' dir='ltr'><strong>generale</strong></span> 
     </span>
    </p>
   </div>
   <div class='ocr_carea' id='block_1_99' title="bbox 1961 3805 3542 3901">
    <p class='ocr_par' dir='ltr' id='par_1_99' title="bbox 1961 3805 3542 3901">
     <span class='ocr_line' id='line_1_99' title="bbox 1961 3805 3542 3901; baseline 0.022 -48"><span class='ocrx_word' id='word_1_807' title='bbox 1961 3816 2157 3857; x_wconf 90' lang='lat' dir='ltr'><strong>nomen</strong></span> <span class='ocrx_word' id='word_1_808' title='bbox 2210 3805 2401 3861; x_wconf 77' lang='lat' dir='ltr'><strong>anima:</strong></span> <span class='ocrx_word' id='word_1_809' title='bbox 2450 3824 2571 3867; x_wconf 90' lang='lat' dir='ltr'><strong>esse</strong></span> <span class='ocrx_word' id='word_1_810' title='bbox 2618 3811 2995 3887; x_wconf 86' lang='lat' dir='ltr'><strong>intelligimus,</strong></span> <span class='ocrx_word' id='word_1_811' title='bbox 3050 3824 3340 3901; x_wconf 30' lang='lat' dir='ltr'><strong>spirituma</strong></span> <span class='ocrx_word' id='word_1_812' title='bbox 3380 3827 3542 3901; x_wconf 85' lang='lat' dir='ltr'><strong>Cujus</strong></span> 
     </span>
    </p>
   </div>
   <div class='ocr_carea' id='block_1_100' title="bbox 1955 3892 3538 3985">
    <p class='ocr_par' dir='ltr' id='par_1_100' title="bbox 1955 3892 3538 3985">
     <span class='ocr_line' id='line_1_100' title="bbox 1955 3892 3538 3985; baseline 0.02 -40"><span class='ocrx_word' id='word_1_813' title='bbox 1955 3892 2171 3961; x_wconf 87' lang='lat' dir='ltr'><strong>quidem</strong></span> <span class='ocrx_word' id='word_1_814' title='bbox 2205 3899 2440 3955; x_wconf 86' lang='lat' dir='ltr'><strong>nominis</strong></span> <span class='ocrx_word' id='word_1_815' title='bbox 2472 3902 2786 3973; x_wconf 88' lang='lat' dir='ltr'><strong>signiﬁcatio</strong></span> <span class='ocrx_word' id='word_1_816' title='bbox 2818 3920 2921 3964; x_wconf 89' lang='lat' dir='ltr'><strong>tam</strong></span> <span class='ocrx_word' id='word_1_817' title='bbox 2954 3912 3059 3969; x_wconf 91' lang='lat' dir='ltr'><strong>late</strong></span> <span class='ocrx_word' id='word_1_818' title='bbox 3089 3924 3263 3985; x_wconf 83' lang='lat' dir='ltr'><strong>patet,</strong></span> <span class='ocrx_word' id='word_1_819' title='bbox 3299 3892 3538 3978; x_wconf 78' lang='lat' dir='ltr'><strong>utetiam</strong></span> 
     </span>
    </p>
   </div>
   <div class='ocr_carea' id='block_1_101' title="bbox 1958 3981 3540 4077">
    <p class='ocr_par' dir='ltr' id='par_1_101' title="bbox 1958 3981 3540 4077">
     <span class='ocr_line' id='line_1_101' title="bbox 1958 3981 3540 4077; baseline 0.02 -41"><span class='ocrx_word' id='word_1_820' title='bbox 1958 3981 2099 4038; x_wconf 89' lang='lat' dir='ltr'><strong>Deus</strong></span> <span class='ocrx_word' id='word_1_821' title='bbox 2146 3998 2365 4045; x_wconf 86' lang='lat' dir='ltr'><strong>vocetur</strong></span> <span class='ocrx_word' id='word_1_822' title='bbox 2408 3993 2627 4062; x_wconf 90' lang='lat' dir='ltr'><strong>spiritus</strong></span> <span class='ocrx_word' id='word_1_823' title='bbox 2671 3995 2847 4071; x_wconf 87' lang='lat' dir='ltr'><strong>(Joan.</strong></span> <span class='ocrx_word' id='word_1_824' title='bbox 2876 4017 2951 4069; x_wconf 89' lang='lat' dir='ltr'><strong>tv,</strong></span> <span class='ocrx_word' id='word_1_825' title='bbox 2980 3981 3105 4077; x_wconf 49' lang='lat'><strong>24):</strong></span> <span class='ocrx_word' id='word_1_826' title='bbox 3144 4008 3208 4061; x_wconf 91' lang='lat' dir='ltr'><strong>Et</strong></span> <span class='ocrx_word' id='word_1_827' title='bbox 3245 3981 3345 4065; x_wconf 89' lang='lat' dir='ltr'><strong>iste</strong></span> <span class='ocrx_word' id='word_1_828' title='bbox 3384 4011 3540 4069; x_wconf 84' lang='lat' dir='ltr'><strong>ﬂatus</strong></span> 
     </span>
    </p>
   </div>
   <div class='ocr_carea' id='block_1_102' title="bbox 1953 4082 3537 4164">
    <p class='ocr_par' dir='ltr' id='par_1_102' title="bbox 1953 4082 3537 4164">
     <span class='ocr_line' id='line_1_102' title="bbox 1953 4082 3537 4164; baseline 0.021 -38"><span class='ocrx_word' id='word_1_829' title='bbox 1953 4088 2170 4144; x_wconf 78' lang='lat' dir='ltr'><strong>aereus,</strong></span> <span class='ocrx_word' id='word_1_830' title='bbox 2202 4082 2444 4149; x_wconf 89' lang='lat' dir='ltr'><strong>quamvis</strong></span> <span class='ocrx_word' id='word_1_831' title='bbox 2472 4086 2542 4139; x_wconf 92' lang='lat' dir='ltr'><strong>sit</strong></span> <span class='ocrx_word' id='word_1_832' title='bbox 2577 4102 2888 4159; x_wconf 80' lang='lat' dir='ltr'><strong>corporeus,</strong></span> <span class='ocrx_word' id='word_1_833' title='bbox 2917 4097 3213 4164; x_wconf 82' lang='lat' dir='ltr'><strong>appellatur</strong></span> <span class='ocrx_word' id='word_1_834' title='bbox 3240 4100 3291 4153; x_wconf 92' lang='lat' dir='ltr'><strong>in</strong></span> <span class='ocrx_word' id='word_1_835' title='bbox 3323 4101 3537 4160; x_wconf 82' lang='lat' dir='ltr'><strong>Psalmo</strong></span> 
     </span>
    </p>
   </div>
   <div class='ocr_carea' id='block_1_103' title="bbox 1952 4167 3536 4263">
    <p class='ocr_par' dir='ltr' id='par_1_103' title="bbox 1952 4167 3536 4263">
     <span class='ocr_line' id='line_1_103' title="bbox 1952 4167 3536 4263; baseline 0.021 -44"><span class='ocrx_word' id='word_1_836' title='bbox 1952 4167 2169 4234; x_wconf 90' lang='lat' dir='ltr'><strong>spiritus</strong></span> <span class='ocrx_word' id='word_1_837' title='bbox 2217 4176 2547 4241; x_wconf 84' lang='lat' dir='ltr'><strong>tempestatis</strong></span> <span class='ocrx_word' id='word_1_838' title='bbox 2601 4177 2768 4250; x_wconf 84' lang='lat' dir='ltr'><strong>(Psal.</strong></span> <span class='ocrx_word' id='word_1_839' title='bbox 2816 4199 2935 4251; x_wconf 79' lang='lat' dir='ltr'><strong>LIV,</strong></span> <span class='ocrx_word' id='word_1_840' title='bbox 2969 4186 3047 4258; x_wconf 90' lang='lat'><strong>9).</strong></span> <span class='ocrx_word' id='word_1_841' title='bbox 3104 4188 3438 4263; x_wconf 84' lang='lat' dir='ltr'><strong>Quapropter</strong></span> <span class='ocrx_word' id='word_1_842' title='bbox 3483 4207 3536 4252; x_wconf 88' lang='lat' dir='ltr'><strong>et</strong></span> 
     </span>
    </p>
   </div>
   <div class='ocr_carea' id='block_1_104' title="bbox 1952 4265 3531 4355">
    <p class='ocr_par' dir='ltr' id='par_1_104' title="bbox 1952 4265 3531 4355">
     <span class='ocr_line' id='line_1_104' title="bbox 1952 4265 3531 4355; baseline 0.02 -45"><span class='ocrx_word' id='word_1_843' title='bbox 1952 4270 2104 4323; x_wconf 89' lang='lat' dir='ltr'><strong>eam,</strong></span> <span class='ocrx_word' id='word_1_844' title='bbox 2145 4275 2265 4329; x_wconf 80' lang='lat' dir='ltr'><strong>quae</strong></span> <span class='ocrx_word' id='word_1_845' title='bbox 2306 4265 2481 4318; x_wconf 89' lang='lat' dir='ltr'><strong>anima</strong></span> <span class='ocrx_word' id='word_1_846' title='bbox 2512 4278 2593 4322; x_wconf 90' lang='lat' dir='ltr'><strong>est</strong></span> <span class='ocrx_word' id='word_1_847' title='bbox 2615 4271 2654 4335; x_wconf 76' lang='lat'><strong>&#39;,</strong></span> <span class='ocrx_word' id='word_1_848' title='bbox 2708 4272 2866 4326; x_wconf 88' lang='lat' dir='ltr'><strong>etiam</strong></span> <span class='ocrx_word' id='word_1_849' title='bbox 2910 4278 3153 4345; x_wconf 78' lang='lat' dir='ltr'><strong>Spiritum</strong></span> <span class='ocrx_word' id='word_1_850' title='bbox 3205 4288 3531 4355; x_wconf 88' lang='lat' dir='ltr'><strong>nuncupari,</strong></span> 
     </span>
    </p>
   </div>
   <div class='ocr_carea' id='block_1_105' title="bbox 1953 4350 3535 4441">
    <p class='ocr_par' dir='ltr' id='par_1_105' title="bbox 1953 4350 3535 4441">
     <span class='ocr_line' id='line_1_105' title="bbox 1953 4350 3535 4441; baseline 0.021 -41"><span class='ocrx_word' id='word_1_851' title='bbox 1953 4357 2081 4417; x_wconf 90' lang='lat' dir='ltr'><strong>puto</strong></span> <span class='ocrx_word' id='word_1_852' title='bbox 2101 4350 2241 4420; x_wconf 78' lang='lat' dir='ltr'><strong>quod</strong></span> <span class='ocrx_word' id='word_1_853' title='bbox 2265 4352 2568 4413; x_wconf 89' lang='lat' dir='ltr'><strong>admonitus</strong></span> <span class='ocrx_word' id='word_1_854' title='bbox 2596 4359 2699 4427; x_wconf 87' lang='lat' dir='ltr'><strong>bis,</strong></span> <span class='ocrx_word' id='word_1_855' title='bbox 2721 4377 2840 4432; x_wconf 70' lang='lat' dir='ltr'><strong>qua:</strong></span> <span class='ocrx_word' id='word_1_856' title='bbox 2863 4379 3220 4425; x_wconf 85' lang='lat' dir='ltr'><strong>commemora</strong></span> <span class='ocrx_word' id='word_1_857' title='bbox 3233 4374 3298 4441; x_wconf 73' lang='lat' dir='ltr'><strong>vi,</strong></span> <span class='ocrx_word' id='word_1_858' title='bbox 3325 4376 3535 4432; x_wconf 86' lang='lat' dir='ltr'><strong>divina-</strong></span> 
     </span>
    </p>
   </div>
   <div class='ocr_carea' id='block_1_106' title="bbox 1953 4445 3533 4539">
    <p class='ocr_par' dir='ltr' id='par_1_106' title="bbox 1953 4445 3533 4539">
     <span class='ocr_line' id='line_1_106' title="bbox 1953 4445 3533 4539; baseline 0.019 -43"><span class='ocrx_word' id='word_1_859' title='bbox 1953 4458 2069 4499; x_wconf 91' lang='lat' dir='ltr'><strong>rum</strong></span> <span class='ocrx_word' id='word_1_860' title='bbox 2120 4445 2435 4500; x_wconf 88' lang='lat' dir='ltr'><strong>testimoniis</strong></span> <span class='ocrx_word' id='word_1_861' title='bbox 2482 4451 2823 4521; x_wconf 84' lang='lat' dir='ltr'><strong>paginarum,</strong></span> <span class='ocrx_word' id='word_1_862' title='bbox 2876 4457 2962 4511; x_wconf 90' lang='lat' dir='ltr'><strong>ubi</strong></span> <span class='ocrx_word' id='word_1_863' title='bbox 2995 4469 3047 4513; x_wconf 89' lang='lat' dir='ltr'><strong>et</strong></span> <span class='ocrx_word' id='word_1_864' title='bbox 3087 4463 3263 4519; x_wconf 88' lang='lat' dir='ltr'><strong>anima</strong></span> <span class='ocrx_word' id='word_1_865' title='bbox 3294 4470 3533 4539; x_wconf 85' lang='lat' dir='ltr'><strong>pecoris,</strong></span> 
     </span>
    </p>
   </div>
   <div class='ocr_carea' id='block_1_107' title="bbox 1949 4537 3533 4626">
    <p class='ocr_par' dir='ltr' id='par_1_107' title="bbox 1949 4537 3533 4626">
     <span class='ocr_line' id='line_1_107' title="bbox 1949 4537 3533 4626; baseline 0.018 -37"><span class='ocrx_word' id='word_1_866' title='bbox 1949 4537 2033 4590; x_wconf 89' lang='lat' dir='ltr'><strong>cui</strong></span> <span class='ocrx_word' id='word_1_867' title='bbox 2065 4552 2168 4591; x_wconf 92' lang='lat' dir='ltr'><strong>non</strong></span> <span class='ocrx_word' id='word_1_868' title='bbox 2196 4547 2277 4593; x_wconf 88' lang='lat' dir='ltr'><strong>est</strong></span> <span class='ocrx_word' id='word_1_869' title='bbox 2304 4539 2622 4609; x_wconf 83' lang='lat' dir='ltr'><strong>intellectus,</strong></span> <span class='ocrx_word' id='word_1_870' title='bbox 2654 4547 2918 4614; x_wconf 83' lang='lat' dir='ltr'><strong>appellata</strong></span> <span class='ocrx_word' id='word_1_871' title='bbox 2948 4550 3139 4622; x_wconf 88' lang='lat' dir='ltr'><strong>legitur</strong></span> <span class='ocrx_word' id='word_1_872' title='bbox 3163 4557 3401 4626; x_wconf 90' lang='lat' dir='ltr'><strong>spiritus,</strong></span> <span class='ocrx_word' id='word_1_873' title='bbox 3429 4537 3533 4617; x_wconf 75' lang='lat' dir='ltr'><strong>non</strong></span> 
     </span>
    </p>
   </div>
   <div class='ocr_carea' id='block_1_108' title="bbox 1956 4626 3529 4715">
    <p class='ocr_par' dir='ltr' id='par_1_108' title="bbox 1956 4626 3529 4715">
     <span class='ocr_line' id='line_1_108' title="bbox 1956 4626 3529 4715; baseline 0.016 -36"><span class='ocrx_word' id='word_1_874' title='bbox 1956 4626 2173 4696; x_wconf 85' lang='lat' dir='ltr'><strong>negabis</strong></span> <span class='ocrx_word' id='word_1_875' title='bbox 2215 4629 2458 4684; x_wconf 88' lang='lat' dir='ltr'><strong>ulterius.</strong></span> <span class='ocrx_word' id='word_1_876' title='bbox 2500 4631 2758 4698; x_wconf 79' lang='lat' dir='ltr'><strong>Quocirca</strong></span> <span class='ocrx_word' id='word_1_877' title='bbox 2801 4638 2845 4692; x_wconf 92' lang='lat' dir='ltr'><strong>si</strong></span> <span class='ocrx_word' id='word_1_878' title='bbox 2887 4649 2942 4696; x_wconf 89' lang='grc' dir='ltr'><strong>ει</strong></span> <span class='ocrx_word' id='word_1_879' title='bbox 2982 4642 3068 4696; x_wconf 88' lang='lat' dir='ltr'><strong>illa</strong></span> <span class='ocrx_word' id='word_1_880' title='bbox 3111 4661 3228 4715; x_wconf 83' lang='lat' dir='ltr'><strong>quae</strong></span> <span class='ocrx_word' id='word_1_881' title='bbox 3258 4648 3325 4703; x_wconf 93' lang='lat' dir='ltr'><strong>de</strong></span> <span class='ocrx_word' id='word_1_882' title='bbox 3355 4651 3529 4704; x_wconf 90' lang='lat' dir='ltr'><strong>anima</strong></span> 
     </span>
    </p>
   </div>
   <div class='ocr_carea' id='block_1_109' title="bbox 1952 4716 3532 4804">
    <p class='ocr_par' dir='ltr' id='par_1_109' title="bbox 1952 4716 3532 4804">
     <span class='ocr_line' id='line_1_109' title="bbox 1952 4716 3532 4804; baseline 0.016 -34"><span class='ocrx_word' id='word_1_883' title='bbox 1952 4716 2261 4787; x_wconf 86' lang='lat' dir='ltr'><strong>incorporea</strong></span> <span class='ocrx_word' id='word_1_884' title='bbox 2306 4721 2571 4790; x_wconf 85' lang='lat' dir='ltr'><strong>disputata</strong></span> <span class='ocrx_word' id='word_1_885' title='bbox 2622 4734 2747 4780; x_wconf 88' lang='lat' dir='ltr'><strong>sunt</strong></span> <span class='ocrx_word' id='word_1_886' title='bbox 2789 4731 2935 4799; x_wconf 88' lang='lat' dir='ltr'><strong>capis</strong></span> <span class='ocrx_word' id='word_1_887' title='bbox 2979 4742 3036 4788; x_wconf 92' lang='lat' dir='ltr'><strong>et</strong></span> <span class='ocrx_word' id='word_1_888' title='bbox 3076 4736 3252 4804; x_wconf 86' lang='lat' dir='ltr'><strong>sapis,</strong></span> <span class='ocrx_word' id='word_1_889' title='bbox 3300 4752 3403 4792; x_wconf 90' lang='lat' dir='ltr'><strong>non</strong></span> <span class='ocrx_word' id='word_1_890' title='bbox 3453 4753 3532 4796; x_wconf 89' lang='lat' dir='ltr'><strong>est</strong></span> 
     </span>
    </p>
   </div>
   <div class='ocr_carea' id='block_1_110' title="bbox 1951 4807 3530 4886">
    <p class='ocr_par' dir='ltr' id='par_1_110' title="bbox 1951 4807 3530 4886">
     <span class='ocr_line' id='line_1_110' title="bbox 1951 4807 3530 4886; baseline 0.015 -25"><span class='ocrx_word' id='word_1_891' title='bbox 1951 4807 2090 4863; x_wconf 88' lang='lat' dir='ltr'><strong>unde</strong></span> <span class='ocrx_word' id='word_1_892' title='bbox 2139 4811 2230 4864; x_wconf 89' lang='lat' dir='ltr'><strong>tibi</strong></span> <span class='ocrx_word' id='word_1_893' title='bbox 2275 4812 2613 4882; x_wconf 87' lang='lat' dir='ltr'><strong>displiceam,</strong></span> <span class='ocrx_word' id='word_1_894' title='bbox 2647 4818 2787 4886; x_wconf 88' lang='lat' dir='ltr'><strong>quod</strong></span> <span class='ocrx_word' id='word_1_895' title='bbox 2829 4835 2946 4875; x_wconf 87' lang='lat' dir='ltr'><strong>eam</strong></span> <span class='ocrx_word' id='word_1_896' title='bbox 2986 4838 3073 4879; x_wconf 90' lang='lat' dir='ltr'><strong>me</strong></span> <span class='ocrx_word' id='word_1_897' title='bbox 3103 4827 3239 4881; x_wconf 88' lang='lat' dir='ltr'><strong>scire</strong></span> <span class='ocrx_word' id='word_1_898' title='bbox 3272 4827 3389 4884; x_wconf 78' lang='lat' dir='ltr'><strong>dixi</strong></span> <span class='ocrx_word' id='word_1_899' title='bbox 3424 4846 3530 4885; x_wconf 91' lang='lat' dir='ltr'><strong>non</strong></span> 
     </span>
    </p>
   </div>
   <div class='ocr_carea' id='block_1_111' title="bbox 1946 4904 3531 4985">
    <p class='ocr_par' dir='ltr' id='par_1_111' title="bbox 1946 4904 3531 4985">
     <span class='ocr_line' id='line_1_111' title="bbox 1946 4904 3531 4985; baseline 0.015 -32"><span class='ocrx_word' id='word_1_900' title='bbox 1946 4913 2161 4968; x_wconf 60' lang='lat' dir='ltr'><strong>corpus.</strong></span> <span class='ocrx_word' id='word_1_901' title='bbox 2179 4916 2297 4956; x_wconf 90' lang='lat' dir='ltr'><strong>esse</strong></span> <span class='ocrx_word' id='word_1_902' title='bbox 2317 4943 2331 4967; x_wconf 96' lang='lat'><strong>,</strong></span> <span class='ocrx_word' id='word_1_903' title='bbox 2383 4904 2476 4958; x_wconf 88' lang='lat' dir='ltr'><strong>sed</strong></span> <span class='ocrx_word' id='word_1_904' title='bbox 2512 4906 2756 4976; x_wconf 85' lang='lat' dir='ltr'><strong>Spiritum</strong></span> <span class='ocrx_word' id='word_1_905' title='bbox 2790 4926 2802 4961; x_wconf 89' lang='lat'><strong>:</strong></span> <span class='ocrx_word' id='word_1_906' title='bbox 2833 4911 2952 4979; x_wconf 91' lang='lat' dir='ltr'><strong>quia</strong></span> <span class='ocrx_word' id='word_1_907' title='bbox 2981 4923 3036 4966; x_wconf 91' lang='lat' dir='ltr'><strong>et</strong></span> <span class='ocrx_word' id='word_1_908' title='bbox 3056 4928 3247 4985; x_wconf 86' lang='lat' dir='ltr'><strong>corpus</strong></span> <span class='ocrx_word' id='word_1_909' title='bbox 3273 4932 3378 4971; x_wconf 90' lang='lat' dir='ltr'><strong>non</strong></span> <span class='ocrx_word' id='word_1_910' title='bbox 3410 4934 3531 4976; x_wconf 85' lang='lat' dir='ltr'><strong>esse</strong></span> 
     </span>
    </p>
   </div>
   <div class='ocr_carea' id='block_1_112' title="bbox 1945 5000 3527 5080">
    <p class='ocr_par' dir='ltr' id='par_1_112' title="bbox 1945 5000 3527 5080">
     <span class='ocr_line' id='line_1_112' title="bbox 1945 5000 3527 5080; baseline 0.013 -35"><span class='ocrx_word' id='word_1_911' title='bbox 1945 5002 2302 5059; x_wconf 86' lang='lat' dir='ltr'><strong>monstratur,</strong></span> <span class='ocrx_word' id='word_1_912' title='bbox 2336 5005 2391 5049; x_wconf 90' lang='lat' dir='ltr'><strong>et</strong></span> <span class='ocrx_word' id='word_1_913' title='bbox 2419 5000 2653 5066; x_wconf 86' lang='lat' dir='ltr'><strong>generali</strong></span> <span class='ocrx_word' id='word_1_914' title='bbox 2682 5002 2896 5057; x_wconf 85' lang='lat' dir='ltr'><strong>nomine</strong></span> <span class='ocrx_word' id='word_1_915' title='bbox 2923 5005 3137 5073; x_wconf 88' lang='lat' dir='ltr'><strong>spiritus</strong></span> <span class='ocrx_word' id='word_1_916' title='bbox 3170 5020 3527 5080; x_wconf 89' lang='lat' dir='ltr'><strong>nuncupatur.</strong></span> 
     </span>
    </p>
   </div>
   <div class='ocr_carea' id='block_1_113' title="bbox 2013 5083 3526 5159">
    <p class='ocr_par' dir='ltr' id='par_1_113' title="bbox 2013 5083 3526 5159">
     <span class='ocr_line' id='line_1_113' title="bbox 2013 5083 3526 5159; baseline 0.011 -20"><span class='ocrx_word' id='word_1_917' title='bbox 2013 5083 2240 5140; x_wconf 85' lang='lat' dir='ltr'><strong>CAPUT</strong></span> <span class='ocrx_word' id='word_1_918' title='bbox 2270 5086 2457 5141; x_wconf 81' lang='lat' dir='ltr'><strong>XXIV.</strong></span> <span class='ocrx_word' id='word_1_919' title='bbox 2483 5119 2552 5129; x_wconf 90' lang='lat'><strong>—</strong></span> <span class='ocrx_word' id='word_1_920' title='bbox 2581 5090 2669 5145; x_wconf 75' lang='lat'><strong>38.</strong></span> <span class='ocrx_word' id='word_1_921' title='bbox 2699 5091 3054 5159; x_wconf 84' lang='lat' dir='ltr'><strong>Quamobrem</strong></span> <span class='ocrx_word' id='word_1_922' title='bbox 3095 5095 3138 5149; x_wconf 91' lang='lat' dir='ltr'><strong>si</strong></span> <span class='ocrx_word' id='word_1_923' title='bbox 3180 5096 3275 5151; x_wconf 90' lang='lat' dir='ltr'><strong>hos</strong></span> <span class='ocrx_word' id='word_1_924' title='bbox 3295 5099 3361 5153; x_wconf 90' lang='lat' dir='ltr'><strong>ad</strong></span> <span class='ocrx_word' id='word_1_925' title='bbox 3394 5109 3443 5156; x_wconf 88' lang='lat' dir='ltr'><strong>te</strong></span> <span class='ocrx_word' id='word_1_926' title='bbox 3467 5101 3526 5155; x_wconf 87' lang='lat' dir='ltr'><strong>Ii-</strong></span> 
     </span>
    </p>
   </div>
   <div class='ocr_carea' id='block_1_114' title="bbox 1943 5174 3531 5257">
    <p class='ocr_par' dir='ltr' id='par_1_114' title="bbox 1943 5174 3531 5257">
     <span class='ocr_line' id='line_1_114' title="bbox 1943 5174 3531 5257; baseline 0.011 -28"><span class='ocrx_word' id='word_1_927' title='bbox 1943 5174 2070 5230; x_wconf 87' lang='lat' dir='ltr'><strong>bros</strong></span> <span class='ocrx_word' id='word_1_928' title='bbox 2097 5177 2332 5246; x_wconf 89' lang='lat' dir='ltr'><strong>impensa</strong></span> <span class='ocrx_word' id='word_1_929' title='bbox 2393 5179 2677 5237; x_wconf 88' lang='lat' dir='ltr'><strong>dilectione</strong></span> <span class='ocrx_word' id='word_1_930' title='bbox 2713 5185 3081 5253; x_wconf 90' lang='lat' dir='ltr'><strong>conscriptos,</strong></span> <span class='ocrx_word' id='word_1_931' title='bbox 3134 5203 3357 5257; x_wconf 89' lang='lat' dir='ltr'><strong>repensa</strong></span> <span class='ocrx_word' id='word_1_932' title='bbox 3400 5191 3531 5247; x_wconf 87' lang='lat' dir='ltr'><strong>dile-</strong></span> 
     </span>
    </p>
   </div>
   <div class='ocr_carea' id='block_1_115' title="bbox 1942 5265 3527 5344">
    <p class='ocr_par' dir='ltr' id='par_1_115' title="bbox 1942 5265 3527 5344">
     <span class='ocr_line' id='line_1_115' title="bbox 1942 5265 3527 5344; baseline 0.013 -25"><span class='ocrx_word' id='word_1_933' title='bbox 1942 5265 2119 5321; x_wconf 87' lang='lat' dir='ltr'><strong>ctione</strong></span> <span class='ocrx_word' id='word_1_934' title='bbox 2144 5270 2309 5324; x_wconf 90' lang='lat' dir='ltr'><strong>sumis</strong></span> <span class='ocrx_word' id='word_1_935' title='bbox 2330 5271 2544 5341; x_wconf 90' lang='lat' dir='ltr'><strong>etlegis;</strong></span> <span class='ocrx_word' id='word_1_936' title='bbox 2563 5272 2607 5326; x_wconf 92' lang='lat' dir='ltr'><strong>si</strong></span> <span class='ocrx_word' id='word_1_937' title='bbox 2634 5272 2685 5326; x_wconf 90' lang='lat' dir='ltr'><strong>in</strong></span> <span class='ocrx_word' id='word_1_938' title='bbox 2705 5273 2965 5344; x_wconf 90' lang='lat' dir='ltr'><strong>principio</strong></span> <span class='ocrx_word' id='word_1_939' title='bbox 2982 5277 3133 5344; x_wconf 89' lang='lat' dir='ltr'><strong>primi</strong></span> <span class='ocrx_word' id='word_1_940' title='bbox 3153 5280 3225 5332; x_wconf 89' lang='lat' dir='ltr'><strong>tui</strong></span> <span class='ocrx_word' id='word_1_941' title='bbox 3248 5280 3527 5340; x_wconf 82' lang='lat' dir='ltr'><strong>Iibriaudis</strong></span> 
     </span>
    </p>
   </div>
   <div class='ocr_carea' id='block_1_116' title="bbox 1940 5358 3525 5441">
    <p class='ocr_par' dir='ltr' id='par_1_116' title="bbox 1940 5358 3525 5441">
     <span class='ocr_line' id='line_1_116' title="bbox 1940 5358 3525 5441; baseline 0.012 -28"><span class='ocrx_word' id='word_1_942' title='bbox 1940 5368 1994 5413; x_wconf 90' lang='lat' dir='ltr'><strong>et</strong></span> <span class='ocrx_word' id='word_1_943' title='bbox 2024 5367 2076 5413; x_wconf 90' lang='lat' dir='ltr'><strong>te</strong></span> <span class='ocrx_word' id='word_1_944' title='bbox 2097 5358 2287 5429; x_wconf 91' lang='lat' dir='ltr'><strong>ipsum,</strong></span> <span class='ocrx_word' id='word_1_945' title='bbox 2314 5369 2368 5416; x_wconf 90' lang='lat' dir='ltr'><strong>et</strong></span> <span class='ocrx_word' id='word_1_946' title='bbox 2393 5361 2594 5427; x_wconf 86' lang='lat' dir='ltr'><strong>studes,</strong></span> <span class='ocrx_word' id='word_1_947' title='bbox 2627 5363 2763 5419; x_wconf 89' lang='lat' dir='ltr'><strong>sicut</strong></span> <span class='ocrx_word' id='word_1_948' title='bbox 2791 5365 2970 5421; x_wconf 61' lang='lat' dir='ltr'><strong>dixisti</strong></span> <span class='ocrx_word' id='word_1_949' title='bbox 2994 5385 3006 5419; x_wconf 77' lang='grc' dir='ltr'><strong>ε</strong></span> <span class='ocrx_word' id='word_1_950' title='bbox 3028 5368 3243 5440; x_wconf 87' lang='lat' dir='ltr'><strong>(Supra,</strong></span> <span class='ocrx_word' id='word_1_951' title='bbox 3269 5372 3360 5428; x_wconf 90' lang='lat' dir='ltr'><strong>lib.</strong></span> <span class='ocrx_word' id='word_1_952' title='bbox 3390 5373 3446 5441; x_wconf 70' lang='lat'><strong>2,</strong></span> <span class='ocrx_word' id='word_1_953' title='bbox 3470 5395 3525 5433; x_wconf 83' lang='grc' dir='ltr'><strong>η.</strong></span> 
     </span>
    </p>
   </div>
   <div class='ocr_carea' id='block_1_117' title="bbox 1939 5450 3524 5531">
    <p class='ocr_par' dir='ltr' id='par_1_117' title="bbox 1939 5450 3524 5531">
     <span class='ocr_line' id='line_1_117' title="bbox 1939 5450 3524 5531; baseline 0.014 -29"><span class='ocrx_word' id='word_1_954' title='bbox 1939 5450 2055 5519; x_wconf 74' lang='grc'>22),</span> <span class='ocrx_word' id='word_1_955' title='bbox 2077 5460 2216 5504; x_wconf 90' lang='lat' dir='ltr'><strong>tuam</strong></span> <span class='ocrx_word' id='word_1_956' title='bbox 2246 5454 2563 5507; x_wconf 89' lang='lat' dir='ltr'><strong>sententiam</strong></span> <span class='ocrx_word' id='word_1_957' title='bbox 2592 5470 2697 5509; x_wconf 89' lang='lat' dir='ltr'><strong>non</strong></span> <span class='ocrx_word' id='word_1_958' title='bbox 2719 5457 2850 5511; x_wconf 88' lang='lat' dir='ltr'><strong>tueri</strong></span> <span class='ocrx_word' id='word_1_959' title='bbox 2876 5500 2890 5524; x_wconf 94' lang='lat'><strong>,</strong></span> <span class='ocrx_word' id='word_1_960' title='bbox 2919 5459 2963 5513; x_wconf 90' lang='lat' dir='ltr'><strong>si</strong></span> <span class='ocrx_word' id='word_1_961' title='bbox 2986 5460 3349 5531; x_wconf 77' lang='lat' dir='ltr'><strong>improbabilia</strong></span> <span class='ocrx_word' id='word_1_962' title='bbox 3372 5465 3524 5524; x_wconf 76' lang='lat' dir='ltr'><strong>dete-</strong></span> 
     </span>
    </p>
   </div>
   <div class='ocr_carea' id='block_1_118' title="bbox 1937 5541 3527 5627">
    <p class='ocr_par' dir='ltr' id='par_1_118' title="bbox 1937 5541 3527 5627">
     <span class='ocr_line' id='line_1_118' title="bbox 1937 5541 3527 5627; baseline 0.013 -32"><span class='ocrx_word' id='word_1_963' title='bbox 1937 5551 2091 5612; x_wconf 86' lang='lat' dir='ltr'><strong>gatur</strong></span> <span class='ocrx_word' id='word_1_964' title='bbox 2120 5560 2132 5596; x_wconf 93' lang='lat'>:</span> <span class='ocrx_word' id='word_1_965' title='bbox 2161 5541 2246 5596; x_wconf 87' lang='lat' dir='ltr'><strong>illa</strong></span> <span class='ocrx_word' id='word_1_966' title='bbox 2275 5543 2539 5614; x_wconf 65' lang='lat' dir='ltr'><strong>prrecipue</strong></span> <span class='ocrx_word' id='word_1_967' title='bbox 2569 5546 2814 5603; x_wconf 86' lang='lat' dir='ltr'><strong>undecim</strong></span> <span class='ocrx_word' id='word_1_968' title='bbox 2845 5564 2992 5617; x_wconf 79' lang='lat' dir='ltr'><strong>eave,</strong></span> <span class='ocrx_word' id='word_1_969' title='bbox 3013 5552 3080 5610; x_wconf 89' lang='lat' dir='ltr'><strong>de</strong></span> <span class='ocrx_word' id='word_1_970' title='bbox 3106 5556 3297 5627; x_wconf 88' lang='lat' dir='ltr'><strong>quibus</strong></span> <span class='ocrx_word' id='word_1_971' title='bbox 3314 5567 3363 5614; x_wconf 89' lang='lat' dir='ltr'><strong>te</strong></span> <span class='ocrx_word' id='word_1_972' title='bbox 3379 5558 3434 5615; x_wconf 90' lang='lat' dir='ltr'><strong>in</strong></span> <span class='ocrx_word' id='word_1_973' title='bbox 3463 5560 3527 5617; x_wconf 87' lang='lat' dir='ltr'><strong>Ii-</strong></span> 
     </span>
    </p>
   </div>
   <div class='ocr_carea' id='block_1_119' title="bbox 2004 5698 3057 5764">
    <p class='ocr_par' dir='ltr' id='par_1_119' title="bbox 2004 5698 3057 5764">
     <span class='ocr_line' id='line_1_119' title="bbox 2004 5698 3057 5764; baseline 0.013 -20"><span class='ocrx_word' id='word_1_974' title='bbox 2004 5699 2018 5764; x_wconf 52' lang='lat'><strong><em>?</em></strong></span> <span class='ocrx_word' id='word_1_975' title='bbox 2054 5698 2126 5746; x_wconf 82' lang='lat' dir='ltr'><strong>sic</strong></span> <span class='ocrx_word' id='word_1_976' title='bbox 2150 5703 2249 5746; x_wconf 79' lang='lat' dir='ltr'><strong>Am.</strong></span> <span class='ocrx_word' id='word_1_977' title='bbox 2277 5707 2328 5747; x_wconf 88' lang='lat' dir='ltr'><strong>et</strong></span> <span class='ocrx_word' id='word_1_978' title='bbox 2360 5706 2464 5748; x_wconf 83' lang='lat' dir='ltr'><strong>Mss.</strong></span> <span class='ocrx_word' id='word_1_979' title='bbox 2496 5708 2551 5749; x_wconf 84' lang='grc' dir='ltr'>Αι</span> <span class='ocrx_word' id='word_1_980' title='bbox 2570 5707 2643 5764; x_wconf 79' lang='lat' dir='ltr'><strong>Er.</strong></span> <span class='ocrx_word' id='word_1_981' title='bbox 2673 5711 2723 5753; x_wconf 89' lang='lat' dir='ltr'><strong>et</strong></span> <span class='ocrx_word' id='word_1_982' title='bbox 2746 5710 2876 5764; x_wconf 82' lang='lat' dir='ltr'><strong>t.ov.,</strong></span> <span class='ocrx_word' id='word_1_983' title='bbox 2904 5707 3057 5758; x_wconf 82' lang='lat' dir='ltr'><strong>sentit.</strong></span> 
     </span>
    </p>
   </div>
   <div class='ocr_carea' id='block_1_120' title="bbox 2001 5762 3122 5830">
    <p class='ocr_par' dir='ltr' id='par_1_120' title="bbox 2001 5762 3122 5830">
     <span class='ocr_line' id='line_1_120' title="bbox 2001 5762 3122 5830; baseline 0.012 -23"><span class='ocrx_word' id='word_1_984' title='bbox 2001 5762 2019 5791; x_wconf 61' lang='grc' dir='ltr'>θ</span> <span class='ocrx_word' id='word_1_985' title='bbox 2054 5767 2179 5810; x_wconf 54' lang='lat' dir='ltr'><strong>Mssa</strong></span> <span class='ocrx_word' id='word_1_986' title='bbox 2208 5768 2501 5823; x_wconf 71' lang='lat' dir='ltr'><strong>Quaprrptrr</strong></span> <span class='ocrx_word' id='word_1_987' title='bbox 2519 5770 2564 5815; x_wconf 79' lang='lat' dir='ltr'><strong>et</strong></span> <span class='ocrx_word' id='word_1_988' title='bbox 2587 5763 2635 5815; x_wconf 87' lang='lat' dir='ltr'><strong>in</strong></span> <span class='ocrx_word' id='word_1_989' title='bbox 2663 5765 2828 5830; x_wconf 77' lang='lat' dir='ltr'><strong>quibus</strong></span> <span class='ocrx_word' id='word_1_990' title='bbox 2851 5762 3012 5820; x_wconf 76' lang='lat' dir='ltr'><strong>attinnt</strong></span> <span class='ocrx_word' id='word_1_991' title='bbox 3034 5776 3122 5820; x_wconf 81' lang='lat' dir='ltr'><strong>est.</strong></span> 
     </span>
    </p>
   </div>
  </div>
