4034 6182
397 296 497 352 ιιι-ι

395 409 494 464 bro
509 407 780 476 superiore
809 400 1107 459 commortui
1123 399 1339 468 (Supra,
1371 397 1458 451 lib.
1478 397 1530 460 5,
1554 413 1642 449 nn.
1663 392 1755 456 22,
1772 391 1885 463 23).
1906 389 1984 444 Ne

403 519 424 552 ι
457 501 686 554 animam
726 498 802 552 sic
843 496 988 550 dicas
1009 508 1075 548 ex
1127 493 1268 558 Deo,
1318 500 1374 544 ιιι
1398 503 1516 543 eam
1563 501 1666 541 non
1700 484 1767 539 de
1794 483 1935 538 nulla
1963 523 1978 547 ,

399 608 498 646 nec
519 591 586 646 de
603 591 703 644 alia
720 631 734 653 ,
767 587 859 642 sed
881 587 947 640 de
973 600 1066 639 sua
1088 594 1268 638 natura
1290 580 1552 636 creaverit
1584 596 1596 632 :
1634 595 1652 628 ι
1675 584 1766 632 aut
1795 593 1814 627 ι
1841 573 1985 645 quod

398 696 496 750 per
517 679 774 733 inlinitum
801 685 1012 743 tempus
1032 715 1044 738 ,
1074 682 1233 741 atque
1263 671 1334 724 ita
1358 683 1571 738 semper
1613 666 1815 720 animas
1853 664 1983 728 det,

399 771 534 823 sicut
560 782 772 834 semper
810 775 891 818 est
918 763 1142 831 ipsequi
1173 763 1264 814 dat
1296 779 1308 812 :
1351 779 1370 809 υ
1403 769 1496 812 aut
1555 775 1574 808 ι
1609 755 1839 810 animam
1873 765 1986 807 me-

403 863 559 914 ritum
587 851 796 928 aliquod
823 855 1117 926 perdidisse
1149 868 1242 921 per
1269 865 1484 906 carnem
1509 889 1524 911 ,
1554 847 1694 920 quod
1746 844 1992 899 habuerit

402 960 523 1002 ante
546 961 798 1000 carnem:
837 963 855 996 ι
905 953 998 998 aut
1027 960 1046 994 ι
1082 944 1310 996 animam
1363 956 1455 1008 per
1481 951 1698 992 carnem
1742 945 1991 1002 reparare

405 1035 766 1092 habitudinem
796 1034 1054 1103 priscam,
1091 1045 1289 1101 perque
1321 1030 1486 1099 ipsam
1513 1039 1728 1080 carnem
1761 1021 1987 1085 renasci,

408 1147 503 1200 per
532 1143 689 1200 quam
727 1135 994 1180 meruerat
1045 1123 1308 1193 inquinari
1339 1138 1353 1174 :
1389 1140 1408 1172 ι
1440 1128 1532 1174 aut
1564 1136 1584 1171 ι
1633 1115 1773 1186 quod
1815 1114 1991 1168 anima

404 1230 530 1276 ante
559 1236 716 1274 omne
738 1227 1010 1288 peccatum
1042 1215 1296 1270 meruerit
1337 1227 1458 1267 esse
1498 1209 1804 1280 peccatrix:
1841 1223 1860 1258 ι
1904 1214 1995 1258 aut

413 1328 433 1361 ι
464 1310 688 1364 infantes
713 1309 829 1362 sine
856 1305 1255 1373 regeneratione
1291 1301 1628 1370 Baptismatis
1657 1304 1896 1351 mortuos
1927 1295 1943 1326 ι
1972 1335 1989 1360 ,

362 1467 371 1473 _
409 1401 474 1455 ad
505 1399 878 1468 indulgentiam
906 1395 1181 1466 pervenire
1199 1392 1531 1461 originalium
1557 1399 1888 1458 peccatorum
1921 1402 1936 1439 :
1967 1402 1986 1436 ο

410 1500 503 1546 aut
551 1509 570 1542 ι
607 1506 740 1559 quos
785 1488 1040 1542 Dominus
1069 1483 1465 1556 prtedestinavit
1510 1480 1575 1534 ad
1623 1479 1948 1547 Baptismum
1977 1516 1994 1540 ,

413 1578 860 1651 prtedestinationi
890 1577 1005 1646 ejus
1051 1559 1184 1644 eripi
1229 1577 1251 1608 ⁸
1296 1588 1485 1644 posse,
1516 1580 1571 1626 et
1611 1579 1736 1624 ante
1781 1567 1997 1636 defungi

412 1687 569 1740 quam
595 1671 645 1724 itt
672 1669 748 1724 eis
763 1667 903 1738 quod
919 1667 1265 1735 Omnipotens
1285 1661 1679 1734 prtedestinavit
1698 1659 1906 1730 impleri
1932 1675 1944 1710 :
1972 1675 1992 1709 ι

413 1770 505 1815 aut
557 1779 576 1812 ι
624 1759 691 1814 de
719 1759 800 1814 bis
827 1759 915 1828 qui
947 1759 1250 1828 priusquam
1303 1754 1640 1824 haptizentur
1686 1751 1996 1821 exspirant,

417 1851 614 1906 dictum
642 1864 761 1902 esse
781 1847 920 1917 quod
951 1847 1202 1918 scriptum
1229 1854 1310 1900 est
1333 1886 1347 1910 ,
1376 1842 1576 1914 Raptus
1604 1852 1674 1897 est
1721 1859 1783 1896 ne
1809 1841 2004 1894 malitia

417 1949 628 1993 mutaret
656 1940 790 1993 illius
815 1937 1126 1992 intellectum
1177 1953 1198 1989 ι
1245 1936 1398 2007 (Sap.
1431 1950 1515 2003 tv,
1567 1931 1687 2004 ll);
1733 1942 1892 2002 atque
1935 1930 2002 1984 ad

420 2029 560 2082 hunc
586 2045 801 2084 sensum
823 2037 1014 2083 cratera
1033 2025 1347 2098 pertinentia
1378 2043 1392 2080 :
1421 2035 1510 2079 aut
1539 2042 1558 2074 ε
1593 2039 1773 2078 earum
1803 2022 2007 2090 aliquas

422 2121 722 2173 mansiones
748 2131 897 2173 extra
927 2134 1146 2188 regnum
1198 2118 1292 2173 Dei
1333 2131 1488 2179 esse,
1526 2131 1658 2186 quas
1703 2115 1898 2168 multas
1951 2112 2003 2165 in

421 2210 580 2263 domo
610 2208 779 2262 Patris
803 2207 886 2262 sui
915 2207 1165 2261 Dominus
1195 2207 1326 2261 dixit
1349 2221 1470 2262 esse
1501 2223 1522 2258 ι
1557 2203 1736 2275 (Joan.
1765 2200 1959 2272 xrv,2)
1992 2218 2006 2255 :

423 2312 515 2354 aut
549 2318 568 2352 ι
601 2301 919 2354 sacrificium
940 2299 1181 2368 corporis
1210 2306 1264 2353 et
1287 2296 1558 2368 sanguinis
1583 2295 1776 2350 Christi
1805 2307 1901 2364 pro
1928 2291 2012 2348 his

425 2391 515 2460 qui
539 2405 640 2444 non
673 2392 915 2460 haptizati
945 2390 1014 2446 de
1039 2405 1264 2461 corpore
1307 2389 1537 2444 exierint
1565 2387 1893 2442 offerendum
1923 2402 1936 2438 :
1985 2403 2006 2438 ο

427 2491 522 2536 aut
553 2499 572 2531 α
599 2481 805 2550 aliquos
831 2495 1016 2536 eorum
1036 2481 1126 2550 qui
1148 2481 1264 2534 sine
1298 2478 1498 2535 Christi
1525 2478 1846 2548 Baptismate
1895 2489 2012 2530 mo-

431 2574 665 2637 riuntur,
699 2573 750 2625 in
778 2572 1078 2641 paradisum
1107 2571 1317 2626 interim
1354 2570 1518 2640 recipi
1547 2611 1564 2636 ,
1587 2584 1650 2625 ac
1676 2567 2012 2640 postmodum

429 2671 484 2716 et
504 2661 650 2732 regni
669 2661 924 2716 cmlorum
947 2660 1324 2716 beatitudinem
1345 2659 1618 2729 consequi.
1645 2677 1666 2712 ι
1689 2659 1812 2714 ΙΙωε
1827 2657 2016 2728 ρι’ωοί-

433 2768 538 2823 pue
557 2769 711 2818 cave,
743 2754 814 2806 lili
834 2792 851 2820 ,
879 2767 976 2808 uec
997 2753 1357 2820 cognominari
1385 2751 1690 2806 Vincentius
1712 2749 2013 2818 delecteris,

433 2846 478 2898 si
511 2846 588 2898 vis
615 2859 734 2900 esse
752 2845 920 2899 victor
934 2846 1150 2900 erroris.
1171 2844 1353 2900 Necte
1367 2843 1578 2917 quando
1599 2843 1797 2914 aliquid
1820 2843 2016 2912 nescis,

434 2936 705 2990 existimes
737 2938 876 2992 scire
908 2954 923 2990 :
951 2935 1046 2990 sed
1082 2946 1139 2990 ut
1163 2937 1300 2993 scias
1323 2975 1339 3000 ,
1387 2937 1532 2996 disce
1558 2940 1790 2991 nescire.
1834 2934 2020 3006 Neque

435 3025 575 3078 enim
602 3025 795 3094 aliquid
827 3027 877 3078 itt
907 3026 1131 3080 occultis
1158 3025 1249 3080 Dei
1271 3027 1522 3096 operibus
1557 3024 1847 3096 ignorando
1866 3066 1883 3093 ,
1922 3023 2019 3080 sed

440 3125 640 3168 temere
672 3115 932 3183 incognita
953 3129 1050 3184 pro
1075 3116 1298 3184 cognitis
1325 3115 1643 3180 astruendo,
1668 3124 1723 3170 et
1762 3115 1892 3170 falsa
1923 3129 2021 3185 pro

438 3204 582 3258 veris
601 3205 914 3272 proferendo
933 3221 996 3261 ac
1008 3205 1362 3272 defendendo,
1381 3217 1645 3277 peccatur.
1671 3209 2022 3278 Ignorantiam

506 3335 526 3368 ί
569 3334 736 3386 Plures
786 3342 894 3388 llas.
913 3369 930 3399 ,
967 3335 1072 3388 sine
1121 3335 1494 3402 regenerationis
1552 3337 1842 3403 Baptism“
1893 3349 2024 3390 mor-

438 3402 862 3532 fug‘tlanuscripti
905 3465 1206 3532 prastereupt
1220 3496 1235 3520 ,
1269 3459 1690 3532 .prcdesginationi
1723 3459 1831 3532 eius
1865 3459 2026 3531 eripi;

444 3518 743 3642 amitae,
780 3518 922 3584 eam
949 3527 1060 3572 mle
1081 3518 1299 3586 ἀείκιψῆ
1339 3533 1428 3572 nec
1464 3519 1517 3573 in
1535 3521 1608 3574 eis
1647 3518 1775 3588 quo?!

460 3713 3673 3735 W_HF*WW_

842 3699 1891 3707 Μ
1361 3703 1393 3707 __
1396 3705 1401 3707 _
1404 3705 1432 3707 __
1440 3703 1891 3707 _,_,__.

460 3722 2413 3735 m

1564 3802 2466 3936 ADMONITI

1405 277 1771 338 ADMONlTlO
1813 277 1876 332 ΙΝ
1914 273 2089 330 UPUS
2117 269 2585 340 SUBSEQUENS.

3572 270 3682 325 558

2091 402 2217 442 vero
2242 401 2414 441 meam
2434 425 2450 452 ,
2479 395 2654 440 utrum
2677 383 2869 438 animae
2895 381 3166 438 hominum
3193 397 3346 438 nova:
3395 381 3558 442 fiant.
3611 401 3683 440 an

2091 476 2158 532 de
2185 476 2486 547 parentibus
2513 475 2664 546 (quas
2689 483 2865 528 tamen
2891 488 2919 526 a
2949 484 3191 529 creatore
3222 475 3330 528 Deo
3357 489 3459 528 non
3485 474 3556 530 de
3595 475 3681 548 ips

2091 568 2203 622 sius
2239 567 2535 621 substantia
2581 564 2692 619 fieri
2718 564 2962 620 dubitare
2991 564 3070 618 fas
3114 581 3217 619 non
3249 564 3354 635 est)
3376 607 3390 630 ,
3441 576 3533 621 aut
3569 583 3680 623 non

2092 659 2288 714 debere
2330 655 2679 727 reprehendi,
2731 666 2824 709 aut
2848 655 2916 710 ab
2941 670 3008 710 eo
3029 655 3226 709 debere
3247 697 3261 720 ,
3295 670 3326 708 a
3353 671 3458 726 quo
3506 669 3684 727 potest.

2093 751 2319 806 docente
2335 758 2388 803 et
2411 748 2608 802 auferri
2638 765 2653 802 :
2679 757 2733 802 et
2755 747 2952 803 habere
2978 747 3028 801 in
3051 763 3109 802 se
3151 747 3358 802 animas
3399 762 3686 816 corporum

2094 841 2471 898 similitudines
2497 841 2872 911 incorporeas;
2902 839 3045 910 ipsas
3069 848 3246 894 autem
3273 854 3377 893 non
3403 855 3524 894 esse
3561 855 3624 894 eo
3659 873 3688 884 .-

2095 948 2224 1004 pora
2253 948 2269 986 :
2299 941 2354 987 et
2373 933 2516 986 salva
2544 931 2885 985 distinctione
2904 931 3097 984 anima:
3138 939 3192 984 et
3214 930 3429 998 spiritus
3453 971 3470 995 ,
3522 931 3630 984 etia
3659 947 3692 978 ιι

2103 1023 2472 1078 universalitcr
2495 1023 2725 1076 animam
2751 1021 2992 1089 Spiritum
3024 1021 3347 1088 nuncupari,
3371 1031 3500 1092 puto
3540 1015 3688 1090 quod

2097 1113 2452 1184 persuaserim
2471 1111 2728 1167 Charitati
2771 1123 2898 1165 ttae.
2931 1111 2988 1166 Si
3012 1121 3188 1165 autem
3233 1111 3552 1180 persuadere
3581 1128 3688 1165 non

2097 1206 2242 1276 potui
2267 1247 2284 1272 ,
2315 1214 2491 1260 utrum
2520 1213 2694 1258 tamen
2721 1219 2780 1257 ea
2811 1203 3032 1257 dixerim
3073 1217 3188 1271 qum
3219 1203 3542 1272 persuadere
3591 1203 3686 1258 de-

2099 1296 2310 1351 buerint
2341 1297 2358 1328 ⁸
2382 1337 2398 1362 ,
2421 1296 2512 1365 qui
2535 1295 2710 1364 legent
2733 1295 2908 1363 potius
2932 1292 3263 1361 judicabunt.

2169 1387 2257 1443 39.
2300 1387 2355 1442 Si
2383 1401 2486 1456 qua
2534 1399 2663 1438 sane
2713 1384 2850 1448 alia,
2894 1398 3012 1453 qua:
3041 1381 3266 1452 plurima
3297 1382 3350 1436 in
3394 1382 3498 1436 tuis
3539 1381 3693 1438 libris

2099 1475 2429 1532 emendanda
2460 1474 2591 1529 mihi
2620 1473 2870 1528 videntur
2889 1513 2906 1538 ,
2933 1473 3070 1526 scire
3097 1472 3324 1528 fortasse
3375 1472 3648 1526 desideras
3673 1515 3690 1539 ,

2100 1570 2286 1624 Venire
2313 1567 2408 1622 tibi
2436 1582 2540 1622 non
2570 1567 2639 1620 sit
2662 1581 2982 1630 onerosum,
3017 1580 3122 1619 non
3154 1573 3402 1634 tanquam
3432 1565 3693 1634 discipulo

2103 1659 2169 1714 ad
2198 1659 2506 1728 magistrum
2533 1697 2550 1724 ,
2581 1656 2676 1712 sed
2699 1659 2951 1727 primva
2975 1655 3042 1710 ad
3065 1655 3409 1726 grandmvutri
3427 1697 3444 1722 ,
3477 1655 3597 1710 forti
3624 1660 3690 1713 ad

2105 1747 2394 1802 infirmum.
2421 1746 2535 1801 Etsi
2559 1748 2702 1802 enim
2741 1763 2845 1800 non
2875 1761 2970 1802 eos
2995 1747 3154 1801 edere
3179 1747 3444 1812 debuisti,
3493 1747 3694 1817 majore

2107 1849 2285 1895 tamen
2307 1848 2362 1892 et
2396 1840 2603 1893 veriore
2619 1839 2786 1908 gloria
2810 1839 3034 1908 quisque
3061 1849 3337 1892 correctus
3361 1852 3454 1892 sua
3483 1837 3699 1893 confes-

2107 1933 2259 1987 sione
2308 1930 2753 2000 reprehenditur,
2799 1945 2960 2000 quam
3005 1930 3291 2000 cujuslibet
3335 1929 3560 1984 errantis
3599 1943 3695 1984 ore

2110 2023 2373 2078 laudatur.
2404 2023 2655 2090 Quamvis
2685 2024 2735 2076 in
2761 2021 3072 2078 eorumdem
3101 2022 3414 2078 recitatione
3437 2022 3693 2077 librorum

2111 2114 2380 2168 auditores
2399 2123 2453 2168 et
2479 2112 2782 2168 laudatores
2807 2122 2926 2167 tuos
2951 2128 3057 2166 non
3085 2127 3274 2167 omnes
3304 2113 3402 2166 ista
3423 2128 3541 2184 quae
3563 2126 3695 2166 sana

2110 2205 2351 2259 doctrina
2377 2204 2670 2274 improbat,
2698 2205 2782 2260 vel
2806 2213 2930 2259 ante
2975 2204 3242 2270 sensisse,
3271 2203 3356 2258 vel
3396 2204 3464 2258 ad
3509 2219 3570 2258 ea
3602 2203 3698 2258 tibi

2111 2296 2449 2352 consensisse
2475 2294 2792 2350 crediderim
2827 2311 2842 2347 :
2876 2294 2969 2349 sed
3021 2295 3136 2350 acie
3186 2295 3380 2350 mentis
3425 2294 3541 2364 ipso
3596 2302 3702 2348 tua:

2114 2388 2440 2445 recitationis
2467 2388 2668 2457 impetu
2711 2401 2976 2457 cursuque
3015 2386 3328 2456 perstricta,
3372 2386 3486 2439 haec
3511 2399 3701 2456 parum

2113 2480 2392 2536 advertere
2420 2479 2695 2550 potuisse;
2721 2488 2816 2534 aut
2836 2486 2983 2534 certe
3007 2480 3166 2534 etiam
3182 2479 3306 2533 illos
3318 2479 3408 2548 qui
3421 2477 3704 2534 advertere

2117 2579 2439 2643 potuerunt,
2464 2585 2572 2626 non
2598 2573 2650 2625 in
2675 2580 2727 2627 te
2753 2587 2934 2626 rerum
2955 2571 3359 2641 liquidissimam
3389 2572 3698 2636 veritatem,

2117 2663 2214 2721 sed
2233 2665 2516 2720 verborum
2539 2663 2867 2720 affluentiam
2892 2672 2949 2719 et
2989 2663 3185 2734 ingenii
3213 2663 3512 2718 facultatem
3552 2663 3706 2716 indo-

2119 2755 2332 2821 lemque
2373 2754 2638 2810 laudasse.
2683 2754 3005 2824 Plerumque
3029 2756 3172 2808 enim
3203 2753 3450 2808 laudatur
3473 2753 3493 2784 ⁸
3514 2793 3531 2818 ,
3559 2767 3702 2824 pra:-

2117 2846 2327 2903 dicatur
2345 2855 2401 2903 et
2427 2857 2637 2902 amatur
2661 2847 2928 2916 eloquium
2959 2846 3012 2901 in
3033 2861 3130 2916 spe
3146 2845 3396 2916 juvenis;
3426 2845 3526 2900 etsi
3565 2859 3705 2901 nou-

2118 2938 2246 2996 dum
2274 2939 2466 2994 habeat
2489 2938 2846 2994 maturitatem
2873 2937 3138 3008 fidemque
3161 2937 3416 2991 doctoris.
3433 2937 3706 3004 Quaprop-

2124 3037 2206 3086 ter
2230 3038 2370 3086 utet
2398 3038 2452 3084 tu
2479 3037 2630 3084 recte
2669 3029 2880 3099 sapias,
2935 3038 2990 3082 et
3027 3029 3160 3082 altos
3189 3041 3296 3082 non
3343 3024 3707 3080 tantumnodo

2121 3120 2392 3176 delectare
2416 3120 2584 3190 possit
2599 3159 2618 3186 ,
2645 3134 2830 3174 verum
2849 3119 3010 3173 etiam
3027 3117 3296 3171 adillcare
3314 3156 3330 3178 ,
3357 3115 3502 3186 quod
3525 3115 3708 3184 loque-

2124 3211 2228 3274 ris;
2254 3225 2436 3267 curam
2466 3218 2520 3264 te
2543 3217 2757 3280 oportet
2781 3223 2969 3281 gerere
2991 3208 3060 3263 de
3093 3206 3428 3262 sermonibus
3454 3205 3558 3259 tuis
3575 3246 3592 3270 ,
3621 3218 3689 3258 re

2124 3300 2288 3356 motis
2307 3299 2580 3371 plausibus
2603 3299 2814 3355 alienis.

2190 3457 2208 3490 ⁸
2241 3457 2318 3508 Sic
2335 3455 2435 3508 duo
2455 3463 2559 3506 Mss.
2591 3460 2650 3506 At
2669 3453 2806 3513 editi,
2830 3450 3093 3503 debuerim.

2131 3504 2560 3632 “gesseritis,
2581 3504 2864 3580 pta-ianque"
2791 3504 2805 3513 ’
2877 3513 3006 3565 anim
3039 3504 3705 3578 mum,m,mo

1150 3991 1215 4050 IN
1241 3994 1415 4052 OPUS
1437 3993 1708 4054 CONTRA
1736 3997 1914 4054 DUAS
1942 3984 2310 4054 EPISTOLAS
2338 3993 2891 4052 PELAGIANORUH.

1852 4111 2323 4168 Μ

524 4203 792 4264 Bnn'ifacio
822 4209 1112 4266 Romanam
1137 4210 1428 4267 Ecclesiam
1459 4221 1577 4283 post
1601 4213 1868 4268 Zosimum
1895 4213 2246 4284 gubernante,
2269 4211 2388 4268 dum
2422 4211 2846 4283 Pelagianorum,
2867 4226 2986 4283 qua:
3011 4225 3107 4283 per
3129 4209 3335 4268 Italiam
3365 4217 3572 4266 secreto
3595 4208 3703 4262 cir-

452 4302 876 4357 cumferebantttr
901 4302 1150 4373 Epistola:
1176 4303 1398 4360 detecta:
1425 4315 1548 4360 sunt
1573 4305 1960 4362 Catholicorum
1986 4305 2342 4376 quorumdam
2367 4303 2657 4375 vigilantia,
2685 4304 2978 4374 delataque
3004 4304 3072 4360 ad
3098 4303 3347 4359 eumdem
3387 4301 3712 4358 Bonifacith

455 4406 663 4463 papam.
695 4391 930 4446 Alteram
959 4392 1220 4459 Julianus,
1252 4403 1310 4448 ut
1333 4393 1627 4460 dicebatur,
1655 4395 1876 4450 Romam
1903 4396 2154 4451 miserat:
2179 4396 2400 4450 alteram
2431 4405 2606 4449 autem
2632 4393 2816 4449 decem
2845 4404 2899 4448 et
2923 4406 3044 4449 octo
3077 4396 3228 4449 velut
3267 4395 3524 4466 episcopi,
3571 4393 3712 4446 idem

455 4481 708 4536 nimirum
731 4480 970 4536 Julianus
989 4523 1006 4548 ,
1032 4493 1088 4536 et
1108 4497 1228 4538 cum
1248 4499 1314 4538 eo
1339 4483 1472 4540 forte
1497 4485 1706 4553 Florus,
1727 4486 1998 4550 Orontius,
2020 4497 2075 4542 et
2096 4486 2273 4541 caueri
2299 4501 2364 4540 ex
2389 4485 2686 4555 Pelagianis
2709 4485 2760 4538 in
2784 4485 3046 4554 Epltesina
3074 4485 3278 4557 synodo
3299 4484 3598 4547 memorati,
3619 4484 3738 4536 alti-

453 4585 558 4640 que
585 4569 1012 4625 Thessalonicam
1042 4574 1306 4627 comtnuni
1337 4574 1570 4638 nomine,
1599 4575 1666 4630 ad
1695 4577 1884 4630 ltufum
1909 4576 2147 4646 ejusdem
2175 4575 2275 4631 loci
2303 4575 2608 4646 episcopum
2632 4575 2950 4631 direxerant.
2982 4577 3268 4645 Utramque
3298 4575 3587 4645 Epistulam
3613 4575 3716 4629 Bo-

455 4661 678 4718 nifacius
699 4663 904 4717 curavit
930 4663 1223 4734 Augustino
1250 4665 1555 4721 mittendam
1585 4682 1679 4736 per
1699 4669 1942 4740 Alypium
1973 4669 2314 4738 episcopum:
2347 4669 2436 4738 qui
2461 4668 2680 4740 Alypius
2717 4683 2782 4724 ex
2815 4667 2958 4722 Italia
2998 4667 3050 4722 itt
3075 4668 3306 4722 Africam
3334 4669 3433 4722 sub
3462 4668 3586 4724 attni
3613 4667 3718 4723 M9

457 4753 618 4810 ﬁnem
647 4769 914 4822 reversus,
948 4771 1051 4809 non
1078 4771 1168 4810 eas
1190 4765 1392 4811 tantum
1425 4757 1707 4828 Epistolas,
1738 4760 1831 4812 sed
1857 4760 2016 4814 etiam
2045 4769 2292 4830 excerpta
2332 4759 2398 4815 de
2426 4759 2620 4814 Juhatti
2649 4759 2796 4814 libris
2820 4760 3061 4828 qumdam
3091 4759 3190 4813 sibi
3219 4773 3250 4813 a
3281 4759 3489 4814 Valerio
3525 4760 3721 4814 comite

458 4846 642 4912 missa,
669 4859 849 4900 secum
879 4848 1184 4918 reportavit.
1215 4847 1483 4902 Adversus
1509 4858 1758 4918 excerpta
1781 4850 1969 4912 librum
1996 4850 2064 4905 de
2087 4849 2296 4921 Nuptiis
2323 4861 2378 4907 et
2401 4851 2840 4920 Concupiseentia
2879 4851 3168 4905 secundum
3195 4850 3433 4904 condidit
3470 4851 3720 4919 Augusti-

457 4954 578 5006 nus,
601 4953 740 4994 anno
766 4938 905 4993 forte.
931 4940 1064 5005 42ος
1093 4954 1155 4994 ac
1179 4940 1278 4994 sub
1303 4939 1441 4994 idem
1471 4939 1609 4994 haud
1638 4941 1794 4996 dubie
1819 4950 2028 5010 tempus
2051 4950 2278 5011 quatuor
2302 4941 2466 4996 libros
2503 4951 2686 4996 contra
2714 4940 2847 4996 duas
2885 4941 3150 5011 Epistolas
3175 4941 3574 5010 Pelagianorum
3606 4941 3722 4994 elu-
3819 4999 3832 5010 .

457 5029 718 5097 cuhravit,
741 5029 1013 5085 Bonifacio
1039 5045 1188 5101 papa:
1213 5041 1578 5104 nuncupatos:
1603 5046 1737 5103 quos
1779 5033 2002 5090 subinde
2027 5034 2192 5089 libros
2217 5033 2268 5088 in
2298 5032 2754 5089 Retractationum
2796 5033 2936 5089 serie
2977 5033 3248 5106 opusculis
3274 5033 3421 5089 dicto
3447 5042 3588 5087 anno
3614 5031 3720 5088 420

457 5122 768 5190 compositis
799 5121 1042 5192 proxime
1070 5122 1363 5193 subjunxit.

539 5211 699 5268 Iidem
724 5212 844 5267 libri
865 5213 1055 5285 Alypio
1082 5229 1292 5270 rursum
1310 5219 1360 5270 in
1376 5213 1576 5270 italiam
1599 5215 1875 5285 navigante
1893 5215 2057 5274 delati
2085 5227 2208 5274 sunt
2225 5217 2291 5273 ad
2317 5216 2642 5273 Bonifacium
2667 5234 2682 5273 :
2707 5232 2828 5272 nam
2845 5217 2912 5272 de
2933 5217 3038 5272 illis
3057 5216 3298 5273 Julianus
3322 5219 3375 5273 in
3394 5218 3530 5273 libro
3546 5218 3719 5288 primo

465 5299 652 5370 Operis
671 5301 992 5373 lmperfecti,
1018 5319 1138 5374 cap.
1165 5304 1256 5373 85,
1295 5323 1314 5357 ι
1349 5302 1496 5361 Sicut
1519 5305 1572 5361 in
1612 5305 1695 5362 his
1721 5307 1886 5372 libris,
1917 5325 1936 5360 ι
1969 5308 2157 5380 inquit,
2191 5302 2218 5362 ι’
2243 5323 2376 5380 quos
2403 5324 2543 5366 nunc
2573 5325 2668 5380 per
2706 5309 2952 5382 Alypium
2990 5310 3057 5365 ad
3087 5311 3412 5365 Bonifacium
3443 5311 3650 5364 misisti.
3687 5327 3708 5361 ι

459 5395 561 5461 Qui
583 5393 652 5448 de
675 5395 756 5449 his
779 5410 989 5466 quoque
1016 5396 1233 5464 ibidem,
1263 5398 1400 5454 libro
1423 5399 1678 5466 secundo,
1705 5415 1824 5471 cap.
1860 5401 1978 5467 178,
2026 5403 2230 5470 scribit,
2259 5420 2278 5454 ‹
2309 5401 2460 5470 Quod
2491 5411 2596 5457 tam
2629 5401 2889 5458 nefarium
2933 5411 3034 5470 est,
3079 5411 3138 5459 ut
3172 5419 3292 5458 cum
3321 5419 3350 5457 a
3395 5403 3548 5458 nobis
3575 5401 3626 5457 in
3653 5415 3715 5456 ea

463 5487 716 5556 Iiplstola,
742 5502 900 5558 quam
927 5488 992 5544 ad
1021 5489 1290 5546 Orientem
1317 5491 1576 5560 misimus,
1604 5493 1754 5548 vobis
1783 5493 1967 5548 fuisset
1990 5493 2281 5564 objectum,
2311 5504 2364 5548 tu
2394 5495 2445 5550 in
2472 5494 2556 5550 his
2584 5493 2753 5561 libris,
2794 5509 2928 5566 quos
2955 5509 3126 5565 nuper
3147 5494 3216 5550 ad
3245 5494 3573 5550 Bonifatium
3614 5491 3714 5547 mi—

462 5579 595 5641 sisti,
629 5578 868 5650 negando
893 5595 924 5634 a
947 5589 997 5637 te
1017 5582 1324 5652 propulsare
1347 5585 1574 5640 coneris.
1611 5603 1630 5637 ι
1663 5585 1814 5653 Quod
1840 5600 1966 5641 vero
2002 5585 2068 5640 ad
2109 5597 2225 5640 eam
2271 5586 2560 5656 Epistolam
2605 5587 2812 5652 attinet,
2855 5602 2974 5656 qua:
3023 5587 3243 5641 Romam
3269 5601 3297 5638 ιι
3324 5585 3536 5641 Juliano
3557 5585 3711 5639 missa

461 5674 744 5731 ferebatur.
779 5672 928 5742 cujus
957 5675 1203 5742 Epistolas
1229 5676 1388 5731 verba
1414 5676 1525 5736 haec
1552 5679 1871 5748 Augustinus
1899 5679 1949 5737 in
1994 5679 2128 5733 libro
2170 5677 2402 5734 secundo
2431 5679 2498 5735 de
2526 5679 2730 5749 Nuptiis
2767 5690 2823 5734 et
2865 5679 3324 5747 Concupiscentia,
3355 5695 3408 5734 n.
3439 5680 3495 5746 2,
3522 5678 3706 5738 attulit.
