4010 6186
441 305 536 362 5ἷ›Ι
1073 298 1345 352 CONTRA
1389 295 1566 352 DUAS
1606 293 1974 349 EPlSTOLAS
2013 290 2568 355 PELAGIANORUM,
2611 291 2666 346 S.
2709 289 3076 348 AUGUSTINI

444 419 741 490 rependere
785 417 1104 484 impensum.
1136 410 1269 478 Quid
1301 423 1380 464 est
1412 409 1553 464 enim
1584 407 1725 462 aliud
1763 407 2024 470 amicitia,

445 527 565 582 qua:
593 525 696 563 non
737 505 948 562 aliunde
981 520 1138 574 quam
1165 519 1228 557 ex
1259 518 1440 557 amore
1481 517 1670 556 nomen
1709 499 1944 568 accepit.
1978 507 2032 551 ct

449 617 707 674 nusquam
735 598 834 654 nisi
864 599 916 651 in
943 596 1155 652 Christo
1183 594 1352 648 ﬁdelis
1378 603 1460 647 est
1482 635 1496 656 ,
1540 594 1590 646 in
1633 608 1737 660 quo
1767 590 1882 645 solo
1911 603 2032 642 esse

447 698 606 751 etiam
629 691 951 760 sempiterna
979 703 1044 744 ac
1069 687 1190 742 felix
1215 685 1424 755 potest?
1449 684 1598 740 Unde
1620 691 1673 738 et
1696 691 1911 750 accepta
1935 696 2034 750 per

450 802 570 838 eum
604 782 818 837 fratrem
838 823 854 844 ,
884 795 978 850 per
1003 793 1159 849 quem
1189 786 1238 830 te
1269 775 1578 828 familiarius
1607 771 1796 835 didici,
1832 770 2034 839 majore

452 876 662 934 fiducia,
682 888 842 928 ausus
868 887 984 926 sum
1013 868 1206 940 aliquid
1237 868 1300 922 ad
1331 877 1470 920 tuam
1489 864 1879 920 Beatitudinem
1905 863 2038 917 scri-

454 967 581 1020 bere
623 964 692 1018 de
733 962 814 1016 his
855 961 1044 1024 rebus,
1089 975 1207 1028 qute
1258 957 1357 1011 lioc
1400 968 1639 1026 tempore
1680 954 2036 1024 episcOpaIem

450 1069 655 1119 curam,
691 1054 733 1107 si
763 1067 864 1121 qua
896 1051 946 1102 in
979 1049 1131 1103 nobis
1152 1056 1252 1112 est,
1277 1047 1344 1101 ad
1373 1045 1698 1114 vigilantiam
1718 1046 1734 1075 ‘
1760 1060 1856 1113 pro
1881 1058 2038 1114 grege

453 1143 724 1199 dominico
745 1141 956 1196 stimulo
984 1140 1281 1195 recentiore
1307 1137 1611 1192 sollicitant.

525 1237 579 1291 2.
611 1235 742 1290 Νονὶ
782 1217 978 1303 quippe
1007 1231 1272 1294 haeretici,
1309 1229 1509 1282 inimici
1537 1228 1720 1297 gratia:
1762 1226 1890 1292 Dei,
1922 1241 2041 1296 quae

461 1325 620 1380 datur
649 1324 856 1394 pusillis
883 1331 937 1377 et
964 1321 1169 1389 magnis
1195 1335 1296 1390 per
1321 1319 1503 1375 Jesum
1547 1317 1816 1372 Christum
1859 1315 2039 1370 Denti-

455 1431 582 1470 num
612 1425 848 1468 nostrum
867 1455 880 1476 ,
911 1411 1010 1466 etsi
1036 1411 1144 1480 jam
1175 1407 1396 1464 cavendi
1427 1408 1734 1463 evidentius
1775 1407 2044 1476 apertiore

457 1505 884 1576 improbatione'
933 1509 1328 1565 monstrantur;
1381 1515 1488 1554 non
1542 1509 1717 1554 tamen
1765 1497 2047 1568 quiescunt

454 1595 674 1664 scriptis
715 1593 828 1648 suis
870 1592 1044 1647 minus
1074 1600 1352 1655 cantorum
1383 1589 1468 1644 vel
1509 1588 1682 1643 minus
1711 1587 2041 1643 eruditorum

457 1688 619 1744 corda
651 1696 876 1743 tentare.
903 1685 1106 1753 Quibus
1129 1684 1307 1754 utique
1334 1690 1477 1737 esset
1502 1679 1953 1751 respondendum,
1977 1693 2047 1734 ne

460 1795 521 1834 se
548 1779 630 1834 vel
663 1791 789 1833 suos
819 1777 871 1831 in
899 1777 990 1831 illo
1017 1773 1246 1830 nefando
1268 1789 1453 1828 errore
1482 1774 1784 1838 firmarent,
1813 1771 1970 1825 etiam
2002 1769 2047 1822 si

462 1886 567 1924 non
607 1877 996 1932 metueremus,
1024 1883 1091 1922 ne
1122 1881 1440 1937 quemquam
1478 1863 1872 1920 Catholieorum
1903 1863 2046 1917 veri-

459 1961 621 2015 simili
666 1975 916 2016 scrmone
958 1959 1290 2028 deciperent.
1320 1959 1450 2012 Cum
1483 1971 1612 2012 vero
1652 1971 1755 2010 non
1801 1955 2051 2010 desinant

463 2049 693 2104 fremere
719 2049 784 2102 ad
813 2047 1063 2104 dominici
1092 2048 1268 2118 gregis
1289 2046 1491 2112 caulas,
1516 2057 1676 2116 atque
1702 2044 1767 2099 ad
1795 2043 2049 2113 diripien-

460 2140 558 2194 das
584 2149 730 2194 tanto
760 2139 928 2209 pretio
960 2137 1262 2209 redemptas
1289 2153 1438 2200 oves.
1473 2137 1650 2192 aditus
1675 2135 2050 2205 undecumque

463 2230 665 2295 rimari,
693 2230 1095 2300 communisque
1119 2230 1188 2283 sit
1213 2229 1462 2284 omnibus
1489 2228 1640 2282 nobis
1665 2227 1754 2297 qui
1779 2225 2046 2296 fungimur

468 2323 806 2392 episcopatus
833 2321 1012 2376 officio
1061 2321 1082 2392 (
1101 2322 1344 2388 quamvis
1382 2322 1497 2391 ipse
1528 2319 1579 2374 in
1608 2335 1669 2374 ea
1698 2317 2052 2390 prteemineas

463 2411 691 2464 celsiore
713 2409 963 2479 fastigio)
984 2409 1196 2480 specula
1219 2407 1534 2477 pastoralis'
1561 2427 1572 2461 :
1605 2407 1742 2461 facio
1765 2406 1905 2476 quod
1931 2421 2053 2476 pos-

467 2516 584 2557 sum
611 2515 710 2572 pro
734 2499 839 2556 mei
865 2499 1121 2571 particula
1149 2497 1406 2566 muneris,
1433 2506 1689 2570 quantum
1719 2497 1846 2552 mihi
1875 2497 2056 2551 Domi-

469 2607 570 2647 nus
599 2591 972 2662 adjuvantibus
999 2590 1326 2645 orationibus
1349 2590 1452 2644 tuis
1478 2589 1682 2645 donare
1703 2588 1974 2660 dignatur,
1999 2597 2056 2644 ut

467 2681 840 2756 pestilentibus
861 2688 914 2736 et
941 2679 1314 2736 insidiantibus
1333 2695 1522 2735 eorum
1544 2680 1760 2749 scriptis
1783 2677 2054 2734 medentia

469 2787 524 2832 et
553 2776 844 2832 munientia
872 2773 1066 2846 scripta
1097 2772 1453 2846 prteteudam;
1484 2773 1678 2844 quibus
1723 2771 1902 2827 rabies
1949 2784 2056 2841 qua

473 2867 712 2930 furiunt,
743 2873 835 2921 aut
863 2865 1026 2921 etiam
1063 2865 1178 2936 ipsa
1208 2855 1446 2931 sanetur,
1475 2873 1568 2920 ant
1590 2879 1622 2919 a
1652 2862 1910 2919 laedendis
1936 2859 2058 2916 aliis

473 2960 784 3030 repellatur.

545 3051 598 3106 3.
631 3051 754 3107 [hcc
777 3058 955 3106 autem
985 3064 1103 3120 qua:
1129 3047 1334 3104 duabus
1354 3047 1609 3116 Epistolis
1627 3061 1810 3104 eorum
1837 3059 2061 3118 respon-

474 3143 614 3200 deo:
639 3134 728 3197 nrii
757 3142 963 3198 scilicet
987 3156 1146 3208 quam
1169 3140 1366 3196 dicitur
1393 3139 1622 3196 Romam
1646 3139 1860 3196 misisse
1885 3139 2059 3197 Julia-

476 3250 598 3302 nus,
615 3233 778 3288 credo
793 3242 850 3288 ut
865 3247 960 3303 per
975 3231 1141 3295 illam,
1159 3246 1292 3302 quos
1304 3240 1508 3302 posset,
1525 3245 1652 3286 suos
1666 3239 1758 3287 aut
1777 3232 2058 3296 inveniret,

474 3331 570 3378 aut
610 3321 838 3388 faceret,
881 3321 1036 3377 alteri
1077 3329 1258 3377 autem
1286 3337 1446 3392 quam
1477 3321 1662 3378 decem
1691 3332 1747 3378 et
1771 3331 1894 3378 octo
1918 3322 2064 3378 velut

477 3413 713 3484 episcopi
743 3414 1025 3484 partictpcs
1049 3411 1164 3482 ejus
1189 3411 1411 3477 erroris,
1434 3427 1540 3466 non
1561 3411 1626 3467 ad
1647 3411 1939 3482 quoslibet,
1963 3411 2058 3468 sed

479 3503 545 3558 ad
573 3502 676 3558 loci
697 3501 864 3572 ipsius
883 3501 1194 3572 episcopum
1218 3515 1311 3554 sua
1335 3499 1626 3556 calliditate
1651 3500 1984 3562 tentandum,
2008 3513 2063 3555 et

479 3591 548 3648 ad
578 3607 702 3646 snas
732 3602 929 3660 partes,
957 3589 1001 3644 si
1027 3595 1208 3660 posset
1230 3588 1364 3656 fieri,
1383 3588 1790 3656 traducendum,
1809 3589 1920 3644 ausi
1941 3599 2065 3646 sunt

482 3683 914 3740 Thessaloaicam
938 3683 1210 3738 scribere:
1237 3681 1354 3738 haec
1382 3697 1512 3754 ergo
1540 3699 1659 3754 qua;
1685 3683 1820 3750 istis,
1847 3689 1907 3737 ut
1931 3683 2062 3749 disi,

482 3775 688 3830 duabus
709 3773 958 3844 Epistolis
979 3773 1216 3842 illorum,
1245 3775 1343 3829 ista
1364 3775 1724 3844 disputatione
1743 3775 2063 3846 respondeo,

481 3868 549 3923 ad
595 3879 736 3922 tuam
780 3866 1112 3936 potissimum
1152 3865 1384 3937 dirigere
1410 3866 1791 3931 Sanctitatem,
1825 3879 1930 3920 non
1959 3875 2066 3920 tam

482 3958 730 4014 discenda
761 3973 919 4027 quam
949 3957 1334 4021 examinanda,
1376 3967 1429 4012 et
1472 3957 1560 4010 ttbi
1604 3955 1825 4011 forsitan
1870 3956 2066 4026 aliquid

483 4050 834 4120 displicuerit,
856 4047 1184 4103 emendanda
1207 4047 1480 4102 constitui.
1507 4045 1763 4102 ladieavit
1781 4047 1920 4101 enim
1941 4047 2067 4102 mihi

485 4145 648 4197 frater
679 4157 847 4208 mens,
881 4140 1020 4209 quod
1050 4155 1141 4194 cas
1166 4140 1240 4195 illi
1271 4139 1400 4195 dare
1432 4141 1544 4210 ipse
1569 4139 1816 4209 dignatus
1846 4155 1925 4206 es,
1949 4154 2069 4209 qua:

487 4235 540 4288 in
570 4244 686 4288 tuas
713 4249 901 4287 manus
922 4274 934 4295 ,
969 4233 1067 4286 nisi
1101 4232 1500 4303 vigilantissima
1543 4232 1817 4302 diligentia
1848 4232 2068 4287 fratrum

486 4337 792 4379 nostrorum
823 4322 1049 4377 filiorqu
1081 4333 1286 4377 tuorum
1305 4365 1320 4386 ,
1347 4322 1527 4377 venire
1557 4339 1660 4377 non
1703 4324 1924 4392 possint.
1955 4325 2070 4392 Ago

487 4425 663 4471 autem
696 4416 892 4485 gratias
921 4416 1295 4470 sincerissimzc
1325 4416 1376 4469 in
1406 4431 1504 4470 nos
1529 4416 1914 4471 benevolentia:
1943 4424 2065 4482 tum,

487 4507 629 4580 quod
657 4523 747 4561 ras
772 4523 857 4562 me
886 4509 1052 4562 latere
1078 4508 1290 4562 noluisti
1322 4508 1550 4562 Litteras
1580 4509 1913 4563 inimicorum
1942 4523 2070 4578 gra-

491 4601 578 4656 tia:
609 4599 722 4663 Dei,
755 4599 805 4652 in
835 4599 1026 4667 quibus
1050 4599 1290 4666 reperisti
1323 4614 1514 4652 nomen
1543 4614 1717 4653 meum
1745 4600 2073 4655 calutnuiose

490 4700 650 4762 atque
673 4689 945 4744 evidenter
967 4704 1299 4756 expressum.
1320 4689 1424 4742 Sed
1447 4703 1604 4758 Spero
1625 4689 1691 4743 de
1717 4691 1940 4746 Domino
1965 4691 2073 4745 Deo

489 4790 696 4844 nostro,
721 4778 861 4849 quod
891 4795 994 4832 non
1021 4779 1136 4834 sine
1163 4779 1407 4834 mercede
1435 4797 1554 4850 qua:
1582 4781 1632 4834 in
1661 4781 1810 4835 catlis
1847 4787 1929 4836 est
1950 4823 1964 4845 ,
1999 4782 2074 4835 illi

491 4889 578 4928 me
602 4874 842 4926 lacerant
864 4870 1022 4925 dente
1050 4870 1331 4936 maledico,
1360 4871 1550 4941 quibus
1578 4887 1662 4924 me
1689 4885 1786 4942 pro
1815 4871 2071 4939 parvulis,

493 4978 560 5018 ne
590 4962 757 5016 fallaci
790 4961 1050 5016 laudatori
1094 4961 1306 5032 Pelagio
1336 4962 1523 5032 perditi
1559 4962 1946 5033 relinquantur,
1979 4961 2075 5017 sed

495 5054 669 5109 veraci
713 5051 961 5106 salvatori
990 5051 1202 5106 Christo
1233 5052 1488 5107 liberandi
1515 5051 1824 5118 offerantur,
1843 5067 2074 5121 oppono.
2105 5087 2109 5090 -

563 5141 788 5198 CAPUT
819 5141 882 5196 ll.
907 5171 978 5181 —
1001 5148 1053 5196 4.
1079 5140 1346 5195 lulianum
1385 5143 1646 5214 impugnat
1684 5151 1984 5196 asscrentem
2011 5141 2077 5196 li-

911 5260 940 5280 θ
1781 5266 1802 5294 ο

561 5365 577 5425 ξ
613 5359 832 5425 Gallicam
856 5361 1165 5425 manuscrii.ti
1189 5398 1208 5425 ,Α
1227 5373 1268 5425 si
1292 5359 1452 5425 quain
1483 5359 1614 5410 nobis
1648 5367 1716 5412 est
1751 5358 2016 5423 vigilantia.

561 5422 582 5452 ⁸
618 5427 666 5469 In
689 5420 859 5470 iisdem
882 5427 1014 5483 uss“
1037 5420 1353 5483 improbitate.

562 5483 770 5556 {Fest
789 5489 837 5556 μ
853 5495 920 5552 vv
943 5480 996 5532 επ
1017 5480 1400 5556 ementium
1423 5480 1624 5556 εειεῑρῖε
1653 5481 1844 5556 tertiato
1874 5481 2085 5556 treats

562 5495 585 5514 ·
617 5495 690 5530 ιιι.
717 5495 770 5550 et
790 5495 837 5532 1.(
853 5495 920 5552 v.,
943 5495 996 5532 ut
1017 5495 1075 5554 eo
1088 5495 1400 5543 praenuneas
1423 5495 1624 5534 celsiore
1653 5495 1844 5595 [malm
1874 5495 2084 5556 specum

501 5541 771 5613 pastoralis.
796 5550 963 5592 Verius
979 5551 1172 5613 antiqua
1194 5545 1347 5613 editio
1364 5556 1464 5613 am.
1488 5555 1548 5613 et_
1557 5547 1764 5613 Mss._cal
1790 5556 1982 5613 tcantac
1996 5553 2084 5594 t'a-

499 5604 706 5719 1322‘}.
723 5604 774 5652 in
816 5615 875 5653 ea
916 5604 1231 5666 pratentiueas
1274 5606 1475 5658 celsiore
1517 5605 1708 5671 fastigio
1757 5605 1954 5671 specula
1996 5619 2084 5670 pa-

571 5677 706 5713 tam.

3612 291 3711 346 552

2137 405 2309 458 herum
2333 404 2596 458 arbitrium
2626 415 2826 475 peccato
2850 405 2974 459 Ade:
3009 405 3233 476 periisse.
3271 404 3390 460 lam
3419 401 3596 473 itaque
3614 407 3714 461 Iu-

2139 495 2263 550 liani
2294 495 2709 564 respondeamus
2739 495 3006 564 Epistolm.
3037 514 3056 547 ι
3094 496 3304 562 Dicunt,
3336 513 3356 548 ι
3384 496 3572 566 inquit,
3601 515 3619 548 ι
3650 497 3720 552 illi

2139 586 2430 651 Maniclnei,
2461 587 2650 656 quibus
2678 587 2836 641 modo
2863 603 2969 641 non
2996 589 3484 654 communiutmus,
3519 590 3568 642 id
3598 601 3680 643 est
3699 631 3713 651 ,

2142 679 2235 732 toti
2265 678 2348 732 isti
2374 692 2495 732 cum
2525 677 2716 748 quibus
2743 677 3085 733 dissentimus
3106 719 3120 742 ,
3153 679 3276 748 quia
3308 666 3462 748 primi
3493 678 3721 734 hominis

2140 781 2379 840 peccato,
2413 769 2464 822 id
2491 779 2602 834 est,
2637 769 2766 823 Adre
2787 811 2800 833 ,
2833 769 3056 824 liberum
3084 771 3360 824 arbitrium
3389 771 3644 842 perierit,
3675 784 3722 826 et

2143 876 2300 914 nemo
2319 859 2431 929 jam
2454 868 2767 929 potestatem
2792 859 2985 914 habeat
3003 861 3138 915 bene
3159 861 3394 923 vivendi,
3419 862 3511 916 sed
3534 878 3721 916 omnes

2144 951 2196 1005 in
2230 960 2502 1020 peccatum
2529 951 2705 1004 carnis
2730 965 2840 1004 sua:
2867 951 3181 1006 necessitate
3201 963 3476 1022 cogantur.
3514 973 3533 1005 ι
3561 954 3726 1008 Mant-

2145 1041 2324 1096 chacos
2348 1041 2578 1110 appellat
2603 1040 2926 1106 Catholicos,
2959 1057 3108 1098 more
3139 1043 3282 1098 illius
3307 1043 3572 1098 Joviniani
3593 1087 3609 1111 ,
3637 1047 3725 1116 qui

2145 1140 2269 1186 ante
2295 1147 2493 1201 paucos
2511 1147 2678 1186 annos
2701 1131 2985 1187 haereticus
3013 1149 3202 1200 novus,
3229 1135 3580 1204 virginitatem
3603 1151 3728 1189 salt-

2146 1232 2248 1278 ctte
2293 1222 2468 1276 Mariae
2513 1223 2849 1290 destruebat,
2887 1233 2942 1278 et
2983 1225 3267 1294 virginitati
3312 1240 3476 1280 sacra:
3519 1227 3732 1296 nuptias

2147 1311 2382 1366 ﬁdelium
2411 1313 2740 1382 comquabat.
2763 1313 2874 1368 Nec
2906 1314 2978 1369 ob
3001 1315 3142 1370 aliud
3175 1315 3278 1370 hoc
3302 1316 3586 1386 objiciebat
3621 1317 3732 1374 Ca-

2149 1405 2387 1467 tholicis,
2415 1407 2516 1460 nisi
2544 1407 2664 1476 quia
2694 1421 2789 1462 eos
2829 1407 2992 1462 videri
3033 1405 3244 1464 volebat
3281 1420 3620 1466 accusatores
3647 1412 3730 1467 vel

2147 1497 2487 1552 damnatores
2513 1512 2633 1554 esse
2660 1499 2980 1568 nuptiarum.

2220 1586 2272 1641 5.
2306 1585 2555 1641 Liberum
2594 1595 2770 1642 autem
2799 1587 3074 1643 arbitrium
3114 1587 3446 1646 defendendo
3489 1593 3732 1663 prmcipi-

2151 1683 2293 1742 tant,
2321 1685 2382 1730 ut
2408 1676 2474 1730 de
2504 1676 2595 1731 illo
2626 1677 2798 1745 potius
2825 1677 2890 1732 ad
2919 1677 3213 1735 faciendam
3248 1681 3540 1750 justitiam,
3569 1699 3731 1754 quam

2150 1768 2218 1824 de
2246 1769 2453 1823 Domini
2484 1768 2751 1838 adjutorio
2786 1771 3101 1839 conlidatur,
3129 1782 3286 1842 atque
3326 1783 3383 1827 ut
3416 1775 3466 1829 in
3497 1790 3556 1830 se
3579 1776 3733 1846 quis-

2151 1875 2276 1930 que,
2295 1874 2398 1914 non
2423 1860 2472 1912 in
2495 1860 2718 1914 Domino
2738 1861 2991 1930 glorietur
3011 1862 3051 1934 (l
3069 1861 3184 1917 Cor.
3212 1879 3250 1930 ι,
3269 1865 3382 1934 3|).
3400 1865 3530 1932 Quis
3553 1875 3734 1920 autem

2152 1959 2394 2003 nostrum
2425 1947 2602 2014 dicat,
2633 1949 2773 2018 quod
2814 1951 2968 2020 primi
2997 1950 3226 2008 hominis
3258 1964 3472 2022 peccato
3515 1955 3739 2024 periei-tt

2153 2040 2377 2120 liberum
2407 2041 2684 2097 arbitrium
2725 2041 2794 2097 de
2833 2043 3066 2099 humano
3087 2047 3321 2115 genere?
3347 2045 3585 2103 Libertas
3613 2049 3738 2120 qia.

2152 2114 2274 2187 dem
2318 2133 2474 2204 periit
2517 2148 2613 2204 per
2658 2145 2966 2203 peccatum,
3000 2114 3210 2191 sedilla
3251 2152 3370 2206 qua:
3407 2137 3458 2191 in
3488 2114 3740 2207 paradiso

2157 2221 2290 2290 fuit,
2338 2223 2561 2279 habendi
2593 2226 2802 2296 plenam
2839 2241 2962 2280 cum
3015 2226 3410 2283 immortalitate
3434 2228 3692 2297 justitiam
3720 2231 3768 2301 :l

2155 2323 2374 2384 propter
2407 2313 2550 2383 quod
2594 2324 2782 2370 natura
2828 2315 3056 2370 humana
3102 2316 3280 2372 divina
3318 2319 3520 2388 indiget
3543 2323 3740 2392 gratia,

2157 2403 2367 2459 dicente
2394 2404 2638 2472 Domino,
2669 2404 2732 2461 Si
2760 2421 2845 2460 vos
2875 2405 2922 2459 F
2923 2406 3040 2460 ilius
3064 2407 3366 2474 liberaverit,
3396 2419 3513 2464 tunc
3531 2427 3645 2466 vere
3667 2410 3744 2466 li-

2157 2494 2262 2550 beri
2282 2495 2422 2550 eritis
2445 2495 2628 2568 (Joan.
2655 2513 2745 2552 vtlt
2765 2539 2779 2566 ,
2805 2499 2896 2569 36)
2921 2517 2934 2553 :
2959 2500 3138 2570 utique
3156 2499 3308 2556 liberi
3328 2501 3395 2556 ad
3423 2503 3560 2560 bene
3572 2503 3746 2574 juste-

2158 2601 2262 2656 que
2286 2587 2590 2642 vivendum.
2613 2587 2746 2644 Nam
2776 2590 3002 2646 liberum
3028 2591 3303 2648 arbitrium
3331 2610 3500 2666 usque
3521 2595 3660 2652 adeo
3685 2596 3749 2654 in

2161 2677 2437 2748 peccatore
2467 2693 2570 2733 non
2615 2680 2801 2749 periit,
2836 2689 2894 2735 ut
2929 2695 3026 2753 per
3055 2681 3181 2736 illud
3225 2695 3479 2754 peccent,
3509 2685 3751 2743 maxime

2159 2781 2348 2824 omnes
2373 2768 2465 2838 qui
2492 2783 2614 2823 cum
2643 2769 2997 2828 delectatione
3025 2784 3247 2842 peccant
3271 2785 3325 2830 et
3348 2790 3532 2832 arnore
3553 2790 3749 2846 pecca-

2161 2856 2222 2923 ti,
2248 2855 2351 2912 hoc
2369 2860 2454 2932 eis
2479 2857 2653 2929 placet
2674 2861 2815 2930 quod
2844 2875 2938 2916 eos
2967 2861 3096 2918 libet
3115 2863 3153 2916 ³.
3182 2863 3334 2922 Unde
3355 2876 3410 2920 et
3433 2867 3745 2936 Apostolus,

2160 2943 2290 3002 Cum
2312 2947 2481 3004 essetis
2535 2949 2722 3020 inquit,
2753 2951 2882 3005 serui
2907 2954 3118 3022 peccati,
3151 2955 3293 3010 liberi
3317 2957 3483 3028 fuistis
3502 2959 3744 3031 justitite.

2163 3037 2304 3095 Ecce
2347 3038 2700 3096 ostenduntur
2746 3042 2906 3098 etiam
2949 3055 3168 3114 peccato
3211 3031 3430 3104 minime
3473 3051 3748 3118 potuisse,

2162 3129 2264 3186 nisi
2293 3129 2396 3185 alia
2427 3129 2674 3187 libertate
2695 3173 2714 3200 ,
2737 3133 2962 3189 servire.
2992 3134 3328 3208 Liberi‘ergo
3349 3153 3379 3191 a
3400 3137 3605 3208 justitia
3635 3153 3748 3196 non

2163 3229 2322 3289 sunt,
2355 3221 2456 3276 nisi
2483 3222 2705 3278 arbitrio
2730 3223 3058 3283 voluntatis:
3086 3225 3239 3283 liberi
3264 3237 3443 3284 autem
3471 3245 3501 3284 a
3525 3242 3751 3302 peccato

2165 3329 2272 3370 non
2297 3314 2426 3370 ﬁunt
2447 3355 2465 3382 ,
2495 3315 2598 3372 nisi
2623 3317 2790 3388 gratia
2813 3316 3124 3374 Salvatoris.
3151 3319 3374 3392 Propter
3397 3323 3538 3392 quod
3568 3323 3750 3380 admi-

2165 3406 2350 3462 rabilis
2377 3407 2572 3464 Doctor
2603 3409 2762 3464 etiam
2791 3411 2952 3466 verba
2993 3411 3103 3482 ipsa
3140 3411 3390 3469 discrevit
3416 3431 3430 3468 :
3458 3411 3584 3470 Cum
3611 3417 3752 3471 ariis

2167 3499 2296 3552 servi
2323 3499 2512 3566 essetis,
2541 3499 2731 3570 inquit,
2749 3501 2959 3571 peccati,
2983 3501 3124 3558 liberi
3143 3504 3314 3575 fuistis
3322 3505 3553 3576 justitiat.
3584 3505 3753 3576 Quem

2167 3605 2290 3660 ergo
2315 3592 2538 3660 {malum
2571 3590 2812 3646 habuistis
2836 3602 2954 3646 tunc
2979 3593 3032 3647 ia
3053 3593 3164 3660 Itis,
3193 3595 3248 3650 in
3275 3595 3453 3668 quibus
3477 3613 3610 3654 nam:
3631 3615 3754 3652 eru-

2169 3683 2364 3738 bescitis
2379 3683 2406 3738 Ρ
2425 3681 2564 3738 Nam
2590 3684 2708 3753 ﬁnis
2734 3686 2936 3740 illorum
2961 3703 3096 3742 mors
3131 3699 3204 3742 est
3227 3703 3247 3742 :
3270 3705 3404 3742 mmo
3426 3700 3597 3744 autent
3626 3687 3758 3746 libe—

2170 3774 2269 3827 rati
2295 3792 2328 3827 a
2353 3783 2574 3844 peccato,
2601 3775 2730 3830 servi
2765 3786 2933 3830 autem
2975 3777 3104 3849 facti.
3131 3776 3260 3846 Deo,
3301 3779 3492 3835 habetis
3525 3781 3754 3849 fructum

2171 3871 2390 3918 oestrum
2417 3867 2470 3918 iu
2496 3866 2945 3935 sanctiﬁcationem
2962 3909 2978 3933 ,
3009 3867 3162 3936 ﬁnem
3185 3883 3302 3923 vero
3327 3870 3480 3924 vitam
3506 3880 3752 3925 retentam

2175 3957 2350 4028 (Rom.
2378 3973 2454 4022 vt,
2495 3955 2566 4010 ΞΟ
2599 3955 2712 4028 ξε).
2763 3957 2984 4012 Liberos
3011 3957 3145 4013 dixit
3161 3959 3400 4030 justitizc,
3430 3976 3534 4015 non
3563 3961 3757 4014 libera-

2177 4057 2292 4102 tos:
2319 4063 2346 4101 a
2376 4057 2590 4117 peccato
2614 4055 2792 4103 autem
2821 4063 2924 4102 non
2955 4049 3172 4116 liberos,
3204 4067 3270 4105 ne
3295 4051 3397 4105 sibi
3421 4051 3522 4107 hoc
3547 4053 3755 4107 tribue-

2175 4149 2326 4204 rent;
2359 4139 2451 4193 scd
2480 4139 2878 4208 vigilantissime
2911 4140 3096 4195 maluit
3120 4141 3298 4196 dicere
3325 4143 3594 4207 liberatos,
3620 4147 3758 4198 reic-

2178 4245 2304 4284 roas
2334 4230 2433 4281 hoc
2459 4229 2524 4282 ad
2558 4229 2698 4282 illam
2742 4229 2948 4283 Domini
2994 4232 3311 4286 sententiam
3333 4273 3348 4298 ,
3383 4233 3446 4287 Si
3469 4248 3560 4286 eos
3591 4232 3755 4287 Filius

2177 4320 2486 4382 liberaverit,
2519 4329 2636 4372 tunc
2679 4337 2788 4374 rere
2823 4319 2964 4374 liberi
2993 4321 3150 4375 eritis.
3180 4322 3309 4375 Cum
3343 4323 3518 4391 itaque
3548 4338 3652 4377 non
3684 4324 3759 4378 vi-

2178 4418 2302 4462 vant
2343 4410 2477 4463 Lene
2511 4408 2598 4462 filii
2629 4408 2900 4464 hominum
2923 4411 2944 4441 ¹
2965 4451 2980 4476 ,
3009 4411 3106 4464 nisi
3137 4410 3306 4465 effecti
3351 4412 3439 4466 lilii
3474 4413 3599 4479 Dei,
3631 4413 3757 4480 quid

2177 4511 2254 4556 est
2278 4504 2416 4572 quod
2447 4508 2543 4556 iste
2567 4501 2734 4556 lihcro
2754 4501 2974 4556 arbitrio
2999 4503 3108 4555 vult
3133 4504 3268 4558 bene
3295 4503 3500 4557 vivendi
3526 4505 3761 4558 tribuere

2178 4601 2528 4662 potestatem;
2559 4607 2680 4645 cum
2720 4591 2835 4646 lucc
2876 4602 3108 4661 poti-stas
3147 4607 3251 4646 non
3281 4593 3436 4646 detur
3467 4594 3564 4648 nisi
3593 4594 3760 4663 gratia

2184 4686 2294 4750 Dei,
2331 4701 2422 4754 per
2447 4685 2627 4740 Jesum
2649 4684 2916 4740 Christum
2947 4686 3230 4741 Dominum
3263 4693 3500 4740 nostrum
3530 4685 3639 4752 (Id.
3664 4702 3761 4753 vn,

2179 4778 2306 4852 25),
2347 4779 2557 4834 dicente
2597 4778 2918 4848 Evangelio,
2967 4778 3220 4848 Quotquot
3261 4787 3430 4832 autem
3469 4788 3764 4851 receperunt

2181 4888 2313 4933 eum,
2349 4870 2484 4923 dedit
2510 4870 2580 4922 eis
2601 4881 2893 4940 potestatem
2919 4871 3052 4938 ﬁlios
3081 4869 3180 4924 Dii
3209 4871 3320 4941 ﬁeri
3349 4869 3528 4942 (Joan.
3557 4887 3569 4925 t
3593 4912 3608 4936 ,
3639 4871 3766 4939 ην

2252 4961 2478 5018 CAPUT
2514 4961 2602 5016 Ill.
2627 4991 2700 5002 —
2722 4962 2775 5018 6.
2815 4961 2993 5018 Gratia
3019 4979 3120 5016 non
3164 4962 3439 5016 secundum
3463 4962 3640 5016 merita
3673 4967 3766 5015 duo

2183 5064 2284 5109 tur.
2327 5053 2430 5108 Sed
2462 5069 2529 5108 ne
2572 5052 2706 5108 forte
2733 5053 2931 5113 dicant.
2962 5053 3027 5107 ad
3061 5053 3161 5108 hoc
3185 5067 3305 5108 esse
3333 5051 3560 5122 adjutus,
3589 5059 3648 5108 ut
3675 5052 3769 5106 ba-

2184 5145 2371 5200 berent
2403 5151 2715 5213 potestatem
2746 5143 2857 5197 fieri
2902 5143 2991 5197 lilii
3023 5144 3112 5199 Dei
3137 5160 3153 5210 ;
3181 5152 3239 5197 ut
3263 5153 3441 5199 autem
3469 5143 3607 5200 hanc
3625 5143 3771 5200 aeni.

2188 5252 2314 5308 pere
2359 5244 2708 5300 mererentur,
2762 5234 2908 5304 prius
2952 5249 3074 5290 eum
3117 5235 3287 5291 libero
3329 5235 3572 5299 arbitrio,
3623 5234 3770 5290 nulla

2187 5327 2348 5399 adjuti
2397 5327 2563 5398 gratia
2614 5332 2932 5396 receperunt
2961 5345 2973 5380 :
3007 5323 3120 5383 haec
3171 5336 3255 5382 est
3303 5327 3500 5397 quippe
3547 5312 3772 5382 intentio

2250 5485 2268 5516 ί
2305 5487 2378 5532 Er.
2406 5487 2459 5532 et
2473 5487 2605 5545 non,
2629 5481 2757 5544 quod
2777 5479 2847 5545 eis
3018 5487 3074 5532 At
3091 5490 3187 5531 Am.
3213 5487 3267 5545 et
3292 5488 3417 5541 Mss,
3443 5478 3573 5545 quod
3600 5487 3678 5532 ια
3707 5475 3772 5531 ls-

2189 5545 2282 5614 bct.
2305 5543 2624 5614 movet-bam
2635 5541 2915 5614 _aecusatlv_o
2926 5544 3140 5614 iungere
3159 5541 3289 5614 solet
3307 5541 3484 5614 august
3491 5545 3614 5614 usus.

2192 5606 2381 5718 “23¢
2401 5611 2506 5654 es...
2533 5603 2649 5655 mm
2669 5611 2836 5656 autem
2869 5601 3000 5668 loco,
3022 5601 3115 5669 ﬁlii
3151 5601 3425 5668 manavit
3449 5602 3650 5665 Ment-
3676 5601 3766 5654 ’⁸ο-
