4034 6182
327 303 436 360 553

321 431 428 486 qua
458 415 679 484 gratiam
711 411 985 468 destruere
1015 409 1322 472 moliuntur,
1357 416 1410 460 ut
1435 421 1550 460 eam
1576 404 1686 458 dari
1718 419 1906 458 secun-

319 509 450 562 dum
479 505 668 558 merita
715 511 894 556 nostra
937 499 1258 554 contendant.
1291 515 1304 550 :
1337 513 1404 550 ne
1433 495 1570 550 forte
1612 509 1742 564 ergo
1770 493 1909 548 hanc

321 595 686 664 evangelicum
737 591 1054 646 sententiam
1106 590 1186 644 sic
1236 587 1505 652 dividant,
1559 595 1614 639 ut
1662 585 1908 639 meritum

320 697 524 758 ponant
551 687 602 740 iu
628 701 694 740 eo
719 683 859 754 quod
885 683 1085 736 dictum
1111 688 1212 741 est,
1245 679 1494 749 Quotquot
1520 687 1684 730 autem
1709 691 1908 745 recepe-

319 789 444 832 runt
471 793 584 831 eum
607 793 626 840 ;
655 791 716 829 ac
741 773 938 829 deimle
983 787 1086 825 non
1113 771 1276 840 gratis
1299 769 1496 830 datam,
1523 765 1618 820 sed
1645 766 1765 818 huic
1795 779 1909 818 me—

319 872 428 925 rito
457 869 716 923 redditam
746 865 966 934 gratiam
993 863 1046 918 in
1076 879 1142 918 eo
1177 860 1316 930 quod
1357 860 1614 928 sequitur,
1659 855 1810 909 Dedit
1839 855 1909 908 eis

319 969 619 1032 potestatem
666 959 798 1026 ﬁlios
847 955 942 1008 Dei
990 953 1142 1022 ﬁeri:
1169 948 1420 1020 numquid
1463 949 1506 1001 si
1549 955 1815 1014 qumratur
1843 943 1909 997 ab

319 1053 426 1114 eis,
460 1049 584 1118 quid
615 1049 704 1110 sit,
733 1053 1028 1116 receperunt
1057 1059 1189 1106 eum,
1219 1039 1410 1094 dicturi
1439 1043 1562 1091 sunt
1589 1033 1752 1098 aliud,
1785 1033 1906 1098 nisi,

319 1141 682 1196 Crediderunt
713 1138 764 1190 iu
807 1134 967 1190 cum?
1005 1131 1074 1188 Ut
1103 1133 1262 1200 igitur
1289 1137 1342 1184 et
1373 1131 1472 1182 hoc
1499 1127 1668 1180 sciant
1693 1124 1758 1178 ad
1787 1137 1908 1190 gra-

321 1235 454 1285 tiam
491 1233 779 1301 pcrtinere,
827 1229 1002 1298 legant
1029 1223 1170 1294 quod
1216 1223 1290 1276 ait
1327 1217 1738 1290 Apostoluszln
1767 1217 1909 1270 nullo

319 1322 664 1392 rxpauescatis
702 1321 763 1372 ab
790 1317 1108 1378 adversariis,
1139 1330 1250 1385 qua:
1276 1311 1474 1384 quidem
1517 1322 1584 1365 est
1615 1311 1716 1364 illis
1758 1325 1912 1362 causa

321 1413 644 1482 perditionis,
689 1419 863 1464 vestrte
903 1417 1067 1460 autem
1107 1406 1284 1460 salutis
1317 1413 1404 1458 :et
1442 1404 1535 1455 hoc
1561 1419 1592 1454 a
1623 1401 1762 1466 Deo;
1791 1402 1910 1470 quia

323 1503 466 1555 vobis
509 1503 752 1554 donatum
791 1509 864 1553 est
891 1515 981 1570 pro
1009 1496 1227 1561 Christo,
1258 1513 1359 1548 non
1389 1503 1580 1548 tantum
1615 1501 1665 1544 ut
1695 1491 1911 1546 credatis

321 1595 382 1646 in
406 1609 539 1652 eunt.
570 1591 660 1645 sed
701 1591 924 1644 utetiam
955 1587 1216 1659 patiamini
1244 1603 1336 1657 pro
1363 1602 1420 1639 eo
1464 1583 1717 1655 (Philipp.
1749 1599 1788 1648 ι,
1817 1581 1908 1648 28,

321 1681 442 1750 29).
475 1681 676 1750 Nempe
703 1689 980 1748 utrumque
1009 1677 1140 1730 dixit
1165 1691 1282 1730 esse
1309 1675 1582 1729 donatum.
1617 1675 1743 1728 item
1770 1671 1912 1740 quod

323 1774 424 1838 ait,
448 1771 566 1825 Pan:
587 1771 847 1842 fratribus,
887 1779 930 1822 et
955 1769 1174 1822 charitas
1196 1783 1308 1820 cum
1337 1765 1456 1835 ﬁde,
1489 1781 1520 1819 a
1545 1765 1653 1817 Deo
1687 1762 1842 1816 Patre
1865 1771 1912 1817 et

325 1861 552 1915 Domino
591 1859 714 1913 Iesu
757 1859 955 1913 Christo
1000 1855 1214 1928 (Epltes.
1257 1871 1332 1920 γι,
1371 1855 1487 1924 25).
1528 1854 1726 1924 Legam
1753 1853 1912 1907 etiam

325 1955 469 2022 quod
513 1955 628 2022 ipse
671 1952 924 2006 Dominus
955 1951 1047 2015 ait,
1101 1947 1264 2002 Nemo
1309 1957 1466 2016 potest
1497 1947 1662 1999 venire
1687 1944 1752 1998 ad
1793 1961 1910 2010 me,

325 2045 426 2098 nisi
457 2042 634 2104 Pater,
677 2042 761 2112 qui
797 2041 928 2093 misit
957 2057 1051 2104 me,
1095 2039 1302 2092 traxerit
1347 2053 1479 2091 eum.
1523 2036 1618 2092 Ubi
1671 2050 1737 2090 ne
1762 2035 1910 2105 quis-

325 2149 488 2203 quam
523 2141 670 2200 putet
713 2129 854 2184 aliud
882 2129 1080 2183 dictum
1108 2142 1246 2192 esse,
1295 2128 1460 2182 vestire
1482 2127 1550 2180 ad
1577 2143 1675 2191 me,
1707 2141 1868 2196 quam
1894 2167 1910 2192 ,

327 2223 564 2279 Credere
603 2222 654 2274 in
697 2237 822 2286 me;
871 2219 1028 2290 paulo
1076 2227 1196 2289 post
1238 2233 1358 2272 cum
1382 2217 1452 2272 de
1491 2231 1588 2271 suo
1613 2231 1836 2286 corpore
1861 2223 1916 2270 et

329 2315 590 2384 sanguine
635 2313 960 2382 loqueretur,
1007 2319 1062 2365 et
1103 2309 1443 2364 scandalizati
1473 2316 1654 2364 essent
1699 2307 1914 2378 plurimi

329 2407 384 2460 in
405 2420 654 2460 sermone
673 2405 810 2472 ejus,
828 2403 901 2456 ait
927 2420 942 2455 :
979 2399 1140 2454 Verba
1164 2417 1278 2470 qute
1295 2417 1386 2472 ego
1407 2399 1601 2453 locutus
1625 2415 1736 2454 sum
1755 2399 1913 2464 vobis,

329 2496 540 2564 spiritus
563 2505 612 2546 et
639 2493 738 2550 vita
767 2501 918 2556 sunt;
941 2492 1029 2546 sed
1057 2501 1172 2544 sunt
1207 2489 1412 2562 quidam
1437 2506 1500 2545 ea:
1523 2491 1658 2544 vobis
1697 2491 1781 2560 qui
1815 2505 1916 2543 non

329 2585 562 2638 credunt.
607 2583 806 2638 Deinde
844 2581 1115 2652 subiunxit
1142 2580 1475 2652 Evangelista
1505 2599 1517 2634 :
1548 2580 1747 2636 Sciebat
1783 2580 1917 2634 enim

329 2675 484 2730 Iesus
509 2677 572 2730 ab
601 2677 762 2738 initio,
785 2676 868 2745 qui
904 2682 1066 2728 essent
1091 2673 1364 2740 credentes,
1405 2681 1452 2728 et
1489 2674 1600 2744 quis
1641 2671 1917 2727 traditurus

331 2780 460 2824 esset
489 2785 620 2834 eum,
663 2777 708 2821 et
735 2767 946 2832 dicebat,
983 2765 1261 2835 Propterea
1290 2767 1396 2820 dixi
1425 2765 1582 2832 vobis,
1613 2764 1730 2834 quia
1771 2779 1915 2817 nemo

331 2871 496 2932 potest
519 2861 688 2914 venire
712 2859 780 2912 ad
823 2874 920 2924 me,
961 2858 1058 2911 nisi
1083 2858 1232 2926 fuerit
1259 2857 1306 2910 ei
1341 2858 1514 2910 datum
1543 2873 1574 2910 a
1615 2855 1770 2909 Patre
1808 2871 1917 2911 meo

333 2951 526 3024 (Joan.
555 2967 630 3016 Vl,
679 2950 766 3014 44,
817 2947 1038 3018 ϐι-ϐϐ).
1081 2947 1409 3003 Sententiam
1456 2948 1658 3002 scilicet
1707 2947 1920 3002 iteravit

331 3059 438 3114 qua
465 3043 688 3108 dixerat,
724 3039 888 3094 Nemo
919 3049 1078 3109 potest
1105 3040 1270 3093 venire
1291 3039 1358 3092 ad
1381 3053 1478 3103 me,
1511 3039 1608 3092 nisi
1633 3035 1808 3105 Pater,
1830 3037 1918 3109 qui

335 3135 472 3188 misit
509 3149 606 3196 me,
638 3133 844 3186 traxerit
883 3147 1021 3186 eum.
1063 3130 1129 3184 Et
1173 3129 1274 3183 hoc
1315 3135 1530 3199 pr0pter
1559 3127 1835 3183 credentes
1861 3133 1918 3184 ct

335 3239 442 3278 non
469 3223 748 3277 credentes
775 3237 834 3276 se
859 3221 1055 3276 dixisse
1079 3219 1456 3283 manifestavit,
1480 3235 1752 3288 exponens
1770 3219 1912 3290 quod

333 3313 561 3376 dixerat,
585 3311 698 3365 Nisi
723 3311 897 3376 Pater,
915 3312 1000 3380 qui
1027 3311 1158 3364 misit
1179 3325 1274 3374 me,
1299 3309 1504 3364 traxerit
1525 3325 1636 3363 cum
1653 3324 1672 3362 :
1690 3307 1916 3378 idipsum

334 3405 454 3458 aliis
481 3405 657 3458 verbis
683 3403 970 3472 repetendo
995 3404 1046 3456 in
1075 3416 1141 3457 eo
1165 3401 1306 3471 quod
1329 3401 1424 3466 ait,
1457 3401 1552 3454 nisi
1582 3401 1732 3470 fuerit
1755 3401 1801 3453 ei
1821 3401 1919 3452 da-

335 3504 443 3548 tum
467 3512 498 3546 a
527 3493 682 3547 Patre
721 3509 850 3546 meo.
892 3490 982 3546 Ille
1019 3492 1216 3562 quippe
1259 3491 1483 3544 trahitur
1517 3490 1584 3545 ad
1613 3489 1918 3558 Christum,

334 3587 420 3641 cui
443 3585 600 3638 datur
624 3593 678 3638 ut
707 3583 886 3638 credat
916 3583 966 3637 in
1009 3581 1297 3638 Christum.
1341 3583 1504 3636 Datur
1527 3597 1652 3651 ergo
1687 3590 1922 3650 potestas

337 3691 392 3734 ut
421 3680 508 3733 lilii
551 3679 640 3734 Dei
673 3679 818 3740 liant,
850 3679 936 3746 qui
967 3676 1190 3732 credunt
1219 3676 1270 3731 in
1299 3691 1442 3740 eum,
1472 3690 1590 3729 cum
1625 3677 1723 3729 hoc
1749 3675 1918 3744 ipsum

337 3771 493 3825 datur
519 3781 575 3824 ut
615 3770 834 3824 credant
876 3769 926 3822 in
967 3783 1110 3822 eum.
1151 3767 1280 3834 Qua:
1309 3774 1543 3836 potestas
1569 3765 1670 3820 nisi
1710 3765 1920 3820 detura

337 3863 470 3926 Deo,
519 3862 659 3916 nulla
702 3874 820 3915 esse
857 3867 1031 3929 potest
1059 3873 1124 3912 ex
1170 3857 1334 3911 libero
1378 3855 1638 3910 arbitrio:
1669 3856 1789 3926 quia
1821 3869 1921 3910 nec

337 3955 562 4010 liberum
607 3953 658 4006 in
692 3953 830 4006 bono
855 3951 975 4016 erit,
1008 3949 1146 4018 quod
1179 3948 1430 4002 liberator
1453 3962 1560 4000 non
1587 3945 1917 4012 liberaverit;

337 4045 430 4098 sed
457 4045 508 4098 in
538 4043 676 4096 malo
713 4041 934 4094 liberum
967 4038 1122 4092 habet
1150 4037 1448 4096 arbitrium,
1497 4035 1578 4089 cui
1607 4033 1920 4088 delectatio-

337 4151 458 4188 nom
487 4133 700 4188 malitia:
724 4131 808 4186 vel
837 4129 1074 4184 occultus
1101 4127 1182 4182 vel
1223 4125 1532 4181 manifestus
1557 4125 1810 4194 deceptor
1834 4125 1916 4178 in-

337 4226 470 4280 sevit
498 4225 540 4290 ι,
569 4223 652 4278 vel
677 4222 776 4277 sibi
806 4223 918 4291 ipse
945 4221 1225 4291 persuasit.

408 4316 460 4368 7.
501 4313 616 4368 Non
647 4314 842 4383 itaque,
889 4313 1025 4366 sicut
1051 4311 1234 4366 dicunt
1257 4325 1353 4363 nos
1379 4307 1592 4378 quidam
1624 4307 1823 4374 dicere,
1867 4317 1921 4362 et

335 4405 435 4460 iste
461 4406 621 4458 audet
665 4403 880 4472 insuper
907 4402 1162 4466 scribere,
1192 4416 1362 4452 omnes
1387 4399 1439 4452 in
1467 4407 1742 4468 peccatum,
1774 4395 1920 4451 velut

335 4494 506 4558 inviti,
539 4495 704 4547 carnis
727 4508 834 4547 sua:
873 4492 1162 4545 necessitate
1198 4497 1442 4557 coguntur
1471 4504 1490 4542 .'
1519 4487 1612 4542 sed
1639 4487 1684 4541 si
1724 4487 1833 4556 jam
1865 4486 1918 4540 iu

335 4601 396 4640 ea
423 4594 578 4638 :utatc
609 4593 750 4644 sunt,
782 4591 838 4636 ut
865 4583 1090 4652 pmprim
1131 4580 1322 4635 mentis
1349 4587 1567 4633 utantur
1594 4577 1833 4641 arbitrio,
1865 4586 1919 4632 et

333 4675 386 4730 in
417 4687 640 4744 peccato
685 4689 778 4728 sua
823 4675 1092 4726 voluntate
1137 4672 1450 4734 retinentur,
1481 4680 1534 4726 et
1558 4685 1586 4723 a
1619 4679 1835 4739 peccato
1863 4669 1918 4724 in

335 4777 610 4835 peccatum
643 4781 736 4820 sua
787 4765 1058 4818 voluntate
1089 4763 1502 4833 praecipitantur.
1553 4761 1734 4831 Neque
1775 4762 1916 4815 enim

333 4859 436 4928 agit
465 4859 516 4911 in
548 4859 626 4912 eis
656 4858 814 4912 etiam
857 4857 942 4927 qui
973 4856 1162 4912 suadet
1187 4865 1242 4910 et
1265 4856 1478 4924 decipit,
1510 4855 1609 4908 nisi
1643 4865 1698 4908 ut
1729 4869 1916 4923 pecca-

333 4957 442 5001 tum
475 4947 745 5003 voluntate
787 4949 1139 5008 committant,
1187 4947 1268 5000 vel
1317 4945 1607 5015 ignorantia
1639 4945 1873 4999 veritatis
1899 4986 1914 5010 ,

331 5039 416 5094 vel
443 5039 794 5093 delectatione
820 5037 1130 5106 iniquitatis,
1169 5036 1252 5090 vel
1297 5045 1520 5105 utroque
1564 5035 1702 5088 malo
1729 5045 1783 5088 et
1809 5049 1916 5088 cu:-

331 5130 508 5183 citatis
536 5139 590 5184 et
619 5129 958 5182 inﬁrmitatis.
998 5127 1104 5183 Sed
1152 5127 1264 5180 haec
1309 5127 1550 5181 voluntas
1595 5141 1711 5196 qua:
1751 5127 1914 5182 libera

331 5231 412 5274 est
441 5222 492 5274 in
524 5221 694 5280 malis,
731 5221 850 5289 quia
883 5220 1175 5274 delectatur
1201 5217 1374 5282 malis,
1403 5217 1522 5272 ideo
1549 5218 1709 5272 libera
1741 5218 1790 5270 in
1817 5217 1914 5270 bo-

331 5313 414 5365 nis
441 5329 546 5366 mm
578 5320 679 5376 est,
720 5313 840 5380 quia
887 5311 1102 5364 liberata
1138 5325 1242 5363 non
1285 5319 1386 5364 cst.
1424 5307 1534 5363 Nec
1561 5320 1732 5378 potest
1755 5309 1916 5364 homo

331 5403 456 5456 boni
504 5401 698 5471 aliquid
743 5401 894 5464 vcllc,
929 5401 1027 5454 nisi
1074 5399 1353 5470 adjuvetur
1393 5401 1459 5454 ab
1489 5416 1554 5454 eo
1597 5399 1686 5470 qui
1719 5401 1913 5454 malum

331 5509 438 5549 ηοιι
466 5505 639 5562 potest
669 5494 821 5552 velle.
853 5491 952 5548 hoc
979 5499 1081 5558 est,
1111 5491 1278 5560 gratia
1309 5491 1398 5546 Dei
1433 5507 1523 5562 per
1549 5491 1727 5546 losum
1753 5491 1910 5546 Chri-

398 5671 414 5700 ι
452 5670 588 5728 Ἐλωί,
611 5665 822 5717 inseruit.
855 5674 906 5715 Αι
932 5675 1053 5720 δεδε..
1080 5663 1259 5717 ntulit.

603 5763 868 5820 l'A'l'ltUL.
907 5761 952 5817 Χ
971 5759 1088 5817 μιν

1684 287 1884 344 Lliilill

2020 291 2192 348 IMUS.
3485 305 3590 362 554

2017 419 2155 464 stum
2203 411 2476 466 llontinum
2523 421 2779 470 nostrum.
2820 415 2988 470 Omne
3018 418 3159 471 enim
3200 417 3340 487 quod
3379 433 3484 474 non
3514 429 3592 475 est

2015 515 2080 554 ex
2126 501 2246 567 tide,
2279 513 2549 570 peccatum
2594 515 2674 558 est
2719 503 2738 569 (
2759 505 2908 559 Rom.
2943 521 3050 568 xiv,
3095 507 3222 577 25).
3265 511 3340 563 Ac
3379 523 3474 578 per
3497 509 3594 564 hoc

2015 591 2152 646 bona
2183 594 2425 648 voluntas
2451 609 2566 664 qua:
2587 611 2645 650 se
2671 595 2928 650 abstrahit
2955 613 2984 650 a
3013 607 3252 666 peccato,
3287 599 3455 654 ﬁdelis
3481 610 3592 665 est;

2015 683 2136 752 quia
2161 684 2334 752 justus
2359 699 2424 738 ex
2455 685 2554 739 tide
2593 685 2717 738 vivit
2751 685 2965 756 (Habito.
2999 702 3056 752 ιι,
3090 687 3166 756 4).
3209 689 3286 742 Ad
3318 689 3472 743 tidem
3503 705 3599 743 au-

2018 781 2121 827 tem
2173 776 2398 844 pertinet
2439 775 2660 830 credere
2705 776 2756 828 in
2799 776 3090 831 Christum.
3135 779 3198 832 Et
3228 794 3382 834 nemo
3419 788 3594 848 potem

2015 864 2234 919 credere
2259 866 2309 918 in
2341 879 2482 928 eum,
2515 865 2618 919 hoc
2643 874 2724 920 est
2751 869 2789 930 ¹,
2817 867 2998 921 venire
3027 867 3093 922 ad
3121 883 3264 933 eum,
3293 869 3391 923 nisi
3433 868 3596 924 fuerit

2017 952 2090 1007 illi
2137 953 2337 1008 datum.
2391 954 2556 1009 Nemo
2601 955 2759 1025 igitur
2801 965 2974 1025 potest
3023 958 3220 1012 habere
3271 958 3592 1012 voluntate"

2011 1041 2229 1110 justam,
2277 1043 2376 1096 nisi
2421 1044 2578 1098 nullis
2622 1045 3037 1112 praecedentibus
3084 1046 3286 1102 meritis
3331 1049 3597 1116 accepeﬁt

2015 1146 2217 1198 veram,
2246 1131 2347 1186 hoc
2371 1141 2472 1199 est,
2503 1133 2782 1202 gratuitam
2806 1134 3036 1203 desuper
3057 1135 3300 1204 gratiam.

2086 1223 2310 1278 CAPUT
2351 1223 2435 1278 ιν.
2479 1252 2550 1264 —-
2591 1225 2644 1280 8.
2703 1223 2966 1295 Pelagiani
3017 1226 3408 1296 prwcipitatores
3455 1225 3596 1280 liberi

2017 1312 2230 1365 arbitrii.
2273 1313 2385 1366 Hoc
2429 1315 2514 1368 isti
2563 1314 2749 1368 nolunt
2779 1315 2902 1369 elati
2945 1326 2998 1370 et
3038 1316 3272 1386 superbi,
3321 1333 3422 1371 nec
3469 1333 3594 1385 pur-

2015 1402 2190 1471 gando
2217 1402 2548 1470 defensores,
2568 1403 2662 1458 sed
2683 1404 2987 1459 extollendo
3011 1405 3424 1475 j‘iriecipilatores
3445 1407 3596 1460 libeti

1985 1495 2239 1558 “arbitrii.
2279 1495 2375 1560 Qui
2409 1511 2512 1550 non
2545 1495 2612 1550 ob
2637 1496 2778 1550 aliud
2811 1497 2962 1551 nobis
2994 1497 3107 1550 hare
3136 1497 3434 1552 dicentibus
3462 1497 3598 1552 indi-

2017 1598 2263 1656 gnantur,
2309 1587 2410 1640 nisi
2453 1586 2574 1656 quia
2614 1587 2826 1656 gloriari
2865 1588 2918 1640 in
2961 1587 3186 1642 Domino
3228 1588 3595 1658 dedignantur.

2018 1677 2216 1731 Timuit
2245 1689 2418 1732 tamen
2460 1677 2698 1747 Pelagius
2725 1677 3026 1747 episcopale
3066 1678 3323 1748 judicium
3357 1679 3598 1734 Palu-sti-

2019 1785 2143 1823 num
2179 1787 2192 1822 :
2225 1779 2278 1824 ct
2307 1786 2424 1825 cmn
2455 1772 2504 1826 ei
2532 1771 2718 1826 luisset
2745 1772 3030 1841 objectum,
3079 1771 3220 1840 quod
3251 1771 3450 1826 diceret
3475 1788 3592 1842 gra-

2021 1859 2146 1913 tiam
2187 1860 2281 1914 Dei
2333 1861 2624 1916 secuudum
2667 1861 2855 1916 merita
2898 1871 3080 1916 nostra
3108 1861 3258 1926 dari;
3305 1863 3514 1931 negavit
3541 1878 3599 1916 se

2019 1947 2214 2012 dicere,
2267 1958 2322 2004 et
2366 1965 2460 2004 eos
2505 1951 2594 2020 qui
2652 1950 2753 2006 hoc
2804 1950 3060 2016 dicerent,
3107 1951 3598 2005 anathematizando

2019 2039 2288 2094 damnavit
2330 2040 2425 2110 (α).
2466 2040 2575 2095 Nec
2615 2041 2757 2094 aliud
2805 2049 2978 2095 tamen
3021 2039 3305 2096 defendere
3335 2041 3600 2096 invenitur

2019 2129 2074 2182 in
2103 2129 2270 2196 libris,
2287 2145 2418 2199 quos
2441 2131 2774 2200 postmodum
2793 2130 3034 2200 scripsit;
3068 2130 3302 2185 traudem
3327 2147 3384 2186 se
3411 2141 3600 2202 putans

2021 2221 2321 2277 hominibus
2337 2222 2695 2292 judicantibus
2715 2225 2736 2255 '
2755 2223 2944 2280 fecisse
2967 2224 3291 2290 mentiendo,
3314 2233 3404 2278 aut
3420 2223 3600 2278 nescio

2019 2311 2285 2381 quomodo
2317 2328 2472 2368 suum
2512 2329 2727 2369 sensum
2767 2315 2947 2370 verbis
2976 2315 3238 2385 ambiguis
3280 2315 3598 2385 obtegendo.
3677 2363 3682 2368 .

2090 2399 2316 2459 CAPUT
2355 2405 2419 2458 γ.
2445 2434 2518 2444 -
2541 2405 2594 2460 9.
2637 2405 2806 2460 Altera
2841 2405 3041 2460 Jutiani
3067 2407 3341 2473 calumnia,
3379 2403 3604 2474 Nuptias

2022 2509 2123 2548 non
2163 2511 2194 2547 a
2235 2495 2342 2549 Deo
2379 2496 2630 2550 institutas
2667 2496 2788 2550 dici.
2837 2496 3010 2551 Tertia
3053 2497 3325 2564 calumnia,
3360 2495 3606 2550 Danmari

2021 2587 2336 2658 conjugatem
2375 2605 2710 2660 congressum.
2753 2589 2857 2645 Sed
2897 2591 3006 2659 jam
3033 2591 3307 2646 videamus
3347 2591 3488 2661 quod
3519 2606 3603 2644 sc-

2021 2679 2218 2748 quitur.
2251 2697 2269 2730 ι
2310 2679 2498 2734 Dicunt
2543 2680 2725 2748 etiam,
2759 2699 2778 2732 ι
2817 2679 3006 2751 inquit,
3046 2700 3066 2734 ι
3111 2681 3238 2734 istas
3279 2696 3397 2750 quae
3440 2681 3600 2735 modo

2021 2775 2245 2836 aguntur
2271 2768 2480 2836 nuptias
2505 2784 2534 2822 a
2567 2769 2675 2823 Deo
2703 2769 2966 2822 institutas
2995 2785 3098 2822 non
3131 2768 3294 2823 luisse
3323 2787 3336 2822 :
3369 2769 3508 2839 quod
3560 2767 3614 2818 in

2023 2857 2158 2911 libro
2195 2855 2468 2928 Augustini
2515 2857 2704 2927 legitur
2750 2859 2844 2929 (b),
2889 2867 3072 2913 contra
3103 2875 3260 2929 quem
3299 2873 3399 2927 ego
3443 2859 3603 2912 modo

2021 2958 2248 3020 quatuor
2277 2949 2470 3004 libellis
2513 2949 2779 3019 respondi.
2820 2951 2985 3019 Cujus
3027 2949 3302 3020 Augustini
3333 2949 3474 3004 dicta
3501 2951 3601 3004 ini-

2020 3038 2146 3096 mici
2172 3039 2335 3094 nostri
2365 3039 2416 3094 in
2443 3039 2676 3094 veritatis
2704 3040 2882 3094 odium
2904 3048 3270 3110 susceperunt.
3311 3059 3329 3093 ι
3359 3040 3465 3094 ’llis
3487 3039 3602 3110 ejus

2019 3130 2697 3186 calumniosissimisverbis
2722 3130 2952 3186 breviter
2967 3130 3120 3184 video
3145 3129 3600 3202 respondendum:

2021 3223 2147 3298 quia
2173 3223 2366 3292 repetit
2409 3237 2472 3278 ea
2501 3231 2703 3292 postea,
2733 3223 2823 3276 ubi
2863 3223 2976 3276 vult
3007 3223 3118 3290 ipse
3159 3221 3427 3275 insinuare
3455 3221 3604 3290 quasi

2021 3323 2204 3370 contra
2247 3322 2425 3368 nostra
2458 3313 2544 3367 isti
2583 3313 2707 3383 quid
2739 3313 2954 3378 dicant;
3006 3313 3075 3366 ibi
3101 3328 3218 3367 cum
3251 3311 3342 3366 illo
3372 3311 3413 3378 ³,
3439 3327 3606 3382 quan-

2023 3415 2134 3458 tum
2163 3417 2248 3458 res
2291 3403 2556 3472 postulare
2587 3401 2870 3468 videbitur,
2905 3402 3130 3456 Domino
3158 3401 3444 3470 adjuvaute
3485 3417 3604 3456 cer-

2025 3486 2241 3541 tandum
2288 3495 2388 3541 est.
2429 3484 2580 3539 Nunc
2620 3501 2749 3555 ergo
2796 3485 3117 3556 respondeo,
3163 3499 3192 3538 a
3239 3485 3348 3539 Deo
3397 3485 3606 3554 nuptias

1975 3603 1982 3610 -
2024 3577 2322 3638 institutas,
2365 3583 2416 3630 et
2463 3581 2608 3640 tunc,
2656 3573 2868 3646 quando
2915 3574 3110 3628 dictum
3162 3583 3278 3640 est,
3329 3573 3607 3644 Pr0pterea

2022 3667 2261 3737 relinquet
2287 3667 2434 3720 homo
2459 3675 2652 3734 patrem
2679 3683 2827 3719 suum
2851 3675 2897 3719 et
2919 3676 3128 3719 matrem
3155 3683 3322 3734 suam,
3359 3677 3404 3720 et
3425 3667 3604 3722 adhae-

2021 3758 2148 3812 rebit
2187 3756 2335 3812 uxori
2358 3771 2498 3822 sate;
2535 3765 2582 3811 et
2609 3767 2754 3810 erunt
2787 3756 2888 3810 duo
2914 3757 2965 3810 in
3009 3773 3157 3810 carne
3195 3774 3299 3811 una
3347 3756 3498 3827 (Gen.
3527 3775 3564 3813 ιι
3589 3801 3602 3822 ,

2022 3847 2114 3918 24)
2149 3863 2160 3901 :
2193 3855 2248 3902 et
2274 3861 2434 3914 nunc,
2477 3857 2696 3917 propter
2718 3847 2860 3918 quod
2901 3847 3154 3918 scriptum
3178 3857 3281 3916 est,
3315 3850 3358 3903 Α
3387 3847 3604 3904 Domino

2013 3936 2252 4008 jungitur
2291 3937 2397 3991 viro
2435 3937 2618 3991 mulier
2659 3936 2854 4006 (Prov.
2901 3953 3014 4010 XIX,
3067 3936 3193 4011 Η).
3233 3938 3418 4010 Neque
3459 3939 3604 3995 enim

2023 4026 2166 4080 aliud
2195 4025 2256 4080 lit
2285 4027 2444 4081 etiam
2475 4042 2614 4082 nunc
2653 4043 2812 4097 quam
2853 4027 3001 4092 illud,
3049 4037 3106 4082 ut
3141 4028 3412 4085 adbzereat
3443 4029 3602 4084 homo

2025 4117 2174 4171 uxori
2215 4131 2344 4180 suae,
2371 4125 2424 4172 et
2445 4119 2554 4172 sint
2581 4118 2686 4172 duo
2719 4118 2768 4171 in
2799 4131 2960 4174 carne
2991 4133 3113 4172 una.
3155 4120 3233 4175 De
3260 4120 3386 4188 ipsis
3410 4121 3607 4192 quippe

2025 4208 2239 4278 nuptiis,
2269 4223 2385 4278 quae
2413 4223 2556 4263 nunc
2599 4207 2623 4240 ⁸
2653 4208 2803 4272 llum,
2851 4211 3124 4266 consultus
3166 4223 3246 4266 est
3295 4213 3549 4270 Dominus
3575 4233 3602 4266 a

2023 4298 2239 4364 Judaeis,
2289 4305 2466 4352 utrum
2525 4299 2707 4352 liceret
2760 4314 3092 4370 quacumque
3138 4317 3294 4356 causa
3339 4303 3608 4360 dimittere

2025 4407 2262 4446 uxorem.
2315 4391 2382 4445 Et
2425 4391 2526 4446 isto
2553 4403 2970 4448 commemorato
3003 4395 3307 4452 testimonio
3349 4399 3480 4468 legis
3508 4399 3607 4453 ad-

2017 4483 2212 4553 junxit,
2268 4481 2418 4548 Quod
2458 4499 2575 4553 ergo
2603 4481 2740 4536 Deus
2761 4484 3043 4552 conjunxit,
3075 4489 3223 4540 homo
3271 4506 3368 4543 non
3413 4499 3610 4558 separet

2023 4573 2234 4646 (Matth.
2289 4589 2396 4638 xix,
2441 4573 2578 4646 5-6).
2622 4573 2732 4629 lloc
2777 4575 3136 4632 testimonium
3183 4577 3316 4649 legis
3366 4581 3605 4636 adhibuit

2021 4669 2180 4723 etiam
2231 4667 2519 4736 Apostolus
2567 4667 2784 4732 Paulus,
2826 4681 2946 4722 cum
2999 4671 3140 4724 viros
3185 4681 3424 4726 moueret
3456 4683 3508 4725 ut
3538 4675 3604 4724 ab

2019 4761 2100 4816 eis
2142 4759 2486 4830 diligerentur
2537 4775 2728 4814 uxores
2784 4759 3008 4831 (Ep/tes.
3059 4779 3112 4828 v,
3162 4763 3252 4828 95,
3284 4764 3410 4834 51).
3455 4764 3606 4819 Absit

2021 4867 2170 4921 ergo,
2217 4859 2274 4904 ut
2315 4851 2366 4904 in
2397 4849 2534 4905 libro
2573 4865 2692 4905 meo
2721 4861 2902 4905 contra
2948 4851 3060 4907 hzec
3101 4853 3397 4908 leslimoaia
3427 4854 3601 4909 divina

2021 4946 2122 5000 istc
2164 4942 2358 5014 aliquid
2410 4943 2617 5012 legerit.
2663 4942 2766 4998 Sed
2821 4945 2904 4998 vel
2954 4959 3056 4998 non
3111 4945 3470 5014 intelligendo,
3522 4949 3604 5002 vel

2021 5037 2190 5107 magis
2225 5037 2618 5102 calumniando,
2653 5037 2702 5090 in
2734 5037 2892 5091 alium
2933 5052 3146 5092 sensum
3179 5049 3400 5093 conatur
3425 5042 3605 5094 detor-

2086 5174 2102 5204 ι
2139 5173 2343 5222 Vaticani
2369 5180 2494 5232 Mss,
2527 5169 2616 5222 hoc
2631 5176 2702 5222 est
2723 5169 2850 5222 enim
2869 5170 3044 5222 venire.

2135 5233 2356 5284 Gallicani
2396 5235 2603 5294 codices,
2630 5231 2894 5283 hominibus
2917 5232 3122 5296 fecisse;
3153 5235 3346 5294 omisso,
3370 5233 3604 5295 judicnu.

2045 5307 2056 5344 l
2103 5309 2160 5344 is.

2019 5299 2236 5466 :3?qu
2247 5365 2351 5406 Mss.
2377 5362 2432 5406 At
2455 5354 2590 5416 editi,
2614 5359 2780 5404 contra
2813 5360 2977 5406 nostra
3015 5353 3110 5406 ista
3143 5353 3262 5419 quid
3302 5355 3484 5418 dicant,
3517 5361 3602 5410 ubi

2151 5433 2166 5466 ι
2242 5457 2251 5466 .

2298 5489 2424 5527 nunc
2456 5488 2657 5540 quoque.
2695 5475 2857 5534 Abest,
2885 5487 3068 5541 quoque
3085 5513 3100 5538 ,
3137 5489 3164 5526 a
3210 5476 3459 5544 plerisque
3504 5495 3578 5532 ma
3595 5509 3608 5520 -

2021 5548 2306 5658 ""iﬁi'iliié
2326 5613 2401 5664 sui
2421 5611 2470 5664 ra
2490 5633 2505 5656 ,
2521 5597 2706 5664 librum
2724 5599 2794 5664 dc
2809 5599 2964 5664 Gestis
2981 5599 3178 5664 Pelagii,
3205 5615 3253 5652 ιι.
3278 5602 3354 5653 50.

2090 5663 2159 5722 (b)
2193 5662 2416 5724 Loquitur
2438 5661 2500 5710 de
2521 5660 2642 5710 libro
2665 5663 2816 5722 primo
2839 5661 2901 5709 de
2927 5660 3171 5722 Kttptiiset
3195 5663 3602 5728 t‘nncuflscontitt.

2879 5743 3292 5820 (Dix-huit.)
