4034 6182
401 284 505 339 555

402 410 564 467 quere
591 393 730 466 quod
754 393 900 465 legit.
940 393 1153 449 Librum
1180 401 1353 447 autem
1381 404 1579 455 meum,
1601 398 1781 444 contra
1808 399 1967 456 quem

401 501 461 541 se
504 495 729 556 quatuor
772 482 964 538 libellis
1006 480 1346 550 respondisse
1389 485 1802 541 commemorat,
1852 482 1972 543 post

401 575 787 629 damnationem
832 571 1029 642 Pelagii
1076 570 1420 639 leestiique
1466 567 1777 637 conscripsi.
1816 563 1969 634 Quod

402 667 522 721 ideo
541 662 818 719 dicendum
850 661 1048 732 putavi,
1076 659 1325 730 quoniam
1352 659 1450 714 iste
1472 658 1621 723 dicit,
1649 656 1718 711 ab
1742 654 1970 711 inimicis

399 756 511 809 suis
530 755 580 807 iu
610 751 789 808 odium
830 751 1066 806 veritatis
1089 750 1225 805 dicta
1246 764 1361 804 mea
1379 749 1539 804 fuisse
1580 754 1823 816 suscepta
1856 763 1871 800 :
1902 758 1973 801 ne

401 843 520 899 ideo
542 843 819 913 quisquam
845 840 1131 905 existimet,
1164 848 1379 909 propter
1400 837 1543 894 hunc
1568 838 1760 893 librum
1791 849 1968 891 meum

401 932 643 990 inimicos
666 930 847 1003 gratiae
866 929 1063 986 Christi
1090 944 1256 985 novos
1273 928 1553 985 haereticos
1573 927 1732 983 fuisse
1748 927 1975 981 damna-

399 1034 500 1080 tos.
541 1024 598 1078 lu
629 1041 694 1079 eo
718 1032 897 1079 autem
941 1022 1077 1077 libro
1102 1020 1348 1078 defensio
1370 1029 1452 1077 est
1477 1020 1667 1092 potius,
1700 1032 1857 1088 quam
1881 1030 1974 1072 re-

401 1114 682 1185 prehensio
709 1114 1035 1183 nuptiarum.

470 1207 558 1263 t0.
604 1224 624 1258 s
664 1205 853 1260 Dicunt
877 1205 1057 1270 etiam,
1092 1221 1111 1255 ι
1148 1202 1334 1272 inquit,
1384 1219 1403 1252 ι
1439 1210 1640 1255 motum
1666 1196 1970 1269 genitalium

399 1307 454 1352 et
474 1297 908 1353 commixtiouem
951 1294 1255 1364 coujugum,
1284 1308 1313 1346 a
1343 1292 1555 1346 diabolo
1585 1290 1747 1345 fuisse
1791 1302 1977 1357 reper-

402 1398 508 1441 tam
538 1403 557 1443 :
586 1394 643 1441 et
678 1395 954 1456 propterea
993 1398 1087 1439 eos
1129 1383 1220 1453 qui
1250 1390 1542 1451 nascuntur
1570 1380 1881 1435 innocentes
1910 1380 1928 1413 ³
1952 1420 1970 1447 ,

404 1492 522 1530 reos
550 1491 706 1540 esse;
732 1483 786 1529 et
808 1489 837 1528 a
866 1472 1076 1528 diabolo
1105 1471 1237 1535 ﬁeri,
1274 1484 1375 1524 non
1402 1485 1432 1523 a
1471 1470 1599 1533 Deo,
1628 1468 1751 1539 quia
1778 1467 1847 1523 de
1871 1467 1976 1525 hac

401 1564 657 1620 diabolica
703 1561 1079 1618 commixtione
1127 1567 1433 1614 nascuntur.
1484 1557 1595 1612 Hoc
1634 1564 1812 1612 autem
1856 1555 1975 1611 sine

400 1654 574 1724 aliqua
597 1653 939 1721 ambiguitate
976 1650 1325 1706 Manichreum
1347 1658 1447 1705 est.
1482 1667 1501 1701 ι
1547 1648 1656 1703 lmo
1679 1648 1814 1702 sicut
1836 1646 1973 1704 dici-

402 1763 518 1801 mus
542 1761 573 1802 a
604 1747 711 1801 Deo
751 1745 960 1814 nuptias
991 1742 1259 1811 institutas
1296 1749 1516 1812 prepter
1540 1738 1841 1795 ordinatam
1877 1754 1976 1810 ge-

404 1835 731 1891 nerationem
763 1834 1028 1897 ﬁliorum;
1062 1831 1131 1886 ita
1161 1831 1388 1885 dicimus
1429 1828 1656 1884 ﬁliorum
1684 1827 1975 1899 gignendo-

411 1941 528 1980 rum
549 1924 952 1980 sentinatiouem
974 1924 1088 1978 sine
1103 1931 1250 1977 motu
1267 1920 1572 1992 genitalium
1600 1928 1654 1975 et
1681 1919 1798 1975 sine
1835 1933 1977 1975 com-

402 2016 656 2072 mixtione
695 2014 978 2086 conjugum
1024 2028 1125 2068 nec
1169 2012 1224 2067 in
1267 2009 1545 2082 paradiso,
1574 2010 1620 2065 si
1648 2008 1743 2064 lilii
1789 2009 1977 2080 gigne-

402 2118 619 2171 rentur,
650 2120 772 2163 esse
812 2104 1063 2176 potuisse.
1098 2102 1202 2158 Sed
1246 2110 1422 2157 utrum
1446 2099 1566 2155 talis
1591 2115 1774 2155 eorum
1801 2107 1979 2156 motus

399 2208 559 2269 atque
582 2194 891 2253 commixtio
916 2194 1119 2257 luisset,
1164 2193 1209 2248 si
1249 2206 1408 2247 nemo
1457 2197 1763 2262 peccasset,
1806 2189 1979 2259 qualis

400 2303 540 2344 nunc
560 2298 644 2343 est
664 2302 784 2342 cum
815 2284 1057 2356 pudenda
1083 2283 1318 2349 libidine,
1349 2281 1473 2336 hinc
1501 2288 1585 2335 est
1608 2278 1833 2351 quaestio
1866 2298 1881 2335 :
1908 2278 1977 2337 de

400 2394 502 2449 qua
527 2378 831 2449 diligentius
851 2384 1057 2448 postea,
1075 2376 1119 2430 si
1142 2373 1284 2428 Deus
1312 2372 1552 2434 voluerit,
1571 2370 1975 2440 disputabimus.

469 2468 693 2526 CAPUT
729 2467 820 2524 Vl.
849 2497 921 2508 —
945 2468 1032 2521 ll.
1077 2463 1470 2535 Pelagianorum
1497 2462 1760 2517 consilium
1784 2462 1838 2516 in
1866 2462 1979 2516 lau-

400 2557 570 2612 danda
601 2556 885 2628 conjugalis
907 2552 1275 2609 commixtionis
1301 2549 1605 2605 innocentia.
1644 2549 1779 2617 Quid
1802 2558 1976 2606 tamen

402 2650 488 2702 isti
514 2648 699 2713 velint,
742 2645 869 2718 quid
896 2643 1193 2709 intendant,
1238 2656 1344 2713 quo
1371 2656 1485 2696 rem
1531 2640 1822 2711 perducere
1862 2655 1977 2699 mo-

394 2735 610 2803 liantur,
636 2735 883 2808 adjuncta
928 2734 1079 2790 istius
1106 2731 1268 2788 verba
1297 2730 1592 2797 declarant,
1639 2729 1728 2785 ubi
1765 2730 1840 2785 ait
1878 2744 1980 2787 nos

399 2829 600 2895 dicere,
645 2846 666 2881 ι
702 2834 981 2897 propterea
1026 2837 1122 2879 eos
1160 2821 1251 2893 qui
1294 2820 1606 2876 innocentes
1648 2828 1978 2886 nascuntur,

399 2932 521 2974 reos
547 2931 701 2982 esse;
740 2922 796 2970 et
813 2929 842 2968 a
872 2912 1083 2969 diabolo
1112 2911 1249 2979 ﬁeri,
1276 2925 1381 2965 non
1409 2924 1439 2963 a
1466 2909 1596 2977 Deo,
1632 2908 1753 2980 quia
1780 2908 1848 2965 de
1877 2908 1978 2965 hac

398 3007 654 3063 diabolica
680 3005 1057 3062 commixtione
1096 3009 1405 3058 nascuntur.
1438 3018 1460 3054 s
1500 2999 1633 3055 Cum
1661 3000 1839 3070 itaque
1877 3013 1979 3056 nos

401 3111 502 3153 nec
542 3094 859 3151 diabolicam
902 3094 1143 3149 dicamus
1179 3091 1465 3161 conjugum
1504 3091 1935 3147 commixtionem
1959 3133 1976 3158 ,

402 3186 630 3241 maxime
659 3183 913 3250 ﬁdelium,
958 3197 1077 3253 quat
1106 3181 1165 3236 lit
1208 3194 1369 3236 causa
1418 3180 1847 3249 generaudorum
1889 3180 1978 3251 qui

403 3284 587 3346 postea
612 3271 957 3345 regenerandi
987 3278 1132 3339 sunt,
1163 3269 1392 3325 ﬁliorum
1419 3287 1432 3323 :
1462 3284 1561 3324 nec
1583 3269 1823 3325 homines
1842 3270 1981 3327 ullos

402 3383 429 3422 a
456 3366 668 3422 diabolo
696 3364 832 3431 ﬁeri,
859 3362 955 3421 sed
983 3378 1013 3417 a
1042 3363 1152 3418 Deo
1181 3362 1237 3416 in
1264 3370 1520 3432 quantum
1547 3359 1793 3416 homines
1817 3371 1940 3416 sunt
1964 3379 1980 3418 :

402 3467 457 3512 et
485 3465 661 3512 tamen
702 3454 862 3510 etiam
907 3453 977 3509 de
1023 3450 1337 3523 coniugibus
1366 3450 1609 3507 ﬁdelibus
1650 3466 1775 3507 reos
1812 3452 1977 3516 nasci,

404 3561 651 3617 tanquam
682 3561 747 3602 ex
772 3545 912 3601 oliva
940 3545 1251 3609 oleastrum,
1279 3552 1495 3614 propter
1513 3543 1769 3615 originale
1794 3559 1984 3615 pecca-

404 3647 514 3692 tum
538 3653 553 3701 ;
591 3644 646 3690 ct
669 3644 882 3706 propter
910 3634 1013 3689 hoc
1036 3648 1157 3690 esse
1181 3634 1280 3689 sub
1303 3633 1539 3701 diabolo,
1577 3633 1680 3688 nisi
1706 3648 1982 3689 renascan-

405 3740 491 3784 tur
513 3728 569 3784 in
591 3725 841 3793 Christo;
868 3726 1118 3797 quoniam
1158 3725 1400 3782 diabolus
1426 3726 1598 3796 culpae
1638 3734 1824 3781 auctor
1857 3735 1938 3781 est
1962 3766 1979 3793 ,

406 3836 510 3875 non
557 3828 760 3875 natum
791 3836 807 3873 :
835 3826 1017 3873 contra
1072 3815 1147 3871 illi
1190 3817 1439 3887 parvulos
1483 3815 1723 3871 dicentes
1777 3815 1980 3869 nullum

410 3910 619 3967 trahere
637 3909 894 3980 originale
917 3915 1212 3978 peceatum,
1238 3914 1293 3962 et
1315 3905 1435 3961 ideo
1461 3920 1566 3961 non
1597 3920 1715 3960 esse
1744 3905 1842 3961 sub
1869 3904 1985 3959 dia-

408 4002 574 4067 bolo;
613 3999 737 4073 quid
765 3998 978 4055 efﬁcere
1006 3997 1263 4063 laborant,
1298 3996 1398 4052 nisi
1448 4005 1506 4052 ut
1546 3996 1634 4050 illa
1680 3996 1772 4052 Dei
1812 3998 1982 4067 gratia

407 4102 692 4147 evacuctur
717 4091 770 4146 in
802 4087 1051 4159 parvulis,
1080 4102 1184 4157 qua
1210 4087 1336 4141 eruit
1372 4103 1485 4152 nos,
1514 4087 1652 4142 sicut
1689 4086 1817 4142 dicit
1842 4088 1985 4156 Apo-

407 4182 596 4246 stolus,
631 4181 692 4235 de
723 4187 964 4253 potestate
989 4178 1320 4234 tenebrarum.
1342 4188 1387 4232 et
1408 4178 1668 4232 transtulit
1700 4178 1751 4232 in
1774 4193 1984 4249 regnum

396 4272 778 4332 Filiidtaritatis
802 4285 906 4324 sua:
927 4267 1141 4343 (Colass.
1165 4284 1203 4334 t,
1229 4268 1363 4340 15)?
1400 4267 1839 4338 Quandoquidem
1862 4283 1984 4337 par-

412 4367 560 4419 \‘ttIOS
582 4372 775 4433 negant
792 4377 910 4418 esse
936 4361 988 4418 in
1016 4368 1276 4430 potestate
1299 4362 1661 4427 tenebrarum,
1679 4360 1837 4415 etiam
1862 4368 1984 4415 ante

414 4453 616 4508 Domini
668 4453 963 4508 liberatoris
1012 4451 1302 4516 auxilium;
1354 4452 1423 4504 ita
1478 4450 1531 4505 in
1584 4451 1662 4505 eis
1708 4449 1985 4504 laudantes

410 4561 543 4613 opus
571 4541 858 4607 Creatoris,
902 4550 959 4595 ut
988 4541 1403 4595 misericordiam
1447 4539 1725 4595 destruant
1752 4540 1983 4595 Redem-

413 4634 596 4704 pltll‘lS.
637 4632 803 4702 Quam
832 4647 931 4687 nos
954 4631 1201 4701 quoniam
1228 4640 1281 4685 et
1312 4632 1360 4684 iu
1388 4630 1677 4700 majoribus
1701 4639 1756 4686 et
1783 4631 1833 4685 in
1861 4646 1985 4701 par-

412 4746 429 4777 \
445 4729 544 4782 ulis
563 4727 927 4791 conﬁtemur,¢
958 4723 1094 4779 hoc»
1120 4722 1248 4778 dicit
1268 4740 1287 4775 ι
1307 4722 1422 4779 sine
1445 4722 1617 4794 aliqua
1644 4723 1986 4793 ambiguitate

409 4836 528 4876 esse
543 4818 890 4875 Mauichmum
913 4835 960 4872 τε
981 4832 1101 4872 cum
1118 4815 1191 4869 sit
1203 4814 1625 4885 antiquissimum
1641 4814 1982 4883 catholicum,

415 4911 555 4965 unde
598 4925 789 4965 novum
838 4908 1059 4961 istorum
1112 4906 1301 4976 dogma
1347 4912 1615 4959 evertatur
1658 4905 1983 4960 hacreticum.

478 4998 702 5056 CAPUT
745 4996 851 5052 VII.
872 5025 946 5037 —
972 4996 1056 5051 l2.
1101 4995 1295 5060 Quarta
1318 4993 1591 5056 calumnia,
1616 4992 1834 5049 Sanctos
1858 5003 1987 5048 vete-

410 5094 480 5147 ris
519 5091 816 5146 Testamettti
845 5104 943 5141 non
970 5104 1000 5140 a
1036 5085 1252 5156 peccatis
1272 5085 1451 5139 liberos
1474 5082 1596 5137 dici.
1643 5102 1663 5136 ι
1702 5082 1893 5138 Dicunt
1921 5124 1935 5150 ,
1961 5101 1980 5136 ι

414 5184 599 5253 inquit,
635 5200 653 5233 ς
688 5189 901 5234 sanctos
940 5179 990 5232 in
1022 5186 1202 5233 vetere
1239 5176 1582 5230 Testamento
1619 5187 1724 5227 non
1753 5172 1989 5228 caruisse

415 5274 660 5339 peccatis,
690 5271 741 5326 id
770 5279 870 5335 est,
905 5285 1002 5324 uec
1042 5284 1135 5338 per
1159 5264 1584 5323 emendationem
1623 5279 1651 5317 a
1682 5263 1989 5320 criminibus

416 5365 575 5420 fuisse
602 5364 817 5426 liberos,
848 5362 940 5416 sed
972 5363 1022 5415 in
1055 5368 1201 5414 reatu
1229 5374 1260 5413 a
1290 5367 1464 5412 morte
1501 5355 1663 5411 fuisse
1691 5355 1991 5425 deprehen-

414 5469 522 5509 sos.
560 5474 578 5506 ι
624 5454 732 5510 ιιιιο
755 5453 983 5509 dicimus
1008 5450 1096 5507 vel
1131 5459 1254 5505 ante
1291 5447 1486 5520 Legem
1524 5448 1606 5503 vel
1634 5457 1870 5518 tempore
1894 5463 1988 5503 ve-

437 5593 514 5705 ᾧ
528 5587 744 5637 militaui
768 5593 875 5636 uss.
913 5585 992 5636 hic
1016 5591 1065 5636 ct
1089 5598 1134 5635 n.
1166 5585 1239 5646 lt,
1273 5582 1412 5647 infra,
1444 5581 1528 5648 qui
1566 5588 1825 5636 nasctmtur
1860 5581 1992 5635 inno-

516 5665 592 5705 ιη’,

414 5665 592 5709 coner,

992 278 1266 338 CONTRA
1303 275 1482 334 DUAS
1519 270 1890 330 EPISTOLAS
1929 266 2485 338 PELAGIANORUM,
2523 268 2580 323 S.
2621 228 2983 325 'AUGUSTINI

2076 382 2200 436 teris
2248 380 2567 438 Testamenti
2615 395 2645 435 a
2689 380 2921 451 peccatis
2973 378 3134 434 fuisse
3184 378 3439 434 liberatos
3461 418 3478 450 ,
3534 393 3640 436 non

2074 474 2268 535 virtute
2292 475 2498 545 propria
2523 490 2537 539 ;
2569 475 2689 543 quia
2716 472 3008 529 maledictus
3031 473 3193 526 omnis
3215 471 3304 540 qui
3321 487 3463 541 spent
3491 488 3641 526 suam

2076 557 2214 625 ponit
2241 558 2292 610 in
2318 556 2516 611 homine
2546 555 2754 627 (Jerem.
2779 569 2906 619 xv",
2934 554 2987 622 5)
3012 571 3027 616 ;
3054 563 3109 607 et
3134 555 3187 608 in
3214 554 3316 608 hoc
3340 555 3454 609 sine
3481 553 3641 610 dubio

2074 644 2354 700 maledicto
2383 644 2398 677 ¹
2436 652 2579 711 sunt,
2601 659 2738 714 quos
2761 644 2917 700 etiam
2946 643 3185 700 Psalmus
3207 643 3417 699 divinus
3454 653 3601 699 notat
3622 686 3640 712 ,

2074 732 2173 801 Qui
2200 734 2458 804 conﬁdunt
2486 736 2539 788 in
2566 736 2742 789 virtute
2763 750 2856 789 sua
2883 734 3053 806 (Psal.
3083 749 3264 794 xum,
3292 736 3347 804 7)
3379 753 3392 788 :
3422 750 3519 790 nec
3545 750 3640 790 ve-

2075 834 2186 880 tere
2212 824 2573 890 Testamento,
2600 824 2742 894 quod
2771 825 2823 880 in
2852 823 3158 880 servitutem
3186 834 3406 895 generat
3433 824 3641 895 (Gatat.

2073 929 2148 983 tv,
2173 914 2287 986 2‘),
2312 915 2552 985 quamvis
2579 925 2741 972 certze
2764 914 3173 985 dispensationis
3195 918 3360 986 gratia
3390 917 3643 975 divinitus

2073 1005 2255 1061 datum
2304 1007 2373 1060 sit
2404 1019 2547 1061 :‘nec
2574 1008 2596 1039 ⁸
2625 1007 2738 1075 ipsa
2785 1008 2899 1076 lege
2949 1015 3128 1062 sancta
3154 1018 3209 1062 et
3242 1007 3383 1076 justa
3413 1016 3467 1063 et
3509 1008 3645 1063 bona

2074 1096 2250 1166 (Rom.
2282 1111 2381 1161 ru,
2438 1096 2547 1165 12),
2592 1096 2682 1151 ubi
2726 1097 2979 1165 scriptum
3024 1107 3125 1161 est,
3161 1095 3282 1150 Non
3328 1100 3647 1167 concupisces

2078 1184 2268 1257 (Exod.
2311 1201 2406 1251 xx,
2439 1185 2526 1256 ΓΙ)
2551 1201 2569 1252 ;
2599 1186 2846 1255 quoniam
2877 1200 2981 1240 nou
3022 1195 3104 1240 est
3141 1186 3264 1240 data
3306 1202 3427 1256 quae
3470 1197 3649 1255 posset

2072 1274 2362 1341 viviﬁcare,
2405 1274 2499 1329 sed
2529 1274 2976 1344 prmvaricationis
3002 1276 3172 1345 gratia
3202 1277 3371 1345 posita
3408 1287 3510 1343 est,
3552 1277 3649 1331 do-

2074 1379 2174 1419 nec
2202 1366 2404 1419 veniret
2434 1379 2615 1421 semen
2643 1366 2726 1421 cui
2753 1367 3073 1438 promissum
3098 1375 3182 1421 est
3221 1366 3419 1437 (Colat.
3450 1383 3526 1435 ιιι,
3550 1368 3645 1436 21,

2075 1451 2164 1525 19)
2194 1470 2209 1508 :
2237 1453 2332 1508 sed
2368 1453 2618 1509 liberatos
2642 1468 2759 1510 esse
2785 1470 2881 1527 per
2906 1456 3211 1526 sanguinem
3240 1457 3404 1526 ipsius
3431 1456 3644 1513 redem-

2075 1543 2262 1612 ptoris,
2300 1544 2388 1614 qui
2414 1553 2495 1600 est
2523 1560 2655 1600 unus
2691 1546 2949 1601 mediator
2972 1547 3063 1602 Dei
3093 1557 3149 1602 et
3188 1548 3461 1603 hominum
3487 1549 3648 1605 homo

2073 1633 2313 1690 Christus
2340 1635 2496 1692 Jcsus
2550 1637 2609 1710 (l
2640 1636 2771 1692 Tim.
2797 1654 2854 1702 tt,
2901 1640 2995 1709 5).
3061 1639 3152 1694 lsti
3215 1648 3394 1695 autem
3443 1642 3643 1698 inimici

2074 1730 2257 1799 gratiae
2276 1730 2389 1796 Dei,
2416 1744 2534 1800 quae
2559 1730 2680 1786 data
2703 1739 2788 1788 est
2812 1731 3015 1800 pusillis
3039 1740 3095 1787 et
3122 1734 3325 1803 magnis
3351 1750 3447 1803 per
3463 1734 3643 1791 Jesum

2073 1818 2341 1877 Christum
2386 1822 2663 1877 Dominum
2709 1831 2967 1889 nostrum,
3015 1824 3137 1879 ideo
3176 1825 3361 1881 dicunt
3405 1828 3648 1898 antiquos

2076 1910 2319 1967 homines
2349 1913 2441 1968 Dei
2483 1911 2731 1982 perlecta:
2774 1913 2937 1969 fuisse
2976 1913 3215 1983 justitite,
3245 1932 3315 1971 ne
3341 1917 3535 1972 Christi
3562 1917 3648 1974 in—

2074 2002 2397 2069 carnatione,
2438 2005 2706 2074 passione,
2747 2006 3155 2074 resurrectione,
3195 2005 3346 2077 cujus
3374 2006 3480 2063 ﬁde
3515 2007 3649 2063 salvi

2076 2090 2201 2149 facti
2237 2100 2382 2158 sunt,
2406 2092 2692 2148 credantur
2716 2095 2948 2165 eguisse.

2146 2179 2371 2239 CAPUT
2408 2181 2543 2237 Vill.
2578 2211 2655 2225 —
2688 2184 2776 2239 l3.
2818 2182 3008 2251 Quinta
3041 2183 3317 2252 calumnia,
3349 2183 3573 2241 Paulum
3602 2198 3652 2242 ει

2076 2281 2281 2327 ceteros
2309 2271 2575 2343 Apostolos
2597 2272 2803 2327 libidine
2816 2272 3034 2343 pollutos
3050 2276 3205 2345 fuisse
3218 2276 3339 2332 dici.
3350 2276 3653 2349 -Αροειο-

2078 2362 2183 2415 lum
2228 2361 2378 2417 etiam
2418 2360 2660 2429 Paulum,
2691 2362 2877 2434 inquit,
2900 2365 2978 2419 vel
3006 2381 3177 2420 omnes
3210 2369 3465 2437 apostolos
3482 2368 3656 2424 dicunt

2076 2469 2272 2523 semper
2288 2454 2615 2509 immoderata
2642 2455 2848 2509 libidine
2862 2455 2891 2524 Ῑ
2888 2457 3019 2511 uisse
3036 2455 3274 2527 pollutos.
3303 2457 3433 2526 Quis
3452 2458 3552 2514 hoc
3566 2454 3675 2515 vel'

2080 2542 2329 2614 profanus
2343 2544 2532 2599 audeat
2549 2544 2727 2600 dicere
2746 2544 2770 2598 ’ἒ
2788 2544 2891 2601 Sed
2909 2546 3153 2601 nimirum
3172 2547 3272 2603 iste
3285 2556 3564 2619 pmpterea
3576 2548 3657 2606 sic

2077 2634 2479 2702 calumniatur',
2491 2636 2611 2707 quia
2630 2634 3025 2691 contenduntid
3049 2637 3189 2705 quod
3205 2638 3651 2710 dixitApostolus,

2080 2723 2203 2779 Scio
2219 2726 2337 2797 quia
2365 2742 2465 2780 non
2492 2726 2683 2781 habitat
2710 2727 2765 2781 in
2791 2742 2888 2793 me,
2917 2728 3011 2780 hoc
3035 2737 3110 2781 est
3145 2728 3199 2781 in
3227 2743 3377 2782 carne
3403 2745 3532 2797 mea,
3564 2727 3659 2784 bo—

2079 2828 2236 2879 num;
2282 2813 2407 2870 uelle
2435 2817 2569 2871 enim
2606 2816 2804 2886 adjacet
2833 2818 2978 2884 mihi,
3004 2818 3243 2887 per/icere
3268 2828 3437 2874 autem
3470 2819 3659 2874 bonum

2079 2921 2181 2960 non
2212 2906 2411 2962 invenio
2443 2906 2619 2979 (Rom.
2647 2924 2742 2976 vu,
2770 2909 2890 2981 18);
2936 2906 3202 2965 et'caetera
3231 2911 3376 2979 talia,
3401 2926 3507 2967 non
3531 2927 3654 2968 eum

2078 2996 2275 3053 dixisse
2298 2998 2365 3054 de
2390 3013 2450 3054 se
2480 3000 2614 3068 ipso,
2642 2999 2737 3055 scd
2784 3000 2964 3055 nescio
2989 2999 3145 3071 cujus
3168 3001 3405 3069 alterius,
3430 3003 3521 3072 qui
3566 3002 3656 3057 illa

2079 3098 2370 3157 pateretur,
2401 3088 2671 3143 induxisse
2709 3103 2988 3157 personam
3022 3107 3035 3143 :
3071 3099 3286 3161 propter
3321 3090 3462 3161 quod
3505 3092 3657 3148 locus

2080 3176 2196 3248 ipse
2237 3177 2291 3233 in
2329 3178 2448 3249 ejus
2491 3177 2727 3249 Epistola
2753 3178 3031 3249 diligenter
3055 3181 3472 3239 considerandus
3495 3190 3657 3239 estet

2080 3268 2419 3332 scrutandus,
2451 3283 2518 3323 ne
2558 3268 2614 3323 in
2643 3268 2759 3338 ejus
2801 3268 2975 3339 aliqua
3022 3270 3343 3328 obscuritate
3382 3273 3659 3331 delitescit

2079 3374 2233 3415 error
2270 3359 2515 3415 istorum.
2548 3357 2801 3428 Quamvis
2827 3374 2956 3430 ergo
3000 3360 3159 3416 latius
3204 3362 3328 3418 hinc
3374 3364 3658 3433 Apostolus

2081 3449 2331 3520 disputet,
2354 3460 2409 3506 et
2438 3464 2629 3520 magno
2660 3450 3016 3521 diuturnoque
3043 3452 3288 3508 conﬂictu
3312 3456 3534 3525 gratiam
3559 3456 3656 3511 de-

2083 3540 2305 3597 fendens
2328 3541 2585 3597 adversus
2610 3556 2703 3597 eos
2721 3546 2810 3613 qui
2834 3543 3195 3614 gloriabantur
3217 3547 3269 3600 in
3298 3546 3448 3617 lege;
3480 3556 3655 3603 tamen

2082 3631 2147 3686 ad
2189 3646 2301 3686 rem
2327 3632 2641 3703 pertinentia
2670 3646 2834 3701 pauca
2871 3634 3245 3705 contingimus.
3271 3634 3423 3693 Unde
3449 3637 3522 3709 (a)
3544 3639 3657 3693 ait:

2088 3721 2221 3791 Quia
2247 3740 2349 3777 non
2373 3723 2741 3793 justiﬁcabitur
2777 3740 2841 3779 ea:
2864 3724 2972 3797 lege
3010 3728 3173 3782 omnis
3197 3744 3315 3782 caro
3334 3745 3505 3784 coram
3544 3730 3656 3785 illo.

2086 3814 2189 3871 Per
2207 3815 2364 3887 legem
2390 3816 2521 3869 enim
2548 3813 2764 3887 cognitio
2794 3819 2999 3887 peccati.
3033 3816 3089 3872 Ν
3091 3836 3190 3872 unc
3215 3830 3381 3875 autem
3422 3822 3528 3875 sine
3551 3822 3660 3892 lege

2076 3907 2281 3976 justitia
2314 3905 2410 3960 Dei
2449 3908 2768 3977 manifestata
2804 3917 2898 3973 est,
2940 3909 3205 3979 testificata
3254 3928 3345 3979 per
3387 3909 3570 3983 Legem
3609 3922 3659 3968 ει

2089 3994 2373 4066 Prophetas
2399 4012 2418 4051 :
2443 3998 2646 4068 justitia
2671 4007 2837 4052 autem
2863 3997 2956 4053 Dei
2992 4017 3079 4069 per
3105 4001 3256 4064 ﬁdem
3293 4001 3417 4056 Jesu
3450 4002 3656 4069 Christi,

2085 4087 2139 4141 in
2163 4103 2333 4142 omnes
2359 4087 2445 4158 qui
2484 4087 2713 4142 credunt.
2747 4086 2869 4142 Non
2903 4098 2978 4143 est
3005 4090 3136 4144 enim
3169 4091 3439 4146 distinctio.
3473 4091 3660 4148 Omnes

2088 4178 2218 4230 enim
2245 4187 2592 4249 peccaverunt,
2622 4187 2666 4233 et
2693 4188 2834 4250 egent
2858 4179 3022 4251 gloria
3045 4178 3175 4248 Dei;
3203 4183 3471 4252 justi/icati
3500 4187 3660 4254 gratis

2088 4283 2178 4335 per
2199 4268 2413 4338 gratiam
2442 4267 2621 4337 ipsius,
2643 4284 2730 4335 per
2754 4268 3141 4339 redemptionem
3161 4286 3274 4341 qua:
3297 4273 3438 4327 estin
3463 4274 3660 4328 Christo

2087 4354 2232 4410 Iesu.
2262 4356 2329 4411 Et
2357 4356 2546 4411 iterum
2572 4374 2586 4411 :
2623 4357 2721 4412 Ubi
2746 4368 2818 4413 est
2843 4358 3146 4428 gloriatio‘?
3188 4359 3413 4415 Exclusa
3434 4373 3523 4416 est.
3560 4362 3661 4418 I’er

2088 4462 2239 4517 quam
2266 4447 2460 4517 legem?
2481 4450 2727 4519 factorum
2745 4448 2771 4501 ?
2798 4447 2938 4513 Non,
2968 4448 3059 4503 sed
3087 4466 3175 4519 per
3201 4449 3357 4520 legem
3385 4452 3522 4519 ﬁdei.
3557 4454 3655 4507 Ar-

2091 4539 2335 4592 bitrantur
2353 4539 2481 4592 cnim
2501 4539 2776 4607 justi/icari
2804 4540 3054 4594 hominem
3096 4558 3186 4611 per
3221 4541 3373 4611 ﬁdem
3407 4544 3515 4596 sine
3542 4560 3665 4612 ope-

2090 4629 2226 4683 ribus
2276 4628 2399 4700 legis
2439 4628 2547 4703 (ld.
2595 4645 2685 4694 Itt,
2738 4629 2953 4701 20-28).
3000 4631 3067 4685 Et
3113 4632 3346 4687 iterum:
3381 4632 3500 4687 Non
3531 4635 3660 4688 enin.

2092 4736 2179 4788 per
2198 4720 2355 4791 legem
2379 4720 2641 4791 promissio
2672 4721 2887 4776 Abrahae
2912 4730 2998 4775 aut
3026 4722 3205 4775 semini
3226 4724 3336 4791 ejus
3350 4724 3394 4789 ⁸,
3417 4734 3471 4776 ιιι
3507 4725 3666 4777 Ιιωηέ

2090 4821 2213 4865 esset
2249 4812 2441 4873 mundi,
2476 4812 2565 4866 sed
2604 4828 2693 4882 per
2716 4812 2968 4882 justitiam
2998 4812 3140 4880 ﬁdei.
3185 4813 3246 4867 Si
3283 4815 3417 4867 enim
3454 4815 3537 4883 qui
3577 4832 3666 4885 per

2092 4901 2270 4971 legem,
2308 4902 2528 4957 htcredcs
2572 4911 2730 4966 sunt;
2759 4903 3016 4957 exinanita
3054 4913 3128 4957 est
3156 4903 3305 4971 ﬁdes,
3343 4917 3388 4958 et
3425 4917 3667 4959 eaucuata

2156 5036 2173 5067 ⁸
2208 5039 2257 5083 tn
2296 5034 2439 5085 editis
2479 5042 2680 5094 tantum,
2697 5032 2987 5085 maledicti:
3024 5036 3183 5086 minus
3210 5036 3359 5087 bene.

2155 5098 2179 5167 ξ
2209 5096 2340 5167 apud
2364 5103 2513 5167 Er._et
2546 5104 2654 5167 ιρις.
2680 5110 2935 5167 perperam
2958 5098 3035 5146 hic
3054 5097 3480 5167 addita‘partitntla,
3503 5099 3571 5151 in.

2157 5158 2180 5191 ³
2209 5157 2282 5206 sic
2306 5164 2489 5220 Mss._ttt
2522 5157 2657 5216 editi,
2680 5157 3045 5220 isti’propterea
3067 5158 3135 5209 sic
3155 5157 3524 5209 calumniantur.
3566 5168 3669 5211 uox

2093 5218 2388 5284 in_om_uibus
2408 5216 2543 5267 libris
2563 5216 2804 5280 sequitur;
2826 5216 2938 5283 quin
2951 5222 3434 5284 (contendunt;un
3469 5221 3567 5284 jam
3609 5224 3670 5271 a.t

2094 5278 2389 5345 Pelagianos,
2412 5292 2624 5345 quorum
2640 5278 2849 5345 causanti
2891 5280 3105 5345 Julianus
3122 5278 3452 5345 calumniando
3470 5278 3671 5345 agebat,

2094 5354 2150 5412 re
2170 5339 2521 5412 ferendumest.
2548 5339 2722 5412 Pelagii
2736 5342 2806 5412 _de
2826 5341 2919 5412 hac
2927 5355 2983 5392 re
3007 5344 3157 5393 verba
3175 5343 3359 5405 profert
3380 5339 3672 5408 Augustinus

2094 5403 2144 5451 in
2170 5400 2292 5451 libro
2312 5403 2375 5450 de
2396 5404 2548 5451 Gratia
2578 5400 2765 5458 Christi,
2791 5415 2839 5450 n.
2861 5402 2936 5452 45.

2159 5463 2179 5493 δ
2213 5469 2260 5510 ιη
2284 5465 2475 5513 excusis
2496 5463 2697 5522 additur,
2721 5469 2818 5513 tua.
2845 5466 2992 5516 Abest
3024 5475 3053 5513 a
3084 5466 3318 5518 Vaticanis
3338 5466 3673 5530 ωωιτιμιε

2098 5531 2143 5571 et
2170 5535 2196 5569 a
2220 5537 2395 5583 graeco.

2159 5586 2185 5650 5_
2215 5587 2293 5650 ttic
2314 5584 2399 5634 soli
2428 5584 2591 5650 exclusi
2616 5584 2812 5648 addunt,
2832 5587 2961 5650 facta
2982 5596 3069 5638 est.

2167 5646 2239 5708 (a)
2264 5653 2419 5706 Forte,
2441 5647 2574 5698 inde.
