  <div class='ocr_page' id='page_1' title='image "/cluster/home/n/w/nwhite01/storage/ocr_20150623/44/hvd.32044069687945/284.png"; bbox 0 0 4034 6182; ppageno 0'>
   <div class='ocr_carea' id='block_1_1' title="bbox 331 347 437 402">
    <p class='ocr_par' dir='ltr' id='par_1_1' title="bbox 331 347 437 402">
     <span class='ocr_line' id='line_1_1' title="bbox 331 347 437 402; baseline -0.028 0"><span class='ocrx_word' id='word_1_1' title='bbox 331 347 437 402; x_wconf 74' lang='lat'><strong><em>557</em></strong></span> 
     </span>
    </p>
   </div>
   <div class='ocr_carea' id='block_1_2' title="bbox 330 452 1908 530">
    <p class='ocr_par' dir='ltr' id='par_1_2' title="bbox 330 452 1908 530">
     <span class='ocr_line' id='line_1_2' title="bbox 330 452 1908 530; baseline -0.006 -12"><span class='ocrx_word' id='word_1_2' title='bbox 330 472 407 518; x_wconf 85' lang='lat' dir='ltr'><strong><em>est</em></strong></span> <span class='ocrx_word' id='word_1_3' title='bbox 434 460 715 525; x_wconf 80' lang='lat' dir='ltr'><strong><em>promissio.</em></strong></span> <span class='ocrx_word' id='word_1_4' title='bbox 749 452 856 516; x_wconf 64' lang='lat' dir='ltr'><strong><em>Le:</em></strong></span> <span class='ocrx_word' id='word_1_5' title='bbox 873 458 1005 514; x_wconf 80' lang='lat' dir='ltr'><strong><em>enim</em></strong></span> <span class='ocrx_word' id='word_1_6' title='bbox 1034 460 1159 513; x_wconf 90' lang='lat' dir='ltr'><strong><em>iram</em></strong></span> <span class='ocrx_word' id='word_1_7' title='bbox 1175 468 1428 530; x_wconf 87' lang='lat' dir='ltr'><strong><em>operatur.</em></strong></span> <span class='ocrx_word' id='word_1_8' title='bbox 1452 457 1549 512; x_wconf 83' lang='lat' dir='ltr'><strong><em>Ubi</em></strong></span> <span class='ocrx_word' id='word_1_9' title='bbox 1563 458 1691 510; x_wconf 86' lang='lat' dir='ltr'><strong><em>enim</em></strong></span> <span class='ocrx_word' id='word_1_10' title='bbox 1720 473 1819 510; x_wconf 88' lang='lat' dir='ltr'><strong><em>non</em></strong></span> <span class='ocrx_word' id='word_1_11' title='bbox 1837 462 1908 508; x_wconf 93' lang='lat' dir='ltr'><strong><em>est</em></strong></span> 
     </span>
    </p>
   </div>
   <div class='ocr_carea' id='block_1_3' title="bbox 332 544 1913 624">
    <p class='ocr_par' dir='ltr' id='par_1_3' title="bbox 332 544 1913 624">
     <span class='ocr_line' id='line_1_3' title="bbox 332 544 1913 624; baseline -0.007 -15"><span class='ocrx_word' id='word_1_12' title='bbox 332 558 435 619; x_wconf 70' lang='lat' dir='ltr'><strong><em>lex,</em></strong></span> <span class='ocrx_word' id='word_1_13' title='bbox 450 570 539 608; x_wconf 88' lang='lat' dir='ltr'><strong><em>nec</em></strong></span> <span class='ocrx_word' id='word_1_14' title='bbox 556 553 900 624; x_wconf 74' lang='lat' dir='ltr'><strong><em>prcuaricatio</em></strong></span> <span class='ocrx_word' id='word_1_15' title='bbox 920 550 1095 621; x_wconf 85' lang='lat' dir='ltr'><strong><em>(Rom.</em></strong></span> <span class='ocrx_word' id='word_1_16' title='bbox 1115 567 1187 618; x_wconf 84' lang='lat' dir='ltr'><strong><em>tv,</em></strong></span> <span class='ocrx_word' id='word_1_17' title='bbox 1203 549 1411 619; x_wconf 67' lang='lat'><strong><em>15-15).</em></strong></span> <span class='ocrx_word' id='word_1_18' title='bbox 1434 549 1500 603; x_wconf 87' lang='lat' dir='ltr'><strong><em>Et</em></strong></span> <span class='ocrx_word' id='word_1_19' title='bbox 1522 547 1626 602; x_wconf 88' lang='lat' dir='ltr'><strong><em>alio</em></strong></span> <span class='ocrx_word' id='word_1_20' title='bbox 1639 548 1755 601; x_wconf 92' lang='lat' dir='ltr'><strong><em>loco</em></strong></span> <span class='ocrx_word' id='word_1_21' title='bbox 1775 563 1787 599; x_wconf 92' lang='lat'><strong>:</strong></span> <span class='ocrx_word' id='word_1_22' title='bbox 1806 544 1913 599; x_wconf 66' lang='grc' dir='ltr'>ιω</span> 
     </span>
    </p>
   </div>
   <div class='ocr_carea' id='block_1_4' title="bbox 328 636 1913 708">
    <p class='ocr_par' dir='ltr' id='par_1_4' title="bbox 328 636 1913 708">
     <span class='ocr_line' id='line_1_4' title="bbox 328 636 1913 708; baseline -0.004 -11"><span class='ocrx_word' id='word_1_23' title='bbox 328 655 499 697; x_wconf 82' lang='lat' dir='ltr'><strong><em>autem</em></strong></span> <span class='ocrx_word' id='word_1_24' title='bbox 518 643 833 708; x_wconf 80' lang='lat' dir='ltr'><strong><em>subiutrarit,</em></strong></span> <span class='ocrx_word' id='word_1_25' title='bbox 847 650 900 696; x_wconf 87' lang='lat' dir='ltr'><strong><em>ut</em></strong></span> <span class='ocrx_word' id='word_1_26' title='bbox 913 641 1187 696; x_wconf 86' lang='lat' dir='ltr'><strong><em>abundaret</em></strong></span> <span class='ocrx_word' id='word_1_27' title='bbox 1199 640 1435 694; x_wconf 77' lang='lat' dir='ltr'><strong><em>delictum</em></strong></span> <span class='ocrx_word' id='word_1_28' title='bbox 1452 656 1466 693; x_wconf 88' lang='lat'>:</span> <span class='ocrx_word' id='word_1_29' title='bbox 1485 639 1568 693; x_wconf 90' lang='lat' dir='ltr'><strong><em>ubi</em></strong></span> <span class='ocrx_word' id='word_1_30' title='bbox 1583 648 1748 691; x_wconf 87' lang='lat' dir='ltr'><strong><em>autem</em></strong></span> <span class='ocrx_word' id='word_1_31' title='bbox 1761 636 1913 690; x_wconf 87' lang='lat' dir='ltr'><strong><em>abun-</em></strong></span> 
     </span>
    </p>
   </div>
   <div class='ocr_carea' id='block_1_5' title="bbox 330 726 1909 802">
    <p class='ocr_par' dir='ltr' id='par_1_5' title="bbox 330 726 1909 802">
     <span class='ocr_line' id='line_1_5' title="bbox 330 726 1909 802; baseline -0.004 -14"><span class='ocrx_word' id='word_1_32' title='bbox 330 735 467 788; x_wconf 80' lang='lat' dir='ltr'><strong><em>davit</em></strong></span> <span class='ocrx_word' id='word_1_33' title='bbox 482 733 740 795; x_wconf 86' lang='lat' dir='ltr'><strong><em>delictum,</em></strong></span> <span class='ocrx_word' id='word_1_34' title='bbox 765 732 1188 801; x_wconf 69' lang='lat' dir='ltr'><strong><em>superabundavit</em></strong></span> <span class='ocrx_word' id='word_1_35' title='bbox 1206 728 1496 802; x_wconf 77' lang='lat' dir='ltr'><strong><em>gratia&#39;(!d.</em></strong></span> <span class='ocrx_word' id='word_1_36' title='bbox 1541 744 1592 792; x_wconf 86' lang='lat' dir='ltr'><strong><em>v,</em></strong></span> <span class='ocrx_word' id='word_1_37' title='bbox 1626 726 1743 798; x_wconf 75' lang='lat'><strong><em>‘20).</em></strong></span> <span class='ocrx_word' id='word_1_38' title='bbox 1778 727 1909 781; x_wconf 82' lang='lat' dir='ltr'><strong><em>Item</em></strong></span> 
     </span>
    </p>
   </div>
   <div class='ocr_carea' id='block_1_6' title="bbox 329 817 1910 883">
    <p class='ocr_par' dir='ltr' id='par_1_6' title="bbox 329 817 1910 883">
     <span class='ocr_line' id='line_1_6' title="bbox 329 817 1910 883; baseline -0.003 -8"><span class='ocrx_word' id='word_1_39' title='bbox 329 823 438 878; x_wconf 84' lang='lat' dir='ltr'><strong><em>alio</em></strong></span> <span class='ocrx_word' id='word_1_40' title='bbox 481 822 637 877; x_wconf 87' lang='lat' dir='ltr'><strong><em>loco:</em></strong></span> <span class='ocrx_word' id='word_1_41' title='bbox 669 820 937 875; x_wconf 75' lang='lat' dir='ltr'><strong><em>Peccatum</em></strong></span> <span class='ocrx_word' id='word_1_42' title='bbox 957 822 1087 875; x_wconf 89' lang='lat' dir='ltr'><strong><em>enim</em></strong></span> <span class='ocrx_word' id='word_1_43' title='bbox 1127 820 1265 874; x_wconf 75' lang='lat' dir='ltr'><strong><em>vobis</em></strong></span> <span class='ocrx_word' id='word_1_44' title='bbox 1297 835 1398 872; x_wconf 91' lang='lat' dir='ltr'><strong><em>non</em></strong></span> <span class='ocrx_word' id='word_1_45' title='bbox 1422 817 1782 883; x_wconf 69' lang='lat' dir='ltr'><strong><em>dominabitur,</em></strong></span> <span class='ocrx_word' id='word_1_46' title='bbox 1807 833 1910 871; x_wconf 86' lang='lat' dir='ltr'><strong><em>non</em></strong></span> 
     </span>
    </p>
   </div>
   <div class='ocr_carea' id='block_1_7' title="bbox 328 905 1931 981">
    <p class='ocr_par' dir='ltr' id='par_1_7' title="bbox 328 905 1931 981">
     <span class='ocr_line' id='line_1_7' title="bbox 328 905 1931 981; baseline -0.005 -15"><span class='ocrx_word' id='word_1_47' title='bbox 328 913 464 966; x_wconf 89' lang='lat' dir='ltr'><strong><em>enim</em></strong></span> <span class='ocrx_word' id='word_1_48' title='bbox 507 912 627 966; x_wconf 86' lang='lat' dir='ltr'><strong><em>estis</em></strong></span> <span class='ocrx_word' id='word_1_49' title='bbox 650 911 742 965; x_wconf 89' lang='lat' dir='ltr'><strong><em>sub</em></strong></span> <span class='ocrx_word' id='word_1_50' title='bbox 765 911 892 981; x_wconf 91' lang='lat' dir='ltr'><strong><em>lege,</em></strong></span> <span class='ocrx_word' id='word_1_51' title='bbox 909 910 1000 965; x_wconf 90' lang='lat' dir='ltr'><strong><em>sed</em></strong></span> <span class='ocrx_word' id='word_1_52' title='bbox 1025 908 1115 964; x_wconf 90' lang='lat' dir='ltr'><strong><em>sub</em></strong></span> <span class='ocrx_word' id='word_1_53' title='bbox 1143 909 1308 980; x_wconf 86' lang='lat' dir='ltr'><strong><em>gratia</em></strong></span> <span class='ocrx_word' id='word_1_54' title='bbox 1336 907 1524 977; x_wconf 88' lang='lat' dir='ltr'><strong><em>(ld.vt,</em></strong></span> <span class='ocrx_word' id='word_1_55' title='bbox 1546 906 1656 975; x_wconf 65' lang='grc'><strong><em>14).</em></strong></span> <span class='ocrx_word' id='word_1_56' title='bbox 1676 905 1931 974; x_wconf 73' lang='lat' dir='ltr'><strong><em>Itemque.</em></strong></span> 
     </span>
    </p>
   </div>
   <div class='ocr_carea' id='block_1_8' title="bbox 326 993 1913 1072">
    <p class='ocr_par' dir='ltr' id='par_1_8' title="bbox 326 993 1913 1072">
     <span class='ocr_line' id='line_1_8' title="bbox 326 993 1913 1072; baseline -0.006 -16"><span class='ocrx_word' id='word_1_57' title='bbox 326 1004 437 1056; x_wconf 81' lang='lat' dir='ltr'><strong><em>alio</em></strong></span> <span class='ocrx_word' id='word_1_58' title='bbox 456 1003 573 1057; x_wconf 91' lang='lat' dir='ltr'><strong><em>loco</em></strong></span> <span class='ocrx_word' id='word_1_59' title='bbox 590 1019 605 1054; x_wconf 92' lang='lat'><strong>:</strong></span> <span class='ocrx_word' id='word_1_60' title='bbox 622 1004 697 1054; x_wconf 80' lang='lat' dir='ltr'><strong><em>An</em></strong></span> <span class='ocrx_word' id='word_1_61' title='bbox 712 1000 974 1072; x_wconf 72' lang='lat' dir='ltr'><strong><em>ignoratis,</em></strong></span> <span class='ocrx_word' id='word_1_62' title='bbox 991 1001 1192 1069; x_wconf 77' lang='lat' dir='ltr'><strong><em>fratres,</em></strong></span> <span class='ocrx_word' id='word_1_63' title='bbox 1209 997 1501 1067; x_wconf 86' lang='lat' dir='ltr'><strong><em>(scientibus</em></strong></span> <span class='ocrx_word' id='word_1_64' title='bbox 1516 997 1647 1049; x_wconf 90' lang='lat' dir='ltr'><strong><em>enim</em></strong></span> <span class='ocrx_word' id='word_1_65' title='bbox 1663 994 1819 1066; x_wconf 91' lang='lat' dir='ltr'><strong><em>legem</em></strong></span> <span class='ocrx_word' id='word_1_66' title='bbox 1836 993 1913 1048; x_wconf 85' lang='lat' dir='ltr'><strong><em>lo-</em></strong></span> 
     </span>
    </p>
   </div>
   <div class='ocr_carea' id='block_1_9' title="bbox 326 1086 1912 1162">
    <p class='ocr_par' dir='ltr' id='par_1_9' title="bbox 326 1086 1912 1162">
     <span class='ocr_line' id='line_1_9' title="bbox 326 1086 1912 1162; baseline -0.004 -16"><span class='ocrx_word' id='word_1_67' title='bbox 326 1094 623 1162; x_wconf 86' lang='lat' dir='ltr'><strong><em>quor),quia</em></strong></span> <span class='ocrx_word' id='word_1_68' title='bbox 634 1094 717 1147; x_wconf 85' lang='lat' dir='ltr'><strong><em>lea:</em></strong></span> <span class='ocrx_word' id='word_1_69' title='bbox 730 1092 1017 1145; x_wconf 82' lang='lat' dir='ltr'><strong><em>dominatur</em></strong></span> <span class='ocrx_word' id='word_1_70' title='bbox 1036 1090 1227 1144; x_wconf 80' lang='lat' dir='ltr'><strong><em>homini</em></strong></span> <span class='ocrx_word' id='word_1_71' title='bbox 1238 1093 1287 1142; x_wconf 90' lang='lat' dir='ltr'><strong><em>in</em></strong></span> <span class='ocrx_word' id='word_1_72' title='bbox 1303 1097 1543 1159; x_wconf 86' lang='lat' dir='ltr'><strong><em>quantum</em></strong></span> <span class='ocrx_word' id='word_1_73' title='bbox 1555 1097 1749 1158; x_wconf 83' lang='lat' dir='ltr'><strong><em>tempus</em></strong></span> <span class='ocrx_word' id='word_1_74' title='bbox 1767 1086 1912 1140; x_wconf 77' lang='lat' dir='ltr'><strong><em>vivit?</em></strong></span> 
     </span>
    </p>
   </div>
   <div class='ocr_carea' id='block_1_10' title="bbox 328 1175 1910 1247">
    <p class='ocr_par' dir='ltr' id='par_1_10' title="bbox 328 1175 1910 1247">
     <span class='ocr_line' id='line_1_10' title="bbox 328 1175 1910 1247; baseline -0.004 -11"><span class='ocrx_word' id='word_1_75' title='bbox 328 1182 523 1236; x_wconf 69' lang='lat' dir='ltr'><strong><em>Mulier</em></strong></span> <span class='ocrx_word' id='word_1_76' title='bbox 550 1184 681 1235; x_wconf 88' lang='lat' dir='ltr'><strong><em>enim</em></strong></span> <span class='ocrx_word' id='word_1_77' title='bbox 716 1182 806 1235; x_wconf 86' lang='lat' dir='ltr'><strong><em>sub</em></strong></span> <span class='ocrx_word' id='word_1_78' title='bbox 834 1183 959 1243; x_wconf 81' lang='lat' dir='ltr'><strong><em>uiro,</em></strong></span> <span class='ocrx_word' id='word_1_79' title='bbox 999 1181 1108 1234; x_wconf 78' lang='lat' dir='ltr'><strong><em>uiro</em></strong></span> <span class='ocrx_word' id='word_1_80' title='bbox 1151 1179 1330 1232; x_wconf 89' lang='lat' dir='ltr'><strong><em>marito</em></strong></span> <span class='ocrx_word' id='word_1_81' title='bbox 1349 1179 1533 1247; x_wconf 84' lang='lat' dir='ltr'><strong><em>juncta</em></strong></span> <span class='ocrx_word' id='word_1_82' title='bbox 1569 1186 1641 1230; x_wconf 93' lang='lat' dir='ltr'><strong><em>est</em></strong></span> <span class='ocrx_word' id='word_1_83' title='bbox 1687 1175 1826 1245; x_wconf 89' lang='lat' dir='ltr'><strong><em>legi:</em></strong></span> <span class='ocrx_word' id='word_1_84' title='bbox 1863 1175 1910 1229; x_wconf 97' lang='lat' dir='ltr'><strong><em>si</em></strong></span> 
     </span>
    </p>
   </div>
   <div class='ocr_carea' id='block_1_11' title="bbox 328 1265 1905 1341">
    <p class='ocr_par' dir='ltr' id='par_1_11' title="bbox 328 1265 1905 1341">
     <span class='ocr_line' id='line_1_11' title="bbox 328 1265 1905 1341; baseline -0.003 -16"><span class='ocrx_word' id='word_1_85' title='bbox 328 1282 498 1325; x_wconf 67' lang='lat' dir='ltr'><strong><em>autem</em></strong></span> <span class='ocrx_word' id='word_1_86' title='bbox 537 1282 766 1325; x_wconf 87' lang='lat' dir='ltr'><strong><em>mortuus</em></strong></span> <span class='ocrx_word' id='word_1_87' title='bbox 790 1272 938 1341; x_wconf 91' lang='lat' dir='ltr'><strong><em>fuerit</em></strong></span> <span class='ocrx_word' id='word_1_88' title='bbox 964 1270 1040 1324; x_wconf 75' lang='lat' dir='ltr'><strong><em>vir</em></strong></span> <span class='ocrx_word' id='word_1_89' title='bbox 1073 1270 1205 1340; x_wconf 83' lang='lat' dir='ltr'><strong><em>ejus,</em></strong></span> <span class='ocrx_word' id='word_1_90' title='bbox 1245 1278 1481 1323; x_wconf 78' lang='lat' dir='ltr'><strong><em>euacuata</em></strong></span> <span class='ocrx_word' id='word_1_91' title='bbox 1505 1276 1575 1321; x_wconf 84' lang='lat' dir='ltr'><strong><em>est</em></strong></span> <span class='ocrx_word' id='word_1_92' title='bbox 1599 1282 1632 1320; x_wconf 92' lang='lat' dir='ltr'><strong><em>a</em></strong></span> <span class='ocrx_word' id='word_1_93' title='bbox 1661 1265 1767 1338; x_wconf 83' lang='lat' dir='ltr'><strong><em>lege</em></strong></span> <span class='ocrx_word' id='word_1_94' title='bbox 1790 1266 1905 1322; x_wconf 83' lang='lat' dir='ltr'><strong><em>viri.</em></strong></span> 
     </span>
    </p>
   </div>
   <div class='ocr_carea' id='block_1_12' title="bbox 329 1355 1908 1432">
    <p class='ocr_par' dir='ltr' id='par_1_12' title="bbox 329 1355 1908 1432">
     <span class='ocr_line' id='line_1_12' title="bbox 329 1355 1908 1432; baseline -0.005 -15"><span class='ocrx_word' id='word_1_95' title='bbox 329 1364 399 1417; x_wconf 78' lang='lat' dir='ltr'><strong><em>Et</em></strong></span> <span class='ocrx_word' id='word_1_96' title='bbox 425 1363 581 1432; x_wconf 89' lang='lat' dir='ltr'><strong><em>paulo</em></strong></span> <span class='ocrx_word' id='word_1_97' title='bbox 619 1370 736 1431; x_wconf 87' lang='lat' dir='ltr'><strong><em>post</em></strong></span> <span class='ocrx_word' id='word_1_98' title='bbox 766 1379 780 1415; x_wconf 91' lang='lat'><strong>:</strong></span> <span class='ocrx_word' id='word_1_99' title='bbox 810 1359 1011 1429; x_wconf 86' lang='lat' dir='ltr'><strong><em>Itaque,</em></strong></span> <span class='ocrx_word' id='word_1_100' title='bbox 1041 1360 1223 1428; x_wconf 75' lang='lat' dir='ltr'><strong><em>fratres</em></strong></span> <span class='ocrx_word' id='word_1_101' title='bbox 1248 1358 1365 1424; x_wconf 88' lang='lat' dir='ltr'><strong><em>mei,</em></strong></span> <span class='ocrx_word' id='word_1_102' title='bbox 1392 1367 1439 1411; x_wconf 92' lang='lat' dir='ltr'><strong><em>et</em></strong></span> <span class='ocrx_word' id='word_1_103' title='bbox 1463 1373 1549 1410; x_wconf 82' lang='lat' dir='ltr'><strong><em>uos</em></strong></span> <span class='ocrx_word' id='word_1_104' title='bbox 1575 1356 1758 1409; x_wconf 88' lang='lat' dir='ltr'><strong><em>mortui</em></strong></span> <span class='ocrx_word' id='word_1_105' title='bbox 1791 1355 1908 1409; x_wconf 87' lang='lat' dir='ltr'><strong><em>estis</em></strong></span> 
     </span>
    </p>
   </div>
   <div class='ocr_carea' id='block_1_13' title="bbox 327 1446 1908 1522">
    <p class='ocr_par' dir='ltr' id='par_1_13' title="bbox 327 1446 1908 1522">
     <span class='ocr_line' id='line_1_13' title="bbox 327 1446 1908 1522; baseline -0.003 -17"><span class='ocrx_word' id='word_1_106' title='bbox 327 1452 430 1522; x_wconf 75' lang='lat' dir='ltr'><strong><em>legi</em></strong></span> <span class='ocrx_word' id='word_1_107' title='bbox 451 1468 538 1521; x_wconf 90' lang='lat' dir='ltr'><strong><em>per</em></strong></span> <span class='ocrx_word' id='word_1_108' title='bbox 560 1466 745 1519; x_wconf 89' lang='lat' dir='ltr'><strong><em>corpus</em></strong></span> <span class='ocrx_word' id='word_1_109' title='bbox 770 1449 973 1516; x_wconf 86' lang='lat' dir='ltr'><strong><em>Christi,</em></strong></span> <span class='ocrx_word' id='word_1_110' title='bbox 1007 1458 1058 1502; x_wconf 90' lang='lat' dir='ltr'><strong><em>ut</em></strong></span> <span class='ocrx_word' id='word_1_111' title='bbox 1077 1450 1184 1504; x_wconf 82' lang='lat' dir='ltr'><strong><em>sitis</em></strong></span> <span class='ocrx_word' id='word_1_112' title='bbox 1220 1448 1449 1514; x_wconf 86' lang='lat' dir='ltr'><strong><em>alterius,</em></strong></span> <span class='ocrx_word' id='word_1_113' title='bbox 1475 1448 1561 1519; x_wconf 90' lang='lat' dir='ltr'><strong><em>qui</em></strong></span> <span class='ocrx_word' id='word_1_114' title='bbox 1601 1462 1665 1502; x_wconf 76' lang='lat' dir='ltr'><strong><em>ea:</em></strong></span> <span class='ocrx_word' id='word_1_115' title='bbox 1697 1446 1908 1500; x_wconf 80' lang='lat' dir='ltr'><strong><em>mortuis</em></strong></span> 
     </span>
    </p>
   </div>
   <div class='ocr_carea' id='block_1_14' title="bbox 326 1537 1906 1615">
    <p class='ocr_par' dir='ltr' id='par_1_14' title="bbox 326 1537 1906 1615">
     <span class='ocr_line' id='line_1_14' title="bbox 326 1537 1906 1615; baseline -0.004 -17"><span class='ocrx_word' id='word_1_116' title='bbox 326 1544 623 1605; x_wconf 76' lang='lat' dir='ltr'><strong><em>resurrexit,</em></strong></span> <span class='ocrx_word' id='word_1_117' title='bbox 646 1552 702 1596; x_wconf 88' lang='lat' dir='ltr'><strong><em>ut</em></strong></span> <span class='ocrx_word' id='word_1_118' title='bbox 726 1542 1088 1615; x_wconf 80' lang='lat' dir='ltr'><strong><em>fructiﬁcemus</em></strong></span> <span class='ocrx_word' id='word_1_119' title='bbox 1130 1539 1258 1595; x_wconf 88' lang='lat' dir='ltr'><strong><em>Deo.</em></strong></span> <span class='ocrx_word' id='word_1_120' title='bbox 1288 1539 1415 1595; x_wconf 88' lang='lat' dir='ltr'><strong><em>Cum</em></strong></span> <span class='ocrx_word' id='word_1_121' title='bbox 1450 1540 1581 1593; x_wconf 88' lang='lat' dir='ltr'><strong><em>enim</em></strong></span> <span class='ocrx_word' id='word_1_122' title='bbox 1609 1553 1825 1592; x_wconf 86' lang='lat' dir='ltr'><strong><em>essemus</em></strong></span> <span class='ocrx_word' id='word_1_123' title='bbox 1853 1537 1906 1591; x_wconf 89' lang='lat' dir='ltr'><strong><em>in</em></strong></span> 
     </span>
    </p>
   </div>
   <div class='ocr_carea' id='block_1_15' title="bbox 326 1630 1907 1704">
    <p class='ocr_par' dir='ltr' id='par_1_15' title="bbox 326 1630 1907 1704">
     <span class='ocr_line' id='line_1_15' title="bbox 326 1630 1907 1704; baseline -0.005 -15"><span class='ocrx_word' id='word_1_124' title='bbox 326 1652 502 1699; x_wconf 87' lang='lat' dir='ltr'><strong><em>carne,</em></strong></span> <span class='ocrx_word' id='word_1_125' title='bbox 532 1635 788 1704; x_wconf 81' lang='lat' dir='ltr'><strong><em>passiones</em></strong></span> <span class='ocrx_word' id='word_1_126' title='bbox 814 1642 1149 1702; x_wconf 87' lang='lat' dir='ltr'><strong><em>peccatorum,</em></strong></span> <span class='ocrx_word' id='word_1_127' title='bbox 1180 1647 1294 1702; x_wconf 65' lang='lat' dir='ltr'><strong><em>qua</em></strong></span> <span class='ocrx_word' id='word_1_128' title='bbox 1331 1648 1419 1702; x_wconf 90' lang='lat' dir='ltr'><strong><em>per</em></strong></span> <span class='ocrx_word' id='word_1_129' title='bbox 1445 1630 1602 1701; x_wconf 87' lang='lat' dir='ltr'><strong><em>legem</em></strong></span> <span class='ocrx_word' id='word_1_130' title='bbox 1630 1637 1768 1693; x_wconf 88' lang='lat' dir='ltr'><strong><em>sunt,</em></strong></span> <span class='ocrx_word' id='word_1_131' title='bbox 1787 1643 1907 1698; x_wconf 88' lang='lat' dir='ltr'><strong><em>ope-</em></strong></span> 
     </span>
    </p>
   </div>
   <div class='ocr_carea' id='block_1_16' title="bbox 326 1717 1904 1794">
    <p class='ocr_par' dir='ltr' id='par_1_16' title="bbox 326 1717 1904 1794">
     <span class='ocr_line' id='line_1_16' title="bbox 326 1717 1904 1794; baseline -0.004 -15"><span class='ocrx_word' id='word_1_132' title='bbox 326 1726 573 1779; x_wconf 88' lang='lat' dir='ltr'><strong><em>rabantur</em></strong></span> <span class='ocrx_word' id='word_1_133' title='bbox 597 1724 650 1777; x_wconf 91' lang='lat' dir='ltr'><strong><em>in</em></strong></span> <span class='ocrx_word' id='word_1_134' title='bbox 683 1722 914 1776; x_wconf 84' lang='lat' dir='ltr'><strong><em>membris</em></strong></span> <span class='ocrx_word' id='word_1_135' title='bbox 944 1723 1147 1785; x_wconf 89' lang='lat' dir='ltr'><strong><em>nostris,</em></strong></span> <span class='ocrx_word' id='word_1_136' title='bbox 1170 1729 1226 1774; x_wconf 87' lang='lat' dir='ltr'><strong><em>ut</em></strong></span> <span class='ocrx_word' id='word_1_137' title='bbox 1252 1724 1472 1794; x_wconf 89' lang='lat' dir='ltr'><strong><em>fructum</em></strong></span> <span class='ocrx_word' id='word_1_138' title='bbox 1508 1721 1696 1789; x_wconf 89' lang='lat' dir='ltr'><strong><em>ferrent</em></strong></span> <span class='ocrx_word' id='word_1_139' title='bbox 1718 1717 1904 1772; x_wconf 87' lang='lat' dir='ltr'><strong><em>morti:</em></strong></span> 
     </span>
    </p>
   </div>
   <div class='ocr_carea' id='block_1_17' title="bbox 326 1806 1905 1880">
    <p class='ocr_par' dir='ltr' id='par_1_17' title="bbox 326 1806 1905 1880">
     <span class='ocr_line' id='line_1_17' title="bbox 326 1806 1905 1880; baseline -0.005 -13"><span class='ocrx_word' id='word_1_140' title='bbox 326 1830 466 1868; x_wconf 86' lang='lat' dir='ltr'><strong><em>nunc</em></strong></span> <span class='ocrx_word' id='word_1_141' title='bbox 487 1828 601 1866; x_wconf 77' lang='lat' dir='ltr'><strong><em>vero</em></strong></span> <span class='ocrx_word' id='word_1_142' title='bbox 625 1812 850 1866; x_wconf 76' lang='lat' dir='ltr'><strong><em>evacuati</em></strong></span> <span class='ocrx_word' id='word_1_143' title='bbox 872 1827 1046 1865; x_wconf 90' lang='lat' dir='ltr'><strong><em>sumus</em></strong></span> <span class='ocrx_word' id='word_1_144' title='bbox 1071 1826 1102 1863; x_wconf 90' lang='lat' dir='ltr'><strong><em>a</em></strong></span> <span class='ocrx_word' id='word_1_145' title='bbox 1141 1808 1251 1880; x_wconf 72' lang='lat' dir='ltr'><strong><em>lege</em></strong></span> <span class='ocrx_word' id='word_1_146' title='bbox 1283 1809 1476 1873; x_wconf 88' lang='lat' dir='ltr'><strong><em>mortis,</em></strong></span> <span class='ocrx_word' id='word_1_147' title='bbox 1507 1808 1560 1861; x_wconf 89' lang='lat' dir='ltr'><strong><em>in</em></strong></span> <span class='ocrx_word' id='word_1_148' title='bbox 1587 1822 1688 1877; x_wconf 90' lang='lat' dir='ltr'><strong><em>qua</em></strong></span> <span class='ocrx_word' id='word_1_149' title='bbox 1713 1806 1905 1860; x_wconf 81' lang='lat' dir='ltr'><strong><em>detine-</em></strong></span> 
     </span>
    </p>
   </div>
   <div class='ocr_carea' id='block_1_18' title="bbox 325 1898 1902 1970">
    <p class='ocr_par' dir='ltr' id='par_1_18' title="bbox 325 1898 1902 1970">
     <span class='ocr_line' id='line_1_18' title="bbox 325 1898 1902 1970; baseline -0.004 -12"><span class='ocrx_word' id='word_1_150' title='bbox 325 1904 529 1970; x_wconf 61' lang='lat' dir='ltr'><strong><em>tamur,</em></strong></span> <span class='ocrx_word' id='word_1_151' title='bbox 559 1905 632 1957; x_wconf 92' lang='lat' dir='ltr'><strong><em>ita</em></strong></span> <span class='ocrx_word' id='word_1_152' title='bbox 667 1912 722 1956; x_wconf 91' lang='lat' dir='ltr'><strong><em>ut</em></strong></span> <span class='ocrx_word' id='word_1_153' title='bbox 749 1903 1019 1957; x_wconf 78' lang='lat' dir='ltr'><strong><em>serviamus</em></strong></span> <span class='ocrx_word' id='word_1_154' title='bbox 1051 1902 1104 1955; x_wconf 88' lang='lat' dir='ltr'><strong><em>in</em></strong></span> <span class='ocrx_word' id='word_1_155' title='bbox 1129 1902 1345 1955; x_wconf 82' lang='lat' dir='ltr'><strong><em>novitate</em></strong></span> <span class='ocrx_word' id='word_1_156' title='bbox 1379 1900 1606 1969; x_wconf 86' lang='lat' dir='ltr'><strong><em>spiritus,</em></strong></span> <span class='ocrx_word' id='word_1_157' title='bbox 1635 1907 1683 1954; x_wconf 93' lang='lat' dir='ltr'><strong><em>et</em></strong></span> <span class='ocrx_word' id='word_1_158' title='bbox 1708 1915 1808 1952; x_wconf 91' lang='lat' dir='ltr'><strong><em>non</em></strong></span> <span class='ocrx_word' id='word_1_159' title='bbox 1849 1898 1902 1952; x_wconf 92' lang='lat' dir='ltr'><strong><em>in</em></strong></span> 
     </span>
    </p>
   </div>
   <div class='ocr_carea' id='block_1_19' title="bbox 324 1988 1904 2062">
    <p class='ocr_par' dir='ltr' id='par_1_19' title="bbox 324 1988 1904 2062">
     <span class='ocr_line' id='line_1_19' title="bbox 324 1988 1904 2062; baseline -0.005 -11"><span class='ocrx_word' id='word_1_160' title='bbox 324 2005 573 2051; x_wconf 70' lang='lat' dir='ltr'><strong><em>uetustate</em></strong></span> <span class='ocrx_word' id='word_1_161' title='bbox 615 1995 814 2049; x_wconf 66' lang='lat' dir='ltr'><strong><em>litterae.</em></strong></span> <span class='ocrx_word' id='word_1_162' title='bbox 859 1994 952 2048; x_wconf 85' lang='lat' dir='ltr'><strong><em>His</em></strong></span> <span class='ocrx_word' id='word_1_163' title='bbox 979 2004 1134 2062; x_wconf 88' lang='lat' dir='ltr'><strong><em>atque</em></strong></span> <span class='ocrx_word' id='word_1_164' title='bbox 1179 1991 1476 2060; x_wconf 88' lang='lat' dir='ltr'><strong><em>hujusmodi</em></strong></span> <span class='ocrx_word' id='word_1_165' title='bbox 1504 1988 1904 2045; x_wconf 84' lang='lat' dir='ltr'><strong><em>contestationi-</em></strong></span> 
     </span>
    </p>
   </div>
   <div class='ocr_carea' id='block_1_20' title="bbox 328 2079 1904 2145">
    <p class='ocr_par' dir='ltr' id='par_1_20' title="bbox 328 2079 1904 2145">
     <span class='ocr_line' id='line_1_20' title="bbox 328 2079 1904 2145; baseline -0.003 -4"><span class='ocrx_word' id='word_1_166' title='bbox 328 2087 434 2141; x_wconf 87' lang='lat' dir='ltr'><strong><em>bus</em></strong></span> <span class='ocrx_word' id='word_1_167' title='bbox 471 2086 664 2140; x_wconf 81' lang='lat' dir='ltr'><strong><em>Doctor</em></strong></span> <span class='ocrx_word' id='word_1_168' title='bbox 686 2084 776 2139; x_wconf 91' lang='lat' dir='ltr'><strong><em>ille</em></strong></span> <span class='ocrx_word' id='word_1_169' title='bbox 807 2082 1052 2140; x_wconf 85' lang='lat' dir='ltr'><strong><em>Gentium</em></strong></span> <span class='ocrx_word' id='word_1_170' title='bbox 1082 2081 1210 2136; x_wconf 87' lang='lat' dir='ltr'><strong><em>satis</em></strong></span> <span class='ocrx_word' id='word_1_171' title='bbox 1244 2080 1517 2137; x_wconf 76' lang='lat' dir='ltr'><strong><em>evidenter</em></strong></span> <span class='ocrx_word' id='word_1_172' title='bbox 1543 2079 1799 2145; x_wconf 90' lang='lat' dir='ltr'><strong><em>ostendit,</em></strong></span> <span class='ocrx_word' id='word_1_173' title='bbox 1828 2081 1904 2137; x_wconf 81' lang='lat' dir='ltr'><strong><em>le-</em></strong></span> 
     </span>
    </p>
   </div>
   <div class='ocr_carea' id='block_1_21' title="bbox 328 2169 1901 2244">
    <p class='ocr_par' dir='ltr' id='par_1_21' title="bbox 328 2169 1901 2244">
     <span class='ocr_line' id='line_1_21' title="bbox 328 2169 1901 2244; baseline -0.004 -15"><span class='ocrx_word' id='word_1_174' title='bbox 328 2190 449 2244; x_wconf 90' lang='lat' dir='ltr'><strong><em>gem</em></strong></span> <span class='ocrx_word' id='word_1_175' title='bbox 475 2189 578 2227; x_wconf 92' lang='lat' dir='ltr'><strong><em>non</em></strong></span> <span class='ocrx_word' id='word_1_176' title='bbox 606 2171 842 2241; x_wconf 84' lang='lat' dir='ltr'><strong><em>potuisse</em></strong></span> <span class='ocrx_word' id='word_1_177' title='bbox 865 2170 1095 2237; x_wconf 85' lang='lat' dir='ltr'><strong><em>auferre,</em></strong></span> <span class='ocrx_word' id='word_1_178' title='bbox 1122 2169 1214 2225; x_wconf 86' lang='lat' dir='ltr'><strong><em>sed</em></strong></span> <span class='ocrx_word' id='word_1_179' title='bbox 1255 2170 1428 2238; x_wconf 86' lang='lat' dir='ltr'><strong><em>potius</em></strong></span> <span class='ocrx_word' id='word_1_180' title='bbox 1461 2169 1679 2224; x_wconf 78' lang='lat' dir='ltr'><strong><em>auxisse</em></strong></span> <span class='ocrx_word' id='word_1_181' title='bbox 1709 2184 1901 2238; x_wconf 87' lang='lat' dir='ltr'><strong><em>pecca-</em></strong></span> 
     </span>
    </p>
   </div>
   <div class='ocr_carea' id='block_1_22' title="bbox 331 2259 1897 2334">
    <p class='ocr_par' dir='ltr' id='par_1_22' title="bbox 331 2259 1897 2334">
     <span class='ocr_line' id='line_1_22' title="bbox 331 2259 1897 2334; baseline -0.002 -16"><span class='ocrx_word' id='word_1_182' title='bbox 331 2263 623 2334; x_wconf 89' lang='lat' dir='ltr'><strong><em>tum,quod</em></strong></span> <span class='ocrx_word' id='word_1_183' title='bbox 651 2263 880 2318; x_wconf 76' lang='lat' dir='ltr'><strong><em>auferat&#39;</em></strong></span> <span class='ocrx_word' id='word_1_184' title='bbox 915 2264 1082 2332; x_wconf 83' lang='lat' dir='ltr'><strong><em>gratia</em></strong></span> <span class='ocrx_word' id='word_1_185' title='bbox 1102 2279 1117 2315; x_wconf 89' lang='lat'><strong>:</strong></span> <span class='ocrx_word' id='word_1_186' title='bbox 1140 2261 1386 2331; x_wconf 87' lang='lat' dir='ltr'><strong><em>quoniam</em></strong></span> <span class='ocrx_word' id='word_1_187' title='bbox 1414 2260 1497 2315; x_wconf 83' lang='lat' dir='ltr'><strong><em>lex</em></strong></span> <span class='ocrx_word' id='word_1_188' title='bbox 1518 2259 1710 2331; x_wconf 86' lang='lat' dir='ltr'><strong><em>jubere</em></strong></span> <span class='ocrx_word' id='word_1_189' title='bbox 1732 2261 1897 2327; x_wconf 88' lang='lat' dir='ltr'><strong><em>novit,</em></strong></span> 
     </span>
    </p>
   </div>
   <div class='ocr_carea' id='block_1_23' title="bbox 327 2349 1902 2422">
    <p class='ocr_par' dir='ltr' id='par_1_23' title="bbox 327 2349 1902 2422">
     <span class='ocr_line' id='line_1_23' title="bbox 327 2349 1902 2422; baseline -0.002 -14"><span class='ocrx_word' id='word_1_190' title='bbox 327 2352 418 2408; x_wconf 86' lang='lat' dir='ltr'><strong><em>cui</em></strong></span> <span class='ocrx_word' id='word_1_191' title='bbox 446 2353 740 2407; x_wconf 84' lang='lat' dir='ltr'><strong><em>succumbit</em></strong></span> <span class='ocrx_word' id='word_1_192' title='bbox 780 2351 1091 2416; x_wconf 79' lang='lat' dir='ltr'><strong><em>infirmitas;</em></strong></span> <span class='ocrx_word' id='word_1_193' title='bbox 1134 2351 1300 2422; x_wconf 71' lang='lat' dir='ltr'><strong><em>gratia</em></strong></span> <span class='ocrx_word' id='word_1_194' title='bbox 1339 2349 1546 2420; x_wconf 74' lang='lat' dir='ltr'><strong><em>iuvare,</em></strong></span> <span class='ocrx_word' id='word_1_195' title='bbox 1590 2365 1692 2420; x_wconf 90' lang='lat' dir='ltr'><strong><em>qua</em></strong></span> <span class='ocrx_word' id='word_1_196' title='bbox 1724 2349 1902 2405; x_wconf 90' lang='lat' dir='ltr'><strong><em>infun-</em></strong></span> 
     </span>
    </p>
   </div>
   <div class='ocr_carea' id='block_1_24' title="bbox 327 2439 1901 2511">
    <p class='ocr_par' dir='ltr' id='par_1_24' title="bbox 327 2439 1901 2511">
     <span class='ocr_line' id='line_1_24' title="bbox 327 2439 1901 2511; baseline -0.001 -15"><span class='ocrx_word' id='word_1_197' title='bbox 327 2444 474 2497; x_wconf 86' lang='lat' dir='ltr'><strong><em>ditur</em></strong></span> <span class='ocrx_word' id='word_1_198' title='bbox 496 2443 745 2496; x_wconf 83' lang='lat' dir='ltr'><strong><em>cbaritas.</em></strong></span> <span class='ocrx_word' id='word_1_199' title='bbox 776 2441 853 2495; x_wconf 89' lang='lat' dir='ltr'><strong><em>Ne</em></strong></span> <span class='ocrx_word' id='word_1_200' title='bbox 890 2442 1009 2511; x_wconf 86' lang='lat' dir='ltr'><strong><em>quis</em></strong></span> <span class='ocrx_word' id='word_1_201' title='bbox 1035 2442 1176 2495; x_wconf 91' lang='lat' dir='ltr'><strong><em>enim</em></strong></span> <span class='ocrx_word' id='word_1_202' title='bbox 1208 2450 1422 2510; x_wconf 86' lang='lat' dir='ltr'><strong><em>propter</em></strong></span> <span class='ocrx_word' id='word_1_203' title='bbox 1451 2439 1566 2494; x_wconf 75' lang='lat' dir='ltr'><strong><em>lucc</em></strong></span> <span class='ocrx_word' id='word_1_204' title='bbox 1601 2439 1901 2495; x_wconf 86' lang='lat' dir='ltr'><strong><em>testimonia</em></strong></span> 
     </span>
    </p>
   </div>
   <div class='ocr_carea' id='block_1_25' title="bbox 328 2530 1901 2610">
    <p class='ocr_par' dir='ltr' id='par_1_25' title="bbox 328 2530 1901 2610">
     <span class='ocr_line' id='line_1_25' title="bbox 328 2530 1901 2610; baseline -0.001 -25"><span class='ocrx_word' id='word_1_205' title='bbox 328 2532 594 2603; x_wconf 81' lang='lat' dir='ltr'><strong><em>vituperet</em></strong></span> <span class='ocrx_word' id='word_1_206' title='bbox 622 2533 810 2603; x_wconf 83' lang='lat' dir='ltr'><strong><em>legem,</em></strong></span> <span class='ocrx_word' id='word_1_207' title='bbox 836 2541 893 2610; x_wconf 71' lang='lat' dir='ltr'><strong><em>et</em></strong></span> <span class='ocrx_word' id='word_1_208' title='bbox 915 2532 1105 2586; x_wconf 88' lang='lat' dir='ltr'><strong><em>malam</em></strong></span> <span class='ocrx_word' id='word_1_209' title='bbox 1132 2545 1251 2586; x_wconf 88' lang='lat' dir='ltr'><strong><em>esse</em></strong></span> <span class='ocrx_word' id='word_1_210' title='bbox 1274 2530 1581 2596; x_wconf 81' lang='lat' dir='ltr'><strong><em>contendat,</em></strong></span> <span class='ocrx_word' id='word_1_211' title='bbox 1607 2530 1733 2584; x_wconf 82' lang='lat' dir='ltr'><strong><em>vidit</em></strong></span> <span class='ocrx_word' id='word_1_212' title='bbox 1760 2530 1901 2600; x_wconf 83' lang='lat' dir='ltr'><strong><em>Apo-</em></strong></span> 
     </span>
    </p>
   </div>
   <div class='ocr_carea' id='block_1_26' title="bbox 328 2622 1900 2695">
    <p class='ocr_par' dir='ltr' id='par_1_26' title="bbox 328 2622 1900 2695">
     <span class='ocr_line' id='line_1_26' title="bbox 328 2622 1900 2695; baseline -0.002 -17"><span class='ocrx_word' id='word_1_213' title='bbox 328 2626 499 2681; x_wconf 84' lang='lat' dir='ltr'><strong><em>stolus</em></strong></span> <span class='ocrx_word' id='word_1_214' title='bbox 528 2627 662 2679; x_wconf 90' lang='lat' dir='ltr'><strong><em>male</em></strong></span> <span class='ocrx_word' id='word_1_215' title='bbox 700 2623 1111 2695; x_wconf 84' lang='lat' dir='ltr'><strong><em>intelligentibus</em></strong></span> <span class='ocrx_word' id='word_1_216' title='bbox 1138 2622 1263 2694; x_wconf 89' lang='lat' dir='ltr'><strong><em>quid</em></strong></span> <span class='ocrx_word' id='word_1_217' title='bbox 1306 2631 1487 2693; x_wconf 87' lang='lat' dir='ltr'><strong><em>posset</em></strong></span> <span class='ocrx_word' id='word_1_218' title='bbox 1520 2636 1820 2687; x_wconf 83' lang='lat' dir='ltr'><strong><em>occurrere,</em></strong></span> <span class='ocrx_word' id='word_1_219' title='bbox 1848 2630 1900 2676; x_wconf 91' lang='lat' dir='ltr'><strong><em>et</em></strong></span> 
     </span>
    </p>
   </div>
   <div class='ocr_carea' id='block_1_27' title="bbox 324 2713 1900 2785">
    <p class='ocr_par' dir='ltr' id='par_1_27' title="bbox 324 2713 1900 2785">
     <span class='ocr_line' id='line_1_27' title="bbox 324 2713 1900 2785; baseline -0.003 -13"><span class='ocrx_word' id='word_1_220' title='bbox 324 2718 571 2772; x_wconf 82' lang='lat' dir='ltr'><strong><em>eamdem</em></strong></span> <span class='ocrx_word' id='word_1_221' title='bbox 611 2716 711 2771; x_wconf 86' lang='lat' dir='ltr'><strong><em>sibi</em></strong></span> <span class='ocrx_word' id='word_1_222' title='bbox 741 2717 853 2785; x_wconf 88' lang='lat' dir='ltr'><strong><em>ipse</em></strong></span> <span class='ocrx_word' id='word_1_223' title='bbox 880 2717 1153 2785; x_wconf 75' lang='lat' dir='ltr'><strong><em>proposuit</em></strong></span> <span class='ocrx_word' id='word_1_224' title='bbox 1190 2718 1538 2785; x_wconf 65' lang='lat' dir='ltr'><strong><em>quaestionem</em></strong></span> <span class='ocrx_word' id='word_1_225' title='bbox 1572 2731 1587 2770; x_wconf 86' lang='lat'><strong>:</strong></span> <span class='ocrx_word' id='word_1_226' title='bbox 1622 2713 1760 2782; x_wconf 85' lang='lat' dir='ltr'><strong><em>Quid</em></strong></span> <span class='ocrx_word' id='word_1_227' title='bbox 1784 2730 1900 2783; x_wconf 85' lang='lat' dir='ltr'><strong><em>ergo</em></strong></span> 
     </span>
    </p>
   </div>
   <div class='ocr_carea' id='block_1_28' title="bbox 327 2803 1900 2877">
    <p class='ocr_par' dir='ltr' id='par_1_28' title="bbox 327 2803 1900 2877">
     <span class='ocr_line' id='line_1_28' title="bbox 327 2803 1900 2877; baseline -0.001 -17"><span class='ocrx_word' id='word_1_228' title='bbox 327 2807 573 2871; x_wconf 83' lang='lat' dir='ltr'><strong><em>dicemus,</em></strong></span> <span class='ocrx_word' id='word_1_229' title='bbox 604 2807 812 2877; x_wconf 76' lang='lat' dir='ltr'><strong><em>inquit?</em></strong></span> <span class='ocrx_word' id='word_1_230' title='bbox 864 2806 973 2861; x_wconf 73' lang='lat' dir='ltr'><strong><em>Lex</em></strong></span> <span class='ocrx_word' id='word_1_231' title='bbox 1009 2816 1265 2877; x_wconf 88' lang='lat' dir='ltr'><strong><em>peccatum</em></strong></span> <span class='ocrx_word' id='word_1_232' title='bbox 1292 2806 1405 2860; x_wconf 81' lang='lat' dir='ltr'><strong><em>est?</em></strong></span> <span class='ocrx_word' id='word_1_233' title='bbox 1452 2805 1637 2860; x_wconf 77' lang='lat' dir='ltr'><strong><em>Absit:</em></strong></span> <span class='ocrx_word' id='word_1_234' title='bbox 1666 2803 1755 2859; x_wconf 87' lang='lat' dir='ltr'><strong><em>sed</em></strong></span> <span class='ocrx_word' id='word_1_235' title='bbox 1782 2819 1900 2874; x_wconf 81' lang='lat' dir='ltr'><strong><em>pec-</em></strong></span> 
     </span>
    </p>
   </div>
   <div class='ocr_carea' id='block_1_29' title="bbox 326 2893 1901 2967">
    <p class='ocr_par' dir='ltr' id='par_1_29' title="bbox 326 2893 1901 2967">
     <span class='ocr_line' id='line_1_29' title="bbox 326 2893 1901 2967; baseline -0.002 -16"><span class='ocrx_word' id='word_1_236' title='bbox 326 2907 497 2951; x_wconf 86' lang='lat' dir='ltr'><strong><em>catum</em></strong></span> <span class='ocrx_word' id='word_1_237' title='bbox 523 2913 624 2951; x_wconf 89' lang='lat' dir='ltr'><strong><em>non</em></strong></span> <span class='ocrx_word' id='word_1_238' title='bbox 652 2898 861 2967; x_wconf 79' lang='lat' dir='ltr'><strong><em>cognovi</em></strong></span> <span class='ocrx_word' id='word_1_239' title='bbox 902 2897 1000 2950; x_wconf 82' lang='lat' dir='ltr'><strong><em>nisi</em></strong></span> <span class='ocrx_word' id='word_1_240' title='bbox 1042 2912 1131 2967; x_wconf 89' lang='lat' dir='ltr'><strong><em>per</em></strong></span> <span class='ocrx_word' id='word_1_241' title='bbox 1168 2896 1345 2967; x_wconf 87' lang='lat' dir='ltr'><strong><em>legem.</em></strong></span> <span class='ocrx_word' id='word_1_242' title='bbox 1375 2895 1485 2949; x_wconf 83' lang='lat' dir='ltr'><strong><em>Hoc</em></strong></span> <span class='ocrx_word' id='word_1_243' title='bbox 1505 2895 1614 2962; x_wconf 87' lang='lat' dir='ltr'><strong><em>jam</em></strong></span> <span class='ocrx_word' id='word_1_244' title='bbox 1658 2893 1901 2964; x_wconf 83' lang='lat' dir='ltr'><strong><em>superius</em></strong></span> 
     </span>
    </p>
   </div>
   <div class='ocr_carea' id='block_1_30' title="bbox 325 2984 1898 3057">
    <p class='ocr_par' dir='ltr' id='par_1_30' title="bbox 325 2984 1898 3057">
     <span class='ocr_line' id='line_1_30' title="bbox 325 2984 1898 3057; baseline -0.003 -14"><span class='ocrx_word' id='word_1_245' title='bbox 325 2989 553 3050; x_wconf 73' lang='lat' dir='ltr'><strong><em>dixerat,</em></strong></span> <span class='ocrx_word' id='word_1_246' title='bbox 586 2986 688 3041; x_wconf 86' lang='lat' dir='ltr'><strong><em>Per</em></strong></span> <span class='ocrx_word' id='word_1_247' title='bbox 716 2989 872 3057; x_wconf 89' lang='lat' dir='ltr'><strong><em>legem</em></strong></span> <span class='ocrx_word' id='word_1_248' title='bbox 912 2988 1046 3042; x_wconf 86' lang='lat' dir='ltr'><strong><em>enim</em></strong></span> <span class='ocrx_word' id='word_1_249' title='bbox 1088 2986 1306 3056; x_wconf 88' lang='lat' dir='ltr'><strong><em>cognitio</em></strong></span> <span class='ocrx_word' id='word_1_250' title='bbox 1354 2986 1565 3056; x_wconf 84' lang='lat' dir='ltr'><strong><em>peccati.</em></strong></span> <span class='ocrx_word' id='word_1_251' title='bbox 1610 2984 1727 3039; x_wconf 82' lang='lat' dir='ltr'><strong><em>Non</em></strong></span> <span class='ocrx_word' id='word_1_252' title='bbox 1769 2998 1898 3055; x_wconf 83' lang='lat' dir='ltr'><strong><em>ergo</em></strong></span> 
     </span>
    </p>
   </div>
   <div class='ocr_carea' id='block_1_31' title="bbox 327 3078 985 3148">
    <p class='ocr_par' dir='ltr' id='par_1_31' title="bbox 327 3078 985 3148">
     <span class='ocr_line' id='line_1_31' title="bbox 327 3078 985 3148; baseline 0 -17"><span class='ocrx_word' id='word_1_253' title='bbox 327 3078 583 3144; x_wconf 78' lang='lat' dir='ltr'><strong><em>ablatio&#39;,</em></strong></span> <span class='ocrx_word' id='word_1_254' title='bbox 611 3078 704 3132; x_wconf 82' lang='lat' dir='ltr'><strong><em>sed</em></strong></span> <span class='ocrx_word' id='word_1_255' title='bbox 732 3078 985 3148; x_wconf 76' lang='lat' dir='ltr'><strong><em>Cognitio.</em></strong></span> 
     </span>
    </p>
   </div>
   <div class='ocr_carea' id='block_1_32' title="bbox 403 3168 1897 3240">
    <p class='ocr_par' dir='ltr' id='par_1_32' title="bbox 403 3168 1897 3240">
     <span class='ocr_line' id='line_1_32' title="bbox 403 3168 1897 3240; baseline 0 -17"><span class='ocrx_word' id='word_1_256' title='bbox 403 3169 488 3223; x_wconf 60' lang='lat' dir='ltr'><strong><em>is.</em></strong></span> <span class='ocrx_word' id='word_1_257' title='bbox 527 3168 820 3239; x_wconf 75' lang='lat' dir='ltr'><strong><em>Apostolum</em></strong></span> <span class='ocrx_word' id='word_1_258' title='bbox 847 3185 910 3222; x_wconf 81' lang='lat' dir='ltr'><strong><em>ea:</em></strong></span> <span class='ocrx_word' id='word_1_259' title='bbox 934 3185 1029 3223; x_wconf 86' lang='lat' dir='ltr'><strong><em>sua</em></strong></span> <span class='ocrx_word' id='word_1_260' title='bbox 1074 3178 1123 3225; x_wconf 88' lang='lat' dir='ltr'><strong><em>et</em></strong></span> <span class='ocrx_word' id='word_1_261' title='bbox 1161 3170 1377 3224; x_wconf 87' lang='lat' dir='ltr'><strong><em>aliorum</em></strong></span> <span class='ocrx_word' id='word_1_262' title='bbox 1418 3169 1507 3240; x_wconf 89' lang='lat' dir='ltr'><strong><em>qui</em></strong></span> <span class='ocrx_word' id='word_1_263' title='bbox 1555 3168 1646 3224; x_wconf 89' lang='lat' dir='ltr'><strong><em>sub</em></strong></span> <span class='ocrx_word' id='word_1_264' title='bbox 1698 3169 1861 3240; x_wconf 86' lang='lat' dir='ltr'><strong><em>gratia</em></strong></span> <span class='ocrx_word' id='word_1_265' title='bbox 1881 3209 1897 3235; x_wconf 93' lang='lat'><strong><em>,</em></strong></span> 
     </span>
    </p>
   </div>
   <div class='ocr_carea' id='block_1_33' title="bbox 327 3257 1896 3329">
    <p class='ocr_par' dir='ltr' id='par_1_33' title="bbox 327 3257 1896 3329">
     <span class='ocr_line' id='line_1_33' title="bbox 327 3257 1896 3329; baseline -0.001 -17"><span class='ocrx_word' id='word_1_266' title='bbox 327 3274 432 3312; x_wconf 85' lang='lat' dir='ltr'><strong><em>non</em></strong></span> <span class='ocrx_word' id='word_1_267' title='bbox 487 3258 579 3312; x_wconf 92' lang='lat' dir='ltr'><strong><em>sub</em></strong></span> <span class='ocrx_word' id='word_1_268' title='bbox 625 3258 731 3329; x_wconf 88' lang='lat' dir='ltr'><strong><em>lege</em></strong></span> <span class='ocrx_word' id='word_1_269' title='bbox 772 3257 939 3311; x_wconf 86' lang='lat' dir='ltr'><strong><em>adhuc</em></strong></span> <span class='ocrx_word' id='word_1_270' title='bbox 996 3268 1113 3314; x_wconf 90' lang='lat' dir='ltr'><strong><em>sunt</em></strong></span> <span class='ocrx_word' id='word_1_271' title='bbox 1137 3300 1156 3327; x_wconf 90' lang='lat'><strong><em>,</em></strong></span> <span class='ocrx_word' id='word_1_272' title='bbox 1216 3274 1431 3329; x_wconf 85' lang='lat' dir='ltr'><strong><em>persona</em></strong></span> <span class='ocrx_word' id='word_1_273' title='bbox 1484 3257 1704 3312; x_wconf 88' lang='lat' dir='ltr'><strong><em>locutum</em></strong></span> <span class='ocrx_word' id='word_1_274' title='bbox 1771 3274 1896 3313; x_wconf 86' lang='lat' dir='ltr'><strong><em>esse.</em></strong></span> 
     </span>
    </p>
   </div>
   <div class='ocr_carea' id='block_1_34' title="bbox 329 3347 1902 3422">
    <p class='ocr_par' dir='ltr' id='par_1_34' title="bbox 329 3347 1902 3422">
     <span class='ocr_line' id='line_1_34' title="bbox 329 3347 1902 3422; baseline 0.002 -19"><span class='ocrx_word' id='word_1_275' title='bbox 329 3347 468 3404; x_wconf 84' lang='lat' dir='ltr'><strong><em>iiinc</em></strong></span> <span class='ocrx_word' id='word_1_276' title='bbox 520 3358 696 3403; x_wconf 89' lang='lat' dir='ltr'><strong><em>autem</em></strong></span> <span class='ocrx_word' id='word_1_277' title='bbox 748 3350 855 3418; x_wconf 84' lang='lat' dir='ltr'><strong><em>jam</em></strong></span> <span class='ocrx_word' id='word_1_278' title='bbox 921 3350 1146 3420; x_wconf 77' lang='lat' dir='ltr'><strong><em>incipit,</em></strong></span> <span class='ocrx_word' id='word_1_279' title='bbox 1194 3359 1414 3422; x_wconf 85' lang='lat' dir='ltr'><strong><em>propter</em></strong></span> <span class='ocrx_word' id='word_1_280' title='bbox 1449 3350 1589 3421; x_wconf 86' lang='lat' dir='ltr'><strong><em>quod</em></strong></span> <span class='ocrx_word' id='word_1_281' title='bbox 1637 3351 1735 3405; x_wconf 86' lang='lat' dir='ltr'><strong><em>ista</em></strong></span> <span class='ocrx_word' id='word_1_282' title='bbox 1773 3365 1902 3406; x_wconf 85' lang='lat' dir='ltr'><strong><em>con-</em></strong></span> 
     </span>
    </p>
   </div>
   <div class='ocr_carea' id='block_1_35' title="bbox 327 3436 1894 3511">
    <p class='ocr_par' dir='ltr' id='par_1_35' title="bbox 327 3436 1894 3511">
     <span class='ocr_line' id='line_1_35' title="bbox 327 3436 1894 3511; baseline 0 -18"><span class='ocrx_word' id='word_1_283' title='bbox 327 3436 607 3493; x_wconf 82' lang='lat' dir='ltr'><strong><em>sidcranda</em></strong></span> <span class='ocrx_word' id='word_1_284' title='bbox 649 3441 996 3509; x_wconf 86' lang='lat' dir='ltr'><strong><em>suscepimus,</em></strong></span> <span class='ocrx_word' id='word_1_285' title='bbox 1023 3440 1361 3496; x_wconf 83' lang='lat' dir='ltr'><strong><em>introducere</em></strong></span> <span class='ocrx_word' id='word_1_286' title='bbox 1401 3456 1678 3511; x_wconf 85' lang='lat' dir='ltr'><strong><em>personam</em></strong></span> <span class='ocrx_word' id='word_1_287' title='bbox 1720 3456 1894 3506; x_wconf 87' lang='lat' dir='ltr'><strong><em>suam,</em></strong></span> 
     </span>
    </p>
   </div>
   <div class='ocr_carea' id='block_1_36' title="bbox 324 3529 1899 3602">
    <p class='ocr_par' dir='ltr' id='par_1_36' title="bbox 324 3529 1899 3602">
     <span class='ocr_line' id='line_1_36' title="bbox 324 3529 1899 3602; baseline 0.003 -20"><span class='ocrx_word' id='word_1_288' title='bbox 324 3538 384 3583; x_wconf 85' lang='lat' dir='ltr'><strong><em>et</em></strong></span> <span class='ocrx_word' id='word_1_289' title='bbox 410 3539 657 3600; x_wconf 81' lang='lat' dir='ltr'><strong><em>tanquam</em></strong></span> <span class='ocrx_word' id='word_1_290' title='bbox 685 3529 753 3585; x_wconf 82' lang='lat' dir='ltr'><strong><em>de</em></strong></span> <span class='ocrx_word' id='word_1_291' title='bbox 793 3545 853 3587; x_wconf 86' lang='lat' dir='ltr'><strong><em>se</em></strong></span> <span class='ocrx_word' id='word_1_292' title='bbox 895 3532 1013 3601; x_wconf 85' lang='lat' dir='ltr'><strong><em>ipso</em></strong></span> <span class='ocrx_word' id='word_1_293' title='bbox 1056 3531 1199 3601; x_wconf 90' lang='lat' dir='ltr'><strong><em>loqui</em></strong></span> <span class='ocrx_word' id='word_1_294' title='bbox 1228 3548 1242 3585; x_wconf 90' lang='lat'><strong>:</strong></span> <span class='ocrx_word' id='word_1_295' title='bbox 1270 3532 1360 3588; x_wconf 90' lang='lat' dir='ltr'><strong><em>ubi</em></strong></span> <span class='ocrx_word' id='word_1_296' title='bbox 1407 3532 1591 3587; x_wconf 87' lang='lat' dir='ltr'><strong><em>nolunt</em></strong></span> <span class='ocrx_word' id='word_1_297' title='bbox 1632 3531 1899 3602; x_wconf 85' lang='lat' dir='ltr'><strong><em>Pelagiani</em></strong></span> 
     </span>
    </p>
   </div>
   <div class='ocr_carea' id='block_1_37' title="bbox 327 3618 1897 3692">
    <p class='ocr_par' dir='ltr' id='par_1_37' title="bbox 327 3618 1897 3692">
     <span class='ocr_line' id='line_1_37' title="bbox 327 3618 1897 3692; baseline 0.003 -19"><span class='ocrx_word' id='word_1_298' title='bbox 327 3618 500 3686; x_wconf 84' lang='lat' dir='ltr'><strong><em>ipsum</em></strong></span> <span class='ocrx_word' id='word_1_299' title='bbox 546 3620 852 3689; x_wconf 81' lang='lat' dir='ltr'><strong><em>Apostolum</em></strong></span> <span class='ocrx_word' id='word_1_300' title='bbox 903 3620 1160 3691; x_wconf 78' lang='lat' dir='ltr'><strong><em>intelligi;</em></strong></span> <span class='ocrx_word' id='word_1_301' title='bbox 1206 3620 1301 3676; x_wconf 89' lang='lat' dir='ltr'><strong><em>sed</em></strong></span> <span class='ocrx_word' id='word_1_302' title='bbox 1347 3622 1487 3692; x_wconf 88' lang='lat' dir='ltr'><strong><em>quod</em></strong></span> <span class='ocrx_word' id='word_1_303' title='bbox 1527 3621 1581 3676; x_wconf 89' lang='lat' dir='ltr'><strong><em>in</em></strong></span> <span class='ocrx_word' id='word_1_304' title='bbox 1626 3636 1687 3677; x_wconf 87' lang='lat' dir='ltr'><strong><em>se</em></strong></span> <span class='ocrx_word' id='word_1_305' title='bbox 1734 3621 1897 3677; x_wconf 89' lang='lat' dir='ltr'><strong><em>alium</em></strong></span> 
     </span>
    </p>
   </div>
   <div class='ocr_carea' id='block_1_38' title="bbox 326 3708 1898 3782">
    <p class='ocr_par' dir='ltr' id='par_1_38' title="bbox 326 3708 1898 3782">
     <span class='ocr_line' id='line_1_38' title="bbox 326 3708 1898 3782; baseline 0.004 -21"><span class='ocrx_word' id='word_1_306' title='bbox 326 3708 799 3777; x_wconf 77' lang='lat' dir='ltr'><strong><em>traiisliguraverit,</em></strong></span> <span class='ocrx_word' id='word_1_307' title='bbox 851 3708 904 3765; x_wconf 91' lang='lat' dir='ltr'><strong><em>id</em></strong></span> <span class='ocrx_word' id='word_1_308' title='bbox 949 3718 1051 3775; x_wconf 90' lang='lat' dir='ltr'><strong><em>est,</em></strong></span> <span class='ocrx_word' id='word_1_309' title='bbox 1104 3711 1372 3765; x_wconf 84' lang='lat' dir='ltr'><strong><em>hominem</em></strong></span> <span class='ocrx_word' id='word_1_310' title='bbox 1424 3712 1525 3767; x_wconf 89' lang='lat' dir='ltr'><strong><em>sub</em></strong></span> <span class='ocrx_word' id='word_1_311' title='bbox 1567 3713 1682 3782; x_wconf 80' lang='lat' dir='ltr'><strong><em>lege</em></strong></span> <span class='ocrx_word' id='word_1_312' title='bbox 1726 3711 1898 3768; x_wconf 83' lang='lat' dir='ltr'><strong><em>adhuc</em></strong></span> 
     </span>
    </p>
   </div>
   <div class='ocr_carea' id='block_1_39' title="bbox 326 3802 1895 3875">
    <p class='ocr_par' dir='ltr' id='par_1_39' title="bbox 326 3802 1895 3875">
     <span class='ocr_line' id='line_1_39' title="bbox 326 3802 1895 3875; baseline 0.002 -20"><span class='ocrx_word' id='word_1_313' title='bbox 326 3803 579 3871; x_wconf 80' lang='lat' dir='ltr'><strong><em>positum,</em></strong></span> <span class='ocrx_word' id='word_1_314' title='bbox 602 3802 833 3857; x_wconf 88' lang='lat' dir='ltr'><strong><em>nondum</em></strong></span> <span class='ocrx_word' id='word_1_315' title='bbox 856 3818 954 3875; x_wconf 86' lang='lat' dir='ltr'><strong><em>per</em></strong></span> <span class='ocrx_word' id='word_1_316' title='bbox 976 3803 1197 3873; x_wconf 78' lang='lat' dir='ltr'><strong><em>gratiam</em></strong></span> <span class='ocrx_word' id='word_1_317' title='bbox 1229 3804 1527 3858; x_wconf 88' lang='lat' dir='ltr'><strong><em>liberatum.</em></strong></span> <span class='ocrx_word' id='word_1_318' title='bbox 1558 3802 1658 3860; x_wconf 86' lang='lat' dir='ltr'><strong><em>Ubi</em></strong></span> <span class='ocrx_word' id='word_1_319' title='bbox 1684 3804 1895 3875; x_wconf 81' lang='lat' dir='ltr'><strong><em>quidem</em></strong></span> 
     </span>
    </p>
   </div>
   <div class='ocr_carea' id='block_1_40' title="bbox 322 3890 1893 3964">
    <p class='ocr_par' dir='ltr' id='par_1_40' title="bbox 322 3890 1893 3964">
     <span class='ocr_line' id='line_1_40' title="bbox 322 3890 1893 3964; baseline 0.003 -22"><span class='ocrx_word' id='word_1_320' title='bbox 322 3891 431 3960; x_wconf 80' lang='lat' dir='ltr'><strong><em>jam</em></strong></span> <span class='ocrx_word' id='word_1_321' title='bbox 457 3890 655 3945; x_wconf 87' lang='lat' dir='ltr'><strong><em>debent</em></strong></span> <span class='ocrx_word' id='word_1_322' title='bbox 682 3892 996 3960; x_wconf 83' lang='lat' dir='ltr'><strong><em>concedere,</em></strong></span> <span class='ocrx_word' id='word_1_323' title='bbox 1021 3892 1160 3963; x_wconf 89' lang='lat' dir='ltr'><strong><em>quod</em></strong></span> <span class='ocrx_word' id='word_1_324' title='bbox 1189 3893 1243 3947; x_wconf 92' lang='lat' dir='ltr'><strong><em>in</em></strong></span> <span class='ocrx_word' id='word_1_325' title='bbox 1271 3893 1378 3963; x_wconf 85' lang='lat' dir='ltr'><strong><em>lege</em></strong></span> <span class='ocrx_word' id='word_1_326' title='bbox 1402 3909 1545 3947; x_wconf 86' lang='lat' dir='ltr'><strong><em>nemo</em></strong></span> <span class='ocrx_word' id='word_1_327' title='bbox 1561 3894 1893 3964; x_wconf 83' lang='lat' dir='ltr'><strong><em>justiﬁeatur,</em></strong></span> 
     </span>
    </p>
   </div>
   <div class='ocr_carea' id='block_1_41' title="bbox 325 3981 1896 4055">
    <p class='ocr_par' dir='ltr' id='par_1_41' title="bbox 325 3981 1896 4055">
     <span class='ocr_line' id='line_1_41' title="bbox 325 3981 1896 4055; baseline 0.002 -20"><span class='ocrx_word' id='word_1_328' title='bbox 325 3982 463 4035; x_wconf 85' lang='lat' dir='ltr'><strong><em>sicut</em></strong></span> <span class='ocrx_word' id='word_1_329' title='bbox 489 3981 613 4035; x_wconf 89' lang='lat' dir='ltr'><strong><em>alibi</em></strong></span> <span class='ocrx_word' id='word_1_330' title='bbox 654 3982 791 4036; x_wconf 87' lang='lat' dir='ltr'><strong><em>idem</em></strong></span> <span class='ocrx_word' id='word_1_331' title='bbox 828 3984 1098 4052; x_wconf 83' lang='lat' dir='ltr'><strong><em>apostolus</em></strong></span> <span class='ocrx_word' id='word_1_332' title='bbox 1127 3982 1256 4037; x_wconf 90' lang='lat' dir='ltr'><strong><em>dicit</em></strong></span> <span class='ocrx_word' id='word_1_333' title='bbox 1300 3981 1493 4055; x_wconf 84' lang='lat' dir='ltr'><strong><em>(Galat.</em></strong></span> <span class='ocrx_word' id='word_1_334' title='bbox 1523 3999 1600 4050; x_wconf 90' lang='grc' dir='ltr'>ιιι,</span> <span class='ocrx_word' id='word_1_335' title='bbox 1630 3981 1756 4053; x_wconf 77' lang='lat' dir='ltr'><strong><em>ll);</em></strong></span> <span class='ocrx_word' id='word_1_336' title='bbox 1801 3984 1896 4038; x_wconf 91' lang='lat' dir='ltr'><strong><em>sed</em></strong></span> 
     </span>
    </p>
   </div>
   <div class='ocr_carea' id='block_1_42' title="bbox 325 4071 1899 4144">
    <p class='ocr_par' dir='ltr' id='par_1_42' title="bbox 325 4071 1899 4144">
     <span class='ocr_line' id='line_1_42' title="bbox 325 4071 1899 4144; baseline 0.001 -18"><span class='ocrx_word' id='word_1_337' title='bbox 325 4071 393 4126; x_wconf 76' lang='lat' dir='ltr'><strong><em>ad</em></strong></span> <span class='ocrx_word' id='word_1_338' title='bbox 432 4073 786 4140; x_wconf 80' lang='lat' dir='ltr'><strong><em>cegnitionem</em></strong></span> <span class='ocrx_word' id='word_1_339' title='bbox 834 4075 1054 4142; x_wconf 86' lang='lat' dir='ltr'><strong><em>peccati,</em></strong></span> <span class='ocrx_word' id='word_1_340' title='bbox 1087 4082 1142 4130; x_wconf 91' lang='lat' dir='ltr'><strong><em>et</em></strong></span> <span class='ocrx_word' id='word_1_341' title='bbox 1166 4073 1232 4128; x_wconf 84' lang='lat' dir='ltr'><strong><em>ad</em></strong></span> <span class='ocrx_word' id='word_1_342' title='bbox 1263 4074 1430 4142; x_wconf 86' lang='lat' dir='ltr'><strong><em>ipsius</em></strong></span> <span class='ocrx_word' id='word_1_343' title='bbox 1469 4074 1600 4144; x_wconf 75' lang='lat' dir='ltr'><strong><em>legis</em></strong></span> <span class='ocrx_word' id='word_1_344' title='bbox 1642 4090 1743 4144; x_wconf 71' lang='lat' dir='ltr'><strong><em>pra</em></strong></span> <span class='ocrx_word' id='word_1_345' title='bbox 1758 4074 1899 4128; x_wconf 88' lang='lat' dir='ltr'><strong><em>vari-</em></strong></span> 
     </span>
    </p>
   </div>
   <div class='ocr_carea' id='block_1_43' title="bbox 323 4162 1891 4234">
    <p class='ocr_par' dir='ltr' id='par_1_43' title="bbox 323 4162 1891 4234">
     <span class='ocr_line' id='line_1_43' title="bbox 323 4162 1891 4234; baseline 0.002 -19"><span class='ocrx_word' id='word_1_346' title='bbox 323 4163 585 4216; x_wconf 75' lang='lat' dir='ltr'><strong><em>catioaem</em></strong></span> <span class='ocrx_word' id='word_1_347' title='bbox 611 4162 788 4218; x_wconf 80' lang='lat' dir='ltr'><strong><em>valere</em></strong></span> <span class='ocrx_word' id='word_1_348' title='bbox 819 4164 1010 4233; x_wconf 81' lang='lat' dir='ltr'><strong><em>legem,</em></strong></span> <span class='ocrx_word' id='word_1_349' title='bbox 1035 4172 1113 4229; x_wconf 92' lang='lat' dir='ltr'><strong><em>ut,</em></strong></span> <span class='ocrx_word' id='word_1_350' title='bbox 1133 4165 1345 4234; x_wconf 80' lang='lat' dir='ltr'><strong><em>cognito</em></strong></span> <span class='ocrx_word' id='word_1_351' title='bbox 1371 4172 1630 4234; x_wconf 86' lang='lat' dir='ltr'><strong><em>auctaque</em></strong></span> <span class='ocrx_word' id='word_1_352' title='bbox 1656 4172 1891 4233; x_wconf 83' lang='lat' dir='ltr'><strong><em>peccato,</em></strong></span> 
     </span>
    </p>
   </div>
   <div class='ocr_carea' id='block_1_44' title="bbox 326 4250 1893 4322">
    <p class='ocr_par' dir='ltr' id='par_1_44' title="bbox 326 4250 1893 4322">
     <span class='ocr_line' id='line_1_44' title="bbox 326 4250 1893 4322; baseline 0.001 -19"><span class='ocrx_word' id='word_1_353' title='bbox 326 4266 421 4318; x_wconf 89' lang='lat' dir='ltr'><strong><em>per</em></strong></span> <span class='ocrx_word' id='word_1_354' title='bbox 448 4250 604 4304; x_wconf 79' lang='lat' dir='ltr'><strong><em>fidem</em></strong></span> <span class='ocrx_word' id='word_1_355' title='bbox 642 4252 806 4319; x_wconf 80' lang='lat' dir='ltr'><strong><em>gratia</em></strong></span> <span class='ocrx_word' id='word_1_356' title='bbox 836 4254 1156 4322; x_wconf 67' lang='lat' dir='ltr'><strong><em>requiratur.</em></strong></span> <span class='ocrx_word' id='word_1_357' title='bbox 1206 4251 1319 4306; x_wconf 82' lang='lat' dir='ltr'><strong><em>Non</em></strong></span> <span class='ocrx_word' id='word_1_358' title='bbox 1349 4260 1525 4306; x_wconf 89' lang='lat' dir='ltr'><strong><em>autem</em></strong></span> <span class='ocrx_word' id='word_1_359' title='bbox 1571 4253 1755 4306; x_wconf 88' lang='lat' dir='ltr'><strong><em>timent</em></strong></span> <span class='ocrx_word' id='word_1_360' title='bbox 1796 4253 1893 4305; x_wconf 82' lang='lat' dir='ltr'><strong><em>ista</em></strong></span> 
     </span>
    </p>
   </div>
   <div class='ocr_carea' id='block_1_45' title="bbox 323 4340 1895 4413">
    <p class='ocr_par' dir='ltr' id='par_1_45' title="bbox 323 4340 1895 4413">
     <span class='ocr_line' id='line_1_45' title="bbox 323 4340 1895 4413; baseline 0.002 -19"><span class='ocrx_word' id='word_1_361' title='bbox 323 4340 392 4394; x_wconf 90' lang='lat' dir='ltr'><strong><em>de</em></strong></span> <span class='ocrx_word' id='word_1_362' title='bbox 431 4341 684 4409; x_wconf 82' lang='lat' dir='ltr'><strong><em>Apostolo</em></strong></span> <span class='ocrx_word' id='word_1_363' title='bbox 726 4341 982 4411; x_wconf 78' lang='lat' dir='ltr'><strong><em>intelligi,</em></strong></span> <span class='ocrx_word' id='word_1_364' title='bbox 1027 4358 1144 4413; x_wconf 72' lang='lat' dir='ltr'><strong><em>qua:</em></strong></span> <span class='ocrx_word' id='word_1_365' title='bbox 1191 4351 1370 4412; x_wconf 90' lang='lat' dir='ltr'><strong><em>posset</em></strong></span> <span class='ocrx_word' id='word_1_366' title='bbox 1411 4350 1466 4397; x_wconf 90' lang='lat' dir='ltr'><strong><em>et</em></strong></span> <span class='ocrx_word' id='word_1_367' title='bbox 1505 4341 1573 4396; x_wconf 91' lang='lat' dir='ltr'><strong><em>de</em></strong></span> <span class='ocrx_word' id='word_1_368' title='bbox 1614 4341 1895 4411; x_wconf 59' lang='lat' dir='ltr'><strong><em>praeteritis</em></strong></span> 
     </span>
    </p>
   </div>
   <div class='ocr_carea' id='block_1_46' title="bbox 323 4432 1890 4503">
    <p class='ocr_par' dir='ltr' id='par_1_46' title="bbox 323 4432 1890 4503">
     <span class='ocr_line' id='line_1_46' title="bbox 323 4432 1890 4503; baseline -0.001 -19"><span class='ocrx_word' id='word_1_369' title='bbox 323 4433 434 4485; x_wconf 76' lang='lat' dir='ltr'><strong><em>suis</em></strong></span> <span class='ocrx_word' id='word_1_370' title='bbox 452 4432 649 4498; x_wconf 77' lang='lat' dir='ltr'><strong><em>dicere,</em></strong></span> <span class='ocrx_word' id='word_1_371' title='bbox 675 4432 766 4486; x_wconf 86' lang='lat' dir='ltr'><strong><em>sed</em></strong></span> <span class='ocrx_word' id='word_1_372' title='bbox 802 4446 861 4486; x_wconf 91' lang='lat' dir='ltr'><strong><em>ea</em></strong></span> <span class='ocrx_word' id='word_1_373' title='bbox 892 4449 1009 4503; x_wconf 75' lang='lat' dir='ltr'><strong><em>qum</em></strong></span> <span class='ocrx_word' id='word_1_374' title='bbox 1038 4443 1330 4502; x_wconf 86' lang='lat' dir='ltr'><strong><em>sequuntur</em></strong></span> <span class='ocrx_word' id='word_1_375' title='bbox 1359 4432 1562 4487; x_wconf 89' lang='lat' dir='ltr'><strong><em>timent.</em></strong></span> <span class='ocrx_word' id='word_1_376' title='bbox 1593 4432 1687 4486; x_wconf 90' lang='lat' dir='ltr'><strong><em>llic</em></strong></span> <span class='ocrx_word' id='word_1_377' title='bbox 1714 4432 1853 4485; x_wconf 67' lang='lat' dir='ltr'><strong><em>cutim</em></strong></span> <span class='ocrx_word' id='word_1_378' title='bbox 1877 4448 1890 4483; x_wconf 92' lang='lat'>:</span> 
     </span>
    </p>
   </div>
   <div class='ocr_carea' id='block_1_47' title="bbox 322 4517 1890 4591">
    <p class='ocr_par' dir='ltr' id='par_1_47' title="bbox 322 4517 1890 4591">
     <span class='ocr_line' id='line_1_47' title="bbox 322 4517 1890 4591; baseline -0.001 -16"><span class='ocrx_word' id='word_1_379' title='bbox 322 4517 810 4588; x_wconf 83' lang='lat' dir='ltr'><strong><em>Coucupiscentiam,</em></strong></span> <span class='ocrx_word' id='word_1_380' title='bbox 855 4522 1041 4591; x_wconf 82' lang='lat' dir='ltr'><strong><em>inquit,</em></strong></span> <span class='ocrx_word' id='word_1_381' title='bbox 1086 4523 1382 4588; x_wconf 85' lang='lat' dir='ltr'><strong><em>nesciebam,</em></strong></span> <span class='ocrx_word' id='word_1_382' title='bbox 1428 4523 1525 4577; x_wconf 88' lang='lat' dir='ltr'><strong><em>nisi</em></strong></span> <span class='ocrx_word' id='word_1_383' title='bbox 1568 4522 1651 4577; x_wconf 80' lang='lat' dir='ltr'><strong><em>lea:</em></strong></span> <span class='ocrx_word' id='word_1_384' title='bbox 1687 4522 1890 4587; x_wconf 81' lang='lat' dir='ltr'><strong><em>diceret,</em></strong></span> 
     </span>
    </p>
   </div>
   <div class='ocr_carea' id='block_1_48' title="bbox 323 4608 1893 4683">
    <p class='ocr_par' dir='ltr' id='par_1_48' title="bbox 323 4608 1893 4683">
     <span class='ocr_line' id='line_1_48' title="bbox 323 4608 1893 4683; baseline 0.003 -22"><span class='ocrx_word' id='word_1_385' title='bbox 323 4608 445 4662; x_wconf 80' lang='lat' dir='ltr'><strong><em>Non</em></strong></span> <span class='ocrx_word' id='word_1_386' title='bbox 476 4611 813 4680; x_wconf 85' lang='lat' dir='ltr'><strong><em>concupisces.</em></strong></span> <span class='ocrx_word' id='word_1_387' title='bbox 846 4611 1119 4665; x_wconf 78' lang='lat' dir='ltr'><strong><em>Occasione</em></strong></span> <span class='ocrx_word' id='word_1_388' title='bbox 1159 4622 1325 4677; x_wconf 87' lang='lat' dir='ltr'><strong><em>autem</em></strong></span> <span class='ocrx_word' id='word_1_389' title='bbox 1367 4622 1592 4682; x_wconf 88' lang='lat' dir='ltr'><strong><em>accepta,</em></strong></span> <span class='ocrx_word' id='word_1_390' title='bbox 1635 4625 1893 4683; x_wconf 84' lang='lat' dir='ltr'><strong><em>peccatum</em></strong></span> 
     </span>
    </p>
   </div>
   <div class='ocr_carea' id='block_1_49' title="bbox 320 4704 1890 4775">
    <p class='ocr_par' dir='ltr' id='par_1_49' title="bbox 320 4704 1890 4775">
     <span class='ocr_line' id='line_1_49' title="bbox 320 4704 1890 4775; baseline 0.003 -22"><span class='ocrx_word' id='word_1_391' title='bbox 320 4716 411 4769; x_wconf 87' lang='lat' dir='ltr'><strong><em>per</em></strong></span> <span class='ocrx_word' id='word_1_392' title='bbox 431 4704 721 4755; x_wconf 85' lang='lat' dir='ltr'><strong><em>mandatum</em></strong></span> <span class='ocrx_word' id='word_1_393' title='bbox 742 4715 1002 4771; x_wconf 86' lang='lat' dir='ltr'><strong><em>operatum</em></strong></span> <span class='ocrx_word' id='word_1_394' title='bbox 1026 4713 1096 4757; x_wconf 90' lang='lat' dir='ltr'><strong><em>est</em></strong></span> <span class='ocrx_word' id='word_1_395' title='bbox 1115 4704 1167 4757; x_wconf 90' lang='lat' dir='ltr'><strong><em>in</em></strong></span> <span class='ocrx_word' id='word_1_396' title='bbox 1194 4720 1272 4757; x_wconf 92' lang='lat' dir='ltr'><strong><em>me</em></strong></span> <span class='ocrx_word' id='word_1_397' title='bbox 1309 4719 1502 4757; x_wconf 89' lang='lat' dir='ltr'><strong><em>omnem</em></strong></span> <span class='ocrx_word' id='word_1_398' title='bbox 1530 4704 1890 4775; x_wconf 88' lang='lat' dir='ltr'><strong><em>concupiscen-</em></strong></span> 
     </span>
    </p>
   </div>
   <div class='ocr_carea' id='block_1_50' title="bbox 318 4790 1890 4867">
    <p class='ocr_par' dir='ltr' id='par_1_50' title="bbox 318 4790 1890 4867">
     <span class='ocr_line' id='line_1_50' title="bbox 318 4790 1890 4867; baseline 0.003 -25"><span class='ocrx_word' id='word_1_399' title='bbox 318 4791 461 4843; x_wconf 82' lang='lat' dir='ltr'><strong><em>tiam.</em></strong></span> <span class='ocrx_word' id='word_1_400' title='bbox 493 4790 619 4846; x_wconf 88' lang='lat' dir='ltr'><strong><em>Sine</em></strong></span> <span class='ocrx_word' id='word_1_401' title='bbox 642 4793 747 4863; x_wconf 80' lang='lat' dir='ltr'><strong><em>lege</em></strong></span> <span class='ocrx_word' id='word_1_402' title='bbox 773 4794 903 4847; x_wconf 89' lang='lat' dir='ltr'><strong><em>enim</em></strong></span> <span class='ocrx_word' id='word_1_403' title='bbox 935 4803 1191 4861; x_wconf 88' lang='lat' dir='ltr'><strong><em>peccatum</em></strong></span> <span class='ocrx_word' id='word_1_404' title='bbox 1230 4803 1483 4849; x_wconf 89' lang='lat' dir='ltr'><strong><em>mortuum</em></strong></span> <span class='ocrx_word' id='word_1_405' title='bbox 1524 4804 1593 4850; x_wconf 89' lang='lat' dir='ltr'><strong><em>est</em></strong></span> <span class='ocrx_word' id='word_1_406' title='bbox 1619 4810 1639 4850; x_wconf 92' lang='lat'><strong><em>:</em></strong></span> <span class='ocrx_word' id='word_1_407' title='bbox 1674 4812 1764 4867; x_wconf 87' lang='lat' dir='ltr'><strong><em>ego</em></strong></span> <span class='ocrx_word' id='word_1_408' title='bbox 1793 4812 1890 4848; x_wconf 86' lang='lat' dir='ltr'><strong><em>au-</em></strong></span> 
     </span>
    </p>
   </div>
   <div class='ocr_carea' id='block_1_51' title="bbox 315 4881 1888 4955">
    <p class='ocr_par' dir='ltr' id='par_1_51' title="bbox 315 4881 1888 4955">
     <span class='ocr_line' id='line_1_51' title="bbox 315 4881 1888 4955; baseline 0.005 -24"><span class='ocrx_word' id='word_1_409' title='bbox 315 4890 413 4932; x_wconf 75' lang='lat' dir='ltr'><strong><em>lem</em></strong></span> <span class='ocrx_word' id='word_1_410' title='bbox 460 4881 675 4936; x_wconf 72' lang='lat' dir='ltr'><strong><em>vivebam</em></strong></span> <span class='ocrx_word' id='word_1_411' title='bbox 718 4884 990 4954; x_wconf 85' lang='lat' dir='ltr'><strong><em>aliquando</em></strong></span> <span class='ocrx_word' id='word_1_412' title='bbox 1034 4885 1141 4938; x_wconf 85' lang='lat' dir='ltr'><strong><em>sine</em></strong></span> <span class='ocrx_word' id='word_1_413' title='bbox 1190 4884 1297 4955; x_wconf 86' lang='lat' dir='ltr'><strong><em>lege</em></strong></span> <span class='ocrx_word' id='word_1_414' title='bbox 1328 4900 1348 4940; x_wconf 93' lang='lat'><strong><em>:</em></strong></span> <span class='ocrx_word' id='word_1_415' title='bbox 1393 4886 1681 4940; x_wconf 84' lang='lat' dir='ltr'><strong><em>adveniente</em></strong></span> <span class='ocrx_word' id='word_1_416' title='bbox 1724 4897 1888 4940; x_wconf 84' lang='lat' dir='ltr'><strong><em>autent</em></strong></span> 
     </span>
    </p>
   </div>
   <div class='ocr_carea' id='block_1_52' title="bbox 310 4972 1883 5045">
    <p class='ocr_par' dir='ltr' id='par_1_52' title="bbox 310 4972 1883 5045">
     <span class='ocr_line' id='line_1_52' title="bbox 310 4972 1883 5045; baseline 0.007 -25"><span class='ocrx_word' id='word_1_417' title='bbox 310 4972 558 5041; x_wconf 72' lang='lat' dir='ltr'><strong><em>ptandato</em></strong></span> <span class='ocrx_word' id='word_1_418' title='bbox 604 4983 861 5041; x_wconf 88' lang='lat' dir='ltr'><strong><em>peccatum</em></strong></span> <span class='ocrx_word' id='word_1_419' title='bbox 905 4975 1078 5029; x_wconf 60' lang='lat' dir='ltr'><strong><em>reuixit</em></strong></span> <span class='ocrx_word' id='word_1_420' title='bbox 1098 4992 1116 5039; x_wconf 88' lang='lat'><strong><em>;</em></strong></span> <span class='ocrx_word' id='word_1_421' title='bbox 1145 4991 1236 5045; x_wconf 90' lang='lat' dir='ltr'><strong><em>ego</em></strong></span> <span class='ocrx_word' id='word_1_422' title='bbox 1281 4986 1447 5029; x_wconf 82' lang='lat' dir='ltr'><strong><em>autem</em></strong></span> <span class='ocrx_word' id='word_1_423' title='bbox 1491 4987 1716 5030; x_wconf 89' lang='lat' dir='ltr'><strong><em>mortuus</em></strong></span> <span class='ocrx_word' id='word_1_424' title='bbox 1753 4995 1883 5032; x_wconf 90' lang='lat' dir='ltr'><strong><em>sum.</em></strong></span> 
     </span>
    </p>
   </div>
   <div class='ocr_carea' id='block_1_53' title="bbox 316 5056 1884 5136">
    <p class='ocr_par' dir='ltr' id='par_1_53' title="bbox 316 5056 1884 5136">
     <span class='ocr_line' id='line_1_53' title="bbox 316 5056 1884 5136; baseline 0.008 -27"><span class='ocrx_word' id='word_1_425' title='bbox 316 5056 384 5110; x_wconf 83' lang='lat' dir='ltr'><strong><em>Et</em></strong></span> <span class='ocrx_word' id='word_1_426' title='bbox 435 5059 684 5114; x_wconf 75' lang='lat' dir='ltr'><strong><em>inventum</em></strong></span> <span class='ocrx_word' id='word_1_427' title='bbox 725 5074 798 5118; x_wconf 90' lang='lat' dir='ltr'><strong><em>est</em></strong></span> <span class='ocrx_word' id='word_1_428' title='bbox 833 5064 958 5117; x_wconf 87' lang='lat' dir='ltr'><strong><em>mihi</em></strong></span> <span class='ocrx_word' id='word_1_429' title='bbox 996 5066 1309 5129; x_wconf 87' lang='lat' dir='ltr'><strong><em>mandatum,</em></strong></span> <span class='ocrx_word' id='word_1_430' title='bbox 1339 5067 1474 5136; x_wconf 88' lang='lat' dir='ltr'><strong><em>quod</em></strong></span> <span class='ocrx_word' id='word_1_431' title='bbox 1499 5076 1606 5122; x_wconf 89' lang='lat' dir='ltr'><strong><em>erat</em></strong></span> <span class='ocrx_word' id='word_1_432' title='bbox 1634 5069 1685 5122; x_wconf 90' lang='lat' dir='ltr'><strong><em>in</em></strong></span> <span class='ocrx_word' id='word_1_433' title='bbox 1714 5070 1884 5131; x_wconf 75' lang='lat' dir='ltr'><strong><em>vitam,</em></strong></span> 
     </span>
    </p>
   </div>
   <div class='ocr_carea' id='block_1_54' title="bbox 313 5149 1890 5226">
    <p class='ocr_par' dir='ltr' id='par_1_54' title="bbox 313 5149 1890 5226">
     <span class='ocr_line' id='line_1_54' title="bbox 313 5149 1890 5226; baseline 0.008 -27"><span class='ocrx_word' id='word_1_434' title='bbox 313 5149 411 5201; x_wconf 83' lang='lat' dir='ltr'><strong><em>hoc</em></strong></span> <span class='ocrx_word' id='word_1_435' title='bbox 435 5165 541 5203; x_wconf 89' lang='lat' dir='ltr'><strong><em>esse</em></strong></span> <span class='ocrx_word' id='word_1_436' title='bbox 577 5151 628 5204; x_wconf 93' lang='lat' dir='ltr'><strong><em>in</em></strong></span> <span class='ocrx_word' id='word_1_437' title='bbox 658 5164 882 5206; x_wconf 83' lang='lat' dir='ltr'><strong><em>mortem.</em></strong></span> <span class='ocrx_word' id='word_1_438' title='bbox 922 5152 1190 5208; x_wconf 80' lang='lat' dir='ltr'><strong><em>Peccatum</em></strong></span> <span class='ocrx_word' id='word_1_439' title='bbox 1219 5156 1369 5220; x_wconf 89' lang='lat' dir='ltr'><strong><em>enim,</em></strong></span> <span class='ocrx_word' id='word_1_440' title='bbox 1398 5166 1603 5226; x_wconf 87' lang='lat' dir='ltr'><strong><em>accepta</em></strong></span> <span class='ocrx_word' id='word_1_441' title='bbox 1630 5158 1890 5211; x_wconf 83' lang='lat' dir='ltr'><strong><em>occasione</em></strong></span> 
     </span>
    </p>
   </div>
   <div class='ocr_carea' id='block_1_55' title="bbox 310 5241 1887 5318">
    <p class='ocr_par' dir='ltr' id='par_1_55' title="bbox 310 5241 1887 5318">
     <span class='ocr_line' id='line_1_55' title="bbox 310 5241 1887 5318; baseline 0.006 -28"><span class='ocrx_word' id='word_1_442' title='bbox 310 5254 403 5309; x_wconf 82' lang='lat' dir='ltr'><strong><em>per</em></strong></span> <span class='ocrx_word' id='word_1_443' title='bbox 429 5241 741 5306; x_wconf 86' lang='lat' dir='ltr'><strong><em>mandatum,</em></strong></span> <span class='ocrx_word' id='word_1_444' title='bbox 770 5243 949 5313; x_wconf 76' lang='lat' dir='ltr'><strong><em>fefellit</em></strong></span> <span class='ocrx_word' id='word_1_445' title='bbox 985 5260 1080 5308; x_wconf 80' lang='lat' dir='ltr'><strong><em>me,</em></strong></span> <span class='ocrx_word' id='word_1_446' title='bbox 1117 5255 1163 5299; x_wconf 91' lang='lat' dir='ltr'><strong><em>et</em></strong></span> <span class='ocrx_word' id='word_1_447' title='bbox 1192 5261 1279 5314; x_wconf 91' lang='lat' dir='ltr'><strong><em>per</em></strong></span> <span class='ocrx_word' id='word_1_448' title='bbox 1311 5244 1438 5299; x_wconf 91' lang='lat' dir='ltr'><strong><em>illud</em></strong></span> <span class='ocrx_word' id='word_1_449' title='bbox 1466 5247 1663 5300; x_wconf 88' lang='lat' dir='ltr'><strong><em>occidit.</em></strong></span> <span class='ocrx_word' id='word_1_450' title='bbox 1708 5246 1887 5318; x_wconf 87' lang='lat' dir='ltr'><strong><em>Itaque</em></strong></span> 
     </span>
    </p>
   </div>
   <div class='ocr_carea' id='block_1_56' title="bbox 310 5329 1886 5403">
    <p class='ocr_par' dir='ltr' id='par_1_56' title="bbox 310 5329 1886 5403">
     <span class='ocr_line' id='line_1_56' title="bbox 310 5329 1886 5403; baseline 0.008 -22"><span class='ocrx_word' id='word_1_451' title='bbox 310 5329 396 5382; x_wconf 83' lang='lat' dir='ltr'><strong><em>lea:</em></strong></span> <span class='ocrx_word' id='word_1_452' title='bbox 421 5332 621 5398; x_wconf 79' lang='lat' dir='ltr'><strong><em>quidem</em></strong></span> <span class='ocrx_word' id='word_1_453' title='bbox 669 5345 860 5399; x_wconf 74' lang='lat' dir='ltr'><strong><em>sancta,</em></strong></span> <span class='ocrx_word' id='word_1_454' title='bbox 893 5344 938 5387; x_wconf 90' lang='lat' dir='ltr'><strong><em>et</em></strong></span> <span class='ocrx_word' id='word_1_455' title='bbox 969 5335 1259 5390; x_wconf 87' lang='lat' dir='ltr'><strong><em>mandatum</em></strong></span> <span class='ocrx_word' id='word_1_456' title='bbox 1287 5347 1514 5391; x_wconf 87' lang='lat' dir='ltr'><strong><em>sanctum</em></strong></span> <span class='ocrx_word' id='word_1_457' title='bbox 1541 5349 1586 5391; x_wconf 91' lang='lat' dir='ltr'><strong><em>et</em></strong></span> <span class='ocrx_word' id='word_1_458' title='bbox 1615 5339 1801 5403; x_wconf 84' lang='lat' dir='ltr'><strong><em>iustum</em></strong></span> <span class='ocrx_word' id='word_1_459' title='bbox 1838 5348 1886 5393; x_wconf 88' lang='lat' dir='ltr'><strong><em>et</em></strong></span> 
     </span>
    </p>
   </div>
   <div class='ocr_carea' id='block_1_57' title="bbox 314 5412 1886 5498">
    <p class='ocr_par' dir='ltr' id='par_1_57' title="bbox 314 5412 1886 5498">
     <span class='ocr_line' id='line_1_57' title="bbox 314 5412 1886 5498; baseline 0.007 -25"><span class='ocrx_word' id='word_1_460' title='bbox 314 5419 514 5473; x_wconf 73' lang='lat' dir='ltr'><strong><em>bonum.</em></strong></span> <span class='ocrx_word' id='word_1_461' title='bbox 549 5422 697 5489; x_wconf 61' lang='lat' dir='ltr'><strong><em>Quad</em></strong></span> <span class='ocrx_word' id='word_1_462' title='bbox 730 5440 846 5496; x_wconf 79' lang='lat' dir='ltr'><strong><em>ergo</em></strong></span> <span class='ocrx_word' id='word_1_463' title='bbox 888 5425 1069 5479; x_wconf 88' lang='lat' dir='ltr'><strong><em>bonunt</em></strong></span> <span class='ocrx_word' id='word_1_464' title='bbox 1100 5437 1188 5491; x_wconf 86' lang='lat' dir='ltr'><strong><em>est,</em></strong></span> <span class='ocrx_word' id='word_1_465' title='bbox 1221 5428 1343 5481; x_wconf 86' lang='lat' dir='ltr'><strong><em>mihi</em></strong></span> <span class='ocrx_word' id='word_1_466' title='bbox 1384 5431 1571 5498; x_wconf 85' lang='lat' dir='ltr'><strong><em>factum</em></strong></span> <span class='ocrx_word' id='word_1_467' title='bbox 1610 5439 1681 5483; x_wconf 85' lang='lat' dir='ltr'><strong><em>est</em></strong></span> <span class='ocrx_word' id='word_1_468' title='bbox 1711 5412 1886 5484; x_wconf 81' lang='lat' dir='ltr'><strong><em>mors?</em></strong></span> 
     </span>
    </p>
   </div>
   <div class='ocr_carea' id='block_1_58' title="bbox 307 5510 1883 5590">
    <p class='ocr_par' dir='ltr' id='par_1_58' title="bbox 307 5510 1883 5590">
     <span class='ocr_line' id='line_1_58' title="bbox 307 5510 1883 5590; baseline 0.006 -26"><span class='ocrx_word' id='word_1_469' title='bbox 307 5510 469 5564; x_wconf 75' lang='lat' dir='ltr'><strong><em>Absit.</em></strong></span> <span class='ocrx_word' id='word_1_470' title='bbox 501 5513 607 5567; x_wconf 77' lang='lat' dir='ltr'><strong><em>Sed</em></strong></span> <span class='ocrx_word' id='word_1_471' title='bbox 633 5527 887 5582; x_wconf 83' lang='lat' dir='ltr'><strong><em>peccatum</em></strong></span> <span class='ocrx_word' id='word_1_472' title='bbox 922 5527 974 5570; x_wconf 89' lang='lat' dir='ltr'><strong><em>ut</em></strong></span> <span class='ocrx_word' id='word_1_473' title='bbox 998 5529 1240 5587; x_wconf 82' lang='lat' dir='ltr'><strong><em>appareat</em></strong></span> <span class='ocrx_word' id='word_1_474' title='bbox 1280 5530 1553 5590; x_wconf 87' lang='lat' dir='ltr'><strong><em>peccatum,</em></strong></span> <span class='ocrx_word' id='word_1_475' title='bbox 1588 5536 1675 5590; x_wconf 89' lang='lat' dir='ltr'><strong><em>per</em></strong></span> <span class='ocrx_word' id='word_1_476' title='bbox 1702 5522 1883 5573; x_wconf 83' lang='lat' dir='ltr'><strong><em>bonum</em></strong></span> 
     </span>
    </p>
   </div>
   <div class='ocr_carea' id='block_1_59' title="bbox 308 5602 1882 5682">
    <p class='ocr_par' dir='ltr' id='par_1_59' title="bbox 308 5602 1882 5682">
     <span class='ocr_line' id='line_1_59' title="bbox 308 5602 1882 5682; baseline 0.006 -28"><span class='ocrx_word' id='word_1_477' title='bbox 308 5602 434 5655; x_wconf 72' lang='lat' dir='ltr'><strong><em>mihi</em></strong></span> <span class='ocrx_word' id='word_1_478' title='bbox 461 5615 722 5672; x_wconf 85' lang='lat' dir='ltr'><strong><em>operatum</em></strong></span> <span class='ocrx_word' id='word_1_479' title='bbox 761 5618 833 5660; x_wconf 86' lang='lat' dir='ltr'><strong><em>est</em></strong></span> <span class='ocrx_word' id='word_1_480' title='bbox 860 5619 1086 5673; x_wconf 71' lang='lat' dir='ltr'><strong><em>mortua,</em></strong></span> <span class='ocrx_word' id='word_1_481' title='bbox 1111 5620 1164 5661; x_wconf 92' lang='lat' dir='ltr'><strong><em>ut</em></strong></span> <span class='ocrx_word' id='word_1_482' title='bbox 1208 5611 1296 5678; x_wconf 79' lang='lat' dir='ltr'><strong><em>ﬁat</em></strong></span> <span class='ocrx_word' id='word_1_483' title='bbox 1322 5627 1475 5681; x_wconf 87' lang='lat' dir='ltr'><strong><em>supra</em></strong></span> <span class='ocrx_word' id='word_1_484' title='bbox 1521 5612 1722 5663; x_wconf 82' lang='lat' dir='ltr'><strong><em>modum</em></strong></span> <span class='ocrx_word' id='word_1_485' title='bbox 1768 5626 1882 5682; x_wconf 61' lang='lat' dir='ltr'><strong><em>paco</em></strong></span> 
     </span>
    </p>
   </div>
   <div class='ocr_carea' id='block_1_60' title="bbox 373 5693 921 5761">
    <p class='ocr_par' dir='ltr' id='par_1_60' title="bbox 373 5693 921 5761">
     <span class='ocr_line' id='line_1_60' title="bbox 373 5693 921 5761; baseline 0.009 -20"><span class='ocrx_word' id='word_1_486' title='bbox 373 5693 393 5761; x_wconf 66' lang='grc' dir='ltr'><strong>ξ</strong></span> <span class='ocrx_word' id='word_1_487' title='bbox 425 5700 499 5761; x_wconf 73' lang='lat' dir='ltr'><strong><em>Er.</em></strong></span> <span class='ocrx_word' id='word_1_488' title='bbox 525 5704 576 5745; x_wconf 88' lang='lat' dir='ltr'><strong><em>et</em></strong></span> <span class='ocrx_word' id='word_1_489' title='bbox 598 5702 723 5755; x_wconf 82' lang='lat' dir='ltr'><strong><em>tov.,</em></strong></span> <span class='ocrx_word' id='word_1_490' title='bbox 748 5700 921 5761; x_wconf 84' lang='lat' dir='ltr'><strong><em>aufert.</em></strong></span> 
     </span>
    </p>
   </div>
   <div class='ocr_carea' id='block_1_61' title="bbox 368 5753 1272 5823">
    <p class='ocr_par' dir='ltr' id='par_1_61' title="bbox 368 5753 1272 5823">
     <span class='ocr_line' id='line_1_61' title="bbox 368 5753 1272 5823; baseline 0.009 -18"><span class='ocrx_word' id='word_1_491' title='bbox 368 5753 394 5790; x_wconf 79' lang='grc'>²</span> <span class='ocrx_word' id='word_1_492' title='bbox 421 5756 495 5806; x_wconf 80' lang='lat' dir='ltr'><strong><em>Sic</em></strong></span> <span class='ocrx_word' id='word_1_493' title='bbox 514 5769 682 5808; x_wconf 78' lang='lat' dir='ltr'><strong><em>oumes</em></strong></span> <span class='ocrx_word' id='word_1_494' title='bbox 838 5768 887 5810; x_wconf 70' lang='lat' dir='ltr'><strong><em>Al</em></strong></span> <span class='ocrx_word' id='word_1_495' title='bbox 910 5761 1042 5823; x_wconf 80' lang='lat' dir='ltr'><strong><em>editi,</em></strong></span> <span class='ocrx_word' id='word_1_496' title='bbox 1068 5761 1272 5813; x_wconf 84' lang='lat' dir='ltr'><strong><em>abolitio.</em></strong></span> 
     </span>
    </p>
   </div>
   <div class='ocr_carea' id='block_1_62' title="bbox 1699 333 2211 395">
    <p class='ocr_par' dir='ltr' id='par_1_62' title="bbox 1699 333 2211 395">
     <span class='ocr_line' id='line_1_62' title="bbox 1699 333 2211 395; baseline 0.002 -1"><span class='ocrx_word' id='word_1_497' title='bbox 1699 333 1900 394; x_wconf 79' lang='lat' dir='ltr'><strong><em>LIBER</em></strong></span> <span class='ocrx_word' id='word_1_498' title='bbox 1940 333 2100 394; x_wconf 70' lang='lat' dir='ltr'><strong><em>PillM</em></strong></span> <span class='ocrx_word' id='word_1_499' title='bbox 2111 335 2211 395; x_wconf 86' lang='lat' dir='ltr'><strong><em>US.</em></strong></span> 
     </span>
    </p>
   </div>
   <div class='ocr_carea' id='block_1_63' title="bbox 3478 348 3582 406">
    <p class='ocr_par' dir='ltr' id='par_1_63' title="bbox 3478 348 3582 406">
     <span class='ocr_line' id='line_1_63' title="bbox 3478 348 3582 406; baseline 0.019 -2"><span class='ocrx_word' id='word_1_500' title='bbox 3478 348 3582 406; x_wconf 63' lang='grc' dir='ltr'><strong><em>δεῖ</em></strong></span> 
     </span>
    </p>
   </div>
   <div class='ocr_carea' id='block_1_64' title="bbox 2015 459 3581 534">
    <p class='ocr_par' dir='ltr' id='par_1_64' title="bbox 2015 459 3581 534">
     <span class='ocr_line' id='line_1_64' title="bbox 2015 459 3581 534; baseline 0.007 -26"><span class='ocrx_word' id='word_1_501' title='bbox 2015 465 2152 509; x_wconf 86' lang='lat' dir='ltr'><strong><em>cator</em></strong></span> <span class='ocrx_word' id='word_1_502' title='bbox 2179 467 2266 511; x_wconf 90' lang='lat' dir='ltr'><strong><em>aut</em></strong></span> <span class='ocrx_word' id='word_1_503' title='bbox 2299 461 2581 526; x_wconf 70' lang='lat' dir='ltr'><strong><em>peccatum‘</em></strong></span> <span class='ocrx_word' id='word_1_504' title='bbox 2625 476 2713 530; x_wconf 86' lang='lat' dir='ltr'><strong><em>per</em></strong></span> <span class='ocrx_word' id='word_1_505' title='bbox 2740 462 3033 516; x_wconf 87' lang='lat' dir='ltr'><strong><em>mandatum</em></strong></span> <span class='ocrx_word' id='word_1_506' title='bbox 3075 459 3248 534; x_wconf 77' lang='lat' dir='ltr'><strong><em>(Rom.</em></strong></span> <span class='ocrx_word' id='word_1_507' title='bbox 3280 478 3370 530; x_wconf 82' lang='lat' dir='ltr'><strong><em>vlt,</em></strong></span> <span class='ocrx_word' id='word_1_508' title='bbox 3406 465 3581 533; x_wconf 72' lang='grc'><strong><em>1-13).</em></strong></span> 
     </span>
    </p>
   </div>
   <div class='ocr_carea' id='block_1_65' title="bbox 2018 547 3583 625">
    <p class='ocr_par' dir='ltr' id='par_1_65' title="bbox 2018 547 3583 625">
     <span class='ocr_line' id='line_1_65' title="bbox 2018 547 3583 625; baseline 0.007 -24"><span class='ocrx_word' id='word_1_509' title='bbox 2018 547 2141 602; x_wconf 68' lang='lat' dir='ltr'><strong><em>llaec</em></strong></span> <span class='ocrx_word' id='word_1_510' title='bbox 2176 549 2373 617; x_wconf 89' lang='lat' dir='ltr'><strong><em>omnia,</em></strong></span> <span class='ocrx_word' id='word_1_511' title='bbox 2416 551 2553 605; x_wconf 86' lang='lat' dir='ltr'><strong><em>sicut</em></strong></span> <span class='ocrx_word' id='word_1_512' title='bbox 2592 552 2721 617; x_wconf 80' lang='lat' dir='ltr'><strong><em>dixi,</em></strong></span> <span class='ocrx_word' id='word_1_513' title='bbox 2772 562 2943 622; x_wconf 87' lang='lat' dir='ltr'><strong><em>potest</em></strong></span> <span class='ocrx_word' id='word_1_514' title='bbox 2983 554 3147 609; x_wconf 85' lang='lat' dir='ltr'><strong><em>videri</em></strong></span> <span class='ocrx_word' id='word_1_515' title='bbox 3192 556 3476 625; x_wconf 71' lang='lat' dir='ltr'><strong><em>Apostolus</em></strong></span> <span class='ocrx_word' id='word_1_516' title='bbox 3514 559 3583 613; x_wconf 81' lang='lat' dir='ltr'><strong><em>de</em></strong></span> 
     </span>
    </p>
   </div>
   <div class='ocr_carea' id='block_1_66' title="bbox 2016 638 3582 716">
    <p class='ocr_par' dir='ltr' id='par_1_66' title="bbox 2016 638 3582 716">
     <span class='ocr_line' id='line_1_66' title="bbox 2016 638 3582 716; baseline 0.007 -26"><span class='ocrx_word' id='word_1_517' title='bbox 2016 650 2111 690; x_wconf 86' lang='lat' dir='ltr'><strong><em>sua</em></strong></span> <span class='ocrx_word' id='word_1_518' title='bbox 2132 638 2235 691; x_wconf 87' lang='lat' dir='ltr'><strong><em>vita</em></strong></span> <span class='ocrx_word' id='word_1_519' title='bbox 2261 655 2705 696; x_wconf 85' lang='lat' dir='ltr'><strong><em>commemorasse</em></strong></span> <span class='ocrx_word' id='word_1_520' title='bbox 2744 644 3005 711; x_wconf 66' lang='lat' dir='ltr'><strong><em>praeterita</em></strong></span> <span class='ocrx_word' id='word_1_521' title='bbox 3031 661 3045 698; x_wconf 91' lang='lat'>:</span> <span class='ocrx_word' id='word_1_522' title='bbox 3076 653 3132 699; x_wconf 92' lang='lat' dir='ltr'><strong><em>ut</em></strong></span> <span class='ocrx_word' id='word_1_523' title='bbox 3161 643 3287 699; x_wconf 88' lang='lat' dir='ltr'><strong><em>illud</em></strong></span> <span class='ocrx_word' id='word_1_524' title='bbox 3312 647 3453 716; x_wconf 89' lang='lat' dir='ltr'><strong><em>quod</em></strong></span> <span class='ocrx_word' id='word_1_525' title='bbox 3486 648 3582 709; x_wconf 88' lang='lat' dir='ltr'><strong><em>ait.</em></strong></span> 
     </span>
    </p>
   </div>
   <div class='ocr_carea' id='block_1_67' title="bbox 2017 725 3582 805">
    <p class='ocr_par' dir='ltr' id='par_1_67' title="bbox 2017 725 3582 805">
     <span class='ocr_line' id='line_1_67' title="bbox 2017 725 3582 805; baseline 0.01 -27"><span class='ocrx_word' id='word_1_526' title='bbox 2017 725 2130 796; x_wconf 80' lang='lat' dir='ltr'><strong><em>Ego</em></strong></span> <span class='ocrx_word' id='word_1_527' title='bbox 2153 738 2319 781; x_wconf 83' lang='lat' dir='ltr'><strong><em>autem</em></strong></span> <span class='ocrx_word' id='word_1_528' title='bbox 2349 730 2566 784; x_wconf 81' lang='lat' dir='ltr'><strong><em>vivebam</em></strong></span> <span class='ocrx_word' id='word_1_529' title='bbox 2589 731 2862 801; x_wconf 88' lang='lat' dir='ltr'><strong><em>aliquando</em></strong></span> <span class='ocrx_word' id='word_1_530' title='bbox 2889 734 2997 787; x_wconf 89' lang='lat' dir='ltr'><strong><em>sine</em></strong></span> <span class='ocrx_word' id='word_1_531' title='bbox 3028 734 3170 805; x_wconf 87' lang='lat' dir='ltr'><strong><em>lege;</em></strong></span> <span class='ocrx_word' id='word_1_532' title='bbox 3198 745 3407 790; x_wconf 62' lang='lat' dir='ltr'><strong><em>aetatem</em></strong></span> <span class='ocrx_word' id='word_1_533' title='bbox 3433 753 3582 793; x_wconf 83' lang='lat' dir='ltr'><strong><em>suam</em></strong></span> 
     </span>
    </p>
   </div>
   <div class='ocr_carea' id='block_1_68' title="bbox 2018 816 3586 884">
    <p class='ocr_par' dir='ltr' id='par_1_68' title="bbox 2018 816 3586 884">
     <span class='ocr_line' id='line_1_68' title="bbox 2018 816 3586 884; baseline 0.009 -16"><span class='ocrx_word' id='word_1_534' title='bbox 2018 816 2237 884; x_wconf 83' lang='lat' dir='ltr'><strong><em>primam</em></strong></span> <span class='ocrx_word' id='word_1_535' title='bbox 2264 818 2331 871; x_wconf 89' lang='lat' dir='ltr'><strong><em>ab</em></strong></span> <span class='ocrx_word' id='word_1_536' title='bbox 2355 818 2574 874; x_wconf 81' lang='lat' dir='ltr'><strong><em>infantia</em></strong></span> <span class='ocrx_word' id='word_1_537' title='bbox 2600 830 2723 875; x_wconf 86' lang='lat' dir='ltr'><strong><em>ante</em></strong></span> <span class='ocrx_word' id='word_1_538' title='bbox 2746 823 3033 878; x_wconf 72' lang='lat' dir='ltr'><strong><em>rationales</em></strong></span> <span class='ocrx_word' id='word_1_539' title='bbox 3060 838 3227 880; x_wconf 89' lang='lat' dir='ltr'><strong><em>annos</em></strong></span> <span class='ocrx_word' id='word_1_540' title='bbox 3251 826 3476 882; x_wconf 89' lang='lat' dir='ltr'><strong><em>voluerit</em></strong></span> <span class='ocrx_word' id='word_1_541' title='bbox 3504 827 3586 883; x_wconf 83' lang='lat' dir='ltr'><strong><em>in—</em></strong></span> 
     </span>
    </p>
   </div>
   <div class='ocr_carea' id='block_1_69' title="bbox 2014 908 3584 981">
    <p class='ocr_par' dir='ltr' id='par_1_69' title="bbox 2014 908 3584 981">
     <span class='ocr_line' id='line_1_69' title="bbox 2014 908 3584 981; baseline 0.006 -19"><span class='ocrx_word' id='word_1_542' title='bbox 2014 908 2178 978; x_wconf 79' lang='lat' dir='ltr'><strong><em>telligi</em></strong></span> <span class='ocrx_word' id='word_1_543' title='bbox 2202 925 2217 962; x_wconf 88' lang='lat'><strong>:</strong></span> <span class='ocrx_word' id='word_1_544' title='bbox 2244 909 2381 979; x_wconf 90' lang='lat' dir='ltr'><strong><em>quod</em></strong></span> <span class='ocrx_word' id='word_1_545' title='bbox 2406 919 2579 965; x_wconf 89' lang='lat' dir='ltr'><strong><em>autem</em></strong></span> <span class='ocrx_word' id='word_1_546' title='bbox 2609 911 2877 981; x_wconf 76' lang='lat' dir='ltr'><strong><em>adjunxit,</em></strong></span> <span class='ocrx_word' id='word_1_547' title='bbox 2917 913 3221 970; x_wconf 79' lang='lat' dir='ltr'><strong><em>Adveniente</em></strong></span> <span class='ocrx_word' id='word_1_548' title='bbox 3243 926 3409 971; x_wconf 87' lang='lat' dir='ltr'><strong><em>autem</em></strong></span> <span class='ocrx_word' id='word_1_549' title='bbox 3442 935 3584 972; x_wconf 88' lang='lat' dir='ltr'><strong><em>man-</em></strong></span> 
     </span>
    </p>
   </div>
   <div class='ocr_carea' id='block_1_70' title="bbox 2013 997 3582 1077">
    <p class='ocr_par' dir='ltr' id='par_1_70' title="bbox 2013 997 3582 1077">
     <span class='ocr_line' id='line_1_70' title="bbox 2013 997 3582 1077; baseline 0.007 -27"><span class='ocrx_word' id='word_1_550' title='bbox 2013 997 2133 1052; x_wconf 92' lang='lat' dir='ltr'><strong><em>dato</em></strong></span> <span class='ocrx_word' id='word_1_551' title='bbox 2157 1007 2414 1067; x_wconf 88' lang='lat' dir='ltr'><strong><em>peccatum</em></strong></span> <span class='ocrx_word' id='word_1_552' title='bbox 2449 1001 2663 1065; x_wconf 75' lang='lat' dir='ltr'><strong><em>reuixit;</em></strong></span> <span class='ocrx_word' id='word_1_553' title='bbox 2703 1017 2793 1072; x_wconf 88' lang='lat' dir='ltr'><strong><em>ego</em></strong></span> <span class='ocrx_word' id='word_1_554' title='bbox 2818 1012 2989 1056; x_wconf 81' lang='lat' dir='ltr'><strong><em>autem</em></strong></span> <span class='ocrx_word' id='word_1_555' title='bbox 3029 1014 3255 1058; x_wconf 90' lang='lat' dir='ltr'><strong><em>mortuus</em></strong></span> <span class='ocrx_word' id='word_1_556' title='bbox 3283 1022 3435 1073; x_wconf 87' lang='lat' dir='ltr'><strong><em>sum;</em></strong></span> <span class='ocrx_word' id='word_1_557' title='bbox 3473 1007 3582 1077; x_wconf 89' lang='lat' dir='ltr'><strong><em>jam</em></strong></span> 
     </span>
    </p>
   </div>
   <div class='ocr_carea' id='block_1_71' title="bbox 2012 1088 3585 1167">
    <p class='ocr_par' dir='ltr' id='par_1_71' title="bbox 2012 1088 3585 1167">
     <span class='ocr_line' id='line_1_71' title="bbox 2012 1088 3585 1167; baseline 0.008 -27"><span class='ocrx_word' id='word_1_558' title='bbox 2012 1100 2071 1140; x_wconf 90' lang='lat' dir='ltr'><strong><em>se</em></strong></span> <span class='ocrx_word' id='word_1_559' title='bbox 2101 1088 2346 1157; x_wconf 62' lang='lat' dir='ltr'><strong><em>praecepti</em></strong></span> <span class='ocrx_word' id='word_1_560' title='bbox 2367 1103 2640 1158; x_wconf 87' lang='lat' dir='ltr'><strong><em>capacem,</em></strong></span> <span class='ocrx_word' id='word_1_561' title='bbox 2660 1091 2755 1144; x_wconf 90' lang='lat' dir='ltr'><strong><em>sed</em></strong></span> <span class='ocrx_word' id='word_1_562' title='bbox 2784 1106 2888 1145; x_wconf 89' lang='lat' dir='ltr'><strong><em>non</em></strong></span> <span class='ocrx_word' id='word_1_563' title='bbox 2911 1091 3203 1161; x_wconf 74' lang='lat' dir='ltr'><strong><em>efficacem,</em></strong></span> <span class='ocrx_word' id='word_1_564' title='bbox 3226 1103 3281 1149; x_wconf 89' lang='lat' dir='ltr'><strong><em>et</em></strong></span> <span class='ocrx_word' id='word_1_565' title='bbox 3303 1096 3424 1153; x_wconf 90' lang='lat' dir='ltr'><strong><em>ideo</em></strong></span> <span class='ocrx_word' id='word_1_566' title='bbox 3448 1113 3585 1167; x_wconf 78' lang='lat' dir='ltr'><strong><em>pra:-</em></strong></span> 
     </span>
    </p>
   </div>
   <div class='ocr_carea' id='block_1_72' title="bbox 2012 1176 2877 1247">
    <p class='ocr_par' dir='ltr' id='par_1_72' title="bbox 2012 1176 2877 1247">
     <span class='ocr_line' id='line_1_72' title="bbox 2012 1176 2877 1247; baseline 0.006 -19"><span class='ocrx_word' id='word_1_567' title='bbox 2012 1176 2359 1231; x_wconf 87' lang='lat' dir='ltr'><strong><em>varicatorem</em></strong></span> <span class='ocrx_word' id='word_1_568' title='bbox 2397 1177 2526 1247; x_wconf 82' lang='lat' dir='ltr'><strong><em>legis</em></strong></span> <span class='ocrx_word' id='word_1_569' title='bbox 2550 1179 2877 1233; x_wconf 89' lang='lat' dir='ltr'><strong><em>ostenderet.</em></strong></span> 
     </span>
    </p>
   </div>
   <div class='ocr_carea' id='block_1_73' title="bbox 2082 1264 3585 1341">
    <p class='ocr_par' dir='ltr' id='par_1_73' title="bbox 2082 1264 3585 1341">
     <span class='ocr_line' id='line_1_73' title="bbox 2082 1264 3585 1341; baseline 0.006 -21"><span class='ocrx_word' id='word_1_570' title='bbox 2082 1264 2305 1321; x_wconf 81' lang='lat' dir='ltr'><strong>CAPUT</strong></span> <span class='ocrx_word' id='word_1_571' title='bbox 2344 1265 2523 1320; x_wconf 83' lang='grc' dir='ltr'><strong><em>ΙΧ.--</em></strong></span> <span class='ocrx_word' id='word_1_572' title='bbox 2548 1266 2633 1322; x_wconf 82' lang='lat' dir='ltr'><strong><em>I5.</em></strong></span> <span class='ocrx_word' id='word_1_573' title='bbox 2659 1264 2924 1322; x_wconf 82' lang='lat' dir='ltr'><strong><em>Voluntate</em></strong></span> <span class='ocrx_word' id='word_1_574' title='bbox 2947 1278 3134 1339; x_wconf 84' lang='lat' dir='ltr'><strong><em>peccat,</em></strong></span> <span class='ocrx_word' id='word_1_575' title='bbox 3169 1271 3254 1341; x_wconf 88' lang='lat' dir='ltr'><strong><em>qui</em></strong></span> <span class='ocrx_word' id='word_1_576' title='bbox 3271 1273 3378 1327; x_wconf 89' lang='lat' dir='ltr'><strong><em>solo</em></strong></span> <span class='ocrx_word' id='word_1_577' title='bbox 3408 1274 3585 1330; x_wconf 80' lang='lat' dir='ltr'><strong><em>timore</em></strong></span> 
     </span>
    </p>
   </div>
   <div class='ocr_carea' id='block_1_74' title="bbox 2010 1355 3582 1433">
    <p class='ocr_par' dir='ltr' id='par_1_74' title="bbox 2010 1355 3582 1433">
     <span class='ocr_line' id='line_1_74' title="bbox 2010 1355 3582 1433; baseline 0.008 -25"><span class='ocrx_word' id='word_1_578' title='bbox 2010 1370 2110 1409; x_wconf 78' lang='lat' dir='ltr'><strong><em>non</em></strong></span> <span class='ocrx_word' id='word_1_579' title='bbox 2133 1365 2324 1425; x_wconf 88' lang='lat' dir='ltr'><strong><em>peccat.</em></strong></span> <span class='ocrx_word' id='word_1_580' title='bbox 2341 1355 2448 1411; x_wconf 83' lang='lat' dir='ltr'><strong><em>Nec</em></strong></span> <span class='ocrx_word' id='word_1_581' title='bbox 2475 1365 2685 1413; x_wconf 80' lang='lat' dir='ltr'><strong><em>moveat</em></strong></span> <span class='ocrx_word' id='word_1_582' title='bbox 2708 1357 2849 1429; x_wconf 88' lang='lat' dir='ltr'><strong><em>quod</em></strong></span> <span class='ocrx_word' id='word_1_583' title='bbox 2868 1359 2935 1413; x_wconf 89' lang='lat' dir='ltr'><strong><em>ad</em></strong></span> <span class='ocrx_word' id='word_1_584' title='bbox 2956 1359 3326 1431; x_wconf 84' lang='lat' dir='ltr'><strong><em>Philippenses</em></strong></span> <span class='ocrx_word' id='word_1_585' title='bbox 3351 1364 3582 1433; x_wconf 87' lang='lat' dir='ltr'><strong><em>scripsit,</em></strong></span> 
     </span>
    </p>
   </div>
   <div class='ocr_carea' id='block_1_75' title="bbox 2010 1442 3586 1521">
    <p class='ocr_par' dir='ltr' id='par_1_75' title="bbox 2010 1442 3586 1521">
     <span class='ocr_line' id='line_1_75' title="bbox 2010 1442 3586 1521; baseline 0.006 -23"><span class='ocrx_word' id='word_1_586' title='bbox 2010 1442 2298 1498; x_wconf 87' lang='lat' dir='ltr'><strong><em>Secundum</em></strong></span> <span class='ocrx_word' id='word_1_587' title='bbox 2329 1445 2582 1513; x_wconf 87' lang='lat' dir='ltr'><strong><em>justitiam</em></strong></span> <span class='ocrx_word' id='word_1_588' title='bbox 2606 1461 2721 1517; x_wconf 67' lang='lat' dir='ltr'><strong><em>qua</em></strong></span> <span class='ocrx_word' id='word_1_589' title='bbox 2755 1447 2809 1501; x_wconf 90' lang='lat' dir='ltr'><strong><em>in</em></strong></span> <span class='ocrx_word' id='word_1_590' title='bbox 2846 1447 2955 1516; x_wconf 87' lang='lat' dir='ltr'><strong><em>lege</em></strong></span> <span class='ocrx_word' id='word_1_591' title='bbox 2992 1457 3083 1513; x_wconf 92' lang='lat' dir='ltr'><strong><em>est,</em></strong></span> <span class='ocrx_word' id='word_1_592' title='bbox 3111 1450 3197 1521; x_wconf 75' lang='lat' dir='ltr'><strong><em>qui</em></strong></span> <span class='ocrx_word' id='word_1_593' title='bbox 3233 1451 3451 1520; x_wconf 81' lang='lat' dir='ltr'><strong><em>fuerim&#39;</em></strong></span> <span class='ocrx_word' id='word_1_594' title='bbox 3477 1454 3586 1510; x_wconf 80' lang='lat' dir='ltr'><strong><em>sine</em></strong></span> 
     </span>
    </p>
   </div>
   <div class='ocr_carea' id='block_1_76' title="bbox 2008 1532 3585 1609">
    <p class='ocr_par' dir='ltr' id='par_1_76' title="bbox 2008 1532 3585 1609">
     <span class='ocr_line' id='line_1_76' title="bbox 2008 1532 3585 1609; baseline 0.009 -24"><span class='ocrx_word' id='word_1_595' title='bbox 2008 1532 2210 1602; x_wconf 86' lang='lat' dir='ltr'><strong><em>querela</em></strong></span> <span class='ocrx_word' id='word_1_596' title='bbox 2256 1533 2515 1607; x_wconf 79' lang='lat' dir='ltr'><strong><em>(Philipp.</em></strong></span> <span class='ocrx_word' id='word_1_597' title='bbox 2544 1550 2623 1601; x_wconf 87' lang='grc' dir='ltr'>ιιι,</span> <span class='ocrx_word' id='word_1_598' title='bbox 2655 1536 2730 1609; x_wconf 85' lang='grc'><strong><em>6).</em></strong></span> <span class='ocrx_word' id='word_1_599' title='bbox 2779 1536 2957 1591; x_wconf 87' lang='lat' dir='ltr'><strong><em>Potuit</em></strong></span> <span class='ocrx_word' id='word_1_600' title='bbox 2996 1538 3137 1593; x_wconf 83' lang='lat' dir='ltr'><strong><em>enim</em></strong></span> <span class='ocrx_word' id='word_1_601' title='bbox 3179 1553 3300 1595; x_wconf 88' lang='lat' dir='ltr'><strong><em>esse</em></strong></span> <span class='ocrx_word' id='word_1_602' title='bbox 3346 1541 3487 1597; x_wconf 90' lang='lat' dir='ltr'><strong><em>intus</em></strong></span> <span class='ocrx_word' id='word_1_603' title='bbox 3529 1543 3585 1599; x_wconf 90' lang='lat' dir='ltr'><strong><em>in</em></strong></span> 
     </span>
    </p>
   </div>
   <div class='ocr_carea' id='block_1_77' title="bbox 1966 1621 3585 1699">
    <p class='ocr_par' dir='ltr' id='par_1_77' title="bbox 1966 1621 3585 1699">
     <span class='ocr_line' id='line_1_77' title="bbox 1966 1621 3585 1699; baseline 0.009 -25"><span class='ocrx_word' id='word_1_604' title='bbox 1966 1658 1967 1661; x_wconf 60' lang='grc' dir='ltr'><strong>η</strong></span> <span class='ocrx_word' id='word_1_605' title='bbox 2008 1621 2372 1679; x_wconf 74' lang='lat' dir='ltr'><strong><em>affectionibus</em></strong></span> <span class='ocrx_word' id='word_1_606' title='bbox 2399 1624 2573 1694; x_wconf 78' lang='lat' dir='ltr'><strong><em>pravis</em></strong></span> <span class='ocrx_word' id='word_1_607' title='bbox 2601 1627 2980 1696; x_wconf 68' lang='lat' dir='ltr'><strong><em>praevaricator</em></strong></span> <span class='ocrx_word' id='word_1_608' title='bbox 2998 1628 3150 1699; x_wconf 85' lang='lat' dir='ltr'><strong><em>legis,</em></strong></span> <span class='ocrx_word' id='word_1_609' title='bbox 3172 1638 3227 1685; x_wconf 91' lang='lat' dir='ltr'><strong><em>et</em></strong></span> <span class='ocrx_word' id='word_1_610' title='bbox 3253 1640 3428 1688; x_wconf 87' lang='lat' dir='ltr'><strong><em>tamen</em></strong></span> <span class='ocrx_word' id='word_1_611' title='bbox 3453 1649 3585 1690; x_wconf 85' lang='lat' dir='ltr'><strong><em>con-</em></strong></span> 
     </span>
    </p>
   </div>
   <div class='ocr_carea' id='block_1_78' title="bbox 2006 1714 3583 1790">
    <p class='ocr_par' dir='ltr' id='par_1_78' title="bbox 2006 1714 3583 1790">
     <span class='ocr_line' id='line_1_78' title="bbox 2006 1714 3583 1790; baseline 0.006 -21"><span class='ocrx_word' id='word_1_612' title='bbox 2006 1714 2188 1784; x_wconf 89' lang='lat' dir='ltr'><strong><em>spicua</em></strong></span> <span class='ocrx_word' id='word_1_613' title='bbox 2216 1729 2380 1784; x_wconf 86' lang='lat' dir='ltr'><strong><em>opera</em></strong></span> <span class='ocrx_word' id='word_1_614' title='bbox 2409 1714 2540 1786; x_wconf 80' lang='lat' dir='ltr'><strong><em>legis</em></strong></span> <span class='ocrx_word' id='word_1_615' title='bbox 2565 1716 2804 1787; x_wconf 89' lang='lat' dir='ltr'><strong><em>implere,</em></strong></span> <span class='ocrx_word' id='word_1_616' title='bbox 2836 1717 2919 1771; x_wconf 87' lang='lat' dir='ltr'><strong><em>vel</em></strong></span> <span class='ocrx_word' id='word_1_617' title='bbox 2947 1717 3137 1776; x_wconf 90' lang='lat' dir='ltr'><strong><em>timore</em></strong></span> <span class='ocrx_word' id='word_1_618' title='bbox 3172 1718 3470 1790; x_wconf 87' lang='lat' dir='ltr'><strong><em>hominum,</em></strong></span> <span class='ocrx_word' id='word_1_619' title='bbox 3498 1724 3583 1780; x_wconf 85' lang='lat' dir='ltr'><strong><em>vel</em></strong></span> 
     </span>
    </p>
   </div>
   <div class='ocr_carea' id='block_1_79' title="bbox 2007 1803 3584 1876">
    <p class='ocr_par' dir='ltr' id='par_1_79' title="bbox 2007 1803 3584 1876">
     <span class='ocr_line' id='line_1_79' title="bbox 2007 1803 3584 1876; baseline 0.008 -19"><span class='ocrx_word' id='word_1_620' title='bbox 2007 1803 2170 1873; x_wconf 88' lang='lat' dir='ltr'><strong><em>ipsius</em></strong></span> <span class='ocrx_word' id='word_1_621' title='bbox 2207 1804 2331 1871; x_wconf 89' lang='lat' dir='ltr'><strong><em>Dei;</em></strong></span> <span class='ocrx_word' id='word_1_622' title='bbox 2377 1805 2471 1862; x_wconf 89' lang='lat' dir='ltr'><strong><em>sed</em></strong></span> <span class='ocrx_word' id='word_1_623' title='bbox 2515 1820 2686 1876; x_wconf 61' lang='lat' dir='ltr'><strong><em>ptume</em></strong></span> <span class='ocrx_word' id='word_1_624' title='bbox 2726 1805 3033 1875; x_wconf 81' lang='lat' dir='ltr'><strong><em>formidine,</em></strong></span> <span class='ocrx_word' id='word_1_625' title='bbox 3061 1824 3165 1863; x_wconf 92' lang='lat' dir='ltr'><strong><em>non</em></strong></span> <span class='ocrx_word' id='word_1_626' title='bbox 3209 1808 3492 1868; x_wconf 87' lang='lat' dir='ltr'><strong><em>dilectione</em></strong></span> <span class='ocrx_word' id='word_1_627' title='bbox 3528 1824 3584 1869; x_wconf 89' lang='lat' dir='ltr'><strong><em>et</em></strong></span> 
     </span>
    </p>
   </div>
   <div class='ocr_carea' id='block_1_80' title="bbox 2005 1894 3583 1967">
    <p class='ocr_par' dir='ltr' id='par_1_80' title="bbox 2005 1894 3583 1967">
     <span class='ocr_line' id='line_1_80' title="bbox 2005 1894 3583 1967; baseline 0.006 -18"><span class='ocrx_word' id='word_1_628' title='bbox 2005 1894 2393 1951; x_wconf 78' lang='lat' dir='ltr'><strong><em>delectatione’</em></strong></span> <span class='ocrx_word' id='word_1_629' title='bbox 2418 1896 2658 1967; x_wconf 84' lang='lat' dir='ltr'><strong><em>justitiac.</em></strong></span> <span class='ocrx_word' id='word_1_630' title='bbox 2683 1897 2838 1953; x_wconf 86' lang='lat' dir='ltr'><strong><em>Aliud</em></strong></span> <span class='ocrx_word' id='word_1_631' title='bbox 2858 1907 2939 1953; x_wconf 89' lang='lat' dir='ltr'><strong><em>est</em></strong></span> <span class='ocrx_word' id='word_1_632' title='bbox 2963 1899 3104 1954; x_wconf 88' lang='lat' dir='ltr'><strong><em>enim</em></strong></span> <span class='ocrx_word' id='word_1_633' title='bbox 3129 1900 3398 1957; x_wconf 84' lang='lat' dir='ltr'><strong><em>voluntate</em></strong></span> <span class='ocrx_word' id='word_1_634' title='bbox 3422 1904 3583 1960; x_wconf 87' lang='lat' dir='ltr'><strong><em>bene-</em></strong></span> 
     </span>
    </p>
   </div>
   <div class='ocr_carea' id='block_1_81' title="bbox 2005 1984 3580 2057">
    <p class='ocr_par' dir='ltr' id='par_1_81' title="bbox 2005 1984 3580 2057">
     <span class='ocr_line' id='line_1_81' title="bbox 2005 1984 3580 2057; baseline 0.009 -19"><span class='ocrx_word' id='word_1_635' title='bbox 2005 1984 2229 2043; x_wconf 88' lang='lat' dir='ltr'><strong><em>faciendi</em></strong></span> <span class='ocrx_word' id='word_1_636' title='bbox 2259 1987 2591 2057; x_wconf 86' lang='lat' dir='ltr'><strong><em>benefacere,</em></strong></span> <span class='ocrx_word' id='word_1_637' title='bbox 2621 1989 2764 2045; x_wconf 88' lang='lat' dir='ltr'><strong><em>aliud</em></strong></span> <span class='ocrx_word' id='word_1_638' title='bbox 2811 1999 2987 2046; x_wconf 88' lang='lat' dir='ltr'><strong><em>autem</em></strong></span> <span class='ocrx_word' id='word_1_639' title='bbox 3029 1991 3096 2046; x_wconf 89' lang='lat' dir='ltr'><strong><em>ad</em></strong></span> <span class='ocrx_word' id='word_1_640' title='bbox 3143 1992 3580 2051; x_wconf 86' lang='lat' dir='ltr'><strong><em>malefaciendum</em></strong></span> 
     </span>
    </p>
   </div>
   <div class='ocr_carea' id='block_1_82' title="bbox 2003 2076 3582 2156">
    <p class='ocr_par' dir='ltr' id='par_1_82' title="bbox 2003 2076 3582 2156">
     <span class='ocr_line' id='line_1_82' title="bbox 2003 2076 3582 2156; baseline 0.008 -25"><span class='ocrx_word' id='word_1_641' title='bbox 2003 2076 2084 2134; x_wconf 90' lang='lat' dir='ltr'><strong><em>sic</em></strong></span> <span class='ocrx_word' id='word_1_642' title='bbox 2109 2078 2376 2135; x_wconf 84' lang='lat' dir='ltr'><strong><em>voluntate</em></strong></span> <span class='ocrx_word' id='word_1_643' title='bbox 2398 2080 2660 2147; x_wconf 87' lang='lat' dir='ltr'><strong><em>inclinari,</em></strong></span> <span class='ocrx_word' id='word_1_644' title='bbox 2698 2087 2757 2135; x_wconf 92' lang='lat' dir='ltr'><strong><em>ut</em></strong></span> <span class='ocrx_word' id='word_1_645' title='bbox 2780 2081 2940 2136; x_wconf 89' lang='lat' dir='ltr'><strong><em>etiam</em></strong></span> <span class='ocrx_word' id='word_1_646' title='bbox 2968 2079 3168 2138; x_wconf 87' lang='lat' dir='ltr'><strong><em>faceret</em></strong></span> <span class='ocrx_word' id='word_1_647' title='bbox 3196 2083 3240 2137; x_wconf 91' lang='lat' dir='ltr'><strong><em>si</em></strong></span> <span class='ocrx_word' id='word_1_648' title='bbox 3272 2082 3372 2140; x_wconf 79' lang='lat' dir='ltr'><strong><em>ltoc</em></strong></span> <span class='ocrx_word' id='word_1_649' title='bbox 3405 2096 3582 2156; x_wconf 84' lang='lat' dir='ltr'><strong><em>posset</em></strong></span> 
     </span>
    </p>
   </div>
   <div class='ocr_carea' id='block_1_83' title="bbox 2004 2168 3582 2245">
    <p class='ocr_par' dir='ltr' id='par_1_83' title="bbox 2004 2168 3582 2245">
     <span class='ocr_line' id='line_1_83' title="bbox 2004 2168 3582 2245; baseline 0.008 -23"><span class='ocrx_word' id='word_1_650' title='bbox 2004 2168 2219 2239; x_wconf 89' lang='lat' dir='ltr'><strong><em>impune</em></strong></span> <span class='ocrx_word' id='word_1_651' title='bbox 2259 2171 2511 2240; x_wconf 86' lang='lat' dir='ltr'><strong><em>permitti.</em></strong></span> <span class='ocrx_word' id='word_1_652' title='bbox 2551 2170 2683 2226; x_wconf 85' lang='lat' dir='ltr'><strong><em>Nam</em></strong></span> <span class='ocrx_word' id='word_1_653' title='bbox 2709 2171 2788 2226; x_wconf 90' lang='lat' dir='ltr'><strong><em>sic</em></strong></span> <span class='ocrx_word' id='word_1_654' title='bbox 2809 2171 3051 2243; x_wconf 88' lang='lat' dir='ltr'><strong><em>profecto</em></strong></span> <span class='ocrx_word' id='word_1_655' title='bbox 3093 2175 3143 2229; x_wconf 90' lang='lat' dir='ltr'><strong><em>in</em></strong></span> <span class='ocrx_word' id='word_1_656' title='bbox 3175 2176 3287 2245; x_wconf 83' lang='lat' dir='ltr'><strong><em>ipsa</em></strong></span> <span class='ocrx_word' id='word_1_657' title='bbox 3314 2176 3455 2233; x_wconf 89' lang='lat' dir='ltr'><strong><em>intus</em></strong></span> <span class='ocrx_word' id='word_1_658' title='bbox 3483 2194 3582 2234; x_wconf 90' lang='lat' dir='ltr'><strong><em>vo-</em></strong></span> 
     </span>
    </p>
   </div>
   <div class='ocr_carea' id='block_1_84' title="bbox 2005 2248 3580 2334">
    <p class='ocr_par' dir='ltr' id='par_1_84' title="bbox 2005 2248 3580 2334">
     <span class='ocr_line' id='line_1_84' title="bbox 2005 2248 3580 2334; baseline 0.009 -22"><span class='ocrx_word' id='word_1_659' title='bbox 2005 2248 2204 2314; x_wconf 83' lang='lat' dir='ltr'><strong><em>luntate</em></strong></span> <span class='ocrx_word' id='word_1_660' title='bbox 2248 2270 2452 2329; x_wconf 87' lang='lat' dir='ltr'><strong><em>peccat,</em></strong></span> <span class='ocrx_word' id='word_1_661' title='bbox 2476 2262 2566 2332; x_wconf 90' lang='lat' dir='ltr'><strong><em>qui</em></strong></span> <span class='ocrx_word' id='word_1_662' title='bbox 2610 2277 2716 2316; x_wconf 90' lang='lat' dir='ltr'><strong><em>non</em></strong></span> <span class='ocrx_word' id='word_1_663' title='bbox 2758 2262 3055 2334; x_wconf 79' lang='lat' dir='ltr'><strong><em>voluntate,</em></strong></span> <span class='ocrx_word' id='word_1_664' title='bbox 3099 2265 3194 2321; x_wconf 90' lang='lat' dir='ltr'><strong><em>sed</em></strong></span> <span class='ocrx_word' id='word_1_665' title='bbox 3240 2268 3429 2325; x_wconf 89' lang='lat' dir='ltr'><strong><em>timore</em></strong></span> <span class='ocrx_word' id='word_1_666' title='bbox 3472 2284 3580 2326; x_wconf 92' lang='lat' dir='ltr'><strong><em>non</em></strong></span> 
     </span>
    </p>
   </div>
   <div class='ocr_carea' id='block_1_85' title="bbox 2004 2350 3579 2421">
    <p class='ocr_par' dir='ltr' id='par_1_85' title="bbox 2004 2350 3579 2421">
     <span class='ocr_line' id='line_1_85' title="bbox 2004 2350 3579 2421; baseline 0.008 -18"><span class='ocrx_word' id='word_1_667' title='bbox 2004 2358 2205 2419; x_wconf 86' lang='lat' dir='ltr'><strong><em>peccat.</em></strong></span> <span class='ocrx_word' id='word_1_668' title='bbox 2237 2350 2293 2403; x_wconf 82' lang='lat' dir='ltr'><strong><em>in</em></strong></span> <span class='ocrx_word' id='word_1_669' title='bbox 2323 2351 2515 2421; x_wconf 90' lang='lat' dir='ltr'><strong><em>quibus</em></strong></span> <span class='ocrx_word' id='word_1_670' title='bbox 2560 2352 2902 2408; x_wconf 87' lang='lat' dir='ltr'><strong><em>interioribus</em></strong></span> <span class='ocrx_word' id='word_1_671' title='bbox 2948 2355 3061 2410; x_wconf 88' lang='lat' dir='ltr'><strong><em>suis</em></strong></span> <span class='ocrx_word' id='word_1_672' title='bbox 3107 2356 3265 2412; x_wconf 87' lang='lat' dir='ltr'><strong><em>talem</em></strong></span> <span class='ocrx_word' id='word_1_673' title='bbox 3312 2372 3371 2413; x_wconf 90' lang='lat' dir='ltr'><strong><em>se</em></strong></span> <span class='ocrx_word' id='word_1_674' title='bbox 3414 2358 3579 2415; x_wconf 85' lang='lat' dir='ltr'><strong><em>fuisse</em></strong></span> 
     </span>
    </p>
   </div>
   <div class='ocr_carea' id='block_1_86' title="bbox 2002 2440 3583 2516">
    <p class='ocr_par' dir='ltr' id='par_1_86' title="bbox 2002 2440 3583 2516">
     <span class='ocr_line' id='line_1_86' title="bbox 2002 2440 3583 2516; baseline 0.008 -24"><span class='ocrx_word' id='word_1_675' title='bbox 2002 2440 2174 2494; x_wconf 89' lang='lat' dir='ltr'><strong><em>sciens</em></strong></span> <span class='ocrx_word' id='word_1_676' title='bbox 2190 2440 2474 2510; x_wconf 84' lang='lat' dir='ltr'><strong><em>Apostolus</em></strong></span> <span class='ocrx_word' id='word_1_677' title='bbox 2488 2449 2612 2497; x_wconf 87' lang='lat' dir='ltr'><strong><em>ante</em></strong></span> <span class='ocrx_word' id='word_1_678' title='bbox 2631 2443 2849 2512; x_wconf 83' lang='lat' dir='ltr'><strong><em>gratiam</em></strong></span> <span class='ocrx_word' id='word_1_679' title='bbox 2871 2443 2989 2511; x_wconf 89' lang='lat' dir='ltr'><strong><em>Dei,</em></strong></span> <span class='ocrx_word' id='word_1_680' title='bbox 3003 2460 3120 2515; x_wconf 78' lang='lat' dir='ltr'><strong><em>qua:</em></strong></span> <span class='ocrx_word' id='word_1_681' title='bbox 3132 2460 3228 2516; x_wconf 88' lang='lat' dir='ltr'><strong><em>per</em></strong></span> <span class='ocrx_word' id='word_1_682' title='bbox 3239 2446 3417 2502; x_wconf 70' lang='lat' dir='ltr'><strong><em>losum</em></strong></span> <span class='ocrx_word' id='word_1_683' title='bbox 3428 2448 3583 2504; x_wconf 79' lang='lat' dir='ltr'><strong><em>Chri-</em></strong></span> 
     </span>
    </p>
   </div>
   <div class='ocr_carea' id='block_1_87' title="bbox 2003 2528 3583 2606">
    <p class='ocr_par' dir='ltr' id='par_1_87' title="bbox 2003 2528 3583 2606">
     <span class='ocr_line' id='line_1_87' title="bbox 2003 2528 3583 2606; baseline 0.008 -26"><span class='ocrx_word' id='word_1_684' title='bbox 2003 2536 2144 2581; x_wconf 89' lang='lat' dir='ltr'><strong><em>stum</em></strong></span> <span class='ocrx_word' id='word_1_685' title='bbox 2192 2528 2470 2584; x_wconf 89' lang='lat' dir='ltr'><strong><em>Dominum</em></strong></span> <span class='ocrx_word' id='word_1_686' title='bbox 2520 2539 2760 2585; x_wconf 87' lang='lat' dir='ltr'><strong><em>nostrum</em></strong></span> <span class='ocrx_word' id='word_1_687' title='bbox 2804 2541 2906 2593; x_wconf 88' lang='lat' dir='ltr'><strong><em>est,</em></strong></span> <span class='ocrx_word' id='word_1_688' title='bbox 2935 2532 3062 2587; x_wconf 88' lang='lat' dir='ltr'><strong><em>alibi</em></strong></span> <span class='ocrx_word' id='word_1_689' title='bbox 3093 2534 3196 2590; x_wconf 87' lang='lat' dir='ltr'><strong><em>hoc</em></strong></span> <span class='ocrx_word' id='word_1_690' title='bbox 3249 2536 3583 2606; x_wconf 85' lang='lat' dir='ltr'><strong><em>apertissime</em></strong></span> 
     </span>
    </p>
   </div>
   <div class='ocr_carea' id='block_1_88' title="bbox 2001 2617 3580 2696">
    <p class='ocr_par' dir='ltr' id='par_1_88' title="bbox 2001 2617 3580 2696">
     <span class='ocr_line' id='line_1_88' title="bbox 2001 2617 3580 2696; baseline 0.008 -27"><span class='ocrx_word' id='word_1_691' title='bbox 2001 2617 2297 2671; x_wconf 82' lang='lat' dir='ltr'><strong><em>conﬁtetur.</em></strong></span> <span class='ocrx_word' id='word_1_692' title='bbox 2320 2618 2570 2673; x_wconf 87' lang='lat' dir='ltr'><strong><em>Scribens</em></strong></span> <span class='ocrx_word' id='word_1_693' title='bbox 2584 2620 2779 2690; x_wconf 91' lang='lat' dir='ltr'><strong><em>quippe</em></strong></span> <span class='ocrx_word' id='word_1_694' title='bbox 2789 2621 2855 2674; x_wconf 88' lang='lat' dir='ltr'><strong><em>ad</em></strong></span> <span class='ocrx_word' id='word_1_695' title='bbox 2872 2622 3157 2691; x_wconf 84' lang='lat' dir='ltr'><strong><em>Ephesios:</em></strong></span> <span class='ocrx_word' id='word_1_696' title='bbox 3181 2622 3247 2677; x_wconf 84' lang='lat' dir='ltr'><strong><em>Et</em></strong></span> <span class='ocrx_word' id='word_1_697' title='bbox 3268 2639 3375 2689; x_wconf 82' lang='lat' dir='ltr'><strong><em>vos,</em></strong></span> <span class='ocrx_word' id='word_1_698' title='bbox 3392 2626 3580 2696; x_wconf 87' lang='lat' dir='ltr'><strong><em>inquit,</em></strong></span> 
     </span>
    </p>
   </div>
   <div class='ocr_carea' id='block_1_89' title="bbox 2003 2707 3579 2786">
    <p class='ocr_par' dir='ltr' id='par_1_89' title="bbox 2003 2707 3579 2786">
     <span class='ocr_line' id='line_1_89' title="bbox 2003 2707 3579 2786; baseline 0.01 -29"><span class='ocrx_word' id='word_1_699' title='bbox 2003 2721 2117 2758; x_wconf 88' lang='lat' dir='ltr'><strong><em>cum</em></strong></span> <span class='ocrx_word' id='word_1_700' title='bbox 2141 2707 2310 2761; x_wconf 87' lang='lat' dir='ltr'><strong><em>essetis</em></strong></span> <span class='ocrx_word' id='word_1_701' title='bbox 2338 2710 2524 2762; x_wconf 88' lang='lat' dir='ltr'><strong><em>mortui</em></strong></span> <span class='ocrx_word' id='word_1_702' title='bbox 2549 2709 2747 2764; x_wconf 88' lang='lat' dir='ltr'><strong><em>delictis</em></strong></span> <span class='ocrx_word' id='word_1_703' title='bbox 2780 2720 2829 2764; x_wconf 91' lang='lat' dir='ltr'><strong><em>et</em></strong></span> <span class='ocrx_word' id='word_1_704' title='bbox 2856 2714 3074 2782; x_wconf 88' lang='lat' dir='ltr'><strong><em>peccatis</em></strong></span> <span class='ocrx_word' id='word_1_705' title='bbox 3100 2714 3297 2783; x_wconf 69' lang='lat' dir='ltr'><strong><em>vestris,</em></strong></span> <span class='ocrx_word' id='word_1_706' title='bbox 3320 2715 3375 2770; x_wconf 84' lang='lat' dir='ltr'><strong><em>in</em></strong></span> <span class='ocrx_word' id='word_1_707' title='bbox 3399 2716 3579 2786; x_wconf 80' lang='lat' dir='ltr'><strong><em>quibus</em></strong></span> 
     </span>
    </p>
   </div>
   <div class='ocr_carea' id='block_1_90' title="bbox 2004 2796 3577 2879">
    <p class='ocr_par' dir='ltr' id='par_1_90' title="bbox 2004 2796 3577 2879">
     <span class='ocr_line' id='line_1_90' title="bbox 2004 2796 3577 2879; baseline 0.01 -31"><span class='ocrx_word' id='word_1_708' title='bbox 2004 2796 2276 2878; x_wconf 77' lang='lat' dir='ltr'><strong><em>aliquando</em></strong></span> <span class='ocrx_word' id='word_1_709' title='bbox 2309 2799 2603 2855; x_wconf 87' lang='lat' dir='ltr'><strong><em>ambulastis</em></strong></span> <span class='ocrx_word' id='word_1_710' title='bbox 2630 2801 2906 2855; x_wconf 86' lang='lat' dir='ltr'><strong><em>secundum</em></strong></span> <span class='ocrx_word' id='word_1_711' title='bbox 2933 2804 3172 2857; x_wconf 78' lang='lat' dir='ltr'><strong><em>malum</em></strong></span> <span class='ocrx_word' id='word_1_712' title='bbox 3200 2806 3373 2860; x_wconf 89' lang='lat' dir='ltr'><strong><em>mundi</em></strong></span> <span class='ocrx_word' id='word_1_713' title='bbox 3399 2807 3577 2879; x_wconf 88' lang='lat' dir='ltr'><strong><em>hujus,</em></strong></span> 
     </span>
    </p>
   </div>
   <div class='ocr_carea' id='block_1_91' title="bbox 2001 2875 3580 2970">
    <p class='ocr_par' dir='ltr' id='par_1_91' title="bbox 2001 2875 3580 2970">
     <span class='ocr_line' id='line_1_91' title="bbox 2001 2875 3580 2970; baseline 0.008 -28"><span class='ocrx_word' id='word_1_714' title='bbox 2001 2875 2275 2943; x_wconf 19' lang='lat' dir='ltr'><strong><em>secundum.</em></strong></span> <span class='ocrx_word' id='word_1_715' title='bbox 2302 2891 2580 2960; x_wconf 87' lang='lat' dir='ltr'><strong><em>principem</em></strong></span> <span class='ocrx_word' id='word_1_716' title='bbox 2609 2893 2865 2961; x_wconf 88' lang='lat' dir='ltr'><strong><em>potestatis</em></strong></span> <span class='ocrx_word' id='word_1_717' title='bbox 2905 2894 3055 2961; x_wconf 89' lang='lat' dir='ltr'><strong><em>aeris,</em></strong></span> <span class='ocrx_word' id='word_1_718' title='bbox 3091 2896 3300 2966; x_wconf 88' lang='lat' dir='ltr'><strong><em>spiritus</em></strong></span> <span class='ocrx_word' id='word_1_719' title='bbox 3323 2875 3476 2970; x_wconf 45' lang='lat' dir='ltr'><strong><em>ejus;</em></strong></span> <span class='ocrx_word' id='word_1_720' title='bbox 3493 2900 3580 2969; x_wconf 85' lang='lat' dir='ltr'><strong><em>qui</em></strong></span> 
     </span>
    </p>
   </div>
   <div class='ocr_carea' id='block_1_92' title="bbox 2004 2982 3574 3055">
    <p class='ocr_par' dir='ltr' id='par_1_92' title="bbox 2004 2982 3574 3055">
     <span class='ocr_line' id='line_1_92' title="bbox 2004 2982 3574 3055; baseline 0.007 -21"><span class='ocrx_word' id='word_1_721' title='bbox 2004 2996 2138 3035; x_wconf 81' lang='lat' dir='ltr'><strong><em>nunc</em></strong></span> <span class='ocrx_word' id='word_1_722' title='bbox 2165 2990 2403 3052; x_wconf 90' lang='lat' dir='ltr'><strong><em>operatur</em></strong></span> <span class='ocrx_word' id='word_1_723' title='bbox 2424 2982 2476 3037; x_wconf 88' lang='lat' dir='ltr'><strong><em>in</em></strong></span> <span class='ocrx_word' id='word_1_724' title='bbox 2520 2983 2641 3052; x_wconf 83' lang='lat' dir='ltr'><strong><em>filiis</em></strong></span> <span class='ocrx_word' id='word_1_725' title='bbox 2669 2983 2960 3055; x_wconf 66' lang='lat' dir='ltr'><strong><em>diffidentiae</em></strong></span> <span class='ocrx_word' id='word_1_726' title='bbox 2986 2985 3039 3040; x_wconf 92' lang='lat' dir='ltr'><strong><em>in</em></strong></span> <span class='ocrx_word' id='word_1_727' title='bbox 3062 2986 3241 3055; x_wconf 84' lang='lat' dir='ltr'><strong><em>quibus</em></strong></span> <span class='ocrx_word' id='word_1_728' title='bbox 3264 2998 3314 3042; x_wconf 91' lang='lat' dir='ltr'><strong><em>et</em></strong></span> <span class='ocrx_word' id='word_1_729' title='bbox 3339 3005 3434 3043; x_wconf 90' lang='lat' dir='ltr'><strong><em>nos</em></strong></span> <span class='ocrx_word' id='word_1_730' title='bbox 3460 3006 3574 3044; x_wconf 85' lang='lat' dir='ltr'><strong><em>om-</em></strong></span> 
     </span>
    </p>
   </div>
   <div class='ocr_carea' id='block_1_93' title="bbox 2004 3072 3580 3139">
    <p class='ocr_par' dir='ltr' id='par_1_93' title="bbox 2004 3072 3580 3139">
     <span class='ocr_line' id='line_1_93' title="bbox 2004 3072 3580 3139; baseline 0.007 -15"><span class='ocrx_word' id='word_1_731' title='bbox 2004 3087 2091 3126; x_wconf 77' lang='lat' dir='ltr'><strong><em>nes</em></strong></span> <span class='ocrx_word' id='word_1_732' title='bbox 2117 3072 2389 3139; x_wconf 83' lang='lat' dir='ltr'><strong><em>aliquando</em></strong></span> <span class='ocrx_word' id='word_1_733' title='bbox 2410 3074 2686 3127; x_wconf 78' lang='lat' dir='ltr'><strong><em>conversati</em></strong></span> <span class='ocrx_word' id='word_1_734' title='bbox 2708 3091 2882 3129; x_wconf 86' lang='lat' dir='ltr'><strong><em>sumus</em></strong></span> <span class='ocrx_word' id='word_1_735' title='bbox 2906 3075 2960 3129; x_wconf 91' lang='lat' dir='ltr'><strong><em>in</em></strong></span> <span class='ocrx_word' id='word_1_736' title='bbox 2997 3074 3256 3131; x_wconf 83' lang='lat' dir='ltr'><strong><em>desideriis</em></strong></span> <span class='ocrx_word' id='word_1_737' title='bbox 3279 3080 3447 3133; x_wconf 86' lang='lat' dir='ltr'><strong><em>carnis</em></strong></span> <span class='ocrx_word' id='word_1_738' title='bbox 3483 3096 3580 3135; x_wconf 86' lang='lat' dir='ltr'><strong><em>no-</em></strong></span> 
     </span>
    </p>
   </div>
   <div class='ocr_carea' id='block_1_94' title="bbox 2001 3162 3579 3237">
    <p class='ocr_par' dir='ltr' id='par_1_94' title="bbox 2001 3162 3579 3237">
     <span class='ocr_line' id='line_1_94' title="bbox 2001 3162 3579 3237; baseline 0.006 -22"><span class='ocrx_word' id='word_1_739' title='bbox 2001 3171 2138 3228; x_wconf 66' lang='lat' dir='ltr'><strong><em>stra,</em></strong></span> <span class='ocrx_word' id='word_1_740' title='bbox 2175 3165 2413 3233; x_wconf 84' lang='lat' dir='ltr'><strong><em>facientes</em></strong></span> <span class='ocrx_word' id='word_1_741' title='bbox 2432 3162 2736 3218; x_wconf 77' lang='lat' dir='ltr'><strong><em>voluntatem</em></strong></span> <span class='ocrx_word' id='word_1_742' title='bbox 2755 3166 2920 3220; x_wconf 90' lang='lat' dir='ltr'><strong><em>carnis</em></strong></span> <span class='ocrx_word' id='word_1_743' title='bbox 2949 3174 2996 3220; x_wconf 89' lang='lat' dir='ltr'><strong><em>et</em></strong></span> <span class='ocrx_word' id='word_1_744' title='bbox 3020 3165 3361 3237; x_wconf 76' lang='lat' dir='ltr'><strong><em>alfectionum,</em></strong></span> <span class='ocrx_word' id='word_1_745' title='bbox 3390 3179 3440 3225; x_wconf 90' lang='lat' dir='ltr'><strong><em>et</em></strong></span> <span class='ocrx_word' id='word_1_746' title='bbox 3462 3188 3579 3225; x_wconf 88' lang='lat' dir='ltr'><strong><em>era-</em></strong></span> 
     </span>
    </p>
   </div>
   <div class='ocr_carea' id='block_1_95' title="bbox 2002 3255 3576 3324">
    <p class='ocr_par' dir='ltr' id='par_1_95' title="bbox 2002 3255 3576 3324">
     <span class='ocr_line' id='line_1_95' title="bbox 2002 3255 3576 3324; baseline 0.006 -17"><span class='ocrx_word' id='word_1_747' title='bbox 2002 3270 2114 3309; x_wconf 88' lang='lat' dir='ltr'><strong><em>mus</em></strong></span> <span class='ocrx_word' id='word_1_748' title='bbox 2142 3255 2436 3309; x_wconf 88' lang='lat' dir='ltr'><strong><em>naturaliter</em></strong></span> <span class='ocrx_word' id='word_1_749' title='bbox 2475 3255 2573 3324; x_wconf 84' lang='lat' dir='ltr'><strong><em>ﬁlii</em></strong></span> <span class='ocrx_word' id='word_1_750' title='bbox 2615 3256 2724 3321; x_wconf 83' lang='lat' dir='ltr'><strong><em>irce,</em></strong></span> <span class='ocrx_word' id='word_1_751' title='bbox 2752 3257 2881 3311; x_wconf 90' lang='lat' dir='ltr'><strong><em>sicut</em></strong></span> <span class='ocrx_word' id='word_1_752' title='bbox 2917 3266 2964 3311; x_wconf 91' lang='lat' dir='ltr'><strong><em>et</em></strong></span> <span class='ocrx_word' id='word_1_753' title='bbox 3001 3259 3167 3313; x_wconf 80' lang='lat' dir='ltr'><strong><em>cteteri</em></strong></span> <span class='ocrx_word' id='word_1_754' title='bbox 3189 3275 3209 3314; x_wconf 92' lang='lat'><strong><em>:</em></strong></span> <span class='ocrx_word' id='word_1_755' title='bbox 3247 3260 3381 3314; x_wconf 84' lang='lat' dir='ltr'><strong><em>Deus</em></strong></span> <span class='ocrx_word' id='word_1_756' title='bbox 3408 3272 3576 3317; x_wconf 87' lang='lat' dir='ltr'><strong><em>autem</em></strong></span> 
     </span>
    </p>
   </div>
   <div class='ocr_carea' id='block_1_96' title="bbox 2001 3335 3578 3419">
    <p class='ocr_par' dir='ltr' id='par_1_96' title="bbox 2001 3335 3578 3419">
     <span class='ocr_line' id='line_1_96' title="bbox 2001 3335 3578 3419; baseline 0.006 -21"><span class='ocrx_word' id='word_1_757' title='bbox 2001 3335 2086 3415; x_wconf 85' lang='lat' dir='ltr'><strong><em>qui</em></strong></span> <span class='ocrx_word' id='word_1_758' title='bbox 2112 3345 2249 3401; x_wconf 79' lang='lat' dir='ltr'><strong><em>dices</em></strong></span> <span class='ocrx_word' id='word_1_759' title='bbox 2274 3355 2348 3399; x_wconf 91' lang='lat' dir='ltr'><strong><em>est</em></strong></span> <span class='ocrx_word' id='word_1_760' title='bbox 2388 3346 2442 3400; x_wconf 87' lang='lat' dir='ltr'><strong><em>in</em></strong></span> <span class='ocrx_word' id='word_1_761' title='bbox 2484 3346 2847 3412; x_wconf 88' lang='lat' dir='ltr'><strong><em>misericordia,</em></strong></span> <span class='ocrx_word' id='word_1_762' title='bbox 2878 3358 3082 3419; x_wconf 89' lang='lat' dir='ltr'><strong><em>propter</em></strong></span> <span class='ocrx_word' id='word_1_763' title='bbox 3110 3350 3321 3404; x_wconf 86' lang='lat' dir='ltr'><strong><em>multam</em></strong></span> <span class='ocrx_word' id='word_1_764' title='bbox 3348 3351 3578 3407; x_wconf 82' lang='lat' dir='ltr'><strong><em>dilectio-</em></strong></span> 
     </span>
    </p>
   </div>
   <div class='ocr_carea' id='block_1_97' title="bbox 2002 3437 3575 3513">
    <p class='ocr_par' dir='ltr' id='par_1_97' title="bbox 2002 3437 3575 3513">
     <span class='ocr_line' id='line_1_97' title="bbox 2002 3437 3575 3513; baseline 0.006 -25"><span class='ocrx_word' id='word_1_765' title='bbox 2002 3452 2113 3490; x_wconf 90' lang='lat' dir='ltr'><strong><em>nem</em></strong></span> <span class='ocrx_word' id='word_1_766' title='bbox 2140 3453 2242 3503; x_wconf 87' lang='lat' dir='ltr'><strong><em>qua</em></strong></span> <span class='ocrx_word' id='word_1_767' title='bbox 2279 3437 2455 3492; x_wconf 69' lang='lat' dir='ltr'><strong><em>dilexit</em></strong></span> <span class='ocrx_word' id='word_1_768' title='bbox 2490 3455 2601 3501; x_wconf 89' lang='lat' dir='ltr'><strong><em>nos,</em></strong></span> <span class='ocrx_word' id='word_1_769' title='bbox 2625 3448 2673 3492; x_wconf 89' lang='lat' dir='ltr'><strong><em>et</em></strong></span> <span class='ocrx_word' id='word_1_770' title='bbox 2713 3454 2828 3493; x_wconf 89' lang='lat' dir='ltr'><strong><em>cum</em></strong></span> <span class='ocrx_word' id='word_1_771' title='bbox 2866 3454 3086 3495; x_wconf 88' lang='lat' dir='ltr'><strong><em>essemus</em></strong></span> <span class='ocrx_word' id='word_1_772' title='bbox 3123 3443 3310 3495; x_wconf 88' lang='lat' dir='ltr'><strong><em>mortui</em></strong></span> <span class='ocrx_word' id='word_1_773' title='bbox 3339 3446 3575 3513; x_wconf 76' lang='lat' dir='ltr'><strong><em>peccatis,</em></strong></span> 
     </span>
    </p>
   </div>
   <div class='ocr_carea' id='block_1_98' title="bbox 2001 3527 3579 3605">
    <p class='ocr_par' dir='ltr' id='par_1_98' title="bbox 2001 3527 3579 3605">
     <span class='ocr_line' id='line_1_98' title="bbox 2001 3527 3579 3605; baseline 0.006 -26"><span class='ocrx_word' id='word_1_774' title='bbox 2001 3527 2361 3596; x_wconf 75' lang='lat' dir='ltr'><strong><em>conviviﬁcaoit</em></strong></span> <span class='ocrx_word' id='word_1_775' title='bbox 2395 3545 2488 3582; x_wconf 87' lang='lat' dir='ltr'><strong><em>nos</em></strong></span> <span class='ocrx_word' id='word_1_776' title='bbox 2507 3527 2726 3593; x_wconf 79' lang='lat' dir='ltr'><strong><em>Christo,</em></strong></span> <span class='ocrx_word' id='word_1_777' title='bbox 2744 3529 2891 3594; x_wconf 76' lang='lat' dir='ltr'><strong><em>cuius</em></strong></span> <span class='ocrx_word' id='word_1_778' title='bbox 2904 3529 3070 3597; x_wconf 85' lang='lat' dir='ltr'><strong><em>gratia</em></strong></span> <span class='ocrx_word' id='word_1_779' title='bbox 3093 3546 3269 3587; x_wconf 86' lang='lat' dir='ltr'><strong><em>sumus</em></strong></span> <span class='ocrx_word' id='word_1_780' title='bbox 3296 3533 3425 3587; x_wconf 79' lang='lat' dir='ltr'><strong><em>salvi</em></strong></span> <span class='ocrx_word' id='word_1_781' title='bbox 3453 3536 3579 3605; x_wconf 65' lang='lat' dir='ltr'><strong><em>facti</em></strong></span> 
     </span>
    </p>
   </div>
   <div class='ocr_carea' id='block_1_99' title="bbox 2003 3615 3578 3686">
    <p class='ocr_par' dir='ltr' id='par_1_99' title="bbox 2003 3615 3578 3686">
     <span class='ocr_line' id='line_1_99' title="bbox 2003 3615 3578 3686; baseline 0.005 -17"><span class='ocrx_word' id='word_1_782' title='bbox 2003 3615 2212 3686; x_wconf 82' lang='lat' dir='ltr'><strong><em>(Ephes.</em></strong></span> <span class='ocrx_word' id='word_1_783' title='bbox 2255 3632 2314 3681; x_wconf 85' lang='grc' dir='ltr'>ιι,</span> <span class='ocrx_word' id='word_1_784' title='bbox 2359 3618 2498 3686; x_wconf 73' lang='grc' dir='ltr'><strong><em>1ο5).</em></strong></span> <span class='ocrx_word' id='word_1_785' title='bbox 2531 3617 2731 3672; x_wconf 71' lang='lat' dir='ltr'><strong><em>Rursus</em></strong></span> <span class='ocrx_word' id='word_1_786' title='bbox 2771 3619 2837 3672; x_wconf 87' lang='lat' dir='ltr'><strong><em>ad</em></strong></span> <span class='ocrx_word' id='word_1_787' title='bbox 2871 3618 3085 3673; x_wconf 86' lang='lat' dir='ltr'><strong><em>Titum:</em></strong></span> <span class='ocrx_word' id='word_1_788' title='bbox 3128 3619 3344 3675; x_wconf 83' lang='lat' dir='ltr'><strong><em>Fuimus</em></strong></span> <span class='ocrx_word' id='word_1_789' title='bbox 3370 3625 3500 3676; x_wconf 88' lang='lat' dir='ltr'><strong><em>enim</em></strong></span> <span class='ocrx_word' id='word_1_790' title='bbox 3529 3635 3578 3677; x_wconf 88' lang='lat' dir='ltr'><strong><em>et</em></strong></span> 
     </span>
    </p>
   </div>
   <div class='ocr_carea' id='block_1_100' title="bbox 2000 3708 3575 3780">
    <p class='ocr_par' dir='ltr' id='par_1_100' title="bbox 2000 3708 3575 3780">
     <span class='ocr_line' id='line_1_100' title="bbox 2000 3708 3575 3780; baseline 0.004 -19"><span class='ocrx_word' id='word_1_791' title='bbox 2000 3722 2111 3771; x_wconf 77' lang='lat' dir='ltr'><strong><em>nos,</em></strong></span> <span class='ocrx_word' id='word_1_792' title='bbox 2142 3708 2330 3777; x_wconf 88' lang='lat' dir='ltr'><strong><em>inquit,</em></strong></span> <span class='ocrx_word' id='word_1_793' title='bbox 2350 3708 2498 3762; x_wconf 87' lang='lat' dir='ltr'><strong><em>stulti</em></strong></span> <span class='ocrx_word' id='word_1_794' title='bbox 2536 3708 2808 3779; x_wconf 88' lang='lat' dir='ltr'><strong><em>aliquando</em></strong></span> <span class='ocrx_word' id='word_1_795' title='bbox 2836 3718 2883 3762; x_wconf 89' lang='lat' dir='ltr'><strong><em>et</em></strong></span> <span class='ocrx_word' id='word_1_796' title='bbox 2909 3709 3174 3773; x_wconf 88' lang='lat' dir='ltr'><strong><em>increduli,</em></strong></span> <span class='ocrx_word' id='word_1_797' title='bbox 3201 3722 3443 3780; x_wconf 66' lang='lat' dir='ltr'><strong><em>urentes,</em></strong></span> <span class='ocrx_word' id='word_1_798' title='bbox 3466 3731 3575 3769; x_wconf 85' lang='lat' dir='ltr'><strong><em>ser-</em></strong></span> 
     </span>
    </p>
   </div>
   <div class='ocr_carea' id='block_1_101' title="bbox 2000 3796 3577 3868">
    <p class='ocr_par' dir='ltr' id='par_1_101' title="bbox 2000 3796 3577 3868">
     <span class='ocr_line' id='line_1_101' title="bbox 2000 3796 3577 3868; baseline 0.005 -18"><span class='ocrx_word' id='word_1_799' title='bbox 2000 3798 2182 3852; x_wconf 85' lang='lat' dir='ltr'><strong><em>uientes</em></strong></span> <span class='ocrx_word' id='word_1_800' title='bbox 2224 3796 2482 3853; x_wconf 86' lang='lat' dir='ltr'><strong><em>desideriis</em></strong></span> <span class='ocrx_word' id='word_1_801' title='bbox 2528 3807 2575 3852; x_wconf 88' lang='lat' dir='ltr'><strong><em>et</em></strong></span> <span class='ocrx_word' id='word_1_802' title='bbox 2616 3799 2956 3868; x_wconf 67' lang='lat' dir='ltr'><strong><em>voluptatibus</em></strong></span> <span class='ocrx_word' id='word_1_803' title='bbox 2996 3801 3167 3864; x_wconf 77' lang='lat' dir='ltr'><strong><em>variis,</em></strong></span> <span class='ocrx_word' id='word_1_804' title='bbox 3188 3801 3253 3855; x_wconf 83' lang='lat' dir='ltr'><strong><em>in</em></strong></span> <span class='ocrx_word' id='word_1_805' title='bbox 3296 3804 3490 3858; x_wconf 87' lang='lat' dir='ltr'><strong><em>malitia</em></strong></span> <span class='ocrx_word' id='word_1_806' title='bbox 3528 3817 3577 3858; x_wconf 86' lang='lat' dir='ltr'><strong><em>et</em></strong></span> 
     </span>
    </p>
   </div>
   <div class='ocr_carea' id='block_1_102' title="bbox 2000 3889 3570 3960">
    <p class='ocr_par' dir='ltr' id='par_1_102' title="bbox 2000 3889 3570 3960">
     <span class='ocr_line' id='line_1_102' title="bbox 2000 3889 3570 3960; baseline 0.003 -18"><span class='ocrx_word' id='word_1_807' title='bbox 2000 3889 2187 3942; x_wconf 78' lang='lat' dir='ltr'><strong><em>invidia</em></strong></span> <span class='ocrx_word' id='word_1_808' title='bbox 2223 3899 2447 3960; x_wconf 88' lang='lat' dir='ltr'><strong><em>agentes,</em></strong></span> <span class='ocrx_word' id='word_1_809' title='bbox 2494 3890 2882 3957; x_wconf 82' lang='lat' dir='ltr'><strong><em>abominabiles,</em></strong></span> <span class='ocrx_word' id='word_1_810' title='bbox 2914 3891 3126 3945; x_wconf 77' lang='lat' dir='ltr'><strong><em>invicem</em></strong></span> <span class='ocrx_word' id='word_1_811' title='bbox 3162 3893 3280 3947; x_wconf 90' lang='lat' dir='ltr'><strong><em>odio</em></strong></span> <span class='ocrx_word' id='word_1_812' title='bbox 3318 3893 3570 3949; x_wconf 80' lang='lat' dir='ltr'><strong><em>habentes.</em></strong></span> 
     </span>
    </p>
   </div>
   <div class='ocr_carea' id='block_1_103' title="bbox 2000 3978 3571 4052">
    <p class='ocr_par' dir='ltr' id='par_1_103' title="bbox 2000 3978 3571 4052">
     <span class='ocr_line' id='line_1_103' title="bbox 2000 3978 3571 4052; baseline 0.005 -21"><span class='ocrx_word' id='word_1_813' title='bbox 2000 3978 2141 4033; x_wconf 74' lang='lat' dir='ltr'><strong><em>Talis</em></strong></span> <span class='ocrx_word' id='word_1_814' title='bbox 2167 3979 2355 4035; x_wconf 88' lang='lat' dir='ltr'><strong><em>Saulus</em></strong></span> <span class='ocrx_word' id='word_1_815' title='bbox 2377 3980 2493 4047; x_wconf 91' lang='lat' dir='ltr'><strong><em>fuit,</em></strong></span> <span class='ocrx_word' id='word_1_816' title='bbox 2521 3981 2735 4051; x_wconf 85' lang='lat' dir='ltr'><strong><em>quando</em></strong></span> <span class='ocrx_word' id='word_1_817' title='bbox 2760 3981 3050 4036; x_wconf 88' lang='lat' dir='ltr'><strong><em>secundum</em></strong></span> <span class='ocrx_word' id='word_1_818' title='bbox 3075 3982 3334 4050; x_wconf 88' lang='lat' dir='ltr'><strong><em>justitiam</em></strong></span> <span class='ocrx_word' id='word_1_819' title='bbox 3360 3998 3479 4052; x_wconf 76' lang='lat' dir='ltr'><strong><em>qua:</em></strong></span> <span class='ocrx_word' id='word_1_820' title='bbox 3516 3985 3571 4039; x_wconf 89' lang='lat' dir='ltr'><strong><em>in</em></strong></span> 
     </span>
    </p>
   </div>
   <div class='ocr_carea' id='block_1_104' title="bbox 2000 4071 3571 4144">
    <p class='ocr_par' dir='ltr' id='par_1_104' title="bbox 2000 4071 3571 4144">
     <span class='ocr_line' id='line_1_104' title="bbox 2000 4071 3571 4144; baseline 0.004 -19"><span class='ocrx_word' id='word_1_821' title='bbox 2000 4071 2116 4141; x_wconf 82' lang='lat' dir='ltr'><strong><em>lege</em></strong></span> <span class='ocrx_word' id='word_1_822' title='bbox 2141 4080 2242 4137; x_wconf 89' lang='lat' dir='ltr'><strong><em>est,</em></strong></span> <span class='ocrx_word' id='word_1_823' title='bbox 2270 4073 2388 4128; x_wconf 88' lang='lat' dir='ltr'><strong><em>sine</em></strong></span> <span class='ocrx_word' id='word_1_824' title='bbox 2418 4075 2631 4143; x_wconf 85' lang='lat' dir='ltr'><strong><em>querela</em></strong></span> <span class='ocrx_word' id='word_1_825' title='bbox 2677 4073 2837 4128; x_wconf 88' lang='lat' dir='ltr'><strong><em>fuisse</em></strong></span> <span class='ocrx_word' id='word_1_826' title='bbox 2874 4088 2934 4128; x_wconf 89' lang='lat' dir='ltr'><strong><em>se</em></strong></span> <span class='ocrx_word' id='word_1_827' title='bbox 2961 4074 3106 4127; x_wconf 89' lang='lat' dir='ltr'><strong><em>dicit.</em></strong></span> <span class='ocrx_word' id='word_1_828' title='bbox 3144 4073 3275 4128; x_wconf 83' lang='lat' dir='ltr'><strong><em>Nam</em></strong></span> <span class='ocrx_word' id='word_1_829' title='bbox 3313 4075 3433 4144; x_wconf 85' lang='lat' dir='ltr'><strong><em>quia</em></strong></span> <span class='ocrx_word' id='word_1_830' title='bbox 3463 4090 3571 4131; x_wconf 91' lang='lat' dir='ltr'><strong><em>non</em></strong></span> 
     </span>
    </p>
   </div>
   <div class='ocr_carea' id='block_1_105' title="bbox 2000 4161 3568 4235">
    <p class='ocr_par' dir='ltr' id='par_1_105' title="bbox 2000 4161 3568 4235">
     <span class='ocr_line' id='line_1_105' title="bbox 2000 4161 3568 4235; baseline 0.004 -20"><span class='ocrx_word' id='word_1_831' title='bbox 2000 4171 2117 4230; x_wconf 85' lang='lat' dir='ltr'><strong><em>post</em></strong></span> <span class='ocrx_word' id='word_1_832' title='bbox 2147 4161 2283 4216; x_wconf 86' lang='lat' dir='ltr'><strong><em>hanc</em></strong></span> <span class='ocrx_word' id='word_1_833' title='bbox 2328 4163 2735 4217; x_wconf 85' lang='lat' dir='ltr'><strong><em>abominabilcm</em></strong></span> <span class='ocrx_word' id='word_1_834' title='bbox 2778 4163 2961 4225; x_wconf 89' lang='lat' dir='ltr'><strong><em>vitam,</em></strong></span> <span class='ocrx_word' id='word_1_835' title='bbox 2994 4170 3050 4216; x_wconf 89' lang='lat' dir='ltr'><strong><em>ut</em></strong></span> <span class='ocrx_word' id='word_1_836' title='bbox 3093 4170 3236 4218; x_wconf 87' lang='lat' dir='ltr'><strong><em>esset</em></strong></span> <span class='ocrx_word' id='word_1_837' title='bbox 3280 4163 3396 4219; x_wconf 88' lang='lat' dir='ltr'><strong><em>sine</em></strong></span> <span class='ocrx_word' id='word_1_838' title='bbox 3433 4180 3568 4235; x_wconf 84' lang='lat' dir='ltr'><strong><em>que-</em></strong></span> 
     </span>
    </p>
   </div>
   <div class='ocr_carea' id='block_1_106' title="bbox 1998 4249 3569 4320">
    <p class='ocr_par' dir='ltr' id='par_1_106' title="bbox 1998 4249 3569 4320">
     <span class='ocr_line' id='line_1_106' title="bbox 1998 4249 3569 4320; baseline 0.004 -17"><span class='ocrx_word' id='word_1_839' title='bbox 1998 4249 2130 4316; x_wconf 90' lang='lat' dir='ltr'><strong><em>rela,</em></strong></span> <span class='ocrx_word' id='word_1_840' title='bbox 2157 4249 2210 4303; x_wconf 91' lang='lat' dir='ltr'><strong><em>in</em></strong></span> <span class='ocrx_word' id='word_1_841' title='bbox 2254 4251 2368 4320; x_wconf 83' lang='lat' dir='ltr'><strong><em>lege</em></strong></span> <span class='ocrx_word' id='word_1_842' title='bbox 2410 4250 2725 4319; x_wconf 80' lang='lat' dir='ltr'><strong><em>profecerat,</em></strong></span> <span class='ocrx_word' id='word_1_843' title='bbox 2770 4265 3051 4320; x_wconf 85' lang='lat' dir='ltr'><strong><em>moresque</em></strong></span> <span class='ocrx_word' id='word_1_844' title='bbox 3092 4263 3419 4317; x_wconf 80' lang='lat' dir='ltr'><strong><em>mutaverat,</em></strong></span> <span class='ocrx_word' id='word_1_845' title='bbox 3454 4257 3569 4310; x_wconf 81' lang='lat' dir='ltr'><strong><em>evi-</em></strong></span> 
     </span>
    </p>
   </div>
   <div class='ocr_carea' id='block_1_107' title="bbox 1996 4338 3568 4416">
    <p class='ocr_par' dir='ltr' id='par_1_107' title="bbox 1996 4338 3568 4416">
     <span class='ocr_line' id='line_1_107' title="bbox 1996 4338 3568 4416; baseline 0.005 -23"><span class='ocrx_word' id='word_1_846' title='bbox 1996 4338 2187 4395; x_wconf 89' lang='lat' dir='ltr'><strong><em>denter</em></strong></span> <span class='ocrx_word' id='word_1_847' title='bbox 2229 4339 2281 4393; x_wconf 91' lang='lat' dir='ltr'><strong><em>in</em></strong></span> <span class='ocrx_word' id='word_1_848' title='bbox 2317 4339 2430 4394; x_wconf 64' lang='lat' dir='ltr'><strong><em>bis‘</em></strong></span> <span class='ocrx_word' id='word_1_849' title='bbox 2457 4357 2574 4410; x_wconf 74' lang='lat' dir='ltr'><strong><em>qua:</em></strong></span> <span class='ocrx_word' id='word_1_850' title='bbox 2601 4351 2896 4409; x_wconf 81' lang='lat' dir='ltr'><strong><em>sequuntur</em></strong></span> <span class='ocrx_word' id='word_1_851' title='bbox 2939 4341 3205 4406; x_wconf 87' lang='lat' dir='ltr'><strong><em>ostendit;</em></strong></span> <span class='ocrx_word' id='word_1_852' title='bbox 3234 4345 3568 4416; x_wconf 88' lang='lat' dir='ltr'><strong><em>quandoqui-</em></strong></span> 
     </span>
    </p>
   </div>
   <div class='ocr_carea' id='block_1_108' title="bbox 1995 4427 3570 4505">
    <p class='ocr_par' dir='ltr' id='par_1_108' title="bbox 1995 4427 3570 4505">
     <span class='ocr_line' id='line_1_108' title="bbox 1995 4427 3570 4505; baseline 0.005 -24"><span class='ocrx_word' id='word_1_853' title='bbox 1995 4427 2117 4481; x_wconf 83' lang='lat' dir='ltr'><strong><em>dem</em></strong></span> <span class='ocrx_word' id='word_1_854' title='bbox 2158 4437 2414 4482; x_wconf 88' lang='lat' dir='ltr'><strong><em>mutatum</em></strong></span> <span class='ocrx_word' id='word_1_855' title='bbox 2458 4444 2517 4483; x_wconf 90' lang='lat' dir='ltr'><strong><em>se</em></strong></span> <span class='ocrx_word' id='word_1_856' title='bbox 2560 4446 2664 4483; x_wconf 89' lang='lat' dir='ltr'><strong><em>non</em></strong></span> <span class='ocrx_word' id='word_1_857' title='bbox 2707 4428 2834 4484; x_wconf 90' lang='lat' dir='ltr'><strong><em>dicit</em></strong></span> <span class='ocrx_word' id='word_1_858' title='bbox 2861 4429 2929 4483; x_wconf 87' lang='lat' dir='ltr'><strong><em>ab</em></strong></span> <span class='ocrx_word' id='word_1_859' title='bbox 2979 4429 3064 4484; x_wconf 84' lang='lat' dir='ltr'><strong><em>his</em></strong></span> <span class='ocrx_word' id='word_1_860' title='bbox 3105 4432 3280 4495; x_wconf 86' lang='lat' dir='ltr'><strong><em>malis,</em></strong></span> <span class='ocrx_word' id='word_1_861' title='bbox 3326 4434 3424 4487; x_wconf 87' lang='lat' dir='ltr'><strong><em>nisi</em></strong></span> <span class='ocrx_word' id='word_1_862' title='bbox 3476 4450 3570 4505; x_wconf 84' lang='lat' dir='ltr'><strong><em>per</em></strong></span> 
     </span>
    </p>
   </div>
   <div class='ocr_carea' id='block_1_109' title="bbox 1996 4517 3566 4591">
    <p class='ocr_par' dir='ltr' id='par_1_109' title="bbox 1996 4517 3566 4591">
     <span class='ocr_line' id='line_1_109' title="bbox 1996 4517 3566 4591; baseline 0.004 -19"><span class='ocrx_word' id='word_1_863' title='bbox 1996 4519 2218 4587; x_wconf 80' lang='lat' dir='ltr'><strong><em>gratiam</em></strong></span> <span class='ocrx_word' id='word_1_864' title='bbox 2243 4517 2552 4573; x_wconf 88' lang='lat' dir='ltr'><strong><em>Salvatoris.</em></strong></span> <span class='ocrx_word' id='word_1_865' title='bbox 2582 4519 2888 4589; x_wconf 80' lang='lat' dir='ltr'><strong><em>Adjungens</em></strong></span> <span class='ocrx_word' id='word_1_866' title='bbox 2912 4519 3053 4574; x_wconf 92' lang='lat' dir='ltr'><strong><em>enim</em></strong></span> <span class='ocrx_word' id='word_1_867' title='bbox 3086 4520 3184 4576; x_wconf 82' lang='lat' dir='ltr'><strong><em>hoc</em></strong></span> <span class='ocrx_word' id='word_1_868' title='bbox 3214 4522 3383 4591; x_wconf 90' lang='lat' dir='ltr'><strong><em>ipsum</em></strong></span> <span class='ocrx_word' id='word_1_869' title='bbox 3409 4525 3566 4579; x_wconf 84' lang='lat' dir='ltr'><strong><em>etiam</em></strong></span> 
     </span>
    </p>
   </div>
   <div class='ocr_carea' id='block_1_110' title="bbox 1997 4607 3568 4683">
    <p class='ocr_par' dir='ltr' id='par_1_110' title="bbox 1997 4607 3568 4683">
     <span class='ocr_line' id='line_1_110' title="bbox 1997 4607 3568 4683; baseline 0.003 -22"><span class='ocrx_word' id='word_1_870' title='bbox 1997 4607 2101 4676; x_wconf 84' lang='lat' dir='ltr'><strong><em>hic,</em></strong></span> <span class='ocrx_word' id='word_1_871' title='bbox 2142 4610 2278 4663; x_wconf 90' lang='lat' dir='ltr'><strong><em>sicut</em></strong></span> <span class='ocrx_word' id='word_1_872' title='bbox 2300 4608 2367 4663; x_wconf 87' lang='lat' dir='ltr'><strong><em>ad</em></strong></span> <span class='ocrx_word' id='word_1_873' title='bbox 2396 4609 2710 4677; x_wconf 79' lang='lat' dir='ltr'><strong><em>Epltesios&#39;,</em></strong></span> <span class='ocrx_word' id='word_1_874' title='bbox 2743 4610 2853 4667; x_wconf 87' lang='lat' dir='ltr'><strong><em>ait:</em></strong></span> <span class='ocrx_word' id='word_1_875' title='bbox 2886 4609 3011 4665; x_wconf 87' lang='lat' dir='ltr'><strong><em>Cum</em></strong></span> <span class='ocrx_word' id='word_1_876' title='bbox 3038 4622 3202 4666; x_wconf 82' lang='lat' dir='ltr'><strong><em>autem</em></strong></span> <span class='ocrx_word' id='word_1_877' title='bbox 3224 4613 3502 4683; x_wconf 81' lang='lat' dir='ltr'><strong><em>benignitas</em></strong></span> <span class='ocrx_word' id='word_1_878' title='bbox 3522 4627 3568 4666; x_wconf 81' lang='lat' dir='ltr'><strong><em>et</em></strong></span> 
     </span>
    </p>
   </div>
   <div class='ocr_carea' id='block_1_111' title="bbox 1997 4699 3565 4776">
    <p class='ocr_par' dir='ltr' id='par_1_111' title="bbox 1997 4699 3565 4776">
     <span class='ocr_line' id='line_1_111' title="bbox 1997 4699 3565 4776; baseline 0.005 -25"><span class='ocrx_word' id='word_1_879' title='bbox 1997 4699 2281 4753; x_wconf 83' lang='lat' dir='ltr'><strong><em>humanitas</em></strong></span> <span class='ocrx_word' id='word_1_880' title='bbox 2307 4701 2472 4755; x_wconf 74' lang='lat' dir='ltr'><strong><em>illuxit</em></strong></span> <span class='ocrx_word' id='word_1_881' title='bbox 2499 4701 2780 4756; x_wconf 82' lang='lat' dir='ltr'><strong><em>Saluatoris</em></strong></span> <span class='ocrx_word' id='word_1_882' title='bbox 2803 4704 2961 4756; x_wconf 90' lang='lat' dir='ltr'><strong><em>nostri</em></strong></span> <span class='ocrx_word' id='word_1_883' title='bbox 2983 4702 3098 4767; x_wconf 76' lang='lat' dir='ltr'><strong><em>Dei,</em></strong></span> <span class='ocrx_word' id='word_1_884' title='bbox 3125 4722 3222 4758; x_wconf 89' lang='lat' dir='ltr'><strong><em>non</em></strong></span> <span class='ocrx_word' id='word_1_885' title='bbox 3247 4721 3310 4759; x_wconf 80' lang='lat' dir='ltr'><strong><em>ea:</em></strong></span> <span class='ocrx_word' id='word_1_886' title='bbox 3335 4709 3565 4776; x_wconf 75' lang='lat' dir='ltr'><strong><em>operibus</em></strong></span> 
     </span>
    </p>
   </div>
   <div class='ocr_carea' id='block_1_112' title="bbox 1983 4790 3566 4862">
    <p class='ocr_par' dir='ltr' id='par_1_112' title="bbox 1983 4790 3566 4862">
     <span class='ocr_line' id='line_1_112' title="bbox 1983 4790 3566 4862; baseline 0.003 -19"><span class='ocrx_word' id='word_1_887' title='bbox 1983 4790 2217 4860; x_wconf 78' lang='lat' dir='ltr'><strong><em>justitite,</em></strong></span> <span class='ocrx_word' id='word_1_888' title='bbox 2239 4806 2354 4861; x_wconf 69' lang='lat' dir='ltr'><strong><em>qua</em></strong></span> <span class='ocrx_word' id='word_1_889' title='bbox 2390 4809 2481 4846; x_wconf 87' lang='lat' dir='ltr'><strong><em>nos</em></strong></span> <span class='ocrx_word' id='word_1_890' title='bbox 2510 4793 2716 4862; x_wconf 74' lang='lat' dir='ltr'><strong><em>fecimus</em></strong></span> <span class='ocrx_word' id='word_1_891' title='bbox 2733 4808 2753 4856; x_wconf 87' lang='lat'><strong><em>;</em></strong></span> <span class='ocrx_word' id='word_1_892' title='bbox 2792 4793 2882 4848; x_wconf 86' lang='lat' dir='ltr'><strong><em>sed</em></strong></span> <span class='ocrx_word' id='word_1_893' title='bbox 2905 4798 3176 4847; x_wconf 80' lang='lat' dir='ltr'><strong><em>secundum</em></strong></span> <span class='ocrx_word' id='word_1_894' title='bbox 3200 4812 3341 4848; x_wconf 88' lang='lat' dir='ltr'><strong><em>suam</em></strong></span> <span class='ocrx_word' id='word_1_895' title='bbox 3371 4798 3566 4849; x_wconf 82' lang='lat' dir='ltr'><strong><em>miscri-</em></strong></span> 
     </span>
    </p>
   </div>
   <div class='ocr_carea' id='block_1_113' title="bbox 1993 4883 3563 4953">
    <p class='ocr_par' dir='ltr' id='par_1_113' title="bbox 1993 4883 3563 4953">
     <span class='ocr_line' id='line_1_113' title="bbox 1993 4883 3563 4953; baseline 0.002 -18"><span class='ocrx_word' id='word_1_896' title='bbox 1993 4883 2213 4937; x_wconf 90' lang='lat' dir='ltr'><strong><em>cordiam</em></strong></span> <span class='ocrx_word' id='word_1_897' title='bbox 2242 4885 2406 4936; x_wconf 81' lang='lat' dir='ltr'><strong><em>salvos</em></strong></span> <span class='ocrx_word' id='word_1_898' title='bbox 2441 4900 2533 4936; x_wconf 88' lang='lat' dir='ltr'><strong><em>nos</em></strong></span> <span class='ocrx_word' id='word_1_899' title='bbox 2559 4884 2671 4953; x_wconf 87' lang='lat' dir='ltr'><strong><em>fecit</em></strong></span> <span class='ocrx_word' id='word_1_900' title='bbox 2703 4900 2791 4951; x_wconf 88' lang='lat' dir='ltr'><strong><em>per</em></strong></span> <span class='ocrx_word' id='word_1_901' title='bbox 2823 4884 3079 4937; x_wconf 85' lang='lat' dir='ltr'><strong><em>lavacrum</em></strong></span> <span class='ocrx_word' id='word_1_902' title='bbox 3108 4886 3491 4953; x_wconf 76' lang='lat' dir='ltr'><strong><em>regenerationis</em></strong></span> <span class='ocrx_word' id='word_1_903' title='bbox 3517 4898 3563 4938; x_wconf 82' lang='lat' dir='ltr'><strong><em>et</em></strong></span> 
     </span>
    </p>
   </div>
   <div class='ocr_carea' id='block_1_114' title="bbox 1992 4974 3559 5044">
    <p class='ocr_par' dir='ltr' id='par_1_114' title="bbox 1992 4974 3559 5044">
     <span class='ocr_line' id='line_1_114' title="bbox 1992 4974 3559 5044; baseline 0.001 -17"><span class='ocrx_word' id='word_1_904' title='bbox 1992 4975 2326 5028; x_wconf 85' lang='lat' dir='ltr'><strong><em>renovationis</em></strong></span> <span class='ocrx_word' id='word_1_905' title='bbox 2358 4974 2581 5042; x_wconf 87' lang='lat' dir='ltr'><strong><em>Spiritus</em></strong></span> <span class='ocrx_word' id='word_1_906' title='bbox 2609 4974 2788 5037; x_wconf 90' lang='lat' dir='ltr'><strong><em>sancti,</em></strong></span> <span class='ocrx_word' id='word_1_907' title='bbox 2818 4991 2962 5044; x_wconf 88' lang='lat' dir='ltr'><strong><em>quem</em></strong></span> <span class='ocrx_word' id='word_1_908' title='bbox 2996 4977 3239 5028; x_wconf 82' lang='lat' dir='ltr'><strong><em>ditissime</em></strong></span> <span class='ocrx_word' id='word_1_909' title='bbox 3266 4975 3444 5041; x_wconf 76' lang='lat' dir='ltr'><strong><em>effudit</em></strong></span> <span class='ocrx_word' id='word_1_910' title='bbox 3471 4994 3559 5029; x_wconf 81' lang='lat' dir='ltr'><strong><em>su-</em></strong></span> 
     </span>
    </p>
   </div>
   <div class='ocr_carea' id='block_1_115' title="bbox 1992 5064 3559 5135">
    <p class='ocr_par' dir='ltr' id='par_1_115' title="bbox 1992 5064 3559 5135">
     <span class='ocr_line' id='line_1_115' title="bbox 1992 5064 3559 5135; baseline 0 -17"><span class='ocrx_word' id='word_1_911' title='bbox 1992 5082 2080 5135; x_wconf 81' lang='lat' dir='ltr'><strong><em>per</em></strong></span> <span class='ocrx_word' id='word_1_912' title='bbox 2105 5082 2214 5130; x_wconf 89' lang='lat' dir='ltr'><strong><em>nos,</em></strong></span> <span class='ocrx_word' id='word_1_913' title='bbox 2248 5081 2337 5134; x_wconf 88' lang='lat' dir='ltr'><strong><em>per</em></strong></span> <span class='ocrx_word' id='word_1_914' title='bbox 2360 5064 2535 5119; x_wconf 84' lang='lat' dir='ltr'><strong><em>Jesum</em></strong></span> <span class='ocrx_word' id='word_1_915' title='bbox 2564 5064 2817 5119; x_wconf 82' lang='lat' dir='ltr'><strong><em>Christum</em></strong></span> <span class='ocrx_word' id='word_1_916' title='bbox 2863 5065 3179 5120; x_wconf 65' lang='lat' dir='ltr'><strong><em>Salvator-em</em></strong></span> <span class='ocrx_word' id='word_1_917' title='bbox 3207 5076 3466 5127; x_wconf 82' lang='lat' dir='ltr'><strong><em>nostrum;</em></strong></span> <span class='ocrx_word' id='word_1_918' title='bbox 3506 5079 3559 5118; x_wconf 89' lang='lat' dir='ltr'><strong><em>ut</em></strong></span> 
     </span>
    </p>
   </div>
   <div class='ocr_carea' id='block_1_116' title="bbox 1979 5154 3559 5226">
    <p class='ocr_par' dir='ltr' id='par_1_116' title="bbox 1979 5154 3559 5226">
     <span class='ocr_line' id='line_1_116' title="bbox 1979 5154 3559 5226; baseline 0 -18"><span class='ocrx_word' id='word_1_919' title='bbox 1979 5156 2247 5226; x_wconf 84' lang='lat' dir='ltr'><strong><em>justifieati</em></strong></span> <span class='ocrx_word' id='word_1_920' title='bbox 2288 5156 2455 5226; x_wconf 91' lang='lat' dir='ltr'><strong><em>gratia</em></strong></span> <span class='ocrx_word' id='word_1_921' title='bbox 2487 5154 2676 5224; x_wconf 87' lang='lat' dir='ltr'><strong><em>ipsius,</em></strong></span> <span class='ocrx_word' id='word_1_922' title='bbox 2717 5154 2937 5208; x_wconf 83' lang='lat' dir='ltr'><strong><em>lucredes</em></strong></span> <span class='ocrx_word' id='word_1_923' title='bbox 2976 5154 3245 5223; x_wconf 75' lang='lat' dir='ltr'><strong><em>efficiamur</em></strong></span> <span class='ocrx_word' id='word_1_924' title='bbox 3284 5158 3559 5209; x_wconf 75' lang='lat' dir='ltr'><strong><em>secundum</em></strong></span> 
     </span>
    </p>
   </div>
   <div class='ocr_carea' id='block_1_117' title="bbox 1988 5244 2928 5317">
    <p class='ocr_par' dir='ltr' id='par_1_117' title="bbox 1988 5244 2928 5317">
     <span class='ocr_line' id='line_1_117' title="bbox 1988 5244 2928 5317; baseline -0.004 -17"><span class='ocrx_word' id='word_1_925' title='bbox 1988 5263 2126 5317; x_wconf 87' lang='lat' dir='ltr'><strong><em>spem</em></strong></span> <span class='ocrx_word' id='word_1_926' title='bbox 2148 5248 2262 5300; x_wconf 70' lang='lat' dir='ltr'><strong><em>vita</em></strong></span> <span class='ocrx_word' id='word_1_927' title='bbox 2280 5256 2479 5301; x_wconf 71' lang='lat' dir='ltr'><strong><em>arterna:</em></strong></span> <span class='ocrx_word' id='word_1_928' title='bbox 2505 5244 2576 5316; x_wconf 83' lang='grc' dir='ltr'><strong><em>(Τ</em></strong></span> <span class='ocrx_word' id='word_1_929' title='bbox 2576 5247 2632 5299; x_wconf 92' lang='lat' dir='ltr'><strong><em>it.</em></strong></span> <span class='ocrx_word' id='word_1_930' title='bbox 2674 5260 2752 5311; x_wconf 88' lang='lat' dir='ltr'><strong><em>Ill,</em></strong></span> <span class='ocrx_word' id='word_1_931' title='bbox 2790 5244 2928 5316; x_wconf 61' lang='grc' dir='ltr'><strong><em>δεῖ).</em></strong></span> 
     </span>
    </p>
   </div>
   <div class='ocr_carea' id='block_1_118' title="bbox 2051 5396 3568 5460">
    <p class='ocr_par' dir='ltr' id='par_1_118' title="bbox 2051 5396 3568 5460">
     <span class='ocr_line' id='line_1_118' title="bbox 2051 5396 3568 5460; baseline -0.006 -13"><span class='ocrx_word' id='word_1_932' title='bbox 2051 5397 2068 5430; x_wconf 83' lang='grc'>¹</span> <span class='ocrx_word' id='word_1_933' title='bbox 2103 5396 2238 5453; x_wconf 79' lang='grc' dir='ltr'>ειιίιί,</span> <span class='ocrx_word' id='word_1_934' title='bbox 2262 5408 2463 5455; x_wconf 87' lang='lat' dir='ltr'><strong><em>peccans</em></strong></span> <span class='ocrx_word' id='word_1_935' title='bbox 2480 5398 2742 5460; x_wconf 79' lang='lat' dir='ltr'><strong><em>peccatum.</em></strong></span> <span class='ocrx_word' id='word_1_936' title='bbox 2759 5400 2936 5460; x_wconf 73' lang='lat' dir='ltr'><strong><em>omnes</em></strong></span> <span class='ocrx_word' id='word_1_937' title='bbox 2964 5400 3091 5460; x_wconf 55' lang='lat' dir='ltr'><strong><em>stas,</em></strong></span> <span class='ocrx_word' id='word_1_938' title='bbox 3107 5400 3325 5460; x_wconf 85' lang='lat' dir='ltr'><strong><em>peccator</em></strong></span> <span class='ocrx_word' id='word_1_939' title='bbox 3344 5402 3428 5448; x_wconf 89' lang='lat' dir='ltr'><strong><em>aut</em></strong></span> <span class='ocrx_word' id='word_1_940' title='bbox 3448 5408 3568 5460; x_wconf 82' lang='lat' dir='ltr'><strong><em>pec-</em></strong></span> 
     </span>
    </p>
   </div>
   <div class='ocr_carea' id='block_1_119' title="bbox 1985 5454 3038 5524">
    <p class='ocr_par' dir='ltr' id='par_1_119' title="bbox 1985 5454 3038 5524">
     <span class='ocr_line' id='line_1_119' title="bbox 1985 5454 3038 5524; baseline -0.001 -19"><span class='ocrx_word' id='word_1_941' title='bbox 1985 5463 2158 5524; x_wconf 78' lang='lat' dir='ltr'><strong><em>catmn.</em></strong></span> <span class='ocrx_word' id='word_1_942' title='bbox 2182 5454 2343 5506; x_wconf 65' lang='lat' dir='ltr'><strong><em>Graece</em></strong></span> <span class='ocrx_word' id='word_1_943' title='bbox 2366 5464 2438 5524; x_wconf 68' lang='lat' dir='ltr'><strong><em>est</em></strong></span> <span class='ocrx_word' id='word_1_944' title='bbox 2455 5491 2468 5514; x_wconf 89' lang='lat'><strong><em>,</em></strong></span> <span class='ocrx_word' id='word_1_945' title='bbox 2481 5454 2751 5524; x_wconf 61' lang='lat' dir='ltr'><strong><em>antiquitas</em></strong></span> <span class='ocrx_word' id='word_1_946' title='bbox 2761 5454 2793 5524; x_wconf 68' lang='lat' dir='ltr'><strong><em>e</em></strong></span> <span class='ocrx_word' id='word_1_947' title='bbox 2814 5455 3038 5506; x_wconf 79' lang='lat' dir='ltr'><strong><em>amartia.</em></strong></span> 
     </span>
    </p>
   </div>
   <div class='ocr_carea' id='block_1_120' title="bbox 2048 5516 3060 5586">
    <p class='ocr_par' dir='ltr' id='par_1_120' title="bbox 2048 5516 3060 5586">
     <span class='ocr_line' id='line_1_120' title="bbox 2048 5516 3060 5586; baseline 0.022 -22"><span class='ocrx_word' id='word_1_948' title='bbox 2048 5523 2069 5586; x_wconf 70' lang='grc' dir='ltr'><strong>ξ</strong></span> <span class='ocrx_word' id='word_1_949' title='bbox 2101 5521 2296 5586; x_wconf 53' lang='lat' dir='ltr'><strong><em>Sicblss.</em></strong></span> <span class='ocrx_word' id='word_1_950' title='bbox 2324 5516 2457 5586; x_wconf 60' lang='lat' dir='ltr'><strong><em>alii}.</em></strong></span> <span class='ocrx_word' id='word_1_951' title='bbox 2482 5516 2816 5586; x_wconf 34' lang='lat' dir='ltr'><strong><em>quodfurrit.‘</em></strong></span> <span class='ocrx_word' id='word_1_952' title='bbox 2861 5575 2872 5586; x_wconf 83' lang='grc'><em>,</em></span> <span class='ocrx_word' id='word_1_953' title='bbox 2907 5575 2919 5586; x_wconf 87' lang='grc'><strong><em>,</em></strong></span> <span class='ocrx_word' id='word_1_954' title='bbox 2981 5583 2990 5586; x_wconf 94' lang='lat'>_</span> <span class='ocrx_word' id='word_1_955' title='bbox 3028 5573 3060 5586; x_wconf 90' lang='lat'><strong><em>_.</em></strong></span> 
     </span>
    </p>
   </div>
   <div class='ocr_carea' id='block_1_121' title="bbox 2048 5575 3163 5632">
    <p class='ocr_par' dir='ltr' id='par_1_121' title="bbox 2048 5575 3163 5632">
     <span class='ocr_line' id='line_1_121' title="bbox 2048 5575 3163 5632; baseline 0 -7"><span class='ocrx_word' id='word_1_956' title='bbox 2048 5580 2069 5612; x_wconf 81' lang='grc'><strong><em>³</em></strong></span> <span class='ocrx_word' id='word_1_957' title='bbox 2093 5579 2297 5628; x_wconf 61' lang='lat' dir='ltr'><strong><em>Vaticani</em></strong></span> <span class='ocrx_word' id='word_1_958' title='bbox 2329 5575 2748 5632; x_wconf 58' lang='lat' dir='ltr'><strong><em>wdics&#39;omittnnt,</em></strong></span> <span class='ocrx_word' id='word_1_959' title='bbox 2770 5581 2817 5628; x_wconf 79' lang='lat' dir='ltr'><strong><em>et</em></strong></span> <span class='ocrx_word' id='word_1_960' title='bbox 2839 5575 3163 5628; x_wconf 83' lang='lat' dir='ltr'><strong><em>delectatione.</em></strong></span> 
     </span>
    </p>
   </div>
   <div class='ocr_carea' id='block_1_122' title="bbox 2046 5636 3552 5706">
    <p class='ocr_par' dir='ltr' id='par_1_122' title="bbox 2046 5636 3552 5706">
     <span class='ocr_line' id='line_1_122' title="bbox 2046 5636 3552 5706; baseline 0.002 -18"><span class='ocrx_word' id='word_1_961' title='bbox 2046 5638 2069 5671; x_wconf 72' lang='grc' dir='ltr'><strong><em>ι</em></strong></span> <span class='ocrx_word' id='word_1_962' title='bbox 2099 5642 2172 5689; x_wconf 85' lang='lat' dir='ltr'><strong><em>sic</em></strong></span> <span class='ocrx_word' id='word_1_963' title='bbox 2194 5651 2292 5706; x_wconf 70' lang='grc' dir='ltr'><strong><em>Αῃι.</em></strong></span> <span class='ocrx_word' id='word_1_964' title='bbox 2317 5645 2391 5706; x_wconf 82' lang='lat' dir='ltr'><strong><em>_F.r.</em></strong></span> <span class='ocrx_word' id='word_1_965' title='bbox 2418 5646 2469 5706; x_wconf 70' lang='lat' dir='ltr'><strong><em>et</em></strong></span> <span class='ocrx_word' id='word_1_966' title='bbox 2485 5644 2591 5706; x_wconf 62' lang='lat' dir='ltr'><strong><em>Mss.</em></strong></span> <span class='ocrx_word' id='word_1_967' title='bbox 2618 5639 2768 5688; x_wconf 80' lang='lat' dir='ltr'><strong><em>Editio</em></strong></span> <span class='ocrx_word' id='word_1_968' title='bbox 2791 5645 2921 5695; x_wconf 74' lang='grc' dir='ltr'><strong><em>ων..</em></strong></span> <span class='ocrx_word' id='word_1_969' title='bbox 2941 5637 3243 5706; x_wconf 64' lang='lat' dir='ltr'><strong><em>maeularit:</em></strong></span> <span class='ocrx_word' id='word_1_970' title='bbox 3258 5636 3332 5691; x_wconf 83' lang='lat' dir='ltr'><strong><em>his</em></strong></span> <span class='ocrx_word' id='word_1_971' title='bbox 3348 5652 3457 5706; x_wconf 70' lang='lat' dir='ltr'><strong><em>que</em></strong></span> <span class='ocrx_word' id='word_1_972' title='bbox 3475 5654 3552 5691; x_wconf 79' lang='lat' dir='ltr'><strong><em>se-</em></strong></span> 
     </span>
    </p>
   </div>
   <div class='ocr_carea' id='block_1_123' title="bbox 1987 5697 3543 5765">
    <p class='ocr_par' dir='ltr' id='par_1_123' title="bbox 1987 5697 3543 5765">
     <span class='ocr_line' id='line_1_123' title="bbox 1987 5697 3543 5765; baseline 0.001 -17"><span class='ocrx_word' id='word_1_973' title='bbox 1987 5706 2213 5765; x_wconf 63' lang='lat' dir='ltr'><strong><em>quuntur.</em></strong></span> <span class='ocrx_word' id='word_1_974' title='bbox 2237 5698 2497 5765; x_wconf 61' lang='lat' dir='ltr'><strong><em>[eiidettter</em></strong></span> <span class='ocrx_word' id='word_1_975' title='bbox 2522 5697 2594 5765; x_wconf 65' lang='lat' dir='ltr'><strong><em>his</em></strong></span> <span class='ocrx_word' id='word_1_976' title='bbox 2612 5710 2723 5762; x_wconf 68' lang='lat' dir='ltr'><strong><em>quia</em></strong></span> <span class='ocrx_word' id='word_1_977' title='bbox 2737 5702 3036 5765; x_wconf 83' lang='lat' dir='ltr'><strong><em>sequ_untur.]</em></strong></span> <span class='ocrx_word' id='word_1_978' title='bbox 3361 5697 3372 5706; x_wconf 86' lang='grc'><em>’</em></span> <span class='ocrx_word' id='word_1_979' title='bbox 3396 5764 3401 5765; x_wconf 18' lang='grc' dir='ltr'><em>ν</em></span> <span class='ocrx_word' id='word_1_980' title='bbox 3529 5755 3543 5763; x_wconf 84' lang='lat'><strong>_</strong></span> 
     </span>
    </p>
   </div>
   <div class='ocr_carea' id='block_1_124' title="bbox 2049 5760 3435 5827">
    <p class='ocr_par' dir='ltr' id='par_1_124' title="bbox 2049 5760 3435 5827">
     <span class='ocr_line' id='line_1_124' title="bbox 2049 5760 3435 5827; baseline 0 -15"><span class='ocrx_word' id='word_1_981' title='bbox 2049 5763 2070 5797; x_wconf 84' lang='grc'><strong><em>³</em></strong></span> <span class='ocrx_word' id='word_1_982' title='bbox 2100 5761 2232 5825; x_wconf 66' lang='lat' dir='ltr'><strong><em>aliti,</em></strong></span> <span class='ocrx_word' id='word_1_983' title='bbox 2260 5760 2378 5812; x_wconf 66' lang='lat' dir='ltr'><strong><em>sicut</em></strong></span> <span class='ocrx_word' id='word_1_984' title='bbox 2400 5760 2463 5811; x_wconf 85' lang='lat' dir='ltr'><strong><em>ad</em></strong></span> <span class='ocrx_word' id='word_1_985' title='bbox 2494 5760 2657 5811; x_wconf 73' lang='lat' dir='ltr'><strong><em>Titinii.</em></strong></span> <span class='ocrx_word' id='word_1_986' title='bbox 2683 5760 2997 5811; x_wconf 82' lang='lat' dir='ltr'><strong><em>Emendautur</em></strong></span> <span class='ocrx_word' id='word_1_987' title='bbox 3017 5760 3078 5811; x_wconf 66' lang='grc' dir='ltr'><strong><em>ἐκ</em></strong></span> <span class='ocrx_word' id='word_1_988' title='bbox 3104 5764 3435 5827; x_wconf 67' lang='lat' dir='ltr'><strong><em>annuet-rima</em></strong></span> 
     </span>
    </p>
   </div>
  </div>
