4010 6186
417 293 519 349 559

490 409 571 462 16.
593 408 741 474 Quod
770 418 942 464 autem
972 411 1045 462 ait
1071 411 1124 462 in
1149 408 1250 464 hoc
1279 409 1525 477 Epistolas
1555 410 1673 463 loco
1700 408 1765 462 ad
1792 408 1986 461 Roma-

418 514 535 564 nos,
570 500 835 553 Peccatum
864 509 916 552 ut
940 511 1183 569 appareat
1222 513 1502 568 percolunt,
1534 518 1619 569 per
1646 505 1828 553 bonum
1865 500 1989 552 nti/ti

417 599 672 659 operatum
700 600 770 642 est
796 599 1042 653 ntortem;
1068 591 1310 660 congruit
1341 589 1700 658 superioribus
1722 589 1807 643 ubi
1834 588 1985 642 dixit.

421 679 525 733 Sed
550 689 804 748 peccatum
831 694 929 732 non
972 679 1199 747 cognovi,
1232 679 1329 732 nisi
1358 696 1445 748 per
1490 678 1686 747 legem;
1716 694 1833 731 nam
1868 692 1991 730 con-

416 771 771 839 cupiscentiam
816 770 1112 833 nesciebant,
1157 770 1255 824 nisi
1304 770 1386 823 lea:
1420 768 1626 832 diceret,
1659 766 1781 822 Non
1809 782 1993 820 concu-

322 908 328 914 .
420 862 599 928 pisces.
643 860 707 914 Et
738 860 1003 929 superius,
1048 857 1149 913 Per
1172 858 1328 929 legem
1357 860 1573 930 cognitio
1611 859 1799 929 peccati
1824 873 1843 911 :
1890 858 1992 913 hoc

419 949 560 1002 enim
588 957 641 1003 ct
670 944 926 1013 hicidixit,
951 957 1002 1002 ut
1025 958 1268 1019 appareat
1294 960 1553 1019 peccatum
1574 964 1593 1001 :
1622 959 1677 1003 ut
1701 948 1824 1002 illud
1850 948 1995 1018 quod

416 1038 645 1100 dixerat.
673 1037 798 1094 Sine
827 1037 933 1108 lege
958 1038 1093 1092 enim
1125 1048 1382 1108 peccatum
1431 1046 1681 1093 mortuum
1727 1047 1840 1104 est;
1885 1053 1991 1091 non

420 1128 776 1199 intelligamus
815 1129 913 1183 nisi
945 1138 1191 1198 tanquam
1233 1144 1338 1184 non
1366 1130 1454 1194 sit,
1487 1129 1660 1195 Latet,
1689 1144 1795 1182 non
1830 1143 1990 1197 appa-

420 1231 530 1281 τισι,
584 1220 794 1289 penitus
846 1220 1137 1289 ignoratur,
1178 1229 1425 1289 tanquam
1469 1220 1521 1274 in
1573 1219 1752 1273 nescio
1802 1218 1993 1287 quibus

415 1313 732 1381 ignorantia.
764 1312 996 1368 tenebris
1035 1312 1105 1366 sit
1139 1312 1424 1382 sepultum.
1454 1312 1522 1365 Et
1546 1309 1682 1380 quod
1726 1310 1830 1374 ait,
1882 1308 1994 1378 Ego

420 1416 588 1457 autem
616 1404 835 1457 vivebam
863 1404 1135 1473 aliquando
1152 1404 1259 1457 sine
1285 1404 1430 1473 lege;
1476 1401 1601 1473 quid
1628 1404 1722 1465 ait,
1746 1402 1867 1461 nisi.
1896 1400 1992 1455 Vi-

421 1509 546 1547 vere
600 1494 728 1548 mihi
776 1493 1028 1547 videbar?
1076 1493 1142 1547 Et
1182 1492 1322 1562 quod
1366 1492 1639 1562 adjunxit,
1689 1491 1995 1545 Adseniente

423 1592 589 1636 autem
616 1587 852 1637 mandato
874 1592 1127 1653 peccatum
1146 1585 1352 1649 revixit;
1381 1583 1505 1653 quid
1526 1592 1609 1638 est
1626 1581 1787 1648 aliud,
1810 1594 1989 1652 quam,

423 1671 682 1726 Eminuit'
730 1680 786 1727 et
826 1672 1106 1741 apparuit?
1149 1671 1257 1726 Nec
1306 1681 1480 1727 tamen
1520 1673 1622 1737 ait,
1654 1671 1825 1737 Vixit;
1875 1671 1990 1738 sed,

425 1762 621 1815 revixit.
658 1761 871 1816 Vixerat
909 1761 1053 1816 enim
1082 1760 1366 1830 aliquando
1411 1761 1461 1814 in
1491 1761 1756 1830 paradiso,
1782 1760 1994 1829 quando

420 1861 601 1905 contra
627 1850 806 1904 datum
834 1858 1155 1921 prateeptum
1196 1851 1324 1904 satis
1351 1850 1638 1920 apparebat
1666 1849 1991 1904 admissum:

422 1956 542 1995 cum
567 1948 742 1994 autem
768 1955 796 1993 a
828 1939 1164 1995 nascentibus
1187 1939 1432 2005 trahitur,
1456 1948 1707 2010 tanquam
1727 1946 1997 1994 mortuum

421 2033 492 2085 sit
518 2032 664 2096 latet,
690 2030 863 2085 donec
890 2045 1187 2100 repugnans
1212 2030 1432 2100 justitiae
1453 2032 1648 2085 malum
1674 2030 1788 2099 ejus
1814 2029 1997 2099 prohi-

421 2120 618 2174 bitione
645 2119 919 2184 sentiatur,
938 2134 1058 2174 cum
1081 2119 1223 2174 aliud
1241 2120 1460 2188 jubetur
1474 2127 1631 2190 atque
1648 2119 1993 2189 approbatur,

420 2208 561 2262 aliud
589 2208 818 2262 delectat
855 2214 1014 2278 atque
1039 2207 1380 2264 dominatur:
1419 2217 1545 2264 tunc
1572 2216 1843 2278 peccatum
1863 2222 1996 2277 quo-

421 2298 542 2353 dam
564 2298 721 2353 modo
769 2300 822 2353 in
862 2298 1046 2353 notitia
1069 2299 1176 2352 nati
1204 2298 1434 2354 hominis
1457 2299 1743 2365 reviviseit,
1771 2297 1910 2367 quod
1940 2298 1996 2353 in

423 2388 603 2441 notitia
631 2387 892 2457 primum'
911 2387 1032 2442 laeti
1072 2388 1302 2442 hominis
1331 2388 1613 2458 aliquando
1635 2388 1745 2457 jam
1768 2388 1992 2442 vixerat.

489 2476 713 2534 CAPUT
750 2476 820 2533 Χ.
864 2507 935 2519 -
980 2479 1068 2534 l7.
1113 2478 1351 2547 Sequitur
1373 2480 1436 2533 de
1472 2480 1643 2534 eodem
1682 2489 1993 2550 argumento.

422 2565 524 2621 Sed
550 2568 691 2638 quod
718 2567 985 2637 sequitur,
1012 2583 1116 2624 non
1153 2570 1223 2624 ita
1249 2569 1555 2640 expeditum
1582 2577 1666 2625 est
1685 2610 1700 2637 ,
1731 2571 1999 2641 quomodo

416 2658 485 2712 de
506 2657 671 2712 Paulo
694 2659 859 2727 possit
882 2657 1123 2729 intelligi.
1152 2658 1353 2714 Scimus
1376 2660 1529 2727 enim,
1560 2659 1749 2730 inquit,
1777 2660 1896 2729 quia
1914 2660 1998 2715 lea:

414 2747 695 2819 spiritualis
719 2757 826 2813 est;
851 2764 943 2820 ego
975 2758 1142 2803 autem
1164 2751 1383 2804 carnalis
1407 2766 1520 2803 sum
1552 2748 1724 2821 (Rom.
1746 2764 1847 2815 ut,
1877 2750 1993 2821 η).

416 2840 529 2894 Non
565 2839 639 2894 ait
660 2881 675 2904 ,
704 2839 799 2896 Fui
827 2858 842 2896 :
870 2840 966 2897 sed
990 2881 1005 2905 ,
1035 2858 1168 2897 sum.
1214 2841 1480 2912 Numquid
1518 2855 1646 2912 ergo
1669 2842 1954 2911 Apostolus
1976 2882 1993 2909 ,

408 2948 536 2988 cum
564 2932 677 2988 hcce
707 2935 965 2989 scriberet
989 2976 1004 2999 ,
1030 2937 1262 2991 carnalis
1286 2936 1426 2990 luit‘t
1456 2938 1536 2990 An
1562 2937 1852 2991 secundum
1877 2950 1998 2991 cor-

417 3039 516 3093 pus
534 3025 633 3081 hoc
653 3026 803 3081 dicit?
818 3027 1003 3082 Adhuc
1021 3030 1161 3083 enim
1185 3037 1299 3082 erat
1314 3028 1368 3082 in
1384 3043 1607 3097 corpore
1627 3028 1815 3083 mortis
1836 3027 1997 3097 hujus

417 3114 607 3183 (lbid.,
627 3113 742 3184 24),
771 3115 1004 3170 nondum
1033 3117 1171 3171 facto
1191 3117 1213 3149 ³
1231 3117 1372 3187 quod
1392 3118 1515 3172 alibi
1536 3117 1683 3185 dicit,
1707 3118 1997 3173 Seminatur

419 3221 603 3275 corpus
633 3206 880 3271 animale,
917 3216 1084 3277 surget
1104 3206 1127 3237 ‘
1154 3223 1338 3276 corpus
1359 3207 1620 3276 spirituale
1652 3206 1706 3277 (Ι
1731 3203 1851 3261 Cor.
1889 3222 1995 3273 xv,

417 3296 529 3366 ιι).
559 3295 710 3350 Tunc
751 3296 893 3350 enim
924 3311 987 3349 ex
1019 3306 1129 3351 toto
1160 3311 1220 3351 se
1243 3337 1258 3362 ,
1286 3296 1338 3351 id
1361 3305 1479 3363 est,
1507 3312 1574 3351 ex
1602 3306 1824 3366 utraque
1849 3304 1999 3366 parte

416 3400 519 3455 qua
549 3392 791 3449 constat,
819 3384 1108 3454 spiritualis
1138 3387 1298 3441 homo
1321 3386 1457 3454 erit,
1488 3386 1700 3456 quando
1726 3387 1998 3457 spirituale

417 3477 575 3533 ctiam
615 3491 810 3546 corpus
837 3477 959 3531 erit.
987 3476 1169 3546 Neque
1198 3477 1342 3532 enim
1387 3477 1673 3532 absurdum
1702 3488 1820 3546 est,
1846 3488 1904 3532 ut
1928 3479 1998 3533 sit

418 3568 471 3622 in
494 3567 580 3621 illa
609 3567 713 3621 vita
733 3566 892 3621 etiam
918 3582 1044 3621 caro
1064 3568 1383 3637 spiritualis;
1406 3568 1450 3621 si
1479 3570 1647 3638 potuit
1670 3582 1789 3625 esse
1817 3568 1871 3622 in
1900 3569 1998 3623 hac

417 3660 543 3721 vita,
566 3659 619 3712 in
645 3657 728 3714 his
755 3657 844 3727 qui
868 3657 1042 3712 adhuc
1066 3658 1296 3712 carnalia
1324 3659 1568 3728 sapiunt,
1592 3660 1750 3715 etiam
1782 3659 1998 3729 spiritus

416 3750 529 3817 ipso
551 3748 799 3803 carnalis.
830 3747 920 3803 Sic
945 3763 1072 3818 ergo
1102 3748 1222 3802 ideo
1249 3748 1411 3814 dixit,
1448 3749 1556 3819 Ego
1586 3759 1753 3804 autem
1777 3750 1999 3804 carnalis

416 3854 565 3903 sum;
591 3838 713 3908 quia
747 3838 980 3893 nondum
1010 3838 1282 3906 Spirituale
1306 3852 1499 3908 corpus
1528 3838 1753 3893 habebat
1773 3840 1999 3908 Aposto-

418 3932 525 3984 lus.
574 3930 721 3985 Sient
751 3939 928 3999 posset
975 3930 1168 3992 dicere,
1207 3930 1317 3998 Ego
1349 3939 1525 3984 autem
1568 3931 1807 3984 mortalis
1832 3945 1948 3983 sum
1980 3947 1994 3984 :

421 4021 560 4095 quod
584 4021 764 4091 utique
789 4036 894 4075 non
940 4020 1038 4075 nisi
1069 4020 1360 4074 secundum
1395 4033 1591 4089 corpus
1617 4019 1999 4089 intelligeretur

421 4111 647 4173 dixisse,
674 4110 817 4180 quod
841 4109 1074 4165 nondum
1107 4108 1280 4165 fuerat
1306 4110 1702 4165 immortalitate
1728 4110 1995 4165 vestitum.

422 4207 549 4260 item
575 4205 714 4275 quod
743 4206 978 4277 adjunin
999 4247 1013 4270 ,
1046 4204 1373 4259 Venundatus
1397 4203 1487 4259 sub
1512 4213 1712 4274 peccato
1730 4218 1750 4259 :
1767 4218 1833 4259 ne
1856 4205 2001 4274 quis-

418 4312 575 4363 quam
601 4310 721 4349 eum
750 4295 1342 4363 nondum’redemptum
1366 4293 1561 4349 Christi
1591 4295 1848 4364 sanguine
1877 4294 1996 4349 exi-

420 4387 629 4449 stimet,
673 4386 832 4439 etiam
883 4386 985 4439 hoc
1030 4385 1317 4439 secundum
1368 4384 1496 4439 illud
1540 4393 1714 4454 potest
1743 4384 1994 4454 intelligi,

420 4473 559 4542 quod
604 4473 707 4538 ait,
740 4471 804 4526 Et
832 4491 921 4527 nos
953 4474 1201 4544 primitias
1228 4474 1458 4529 habentes
1482 4475 1689 4544 spiritus
1710 4516 1724 4539 ,
1758 4484 1805 4528 et
1824 4474 1918 4544 ipsi
1944 4476 1997 4528 in

419 4565 781 4635 nobismetipsis
813 4565 1213 4635 ingemiscimus,
1253 4564 1572 4634 adoptionem
1618 4574 1954 4635 mpectantes
1977 4604 1993 4630 ,

419 4658 806 4725 redemptionem
831 4657 1055 4725 corporis
1077 4657 1233 4709 nostri
1261 4655 1434 4726 (Rom.
1457 4671 1546 4709 vm
1566 4698 1581 4720 ,
1612 4654 1725 4724 2'5).
1773 4655 1826 4711 Si
1851 4656 1993 4711 enim

419 4748 707 4802 secundum
732 4746 834 4802 hoc
850 4762 908 4801 se
929 4746 1055 4800 dicit
1077 4744 1429 4801 venundatum
1460 4745 1559 4799 sub
1588 4753 1825 4815 peccato,
1854 4745 1994 4815 quod

418 4838 593 4893 adhuc
618 4852 720 4892 non
750 4846 827 4890 est
855 4835 1185 4906 redemptum
1212 4850 1242 4890 a
1267 4835 1604 4906 corruptione
1630 4850 1824 4905 corpus
1847 4837 1993 4905 ejus;

422 4932 503 4985 vel
535 4930 890 4985 venundatum
940 4930 1221 5000 aliquando
1265 4930 1318 4984 in
1364 4932 1528 4996 prima
1575 4931 1996 5000 transgressione

422 5022 671 5093 prmerpti
692 5063 706 5086 ,
733 5031 790 5075 ut
819 5021 1035 5076 haberet
1062 5034 1256 5089 corpus
1279 5019 1621 5089 corruptihiie
1645 5020 1783 5090 quod
1809 5036 1998 5091 aggra-

424 5124 509 5167 vat
536 5115 765 5167 animam
796 5111 949 5184 (Sap.
973 5128 1027 5167 ix
1047 5154 1062 5178 ,
1095 5112 1181 5183 l5)
1212 5126 1225 5165 :
1252 5110 1375 5181 quid
1404 5110 1648 5180 prohibet
1668 5111 1753 5165 hic
1778 5112 1998 5181 Aposto-

423 5204 530 5257 lum
556 5204 770 5274 intelligi
790 5204 857 5258 de
876 5217 933 5258 se
954 5203 1068 5273 ipso
1092 5202 1288 5269 dicere,
1314 5200 1454 5272 quod
1477 5202 1545 5256 ita
1570 5200 1726 5266 dicit,
1756 5210 1814 5257 ut
1837 5202 1994 5258 etiam

487 5355 505 5384 ¹
543 5354 747 5404 valleaui
769 5360 899 5411 διεδ..
921 5351 1130 5405 emicuit.

484 5416 507 5446 ³
538 5415 610 5477 Sic
631 5422 734 5477 stas.
751 5423 803 5463 st
820 5415 934 5477 editi
951 5427 1050 5464 sm.
1069 5424 1120 5465 et
1142 5421 1214 5463 Fx.
1231 5423 1361 5475 tov.,
1378 5412 1537 5477 primi.
1563 5421 1615 5464 Et
1630 5414 1751 5466 intra
1765 5421 1873 5467 ιον.
1892 5424 1996 5468 ιω».

420 5482 541 5533 tum,
554 5474 663 5535 jam
679 5474 866 5526 ﬁxerit.

487 5536 509 5601 ξ
542 5542 621 5601 llic
643 5541 715 5601 pr.
742 5544 795 5585 et
827 5544 935 5601 μιν.
960 5536 1262 5596 addiderunt,
1281 5535 1535 5601 spiritnalt'.

483 5596 507 5628 ⁸
538 5598 655 5664 eum
676 5630 690 5656 ,
723 5597 891 5661 surgit.
950 5600 1246 5660 Manuscripti
1274 5596 1489 5663 {surget
1517 5612 1533 5648 :
1565 5600 1702 5660 juxta
1738 5612 1949 5662 grzccum
1975 5636 1989 5662 ,

420 5665 662 5722 rgmcsaz.

1019 296 1287 351 CONTRA
1332 296 1507 352 DUAS
1548 293 1917 350 EPISTOLAS
1957 291 2508 362 PELAGHNORUM.
2549 301 2607 358 S.
2659 303 3029 363 AUGUSTINI

2098 406 2148 459 in
2178 408 2293 476 ipso
2318 412 2481 478 possit
2503 413 2518 443 ¹
2540 413 2753 482 intelligi
2775 416 3014 479 ;etiamsi
3037 415 3091 472 in
3115 428 3208 469 sua
3236 429 3458 482 persons
3476 430 3578 470 non
3607 433 3667 474 se

2095 499 2265 552 solum
2284 541 2299 563 ,
2326 501 2417 555 sed
2448 517 2633 559 omnes
2678 506 2845 573 accipi
2878 506 3001 560 velit
3024 546 3038 568 ,
3065 507 3152 576 qui
3182 522 3239 559 se
3267 517 3524 562 noverunt
3551 509 3668 576 Spi-

2095 586 2271 641 ritnali
2301 588 2652 645 delectatione
2679 593 2698 623 ¹
2730 608 2850 647 ειιιη
2879 594 3055 649 carnis
3076 594 3354 651 alleaione
3376 596 3493 652 sine
3531 613 3666 653 cono

2095 677 2344 731 sensiune
2371 679 2697 749 conﬂigere?

2167 766 2253 821 18.
2282 769 2363 821 An
2405 766 2542 824 forte
2580 770 2864 825 metuimus
2906 786 2968 827 es
3013 788 3135 842 qua:
3171 782 3485 843 sequuntur.
3519 775 3668 840 Quod

2095 855 2225 910 sitim
2253 872 2451 925 operor,
2477 858 2653 928 ignoro
2673 876 2693 914 :
2720 876 2821 913 non
2842 861 2979 914 enim
3003 863 3135 931 quod
3156 864 3286 925 solo,
3309 862 3402 916 hoc
3424 879 3560 934 ago;
3582 864 3670 918 sed

2094 943 2230 1013 quod
2254 945 2372 1009 odi,
2397 946 2527 1000 illud
2555 950 2686 1017 facio
2707 966 2727 1005 :
2756 964 2822 1003 ne
2847 950 2986 1006 forte
3005 968 3070 1006 es
3098 951 3178 1006 his
3207 953 3382 1007 verbis
3409 956 3669 1024 quispiam

2095 1034 2397 1089 Consentire
2437 1037 2612 1091 carnis
2652 1039 3092 1106 concupiscentim
3119 1040 3186 1095 ad
3226 1055 3383 1109 Opera
3418 1044 3550 1095 mala
3577 1058 3671 1096 su-

2096 1123 2328 1192 Spicetur
2365 1124 2754 1191 Apostolum’?
2779 1126 2883 1182 Sed
2923 1129 3363 1183 considerandum
3405 1142 3487 1184 est
3530 1131 3667 1199 quod

2095 1211 2328 1281 adjungit
2344 1231 2367 1266 σε
2394 1212 2456 1268 Si
2476 1224 2642 1269 autem
2664 1216 2797 1285 quod
2820 1218 2937 1271 nolo
2956 1258 2972 1284 ,
3004 1218 3098 1272 hoc
3117 1218 3270 1286 facio,
3298 1221 3551 1273 consentio
3572 1221 3671 1291 legi

2095 1301 2331 1369 quoniam
2353 1302 2484 1357 bona
2509 1312 2602 1357 est.
2626 1304 2788 1375 Magis
2815 1306 2958 1360 enim
2986 1320 3044 1360 se
3070 1306 3199 1362 dicit
3220 1308 3319 1376 legi
3346 1311 3667 1373 consentire,

2097 1405 2256 1459 quam
2290 1392 2466 1446 carnis
2491 1395 2954 1463 concupiscentitc.
2988 1396 3133 1450 llanc
3171 1398 3316 1451 enim
3346 1398 3540 1466 peccati
3570 1414 3670 1454 no.

2097 1480 2239 1535 mine
2280 1481 2530 1551 appellat.
2579 1481 2778 1540 Facere
2803 1501 2930 1555 ergo
2956 1500 3016 1541 se
3042 1485 3175 1540 dixit
3204 1496 3257 1540 et
3297 1486 3537 1555 operari,
3566 1504 3669 1542 non

2096 1568 2286 1626 affectu
2342 1572 2710 1628 consentiendi
2772 1584 2827 1628 et
2876 1575 3163 1644 implendi,
3213 1575 3306 1629 sed
3363 1577 3478 1644 ipso
3529 1588 3671 1632 motu

2097 1662 2531 1730 concupiscendi.
2560 1663 2697 1720 Hinc
2729 1681 2857 1734 ergo
2880 1702 2896 1732 ,
2924 1667 3133 1736 inquit,
3155 1669 3407 1721 consentio
3435 1668 3532 1738 legi
3552 1685 3673 1738 quo-

2097 1751 2233 1804 niam
2257 1752 2387 1806 bona
2417 1761 2491 1807 est
2519 1772 2535 1807 :
2566 1755 2848 1821 consentio,
2889 1756 3007 1824 quia
3048 1757 3174 1810 nolo
3217 1756 3356 1826 quod
3400 1772 3504 1810 non
3543 1757 3668 1811 vult.

2100 1842 2297 1898 Deinde
2340 1843 2498 1910 dicit,
2530 1843 2682 1898 Nunc
2718 1856 2885 1900 autem
2903 1847 3017 1917 jam
3058 1864 3160 1900 non
3183 1863 3275 1918 ego
3296 1864 3476 1914 operor
3502 1846 3629 1901 illud
3650 1888 3670 1914 ,

2098 1935 2187 1988 sed
2231 1935 2285 1989 id
2307 1937 2442 2006 quod
2484 1937 2674 1991 habitat
2702 1939 2754 1992 in
2792 1955 2872 1992 me
2905 1949 3186 2008 peccatum.
3216 1939 3352 2008 Quid
3378 1950 3493 2005 est,
3522 1940 3672 1996 Nune

2098 2035 2287 2090 autem;
2312 2026 2411 2081 nisi
2435 2066 2449 2093 ,
2478 2025 2593 2082 Jam
2633 2042 2774 2083 nunc
2800 2028 2900 2084 sub
2938 2029 3101 2099 gratia
3123 2069 3138 2093 ,
3163 2044 3280 2099 qua:
3310 2029 3551 2086 liberavit
3575 2031 3671 2086 da-

2100 2113 2434 2170 lectationem
2464 2116 2748 2172 voluntatis
2775 2132 2805 2172 a
2832 2118 3185 2174 consensione
3207 2119 3535 2189 cupiditatis?
3555 2120 3672 2176 Non

2099 2205 2239 2260 enim
2269 2206 2461 2262 melius
2489 2206 2836 2277 intelligitur,
2869 2205 2992 2262 Non
3028 2224 3118 2280 ego
3160 2224 3359 2279 operor,
3406 2210 3507 2264 nisi
3551 2212 3672 2281 quia

2101 2308 2205 2348 non
2231 2297 2497 2350 consentit
2534 2296 2788 2353 exhibere
2814 2297 3051 2353 membra
3092 2314 3187 2354 sua
3215 2314 3360 2354 arma
3387 2301 3675 2371 iniquitatis

2099 2394 2319 2455 peccato
2369 2386 2544 2459 (Rom.
2595 2402 2687 2456 vr,
2741 2388 2852 2460 l3).
2882 2388 3013 2444 Nam
3057 2390 3102 2443 si
3153 2399 3205 2445 et
3246 2393 3575 2461 concupiscit
3620 2403 3677 2449 et

2100 2479 2361 2532 consentit
2405 2486 2462 2533 et
2496 2480 2633 2550 agit:
2674 2480 2941 2550 quomodo
2966 2496 3070 2536 non
3092 2481 3207 2549 ipse
3232 2482 3358 2537 illud
3388 2494 3635 2553 operatur
3655 2524 3672 2551 ,

2099 2567 2305 2622 etiamsi
2322 2583 2381 2623 se
2401 2570 2611 2637 Operari
2631 2569 2826 2635 doleat,
2844 2580 2900 2626 et
2928 2572 3064 2627 vinci
3088 2560 3317 2642 graviter
3332 2574 3638 2643 ingemiscat
3651 2575 3677 2629 τ

2171 2656 2259 2711 l9.
2284 2656 2398 2713 Jam
2431 2658 2558 2714 illud
2579 2659 2721 2729 quod
2747 2662 3003 2731 sequitur,
3035 2678 3213 2717 nonne
3234 2664 3375 2719 unde
3400 2664 3672 2734 loquatur,

2099 2747 2429 2819 apertissime
2479 2750 2754 2806 ostendit?
2778 2750 2899 2807 Scio
2926 2754 3059 2807 enim
3095 2756 3214 2823 quia
3250 2770 3352 2808 non
3392 2754 3583 2810 habitat
3623 2758 3677 2811 in

2100 2855 2201 2905 nte,
2234 2839 2329 2894 hoc
2356 2850 2426 2896 est
2452 2841 2505 2895 in
2541 2857 2693 2897 carne
2729 2858 2838 2897 mea
2857 2885 2870 2907 ,
2902 2845 3103 2898 bonum.
3134 2843 3189 2901 Si
3215 2845 3355 2901 enim
3385 2860 3489 2900 non
3514 2861 3677 2916 expo-

2101 2937 2251 2984 neret
2274 2929 2629 3000 adjungendo,
2652 2931 2746 2985 hoc
2772 2941 2841 2986 est
2865 2933 2917 2987 in
2943 2949 3094 2988 carne
3119 2950 3247 3000 nisa,
3275 2935 3430 2991 aliter
3451 2933 3678 2992 fortasse

2100 3018 2428 3089 acciperetur
2455 3020 2594 3089 quod
2619 3020 2748 3075 dixit
2772 3064 2786 3084 ,
2814 3022 2867 3076 in
2900 3039 2997 3076 me.
3024 3025 3099 3078 Ac
3122 3039 3216 3092 per
3244 3023 3345 3078 hoc
3367 3033 3548 3078 versat
3578 3024 3678 3080 hoc

2101 3109 2243 3165 idem
2269 3118 2537 3180 repetens,
2559 3120 2614 3166 et
2638 3111 2909 3169 iuculcans
2933 3132 2947 3166 :
2986 3113 3124 3169 Velle
3155 3115 3286 3168 enim
3314 3114 3512 3185 adjacet
3532 3116 3676 3181 mihi;

2103 3201 2342 3271 perﬁcere
2373 3212 2540 3255 autem
2565 3203 2783 3270 bonum,
2811 3220 2933 3258 non.
2960 3204 3074 3260 Hoc
3115 3213 3195 3260 est
3240 3206 3381 3260 enim
3423 3206 3677 3274 perﬁcere

2100 3291 2296 3346 bonum
2320 3331 2335 3355 ,
2367 3299 2422 3345 ut
2463 3305 2561 3347 nec
2600 3293 2941 3362 concupiscat
2982 3293 3160 3348 homo.
3191 3293 3558 3362 Imperfectum
3596 3303 3678 3350 est

2100 3388 2279 3436 autem
2319 3380 2537 3447 bonum,
2556 3381 2767 3451 quando
2808 3384 3163 3452 concupiscit,
3207 3384 3366 3439 etiam
3396 3384 3440 3438 si
3479 3398 3673 3439 concu-

2108 3470 2377 3540 piscentia:
2431 3485 2535 3524 non
2580 3471 2844 3525 consentit
2883 3472 2949 3526 ad
2981 3472 3198 3526 malum.
3233 3472 3354 3525 Non
3381 3473 3513 3526 enim
3542 3472 3677 3539 quod

2101 3557 2213 3612 volo
2258 3559 2391 3629 facio
2418 3558 2600 3613 bonum
2620 3600 2634 3624 ,
2660 3559 2860 3629 inquit;
2911 3560 2999 3614 sed
3030 3560 3165 3630 quod
3194 3561 3312 3614 nolo
3347 3560 3556 3625 malum,
3584 3561 3678 3615 ltoc

2101 3665 2218 3720 ago.
2256 3650 2316 3704 Si
2337 3660 2504 3704 autent
2537 3650 2673 3719 quod
2710 3652 2827 3705 nolo
2860 3667 2970 3720 ego,
3003 3651 3096 3706 Itoc
3130 3652 3298 3721 facio;
3317 3654 3431 3723 jam
3460 3669 3560 3706 non
3588 3669 3679 3723 ego

2102 3755 2281 3810 operor
2306 3739 2454 3803 illud,
2480 3740 2569 3794 sed
2594 3740 2727 3809 quod
2766 3742 2957 3795 habitat
2982 3743 3034 3795 in
3075 3760 3152 3798 me
3192 3754 3468 3813 peccatum.
3505 3743 3559 3797 ιιι
3587 3760 3674 3798 re~

2103 3827 2287 3897 petivit
2318 3827 2589 3884 inculcans
2610 3869 2624 3893 ,
2656 3838 2710 3884 et
2740 3838 2986 3900 tauquam
3018 3830 3350 3885 tardissimos
3375 3831 3443 3886 de
3490 3847 3682 3886 somno

2101 3922 2339 3977 excitans
2363 3937 2385 3977 :
2416 3920 2624 3976 Invenio
2644 3939 2762 3993 ergo
2792 3922 2977 3992 legem,
3011 3923 3213 3993 inquit,
3242 3924 3365 3976 mihi
3392 3924 3574 3977 volenti
3595 3928 3674 3993 [a-

2103 4030 2215 4068 cere
2240 4014 2421 4067 bomnn
2447 4054 2461 4078 ,
2483 4014 2724 4084 quoniam
2774 4014 2898 4067 mihi
2942 4013 3131 4066 malum
3177 4013 3393 4084 adjacct.
3426 4014 3515 4068 Illa
3551 4028 3681 4082 ergo

2104 4104 2300 4159 bonum
2342 4114 2424 4158 est
2463 4104 2655 4158 volenti
2683 4102 2859 4157 facere
2881 4144 2898 4169 ,
2928 4102 3130 4172 adjaeet
3174 4112 3352 4157 autem
3392 4103 3585 4156 malum
3609 4117 3674 4157 ex

2103 4193 2525 4261 concupiscentia
2547 4232 2561 4256 ,
2586 4192 2671 4247 cui
2697 4207 2801 4247 non
2832 4193 3098 4246 consentit
3123 4192 3209 4261 qui
3238 4190 3405 4256 dicit,
3427 4189 3549 4245 1am
3575 4206 3676 4245 non

2103 4299 2194 4354 ego
2220 4299 2400 4352 operor
2419 4281 2571 4336 illud.

2172 4372 2262 4427 20.
2294 4372 2539 4440 Apertius
2581 4379 2757 4427 autem
2788 4370 2928 4440 quod
2979 4371 3216 4440 sequitur
3262 4378 3542 4439 utrumque
3582 4368 3680 4423 de-

2103 4466 2269 4520 clarat
2297 4483 2310 4519 :
2344 4464 2669 4519 Condelector
2696 4466 2829 4519 enim
2853 4465 2949 4535 legi
2979 4463 3075 4518 Dei
3094 4464 3364 4519 secundum
3391 4464 3678 4517 interiorem

2103 4555 2387 4619 hominem;
2426 4555 2567 4607 uideo
2591 4565 2757 4607 autem
2790 4554 2943 4607 aliam
2970 4554 3127 4624 legem
3172 4556 3225 4607 in
3255 4553 3485 4607 membris
3513 4555 3635 4607 meis
3660 4594 3675 4616 ,

2101 4654 2460 4716 repugnantem
2486 4644 2581 4715 legi
2608 4644 2785 4697 utentis
2804 4659 2945 4707 mete,
2974 4651 3019 4696 et
3046 4643 3376 4712 captivanjem
3402 4658 3477 4695 me
3496 4642 3547 4693 in
3572 4641 3682 4710 legs

2103 4733 2336 4805 peccati‘
2360 4773 2375 4799 ,
2406 4749 2519 4803 qua:
2562 4742 2633 4787 est
2678 4733 2728 4785 in
2772 4732 3003 4786 membris
3044 4734 3183 4785 meis.
3221 4730 3323 4786 Sed
3349 4731 3485 4800 quod
3516 4730 3679 4792 dixit,

2103 4826 2431 4894 captivantem
2458 4839 2556 4886 me,
2581 4832 2755 4891 potest
2782 4837 3017 4881 movere.
3040 4823 3082 4875 si
3107 4822 3246 4875 mdla
3270 4822 3548 4875 consensio
3574 4829 3675 4873 est.

2102 4911 2252 4969 Unde
2279 4922 2490 4981 propter
2514 4913 2611 4965 tria
2640 4914 2758 4978 ista,
2778 4912 2884 4967 duo
2904 4912 3104 4976 scilicet
3128 4913 3195 4968 de
3218 4912 3407 4981 quibus
3423 4914 3529 4980 jam
3570 4910 3685 4964 dis-

2101 5004 2419 5072 putavimus,
2468 5002 2609 5072 quod
2640 5003 2742 5067 ait,
2774 5001 2887 5074 Ego
2913 5013 3081 5056 autem
3103 5002 3321 5057 carnalis
3343 5018 3478 5068 sum,
3501 5010 3574 5066 et,
3599 5017 3681 5055 ue-

2102 5092 2356 5146 nundatus
2381 5091 2470 5146 sub
2492 5103 2694 5163 peccato
2713 5135 2729 5160 ,
2759 5104 2811 5149 et
2841 5093 2941 5148 hoc
2969 5095 3178 5148 tertium
3199 5135 3212 5158 ,
3243 5094 3574 5163 captivantem
3602 5108 3683 5146 me

2101 5183 2154 5237 in
2187 5183 2292 5253 lege
2317 5185 2537 5255 peccati,
2564 5198 2678 5252 qua:
2707 5194 2779 5238 est
2799 5185 2852 5239 in
2881 5185 3112 5240 membris
3140 5185 3261 5239 meis
3281 5225 3295 5250 ,
3317 5195 3494 5255 potest
3512 5183 3681 5239 videri

2166 5296 2181 5329 ε
2216 5297 2287 5345 sic
2309 5302 2413 5345 uss.
2441 5303 2495 5345 Αι
2516 5295 2653 5353 editi,
2678 5303 2849 5357 posset.

2164 5358 2185 5389 ⁸
2217 5357 2435 5407 Gallicani
2459 5366 2581 5414 uss,
2609 5357 2874 5407 dilectione.

2163 5418 2397 5487 {veneant
2410 5424 2448 5466 at
2473 5418 2603 5471 s..ad
2611 5430 2758 5487 opera
2766 5418 2895 5468 mala
2903 5422 3119 5487 sanctum

2163 5478 2185 5509 ⁸
2215 5479 2412 5543 tiodiem
2451 5488 2573 5543 Mss,
2614 5475 2926 5540 dimicantem
2952 5492 3029 5529 me
3065 5475 3169 5543 lege
3185 5480 3375 5543 peccati
3403 5490 3423 5529 :
3446 5475 3502 5543 et
3537 5475 3676 5543 inflja.

2098 5515 2413 5601 ταραῗῗῖὅιὶέἇί
2433 5515 3165 5607 ιὶιέἷῚιρῖ
3178 5515 3515 5605 ίέῇξῖἆέαές

2098 5596 2450 5713 ἓόιδίηειεηιει·
2473 5596 2810 5663 ρὰτιίειιὶτιίὶη,
2835 5614 2946 5665 qua:
2969 5609 3021 5651 et
3057 5613 3086 5651 a
3122 5596 3282 5665 grai»
3301 5596 3447 5652 'textu
3471 5596 3678 5666 A'juostoli

2146 5676 2215 5710 ιε·
2243 5696 2255 5709 .

2146 5669 2255 5710 N351.
