4034 6182
341 320 437 375 561

339 431 641 502 Apostolus
666 445 784 486 eum
824 429 1128 486 describere
1152 429 1238 499 qui
1264 428 1363 484 sub
1391 429 1506 502 lege
1538 429 1712 486 adhuc
1751 432 1872 484 vivit
1900 471 1915 494 ,

340 523 578 578 nondum
606 521 706 577 sub
753 522 939 593 gratia.
973 520 1077 574 Sed
1125 521 1259 574 sicut
1303 520 1387 574 illa
1410 520 1513 575 duo
1535 521 1874 590 exposuimus
1899 561 1914 585 ,

341 622 561 684 propter
587 629 801 669 carnem
829 612 1002 668 adhuc
1026 612 1419 681 corruptibilem
1443 612 1605 679 dicta;
1636 613 1713 668 sic
1737 621 1791 667 et
1817 613 1917 667 hoc

339 713 516 774 potest
559 702 815 773 intelligi,
844 714 901 756 ut
936 703 1267 773 captivantem
1305 720 1414 770 me,
1443 702 1672 767 dixerit,
1712 717 1874 758 carne
1897 743 1912 768 ,

336 810 447 848 non
475 802 684 860 mente;
713 793 945 847 motione
964 830 983 860 ,
1029 808 1132 846 non
1172 794 1521 848 consensione
1551 809 1564 846 :
1598 804 1650 847 et
1680 791 1798 847 ideo
1824 809 1912 846 ca-

337 886 615 954 ptivantem
640 900 737 951 me,
765 884 885 953 quia
907 894 959 937 et
988 884 1038 937 in
1067 883 1177 952 ipsa
1199 898 1358 937 carne
1383 898 1488 937 non
1517 893 1599 937 est
1623 883 1796 986 aliena
1821 899 1916 986 na-

336 984 457 1028 tura
480 1014 497 1040 ,
532 975 625 1029 sed
673 983 873 1029 nostra.
906 973 1051 1029 Sicut
1076 988 1203 1042 ergo
1239 974 1485 1042 exposuit
1524 974 1635 1043 ipse
1672 974 1798 1044 quid
1828 974 1911 1028 di-

334 1064 509 1129 xerit,
534 1064 654 1117 Scio
667 1065 795 1116 enim
817 1064 934 1130 quia
961 1079 1061 1116 non
1082 1063 1271 1115 habitat
1287 1063 1340 1115 in
1366 1078 1469 1128 me,
1489 1063 1582 1116 hoc
1599 1063 1741 1119 estin
1765 1080 1915 1117 carne

333 1171 448 1208 mea
471 1195 485 1220 ,
515 1155 697 1208 bonum
719 1170 738 1208 :
767 1156 843 1209 sic
869 1154 978 1224 jam
1001 1154 1017 1184 ί
1044 1169 1109 1208 ex
1140 1153 1279 1207 illius
1308 1154 1635 1223 expositione
1665 1152 1804 1209 hunc
1830 1154 1912 1207 lo-

316 1260 458 1300 ‘cum
494 1246 750 1301 debemus
796 1246 1070 1314 accipere,
1099 1253 1349 1314 tanquam
1396 1244 1590 1299 dixerit
1610 1287 1624 1311 ,
1655 1247 1914 1314 captivan-

332 1347 435 1389 tem
461 1353 558 1400 me,
582 1336 684 1391 hoc
712 1345 831 1402 est,
854 1351 1069 1392 carnem
1092 1351 1263 1391 meam
1283 1377 1298 1404 ,
1325 1336 1377 1390 in
1408 1335 1513 1409 lege
1541 1336 1732 1406 peccati
1750 1377 1767 1405 ,
1798 1352 1912 1407 qua:

332 1437 408 1480 est
430 1428 483 1479 in
508 1426 739 1481 membris
762 1427 902 1480 meis.

407 1518 495 1572 21.
530 1517 729 1571 Deinde
766 1516 1034 1587 subiungit
1064 1524 1275 1585 propter
1295 1515 1436 1587 quod
1469 1516 1604 1571 dicta
1633 1523 1757 1571 sunt
1796 1530 1911 1571 om-

337 1609 425 1661 nia
458 1625 471 1662 :
503 1606 659 1661 Miser
679 1624 767 1677 ego
789 1607 954 1670 homo,
980 1607 1091 1672 quis
1120 1622 1198 1659 me
1224 1606 1449 1661 liberabit
1473 1607 1535 1661 de
1555 1622 1763 1678 corpore
1777 1623 1911 1661 mor-

332 1702 400 1753 tis
435 1698 622 1768 hujus?
647 1696 822 1752 Gratia
871 1696 963 1750 Dei
990 1714 1079 1767 per
1113 1695 1290 1751 Iesum
1338 1696 1594 1751 Christum
1636 1696 1908 1750 Dominum

336 1801 582 1845 nostrum.
612 1790 781 1859 Atque
810 1787 932 1842 inde
960 1788 1259 1851 concludit,
1288 1787 1458 1859 Igitur
1490 1789 1601 1890 ipse
1630 1805 1718 1860 ego
1748 1798 1909 1891 mente

282 1915 288 1919 ‹
330 1882 493 1937 seruio
543 1881 638 1951 legi
665 1880 758 1934 Dei
778 1922 792 1944 ,
820 1895 970 1934 carne
1016 1888 1181 1933 autem
1229 1879 1326 1952 legi
1368 1878 1597 1949 peccati:
1620 1893 1781 1934 carne
1804 1879 1909 1981 sci:

333 1970 456 2026 licet
482 1970 585 2040 legi
623 1971 856 2042 peccati,
883 1969 1342 2039 concupiscendo;
1372 1978 1546 2078 mente
1595 1969 1904 2078 aptenLle'gi

332 2061 464 2125 Dei,
496 2061 668 2115 eidem
705 2058 1145 2130 concupiscentia:
1170 2073 1277 2125 non
1307 2056 1707 2114 consentieudo.
1742 2056 1906 2113 Nulla

330 2167 449 2221 ergo
477 2150 821 2204 condemnatio
846 2159 917 2203 est
942 2164 1073 2202 nunc
1096 2148 1174 2202 his
1198 2148 1284 2219 qui
1311 2157 1425 2203 sunt
1458 2149 1510 2203 in
1541 2147 1737 2204 Christo
1754 2148 1903 2203 Iesu.

331 2240 447 2296 Non
487 2241 627 2294 enim
662 2240 970 2308 damnatur,
998 2240 1101 2293 nisi
1142 2240 1231 2309 qui
1261 2240 1704 2310 concupiscentia:
1728 2241 1929 2295 carnis

325 2331 594 2385 consentit
635 2330 699 2384 ad
728 2330 943 2384 malum.
968 2327 1077 2384 Lex
1104 2329 1235 2383 enim
1258 2330 1465 2400 spiritus
1491 2330 1603 2385 vita:
1627 2331 1680 2385 in
1708 2330 1904 2384 Christo

325 2421 357 2475 J
366 2438 454 2477 esu
477 2420 697 2476 liberavit
719 2429 769 2477 te
793 2437 823 2475 a
849 2421 955 2492 lege
978 2421 1169 2492 peccati
1196 2429 1243 2475 et
1281 2422 1453 2476 mortis
1483 2420 1656 2494 (Rom.
1687 2437 1784 2488 vn,
1812 2422 1905 2478 l5-

328 2526 455 2577 vtn,
485 2511 543 2582 ἓ)
567 2527 668 2567 :ne
691 2511 889 2566 scilicet
915 2511 1320 2566 consensionem
1352 2521 1493 2566 tuam
1521 2512 1902 2581 concupiscens

326 2604 396 2656 tia
421 2603 521 2657 sibi
547 2601 772 2657 vindicet
797 2602 992 2657 carnis.
1012 2602 1078 2657 Et
1098 2617 1160 2657 ea
1182 2617 1299 2672 qua:
1326 2611 1633 2672 sequuntur,
1655 2602 1900 2657 eumdem

326 2707 545 2747 sensum
572 2694 737 2763 magis
779 2693 1047 2763 magisque
1081 2692 1448 2749 demonstrant
1479 2710 1494 2748 :
1521 2692 1615 2748 sed
1646 2692 1900 2749 adhiben-

321 2781 427 2838 dus
455 2791 535 2837 est
557 2783 760 2837 modus.

396 2872 485 2926 22.
515 2872 698 2928 Visum
728 2882 903 2929 autem
924 2872 1211 2944 aliquando
1234 2874 1393 2930 etiam
1420 2874 1551 2930 mihi
1579 2875 1768 2945 fuerat,
1800 2875 1898 2932 ho-

325 2963 523 3018 minem
546 2965 643 3019 sub
668 2965 783 3034 lege
804 3006 819 3031 ,
852 2965 953 3019 isto
976 2964 1217 3034 Apostoli
1254 2980 1502 3022 sermone
1542 2966 1770 3022 describi
1796 2966 1895 3038 (a).

323 3051 432 3109 Sed
457 3055 561 3108 vim
605 3054 732 3108 mihi
759 3053 997 3108 fecerunt
1044 3064 1224 3125 postea
1255 3055 1353 3110 ista
1378 3056 1538 3112 verba
1561 3097 1577 3122 ,
1606 3056 1748 3126 quod
1791 3057 1894 3125 ait,

324 3141 481 3199 Nunc
522 3153 686 3196 autem
719 3144 833 3214 jam
860 3161 959 3197 non
982 3159 1074 3214 ego
1099 3160 1280 3216 operor
1303 3144 1450 3200 illud.
1499 3144 1581 3202 Ad
1622 3145 1726 3201 hoc
1752 3145 1895 3201 enim

324 3233 555 3305 pertinet
578 3234 704 3289 illud
730 3234 870 3305 quod
899 3235 972 3289 ait
999 3245 1052 3290 et
1078 3245 1294 3306 postea,
1327 3236 1492 3293 Nulla
1535 3254 1654 3310 ergo
1709 3241 1893 3295 conde-

321 3326 512 3380 mnatio
529 3334 599 3379 est
627 3341 761 3379 nunc
780 3325 855 3379 his
870 3326 953 3396 qui
971 3337 1087 3381 sunt
1105 3328 1155 3381 in
1176 3325 1375 3384 Christo
1386 3328 1529 3385 Iesu.
1550 3331 1618 3386 Et
1640 3333 1762 3402 quia
1788 3349 1892 3389 non

321 3415 478 3471 video
505 3414 769 3485 quomodo
811 3415 1013 3471 diceret
1059 3417 1219 3472 homo
1256 3419 1356 3474 sub
1393 3418 1543 3490 lege,
1571 3420 1896 3477 Condelector

319 3508 418 3577 legi
451 3506 543 3560 Dei
576 3508 847 3562 secundum
873 3508 1155 3562 interiorem
1193 3510 1442 3565 hominem
1469 3528 1488 3565 :
1516 3528 1634 3568 cum
1661 3514 1772 3583 ipsa
1799 3514 1894 3571 de-

320 3597 536 3652 lectatio
584 3584 739 3663 boni,
785 3614 890 3668 qua
933 3599 1090 3653 etiam
1130 3615 1240 3655 non
1269 3604 1536 3657 consentit
1559 3603 1626 3658 ad
1654 3606 1887 3672 malum,

319 3703 424 3740 non
456 3687 645 3741 timore
673 3702 872 3755 ptume,
900 3687 993 3742 sed
1022 3689 1437 3758 amorejustitia:
1466 3690 1603 3765 (hoc
1631 3702 1711 3747 est
1748 3696 1888 3749 enim

321 3776 697 3846 condetuctari)
715 3818 727 3840 ,
752 3778 957 3831 nonnisi
984 3780 1164 3849 gratia:
1192 3778 1492 3850 deputanda
1519 3782 1604 3837 sit.

387 3866 610 3922 CAPUT
636 3867 796 3923 XI.-—
813 3867 1111 3924 23.1terum
1146 3871 1207 3924 de
1231 3872 1401 3927 eodem
1419 3886 1729 3945 argumento.
1753 3876 1885 3931 Nam

312 3968 367 4013 et
386 3959 471 4012 ubi
497 3959 590 4025 ait,
608 3958 731 4026 Quis
746 3976 823 4013 me
839 3961 1061 4015 libembit
1082 3962 1144 4015 de
1157 3977 1364 4032 corpore
1380 3965 1551 4018 mortis
1568 3965 1739 4035 hujus;
1770 3969 1887 4036 quis

315 4058 470 4119 neget
512 4050 822 4118 Apostolum
870 4066 989 4105 cum
1021 4053 1135 4107 haec
1163 4052 1392 4120 diceret,
1441 4045 1615 4110 adhuc
1642 4059 1803 4114 fuisse
1832 4060 1883 4115 in

313 4153 537 4208 corpore
580 4141 765 4193 mortis
792 4140 984 4210 hujus?
1010 4143 1052 4196 Α
1097 4157 1202 4212 quo
1228 4143 1405 4213 utique
1448 4144 1594 4214 impii
1625 4163 1727 4203 non
1753 4150 1884 4206 libe-

312 4238 531 4295 rantur,
559 4232 750 4300 quibus
794 4232 979 4287 eadem
1021 4249 1242 4304 corpora
1272 4236 1337 4290 ad
1379 4246 1637 4294 tormenta
1684 4253 1881 4299 acterna

312 4318 621 4372 redduntur.
655 4319 890 4374 Liberari
918 4336 1045 4391 ergo
1070 4333 1152 4377 est
1173 4339 1202 4376 a
1241 4340 1464 4394 corpore
1495 4331 1682 4384 mortis
1702 4331 1877 4404 hujus,

311 4411 456 4464 omni
481 4419 665 4463 sanato
692 4412 940 4482 languore
982 4416 1423 4484 concupiscentiae
1449 4421 1651 4489 carnis,
1682 4439 1784 4479 non
1815 4427 1881 4482 ad

311 4514 521 4570 pinnam
552 4516 744 4571 corpus
789 4504 1047 4574 recipere.
1078 4507 1170 4560 sed
1207 4507 1275 4563 ad
1306 4511 1554 4580 gloriam.
1597 4514 1729 4570 lluic
1764 4517 1882 4573 loco

309 4600 364 4644 et
403 4588 532 4645 illud
565 4593 694 4648 satis
719 4606 1010 4650 consonat:
1039 4595 1208 4651 Etiam
1247 4615 1338 4653 nos
1381 4601 1479 4672 ipsi
1516 4605 1762 4673 primitias
1790 4610 1883 4662 ha-

310 4681 475 4736 bentes
511 4683 747 4752 spiritus,
771 4693 817 4738 et
858 4685 956 4755 ipsi
984 4687 1038 4740 in
1076 4688 1440 4761 nobismetipsis
1476 4694 1877 4766 ingemiscimus,

308 4772 629 4840 adoptionem
651 4784 986 4845 exspectantes
1002 4815 1018 4842 ,
1046 4777 1432 4849 redemptionem
1455 4787 1678 4854 corporis
1702 4792 1876 4845 nostri.

308 4860 564 4916 Nimirum
604 4866 742 4918 enim
770 4867 966 4937 gemitu
992 4867 1094 4921 isto
1129 4870 1522 4939 ingemiscimus
1541 4918 1554 4940 ,
1588 4878 1639 4933 in
1668 4895 1774 4950 quo
1801 4882 1882 4937 di-

306 4955 507 5018 cimus,
539 4952 695 5009 Miser
720 4973 810 5026 ego
856 4958 1035 5025 homo,
1064 4962 1174 5028 quis
1206 4979 1284 5017 me
1311 4963 1533 5021 liberabit
1572 4970 1633 5024 de
1670 4987 1880 5041 corpore

305 5044 477 5096 mortis
511 5044 702 5111 huius?
722 5046 851 5101 Illud
886 5048 1045 5102 etiam
1086 5051 1171 5104 ttbi
1199 5053 1304 5117 ait,
1335 5054 1481 5119 Quod
1509 5058 1638 5112 enim
1663 5078 1874 5132 operor,

301 5133 518 5204 ignoro;
541 5135 667 5205 quid
707 5146 788 5190 est
825 5138 964 5193 aliud
987 5178 1003 5205 ,
1025 5156 1181 5209 quant
1198 5182 1224 5212 ,_
1256 5143 1418 5213 Nolo,
1462 5164 1564 5202 non
1603 5156 1874 5221 approbo,

303 5238 408 5278 non
448 5226 723 5280 consentio
746 5266 760 5290 ,
792 5242 896 5281 non
942 5228 1118 5284 facio?
1156 5232 1400 5303 Alioquin
1424 5244 1752 5295 contrarium
1795 5256 1877 5298 est

302 5315 385 5369 his
410 5356 424 5382 ,
455 5331 573 5386 quae
596 5318 839 5386 superius
876 5318 1039 5385 dixit,
1070 5318 1171 5375 Per
1197 5323 1353 5393 legem
1395 5328 1611 5397 cognitio
1646 5335 1872 5400 peccati;

361 5466 379 5497 ³
413 5465 635 5517 Gallicani
660 5477 783 5527 Mss,
807 5469 878 5522 sic
896 5469 1057 5522 etiam.

468 5533 530 5576 Ita
556 5533 823 5611 visum.-
838 5532 1727 5611 fuerantinittxpositionequarumd‘arm
1760 5561 1883 5611 pro-

296 5589 586 5673 ικιδίυεξουηι
610 5591 828 5673 εξιοίεευοιεε
849 5595 907 5641 ad
926 5589 1449 5673 ιιοημιοεξλινορορειιτ
1473 5589 1804 5673 φῖ·
1819 5589 1872 5661 in

295 5649 549 5708 Epistulam
572 5652 630 5699 ad
643 5649 853 5732 indutas:
872 5668 981 5732 capr2
1003 5656 1048 5715 ὅ,
1075 5670 1122 5705 n.
1150 5649 1228 5719 Π,
1270 5649 1320 5710 ἐι
1343 5649 1465 5712 libro
1487 5649 1876 5732 luds-inimici;

298 5722 431 5770 nunt,
450 5720 622 5773 quiest.
653 5717 693 5773 1,
719 5728 800 5762 nu.
827 5716 853 5761 7
880 5724 929 5763 et
952 5717 998 5765 9.

1684 319 1886 376 LIBER
1926 320 2196 378 PRIMUS.

3496 352 3598 408 563

2025 462 2076 506 et
2095 493 2111 518 ,
2143 453 2407 511 Peccatum
2428 477 2526 515 non
2542 475 2751 534 cognoui
2778 477 2975 539 utstprr
2999 474 3188 542 legent;
3217 485 3264 529 et
3282 519 3295 542 ,
3331 476 3598 536 Peccatum

2024 552 2075 594 ut
2112 558 2355 613 appareat
2401 563 2689 620 peccatum,
2724 573 2811 624 per
2848 560 3027 614 bonum
3057 564 3181 616 mihi
3216 581 3479 636 operatum
3524 587 3596 628 est

2022 643 2247 686 mortem.
2294 635 2570 703 Quomodo
2601 647 2739 698 enim
2786 659 3056 716 peccatum
3085 668 3177 721 per
3201 656 3369 725 legem
3400 676 3597 731 cogno-

2019 720 2127 785 vit,
2159 724 2297 791 quod
2333 726 2572 794 ignorat?
2600 737 2864 801 quomodo
2889 720 3108 808 apparet
3133 756 3423 815 peccatum,
3451 754 3592 821 quod

2018 807 2329 879 ignoratur?
2352 817 2440 873 Sic
2486 835 2611 889 ergo
2648 823 2844 879 dictum
2872 840 2953 881 est
2976 870 2988 893 ,
3022 807 3195 901 ignoro
3216 875 3233 901 ,
3272 835 3388 892 Non
3420 807 3556 897 facio
3577 885 3591 909 ,

2019 900 2137 968 quia
2179 904 2320 958 nulla
2367 913 2716 968 consensione
2752 916 2807 970 id
2845 934 2945 989 ego
2975 922 3085 990 ipse
3120 929 3392 984 committo
3421 949 3435 985 :
3464 949 3595 1003 qun-

2017 990 2175 1044 modo
2226 993 2464 1051 dicturus
2498 1008 2579 1054 est
2626 1003 2878 1061 Dominus
2927 1011 3131 1080 impiis,
3181 1015 3301 1071 Non
3350 1023 3464 1074 novi
3506 1039 3591 1077 vos

2019 1075 2229 1151 (Matth.
2255 1098 2324 1136 vn
2346 1124 2362 1150 ,
2392 1085 2519 1157 25);
2560 1105 2716 1158 quem
2746 1099 2927 1163 procul
2966 1075 3127 1156 dubio
3146 1103 3312 1162 latere
3339 1109 3465 1164 nihil

2019 1176 2121 1222 test
2151 1187 2165 1223 :
2196 1180 2247 1225 et
2291 1173 2428 1229 sicut
2454 1176 2653 1233 dictum
2681 1193 2802 1250 est,
2834 1184 2967 1241 Eum
2994 1192 3081 1260 qui
3112 1209 3213 1246 non
3240 1210 3441 1253 nouerat
3469 1173 3587 1271 pec-

2014 1268 2183 1313 calum
2223 1262 2239 1333 (
2267 1262 2308 1317 ll
2331 1263 2445 1319 Cor.
2476 1283 2535 1335 ιο,
2559 1269 2619 1324 2|
2642 1271 2697 1343 );
2728 1276 2869 1344 quod
2889 1290 3003 1344 est,
3025 1280 3141 1338 Non
3162 1284 3359 1342 fecerat
3380 1306 3394 1345 :
3417 1262 3590 1362 neque

2014 1350 2156 1403 cnim
2196 1368 2300 1406 non
2329 1368 2546 1413 noverat
2571 1362 2711 1430 quod
2737 1368 3009 1436 arguebat.

2085 1439 2173 1493 24.
2204 1441 2298 1497 llis
2318 1455 2475 1515 atque
2501 1448 2799 1518 hujusmodi
2840 1458 2889 1510 in
2934 1460 3032 1515 ista
3058 1461 3345 1533 Scriptura:
3372 1480 3588 1539 aposto~

2011 1526 2127 1582 licae
2173 1530 2569 1592 circumstantia
2601 1542 2880 1612 diligenter
2913 1552 3295 1622 consideratis,
3326 1570 3469 1618 recte
3506 1566 3589 1618 in-
3642 1637 3646 1640 ἰ

2014 1619 2265 1640 ,μη-,μμ
2333 1627 2346 1640 ,
2470 1637 2479 1640 ,
2527 1630 2539 1640 .
2894 1639 2934 1640 ρ

2014 1619 2268 1690 telligitur
2319 1627 2639 1697 Apostolus,
2671 1649 2775 1688 non
2816 1639 3025 1707 quidem
3077 1657 3136 1697 se
3164 1619 3336 1702 solum
3390 1652 3442 1705 in
3490 1669 3583 1708 sua

2013 1723 2269 1777 persona,
2297 1730 2480 1771 verum
2506 1720 2637 1775 alios
2666 1724 2822 1779 etiam
2845 1727 2947 1783 sub
2969 1734 3134 1800 gratia
3162 1738 3480 1795 constitutos
3506 1745 3584 1797 si-

2009 1800 2310 1870 gnificasse,
2338 1807 2431 1860 sed
2465 1823 2642 1865 secum
2674 1816 2907 1872 nondum
2929 1820 2982 1875 in
3007 1822 3095 1876 illa
3125 1829 3438 1884 constitutos
3458 1847 3589 1901 pace

2009 1888 2261 1957 perfecta,
2284 1894 2332 1955 in
2355 1909 2453 1965 qua
2474 1899 2843 1959 absorbebitur
2861 1923 3006 1964 mors
3027 1911 3076 1965 in
3106 1913 3374 1972 victoriam
3395 1919 3437 1990 (Ι
3459 1888 3579 1978 Cor.

2010 1991 2102 2045 xv,
2133 1978 2244 2051 54).
2276 1983 2351 2039 De
2380 2001 2479 2053 qua
2523 2002 2640 2057 post
2679 1993 2837 2061 dicit,
2864 1998 2924 2052 Si
2962 2010 3125 2056 autent
3159 1978 3465 2067 Christus‘in
3498 2029 3586 2067 uo-

2010 2067 2100 2132 bis,
2129 2087 2311 2140 corpus
2336 2077 2533 2144 quidem
2553 2093 2800 2140 mortuum
2828 2098 2901 2143 est
2933 2103 3136 2163 propter
3164 2112 3452 2168 peccatum;
3473 2108 3583 2176 spi-

2007 2160 2132 2215 ritus
2157 2176 2319 2218 autem
2347 2169 2444 2221 vita
2481 2182 2551 2225 est
2577 2186 2781 2247 propter
2810 2160 3085 2250 justitiam.
3114 2187 3178 2243 Si
3217 2207 3334 2262 ergo
3359 2160 3584 2266 Spiritus

2008 2252 2116 2321 ejus
2155 2257 2241 2323 qui
2265 2260 2519 2315 suscitavit
2543 2262 2717 2319 Iesum
2756 2285 2820 2324 ea;
2846 2276 3085 2343 mortuis,
3119 2278 3308 2335 habitat
3327 2284 3381 2337 in
3405 2287 3581 2355 vobis;

2005 2344 2092 2410 qui
2133 2351 2387 2403 suscitauit
2414 2352 2667 2410 Christum
2691 2357 2869 2415 Iesum
2895 2381 2927 2418 a
2969 2373 3176 2425 mortuis
3196 2412 3210 2437 ,
3240 2375 3509 2445 uiuiﬁcabit
3532 2391 3584 2436 ct

2007 2436 2239 2490 mortalia
2263 2456 2474 2512 corpora
2506 2457 2669 2501 uestra
2705 2466 2793 2520 per
2815 2453 3174 2514 inhabitantem
3201 2462 3451 2534 Spiritum
3469 2471 3582 2542 ejus

2004 2524 2057 2577 in
2083 2526 2217 2581 vobis
2250 2530 2421 2601 (Rom.
2450 2546 2572 2604 vni,
2609 2537 2708 2605 10,
2740 2542 2852 2614 Η).
2890 2544 3174 2606 Vivilicatis
3201 2524 3360 2622 igitur
3385 2524 3584 2615 mor’ta;

2004 2611 2142 2668 libus
2169 2620 2481 2688 corporibus
2529 2629 2756 2698 nostris,
2793 2611 2897 2688 non
2937 2637 3107 2694 solum
3145 2642 3211 2698 ad
3256 2651 3578 2714 peccandum

2003 2708 2287 2764 consensio
2321 2712 2465 2768 nulla
2489 2717 2613 2783 erit,
2645 2721 2741 2775 sed
2768 2739 2869 2781 nec
2909 2727 3020 2797 ipsa
3048 2734 3132 2786 cui
3169 2752 3274 2790 non
3308 2740 3321 2770 ¹
3351 2756 3578 2797 consen-

2006 2795 2164 2850 tiatur
2187 2802 2363 2857 carnis
2394 2808 2819 2878 concupiscentia
2848 2795 3162 2876 remanebit.
3216 2825 3382 2893 Quam
3413 2833 3573 2900 spiri-

2003 2887 2075 2940 tui
2099 2890 2433 2949 resistentem
2459 2912 2563 2952 non
2586 2898 2784 2959 habere
2806 2904 2857 2959 in
2884 2921 3047 2965 carne
3065 2916 3310 2985 mortali,
3335 2918 3425 2976 ille
3456 2930 3575 2975 lau-

2000 2978 2274 3035 tummodo
2302 2979 2463 3039 Itomo
2486 2988 2693 3057 potuit,
2720 2992 2811 3061 qui
2856 3010 2962 3051 non
3004 3015 3097 3068 per
3120 3002 3286 3071 ipsam
3310 3008 3374 3062 ad
3401 3009 3573 3066 homi-

2000 3079 2097 3120 nes
2115 3069 2277 3123 venit.
2309 3071 2377 3126 Et
2406 3073 2525 3130 ideo
2549 3079 2862 3151 Apostolos,
2887 3087 3008 3155 quia
3036 3069 3281 3149 homines
3309 3109 3492 3166 erant,
3517 3114 3573 3158 et

1998 3171 2189 3228 corpus
2215 3163 2355 3231 quod
2372 3170 2730 3240 corrumpitur
2764 3184 2816 3230 et
2836 3190 3084 3248 aggravet
3120 3186 3371 3257 animam,
3397 3191 3449 3246 in
3479 3193 3577 3249 hu-

1991 3246 2080 3318 jus
2105 3251 2222 3305 vitae
2244 3257 2562 3315 mortalitate
2585 3246 3056 3335 portabantpabsit
3092 3286 3146 3330 ut
3166 3246 3404 3337 dicamus
3422 3326 3436 3350 ,
3465 3288 3573 3342 sic-

1996 3350 2056 3395 ut
2101 3342 2200 3398 iste
2235 3346 2607 3421 calumniatur,
2636 3373 2655 3406 ι
2684 3372 2900 3429 semper
2945 3362 3293 3427 immoderata
3355 3375 3574 3436 libidine

1995 3428 2157 3488 fuisse
2200 3437 2464 3504 pollutos:
2501 3462 2520 3494 ι
2547 3444 2640 3499 sed
2668 3428 2896 3507 dicimus
2931 3468 2959 3508 a
3003 3463 3355 3519 consensione
3380 3482 3571 3535 prava-

1994 3538 2111 3578 rum
2141 3526 2416 3585 libidinum
2448 3532 2671 3602 liberos,
2703 3538 2769 3595 de
2795 3548 3225 3616 concupiscentia
3254 3526 3428 3613 tanton
3455 3576 3574 3615 car-

1994 3613 2095 3679 nis,
2126 3632 2285 3686 quam
2316 3622 2642 3682 moderando
2666 3629 2975 3702 frenabant,
3011 3647 3153 3695 tanta
3195 3642 3492 3706 humilitate
3515 3662 3569 3706 et

1996 3704 2187 3773 pietate
2211 3714 2498 3780 gemuisse,
2526 3728 2581 3772 ut
2600 3730 2845 3789 optarent
2870 3741 2989 3782 eam
3012 3745 3116 3785 non
3144 3732 3341 3792 habere
3369 3742 3565 3808 potius,

1991 3809 2146 3863 quam
2173 3799 2411 3858 domare.

2060 3886 2286 3944 CAPUT
2316 3890 2429 3946 XII.
2448 3924 2517 3937 ——
2541 3896 2631 3953 25.
2655 3899 2812 3957 Sexta
2837 3906 3109 3976 calumnia,
3133 3911 3242 3968 Nec
3267 3913 3518 3972 Christum
3534 3939 3566 3973 a

1990 3979 2205 4045 peccatis
2252 3981 2461 4038 liberum
2504 3989 2677 4056 fuisse.
2735 3993 2965 4053 Proinde
3020 4001 3118 4057 iste
3175 4006 3316 4073 quod
3361 4010 3564 4066 addidit

1990 4081 2088 4120 nos
2128 4068 2326 4137 dicere,
2382 4092 2401 4124 ι
2434 4074 2701 4134 Christum
2748 4093 2803 4137 et
2841 4100 2871 4139 a
2918 4092 3149 4154 peccatis
3204 4094 3427 4152 liberum
3457 4116 3561 4156 non

1987 4154 2187 4224 fuisse,
2240 4160 2334 4214 sed
2385 4167 2562 4220 carnis
2607 4174 2927 4230 necessitate
2972 4182 3287 4250 mentitum,
3344 4198 3398 4243 et
3444 4192 3562 4248 aliis

1988 4250 2307 4305 maculatum
2333 4252 2497 4310 fuisse
2520 4256 2728 4315 delictis
2758 4280 2771 4314 ε
2811 4284 2828 4316 ι
2866 4266 3054 4323 viderit
3103 4288 3132 4326 a
3162 4277 3353 4344 quibus
3380 4283 3564 4338 audie-

1988 4338 2090 4405 rit,
2122 4340 2198 4395 vel
2225 4341 2277 4397 in
2305 4359 2528 4413 quorum
2571 4348 2761 4407 litteris
2790 4353 3013 4426 legerit;
3040 4338 3420 4436 quodquidem
3455 4375 3561 4428 for-

1988 4435 2125 4483 tasse
2147 4446 2251 4485 non
2281 4432 2558 4505 intellexit,
2585 4449 2641 4495 et
2677 4441 2955 4502 in‘sensus
2980 4453 3340 4514 ealumniosos
3361 4465 3560 4522 malitia

1985 4515 2200 4574 fallente
2226 4526 2507 4581 convertit.

2055 4608 2277 4667 CAPUT
2316 4613 2453 4670 XIII.
2481 4619 2660 4677 -—-26.
2694 4623 2923 4697 Septima
2951 4633 3235 4705 calumnia,
3269 4640 3334 4695 In
3373 4643 3557 4715 Bapti-

1983 4715 2090 4754 smo
2118 4718 2217 4757 non
2232 4708 2420 4761 remitti
2444 4724 2647 4778 peccata
2677 4719 2869 4774 omnia.
2912 4740 2932 4773 ο
2970 4723 3158 4781 Dicunt
3186 4731 3367 4798 etiam,
3409 4754 3428 4788 ι
3480 4740 3559 4792 in-

1982 4791 2114 4859 quit,
2143 4812 2162 4844 t
2199 4794 2461 4864 Baptisma
2489 4816 2595 4857 non
2622 4803 2752 4861 dare
2779 4823 2993 4866 omnem
3023 4815 3403 4887 indulgentiam
3439 4842 3562 4895 pec-

1981 4890 2238 4950 catorum,
2264 4902 2367 4941 nec
2385 4889 2596 4948 auferre
2620 4897 2863 4963 crimina,
2889 4902 2980 4957 sed
3009 4907 3216 4975 radere,
3243 4919 3299 4964 ut
3317 4918 3553 4973 omnium

1982 4987 2315 5041 peccatorum
2343 4981 2552 5039 radices
2594 4987 2645 5041 in
2674 4993 2811 5045 mala
2838 5008 2998 5050 carne
3039 5008 3335 5059 teneantur.
3370 5024 3391 5058 ι
3425 5010 3556 5075 Quis

1983 5062 2086 5118 hoc
2109 5066 2363 5124 adversus
2392 5071 2725 5146 Pelagianos,
2755 5083 2855 5139 nisi
2908 5086 3136 5144 infidelis
3163 5092 3395 5154 affirmet
3409 5062 3552 5158 {Di-

1979 5157 2147 5212 cimus
2196 5175 2325 5231 crgo
2374 5163 2639 5236 Baptisma
2694 5172 2822 5229 dare
2871 5181 3105 5234 ontninm
3170 5184 3541 5259 indulgentiam

1979 5259 2339 5321 peccatorum,
2372 5266 2425 5310 et
2476 5260 2685 5317 auferre
2734 5267 2988 5335 crimina,
3044 5289 3147 5328 non
3196 5280 3411 5348 radere;
3454 5304 3553 5344 nec

1984 5353 2003 5386 ι
2037 5346 2094 5390 ut
2131 5342 2366 5397 omnium
2398 5359 2733 5415 peccatorum
2760 5356 2963 5413 radices
3015 5362 3066 5416 in
3111 5368 3246 5423 mala
3277 5386 3443 5432 carne
3479 5389 3556 5433 te-

1978 5438 2223 5494 neantur,
2257 5435 2408 5501 quasi
2451 5451 2688 5494 raeorum
2736 5444 2789 5499 in
2832 5450 3005 5518 capite
3030 5457 3366 5530 capillorum,
3414 5470 3555 5525 nando

1975 5531 2219 5574 crescant
2247 5523 2436 5578 iterum
2483 5533 2769 5587 resecanda
2819 5551 3050 5605 peccata.
3156 5547 3286 5605 Nam
3317 5566 3369 5608 et
3399 5558 3551 5614 istam

1977 5606 2376 5666 similitudinem
2406 5623 2661 5688 comperi,
2692 5640 2801 5679 sure
2827 5628 2945 5685 illos
2968 5636 3225 5696 adhibere
3250 5646 3549 5716 calumniae,

2043 5741 2056 5771 ι
2096 5748 2191 5791 tluc
2208 5746 2484 5804 particulam
2509 5764 2771 5816 negantem
2809 5773 3093 5819 revocamus
3112 5784 3173 5821 ex
3201 5781 3550 5843 manusa'tplis.
