  <div class='ocr_page' id='page_1' title='image "/cluster/home/n/w/nwhite01/storage/ocr_20150623/44/hvd.32044069687945/288.png"; bbox 0 0 4034 6182; ppageno 0'>
   <div class='ocr_carea' id='block_1_1' title="bbox 318 351 426 410">
    <p class='ocr_par' dir='ltr' id='par_1_1' title="bbox 318 351 426 410">
     <span class='ocr_line' id='line_1_1' title="bbox 318 351 426 410; baseline 0.009 -1"><span class='ocrx_word' id='word_1_1' title='bbox 318 351 426 410; x_wconf 72' lang='lat'><strong>565</strong></span> 
     </span>
    </p>
   </div>
   <div class='ocr_carea' id='block_1_2' title="bbox 318 458 1893 536">
    <p class='ocr_par' dir='ltr' id='par_1_2' title="bbox 318 458 1893 536">
     <span class='ocr_line' id='line_1_2' title="bbox 318 458 1893 536; baseline -0.005 -16"><span class='ocrx_word' id='word_1_2' title='bbox 318 479 528 535; x_wconf 64' lang='lat' dir='ltr'><strong>gracus</strong></span> <span class='ocrx_word' id='word_1_3' title='bbox 555 473 862 536; x_wconf 72' lang='grc' dir='ltr'><strong>περιζώματα</strong></span> <span class='ocrx_word' id='word_1_4' title='bbox 889 465 1082 535; x_wconf 84' lang='lat' dir='ltr'><strong>posuit,</strong></span> <span class='ocrx_word' id='word_1_5' title='bbox 1128 463 1321 534; x_wconf 85' lang='lat' dir='ltr'><strong>quibus</strong></span> <span class='ocrx_word' id='word_1_6' title='bbox 1367 477 1470 516; x_wconf 90' lang='lat' dir='ltr'><strong>non</strong></span> <span class='ocrx_word' id='word_1_7' title='bbox 1510 469 1760 531; x_wconf 86' lang='lat' dir='ltr'><strong>teguntur</strong></span> <span class='ocrx_word' id='word_1_8' title='bbox 1792 458 1893 513; x_wconf 85' lang='lat' dir='ltr'><strong>nisi</strong></span> 
     </span>
    </p>
   </div>
   <div class='ocr_carea' id='block_1_3' title="bbox 1689 345 2205 405">
    <p class='ocr_par' dir='ltr' id='par_1_3' title="bbox 1689 345 2205 405">
     <span class='ocr_line' id='line_1_3' title="bbox 1689 345 2205 405; baseline 0.006 -3"><span class='ocrx_word' id='word_1_9' title='bbox 1689 346 1896 402; x_wconf 77' lang='lat' dir='ltr'><strong>LIBER</strong></span> <span class='ocrx_word' id='word_1_10' title='bbox 1934 345 2093 403; x_wconf 72' lang='lat' dir='ltr'><strong>PRIM</strong></span> <span class='ocrx_word' id='word_1_11' title='bbox 2103 349 2205 405; x_wconf 89' lang='lat' dir='ltr'><strong>US.</strong></span> 
     </span>
    </p>
   </div>
   <div class='ocr_carea' id='block_1_4' title="bbox 3469 354 3576 411">
    <p class='ocr_par' dir='ltr' id='par_1_4' title="bbox 3469 354 3576 411">
     <span class='ocr_line' id='line_1_4' title="bbox 3469 354 3576 411; baseline 0.019 -2"><span class='ocrx_word' id='word_1_12' title='bbox 3469 354 3576 411; x_wconf 74' lang='lat'><strong><em>566</em></strong></span> 
     </span>
    </p>
   </div>
   <div class='ocr_carea' id='block_1_5' title="bbox 2002 462 3574 535">
    <p class='ocr_par' dir='ltr' id='par_1_5' title="bbox 2002 462 3574 535">
     <span class='ocr_line' id='line_1_5' title="bbox 2002 462 3574 535; baseline 0.005 -20"><span class='ocrx_word' id='word_1_13' title='bbox 2002 468 2303 531; x_wconf 78' lang='lat' dir='ltr'><strong>peccasset,</strong></span> <span class='ocrx_word' id='word_1_14' title='bbox 2348 464 2557 534; x_wconf 90' lang='lat' dir='ltr'><strong>qualem</strong></span> <span class='ocrx_word' id='word_1_15' title='bbox 2598 465 2771 521; x_wconf 77' lang='lat' dir='ltr'><strong>velitis</strong></span> <span class='ocrx_word' id='word_1_16' title='bbox 2812 464 2864 520; x_wconf 89' lang='lat' dir='ltr'><strong>in</strong></span> <span class='ocrx_word' id='word_1_17' title='bbox 2895 462 3139 535; x_wconf 78' lang='lat' dir='ltr'><strong>paradiso</strong></span> <span class='ocrx_word' id='word_1_18' title='bbox 3174 464 3574 523; x_wconf 81' lang='lat' dir='ltr'><strong>vitam-illorum</strong></span> 
     </span>
    </p>
   </div>
   <div class='ocr_carea' id='block_1_6' title="bbox 321 550 3577 627">
    <p class='ocr_par' dir='ltr' id='par_1_6' title="bbox 321 550 3577 627">
     <span class='ocr_line' id='line_1_6' title="bbox 321 550 3577 627; baseline 0.001 -17"><span class='ocrx_word' id='word_1_19' title='bbox 321 554 585 625; x_wconf 77' lang='lat' dir='ltr'><strong>pudenda:</strong></span> <span class='ocrx_word' id='word_1_20' title='bbox 611 554 850 624; x_wconf 88' lang='lat' dir='ltr'><strong>corporis</strong></span> <span class='ocrx_word' id='word_1_21' title='bbox 880 566 1085 624; x_wconf 89' lang='lat' dir='ltr'><strong>partes,</strong></span> <span class='ocrx_word' id='word_1_22' title='bbox 1117 555 1197 609; x_wconf 87' lang='lat' dir='ltr'><strong>sic</strong></span> <span class='ocrx_word' id='word_1_23' title='bbox 1224 563 1277 608; x_wconf 91' lang='lat' dir='ltr'><strong>et</strong></span> <span class='ocrx_word' id='word_1_24' title='bbox 1318 551 1547 617; x_wconf 89' lang='lat' dir='ltr'><strong>latinus,</strong></span> <span class='ocrx_word' id='word_1_25' title='bbox 1585 558 1677 604; x_wconf 91' lang='lat' dir='ltr'><strong>aut</strong></span> <span class='ocrx_word' id='word_1_26' title='bbox 1719 550 1891 620; x_wconf 91' lang='lat' dir='ltr'><strong>ipsum</strong></span> <span class='ocrx_word' id='word_1_27' title='bbox 1994 551 2273 608; x_wconf 76' lang='lat' dir='ltr'><strong>hominum</strong></span> <span class='ocrx_word' id='word_1_28' title='bbox 2314 556 2577 625; x_wconf 87' lang='lat' dir='ltr'><strong>cogitare,</strong></span> <span class='ocrx_word' id='word_1_29' title='bbox 2620 565 2675 611; x_wconf 90' lang='lat' dir='ltr'><strong>et</strong></span> <span class='ocrx_word' id='word_1_30' title='bbox 2721 572 2881 612; x_wconf 89' lang='lat' dir='ltr'><strong>unum</strong></span> <span class='ocrx_word' id='word_1_31' title='bbox 2923 554 2992 612; x_wconf 89' lang='lat' dir='ltr'><strong>de</strong></span> <span class='ocrx_word' id='word_1_32' title='bbox 3037 557 3119 610; x_wconf 87' lang='lat' dir='ltr'><strong>his</strong></span> <span class='ocrx_word' id='word_1_33' title='bbox 3159 556 3387 627; x_wconf 74' lang='lat' dir='ltr'><strong>quatuor</strong></span> <span class='ocrx_word' id='word_1_34' title='bbox 3416 558 3577 614; x_wconf 87' lang='lat' dir='ltr'><strong>rebus</strong></span> 
     </span>
    </p>
   </div>
   <div class='ocr_carea' id='block_1_7' title="bbox 316 639 1894 716">
    <p class='ocr_par' dir='ltr' id='par_1_7' title="bbox 316 639 1894 716">
     <span class='ocr_line' id='line_1_7' title="bbox 316 639 1894 716; baseline -0.006 -14"><span class='ocrx_word' id='word_1_35' title='bbox 316 661 552 716; x_wconf 73' lang='lat' dir='ltr'><strong>gmcum</strong></span> <span class='ocrx_word' id='word_1_36' title='bbox 578 652 823 714; x_wconf 77' lang='lat' dir='ltr'><strong>poneret,</strong></span> <span class='ocrx_word' id='word_1_37' title='bbox 850 645 972 715; x_wconf 86' lang='lat' dir='ltr'><strong>quia</strong></span> <span class='ocrx_word' id='word_1_38' title='bbox 1009 653 1065 700; x_wconf 88' lang='lat' dir='ltr'><strong>et</strong></span> <span class='ocrx_word' id='word_1_39' title='bbox 1099 645 1215 715; x_wconf 90' lang='lat' dir='ltr'><strong>ipso</strong></span> <span class='ocrx_word' id='word_1_40' title='bbox 1234 644 1342 714; x_wconf 81' lang='lat' dir='ltr'><strong>jam</strong></span> <span class='ocrx_word' id='word_1_41' title='bbox 1369 640 1694 697; x_wconf 78' lang='lat' dir='ltr'><strong>consuetudo</strong></span> <span class='ocrx_word' id='word_1_42' title='bbox 1730 639 1894 694; x_wconf 91' lang='lat' dir='ltr'><strong>utitur</strong></span> 
     </span>
    </p>
   </div>
   <div class='ocr_carea' id='block_1_8' title="bbox 320 728 1898 805">
    <p class='ocr_par' dir='ltr' id='par_1_8' title="bbox 320 728 1898 805">
     <span class='ocr_line' id='line_1_8' title="bbox 320 728 1898 805; baseline -0.006 -15"><span class='ocrx_word' id='word_1_43' title='bbox 320 751 419 805; x_wconf 89' lang='lat' dir='ltr'><strong>pro</strong></span> <span class='ocrx_word' id='word_1_44' title='bbox 451 736 648 800; x_wconf 78' lang='lat' dir='ltr'><strong>latino,</strong></span> <span class='ocrx_word' id='word_1_45' title='bbox 680 733 766 789; x_wconf 97' lang='lat' dir='ltr'><strong>vel</strong></span> <span class='ocrx_word' id='word_1_46' title='bbox 811 735 951 789; x_wconf 90' lang='lat' dir='ltr'><strong>sicut</strong></span> <span class='ocrx_word' id='word_1_47' title='bbox 986 732 1200 804; x_wconf 87' lang='lat' dir='ltr'><strong>quidam</strong></span> <span class='ocrx_word' id='word_1_48' title='bbox 1231 730 1620 795; x_wconf 76' lang='lat' dir='ltr'><strong>succinctoria,</strong></span> <span class='ocrx_word' id='word_1_49' title='bbox 1652 729 1737 783; x_wconf 91' lang='lat' dir='ltr'><strong>vel</strong></span> <span class='ocrx_word' id='word_1_50' title='bbox 1761 728 1898 783; x_wconf 89' lang='lat' dir='ltr'><strong>sicut</strong></span> 
     </span>
    </p>
   </div>
   <div class='ocr_carea' id='block_1_9' title="bbox 318 817 1896 893">
    <p class='ocr_par' dir='ltr' id='par_1_9' title="bbox 318 817 1896 893">
     <span class='ocr_line' id='line_1_9' title="bbox 318 817 1896 893; baseline -0.003 -17"><span class='ocrx_word' id='word_1_51' title='bbox 318 822 407 876; x_wconf 92' lang='lat' dir='ltr'><strong>alii</strong></span> <span class='ocrx_word' id='word_1_52' title='bbox 436 823 629 877; x_wconf 87' lang='lat' dir='ltr'><strong>melius</strong></span> <span class='ocrx_word' id='word_1_53' title='bbox 677 823 995 893; x_wconf 82' lang='lat' dir='ltr'><strong>campestria</strong></span> <span class='ocrx_word' id='word_1_54' title='bbox 1033 823 1392 876; x_wconf 81' lang='lat' dir='ltr'><strong>nominarunt.</strong></span> <span class='ocrx_word' id='word_1_55' title='bbox 1442 821 1521 875; x_wconf 80' lang='lat' dir='ltr'><strong>Ex</strong></span> <span class='ocrx_word' id='word_1_56' title='bbox 1562 819 1654 873; x_wconf 90' lang='lat' dir='ltr'><strong>illo</strong></span> <span class='ocrx_word' id='word_1_57' title='bbox 1701 817 1896 888; x_wconf 87' lang='lat' dir='ltr'><strong>quippe</strong></span> 
     </span>
    </p>
   </div>
   <div class='ocr_carea' id='block_1_10' title="bbox 320 906 1929 990">
    <p class='ocr_par' dir='ltr' id='par_1_10' title="bbox 320 906 1929 990">
     <span class='ocr_line' id='line_1_10' title="bbox 320 906 1929 990; baseline -0.004 -24"><span class='ocrx_word' id='word_1_58' title='bbox 320 911 426 966; x_wconf 86' lang='lat' dir='ltr'><strong>hoc</strong></span> <span class='ocrx_word' id='word_1_59' title='bbox 452 925 643 966; x_wconf 86' lang='lat' dir='ltr'><strong>nomen</strong></span> <span class='ocrx_word' id='word_1_60' title='bbox 665 919 780 978; x_wconf 90' lang='lat' dir='ltr'><strong>est,</strong></span> <span class='ocrx_word' id='word_1_61' title='bbox 822 910 963 981; x_wconf 87' lang='lat' dir='ltr'><strong>quod</strong></span> <span class='ocrx_word' id='word_1_62' title='bbox 993 910 1235 980; x_wconf 86' lang='lat' dir='ltr'><strong>pudenda</strong></span> <span class='ocrx_word' id='word_1_63' title='bbox 1259 909 1484 980; x_wconf 82' lang='lat' dir='ltr'><strong>juvenes</strong></span> <span class='ocrx_word' id='word_1_64' title='bbox 1520 906 1768 978; x_wconf 76' lang='lat' dir='ltr'><strong>tegebant</strong></span> <span class='ocrx_word' id='word_1_65' title='bbox 1801 921 1897 960; x_wconf 87' lang='lat' dir='ltr'><strong>an-</strong></span> <span class='ocrx_word' id='word_1_66' title='bbox 1925 987 1929 990; x_wconf 0' lang='lat' dir='ltr'><strong>Q</strong></span> 
     </span>
    </p>
   </div>
   <div class='ocr_carea' id='block_1_11' title="bbox 321 999 1892 1073">
    <p class='ocr_par' dir='ltr' id='par_1_11' title="bbox 321 999 1892 1073">
     <span class='ocr_line' id='line_1_11' title="bbox 321 999 1892 1073; baseline -0.004 -16"><span class='ocrx_word' id='word_1_67' title='bbox 321 1003 470 1073; x_wconf 90' lang='lat' dir='ltr'><strong>tiquo</strong></span> <span class='ocrx_word' id='word_1_68' title='bbox 498 1016 647 1058; x_wconf 91' lang='lat' dir='ltr'><strong>more</strong></span> <span class='ocrx_word' id='word_1_69' title='bbox 673 1001 917 1058; x_wconf 78' lang='lat' dir='ltr'><strong>Romano</strong></span> <span class='ocrx_word' id='word_1_70' title='bbox 942 1042 960 1068; x_wconf 93' lang='lat'><strong>,</strong></span> <span class='ocrx_word' id='word_1_71' title='bbox 1003 1001 1215 1073; x_wconf 88' lang='lat' dir='ltr'><strong>quando</strong></span> <span class='ocrx_word' id='word_1_72' title='bbox 1258 1000 1384 1055; x_wconf 91' lang='lat' dir='ltr'><strong>nudi</strong></span> <span class='ocrx_word' id='word_1_73' title='bbox 1424 999 1810 1056; x_wconf 81' lang='lat' dir='ltr'><strong>exercebantur</strong></span> <span class='ocrx_word' id='word_1_74' title='bbox 1837 999 1892 1052; x_wconf 89' lang='lat' dir='ltr'><strong>in</strong></span> 
     </span>
    </p>
   </div>
   <div class='ocr_carea' id='block_1_12' title="bbox 318 1087 1893 1163">
    <p class='ocr_par' dir='ltr' id='par_1_12' title="bbox 318 1087 1893 1163">
     <span class='ocr_line' id='line_1_12' title="bbox 318 1087 1893 1163; baseline -0.004 -15"><span class='ocrx_word' id='word_1_75' title='bbox 318 1108 514 1162; x_wconf 89' lang='lat' dir='ltr'><strong>campo</strong></span> <span class='ocrx_word' id='word_1_76' title='bbox 541 1110 554 1147; x_wconf 90' lang='lat'><strong>:</strong></span> <span class='ocrx_word' id='word_1_77' title='bbox 578 1092 716 1147; x_wconf 87' lang='lat' dir='ltr'><strong>unde</strong></span> <span class='ocrx_word' id='word_1_78' title='bbox 741 1093 1079 1163; x_wconf 88' lang='lat' dir='ltr'><strong>campestrati</strong></span> <span class='ocrx_word' id='word_1_79' title='bbox 1105 1091 1437 1162; x_wconf 76' lang='lat' dir='ltr'><strong>appellantur</strong></span> <span class='ocrx_word' id='word_1_80' title='bbox 1460 1088 1740 1158; x_wconf 86' lang='lat' dir='ltr'><strong>hodieque,</strong></span> <span class='ocrx_word' id='word_1_81' title='bbox 1768 1087 1857 1157; x_wconf 88' lang='lat' dir='ltr'><strong>qui</strong></span> <span class='ocrx_word' id='word_1_82' title='bbox 1877 1088 1893 1119; x_wconf 84' lang='grc'>¹</span> 
     </span>
    </p>
   </div>
   <div class='ocr_carea' id='block_1_13' title="bbox 318 1176 1899 1252">
    <p class='ocr_par' dir='ltr' id='par_1_13' title="bbox 318 1176 1899 1252">
     <span class='ocr_line' id='line_1_13' title="bbox 318 1176 1899 1252; baseline -0.004 -15"><span class='ocrx_word' id='word_1_83' title='bbox 318 1181 511 1237; x_wconf 85' lang='lat' dir='ltr'><strong>eadem</strong></span> <span class='ocrx_word' id='word_1_84' title='bbox 552 1182 787 1236; x_wconf 88' lang='lat' dir='ltr'><strong>membra</strong></span> <span class='ocrx_word' id='word_1_85' title='bbox 834 1180 1093 1252; x_wconf 87' lang='lat' dir='ltr'><strong>cingendo</strong></span> <span class='ocrx_word' id='word_1_86' title='bbox 1137 1180 1465 1250; x_wconf 88' lang='lat' dir='ltr'><strong>cooperiunt.</strong></span> <span class='ocrx_word' id='word_1_87' title='bbox 1511 1178 1821 1247; x_wconf 84' lang='lat' dir='ltr'><strong>Quanquam</strong></span> <span class='ocrx_word' id='word_1_88' title='bbox 1850 1176 1899 1232; x_wconf 87' lang='lat' dir='ltr'><strong>si</strong></span> 
     </span>
    </p>
   </div>
   <div class='ocr_carea' id='block_1_14' title="bbox 319 1267 1893 1340">
    <p class='ocr_par' dir='ltr' id='par_1_14' title="bbox 319 1267 1893 1340">
     <span class='ocr_line' id='line_1_14' title="bbox 319 1267 1893 1340; baseline -0.003 -15"><span class='ocrx_word' id='word_1_89' title='bbox 319 1283 385 1325; x_wconf 81' lang='lat' dir='ltr'><strong>ea</strong></span> <span class='ocrx_word' id='word_1_90' title='bbox 408 1270 601 1340; x_wconf 88' lang='lat' dir='ltr'><strong>quibus</strong></span> <span class='ocrx_word' id='word_1_91' title='bbox 623 1278 895 1339; x_wconf 87' lang='lat' dir='ltr'><strong>peccatum</strong></span> <span class='ocrx_word' id='word_1_92' title='bbox 924 1278 1034 1335; x_wconf 89' lang='lat' dir='ltr'><strong>est,</strong></span> <span class='ocrx_word' id='word_1_93' title='bbox 1070 1269 1293 1339; x_wconf 86' lang='lat' dir='ltr'><strong>tegenda</strong></span> <span class='ocrx_word' id='word_1_94' title='bbox 1313 1267 1527 1324; x_wconf 86' lang='lat' dir='ltr'><strong>fuerant</strong></span> <span class='ocrx_word' id='word_1_95' title='bbox 1553 1276 1672 1336; x_wconf 90' lang='lat' dir='ltr'><strong>post</strong></span> <span class='ocrx_word' id='word_1_96' title='bbox 1702 1279 1893 1335; x_wconf 90' lang='lat' dir='ltr'><strong>pecca-</strong></span> 
     </span>
    </p>
   </div>
   <div class='ocr_carea' id='block_1_15' title="bbox 320 1354 1897 1428">
    <p class='ocr_par' dir='ltr' id='par_1_15' title="bbox 320 1354 1897 1428">
     <span class='ocr_line' id='line_1_15' title="bbox 320 1354 1897 1428; baseline -0.004 -15"><span class='ocrx_word' id='word_1_97' title='bbox 320 1368 470 1423; x_wconf 90' lang='lat' dir='ltr'><strong>tum;</strong></span> <span class='ocrx_word' id='word_1_98' title='bbox 504 1374 569 1413; x_wconf 91' lang='lat' dir='ltr'><strong>ne</strong></span> <span class='ocrx_word' id='word_1_99' title='bbox 595 1358 789 1413; x_wconf 84' lang='lat' dir='ltr'><strong>tunicis</strong></span> <span class='ocrx_word' id='word_1_100' title='bbox 814 1358 1025 1428; x_wconf 89' lang='lat' dir='ltr'><strong>quidem</strong></span> <span class='ocrx_word' id='word_1_101' title='bbox 1048 1357 1191 1413; x_wconf 91' lang='lat' dir='ltr'><strong>indui</strong></span> <span class='ocrx_word' id='word_1_102' title='bbox 1209 1357 1528 1422; x_wconf 90' lang='lat' dir='ltr'><strong>debuerunt,</strong></span> <span class='ocrx_word' id='word_1_103' title='bbox 1560 1354 1655 1410; x_wconf 88' lang='lat' dir='ltr'><strong>sed</strong></span> <span class='ocrx_word' id='word_1_104' title='bbox 1681 1369 1897 1408; x_wconf 91' lang='lat' dir='ltr'><strong>manum</strong></span> 
     </span>
    </p>
   </div>
   <div class='ocr_carea' id='block_1_16' title="bbox 322 1443 1894 1518">
    <p class='ocr_par' dir='ltr' id='par_1_16' title="bbox 322 1443 1894 1518">
     <span class='ocr_line' id='line_1_16' title="bbox 322 1443 1894 1518; baseline -0.004 -16"><span class='ocrx_word' id='word_1_105' title='bbox 322 1458 381 1503; x_wconf 87' lang='lat' dir='ltr'><strong>et</strong></span> <span class='ocrx_word' id='word_1_106' title='bbox 407 1463 469 1502; x_wconf 94' lang='lat' dir='ltr'><strong>os</strong></span> <span class='ocrx_word' id='word_1_107' title='bbox 498 1458 674 1518; x_wconf 89' lang='lat' dir='ltr'><strong>tegere</strong></span> <span class='ocrx_word' id='word_1_108' title='bbox 692 1488 709 1514; x_wconf 95' lang='lat'><strong>,</strong></span> <span class='ocrx_word' id='word_1_109' title='bbox 745 1447 866 1518; x_wconf 84' lang='lat' dir='ltr'><strong>quia</strong></span> <span class='ocrx_word' id='word_1_110' title='bbox 896 1446 1155 1502; x_wconf 90' lang='lat' dir='ltr'><strong>sumendo</strong></span> <span class='ocrx_word' id='word_1_111' title='bbox 1182 1454 1238 1501; x_wconf 91' lang='lat' dir='ltr'><strong>et</strong></span> <span class='ocrx_word' id='word_1_112' title='bbox 1281 1443 1547 1501; x_wconf 85' lang='lat' dir='ltr'><strong>vescendo</strong></span> <span class='ocrx_word' id='word_1_113' title='bbox 1589 1450 1894 1513; x_wconf 89' lang='lat' dir='ltr'><strong>peccarunt.</strong></span> 
     </span>
    </p>
   </div>
   <div class='ocr_carea' id='block_1_17' title="bbox 321 1534 1897 1609">
    <p class='ocr_par' dir='ltr' id='par_1_17' title="bbox 321 1534 1897 1609">
     <span class='ocr_line' id='line_1_17' title="bbox 321 1534 1897 1609; baseline -0.003 -18"><span class='ocrx_word' id='word_1_114' title='bbox 321 1538 464 1607; x_wconf 82' lang='lat' dir='ltr'><strong>Quid</strong></span> <span class='ocrx_word' id='word_1_115' title='bbox 491 1539 587 1593; x_wconf 87' lang='lat' dir='ltr'><strong>sibi</strong></span> <span class='ocrx_word' id='word_1_116' title='bbox 615 1554 743 1609; x_wconf 88' lang='lat' dir='ltr'><strong>ergo</strong></span> <span class='ocrx_word' id='word_1_117' title='bbox 762 1540 901 1604; x_wconf 89' lang='lat' dir='ltr'><strong>vult,</strong></span> <span class='ocrx_word' id='word_1_118' title='bbox 927 1538 1067 1608; x_wconf 90' lang='lat' dir='ltr'><strong>quod</strong></span> <span class='ocrx_word' id='word_1_119' title='bbox 1090 1545 1310 1607; x_wconf 91' lang='lat' dir='ltr'><strong>accepto</strong></span> <span class='ocrx_word' id='word_1_120' title='bbox 1333 1535 1601 1606; x_wconf 86' lang='lat' dir='ltr'><strong>prohibito</strong></span> <span class='ocrx_word' id='word_1_121' title='bbox 1619 1534 1759 1599; x_wconf 91' lang='lat' dir='ltr'><strong>cibo,</strong></span> <span class='ocrx_word' id='word_1_122' title='bbox 1778 1548 1897 1588; x_wconf 90' lang='lat' dir='ltr'><strong>cum</strong></span> 
     </span>
    </p>
   </div>
   <div class='ocr_carea' id='block_1_18' title="bbox 323 1624 1898 1700">
    <p class='ocr_par' dir='ltr' id='par_1_18' title="bbox 323 1624 1898 1700">
     <span class='ocr_line' id='line_1_18' title="bbox 323 1624 1898 1700; baseline -0.003 -16"><span class='ocrx_word' id='word_1_123' title='bbox 323 1630 514 1684; x_wconf 88' lang='lat' dir='ltr'><strong>fuisset</strong></span> <span class='ocrx_word' id='word_1_124' title='bbox 539 1630 790 1700; x_wconf 74' lang='lat' dir='ltr'><strong>praecepti</strong></span> <span class='ocrx_word' id='word_1_125' title='bbox 843 1628 978 1684; x_wconf 87' lang='lat' dir='ltr'><strong>facta</strong></span> <span class='ocrx_word' id='word_1_126' title='bbox 1016 1627 1400 1699; x_wconf 81' lang='lat' dir='ltr'><strong>transgressio,</strong></span> <span class='ocrx_word' id='word_1_127' title='bbox 1446 1627 1498 1680; x_wconf 92' lang='lat' dir='ltr'><strong>in</strong></span> <span class='ocrx_word' id='word_1_128' title='bbox 1529 1626 1617 1680; x_wconf 90' lang='lat' dir='ltr'><strong>illa</strong></span> <span class='ocrx_word' id='word_1_129' title='bbox 1660 1624 1898 1680; x_wconf 91' lang='lat' dir='ltr'><strong>membra</strong></span> 
     </span>
    </p>
   </div>
   <div class='ocr_carea' id='block_1_19' title="bbox 322 1714 1896 1791">
    <p class='ocr_par' dir='ltr' id='par_1_19' title="bbox 322 1714 1896 1791">
     <span class='ocr_line' id='line_1_19' title="bbox 322 1714 1896 1791; baseline -0.004 -16"><span class='ocrx_word' id='word_1_130' title='bbox 322 1730 573 1791; x_wconf 80' lang='lat' dir='ltr'><strong>aSpectus</strong></span> <span class='ocrx_word' id='word_1_131' title='bbox 602 1719 927 1774; x_wconf 83' lang='lat' dir='ltr'><strong>intenditur?</strong></span> <span class='ocrx_word' id='word_1_132' title='bbox 953 1719 1082 1787; x_wconf 74' lang='lat' dir='ltr'><strong>Quae</strong></span> <span class='ocrx_word' id='word_1_133' title='bbox 1107 1717 1178 1773; x_wconf 90' lang='lat' dir='ltr'><strong>ibi</strong></span> <span class='ocrx_word' id='word_1_134' title='bbox 1207 1718 1415 1773; x_wconf 90' lang='lat' dir='ltr'><strong>novitas</strong></span> <span class='ocrx_word' id='word_1_135' title='bbox 1444 1716 1622 1785; x_wconf 86' lang='lat' dir='ltr'><strong>ignota</strong></span> <span class='ocrx_word' id='word_1_136' title='bbox 1650 1714 1896 1780; x_wconf 88' lang='lat' dir='ltr'><strong>sentitur,</strong></span> 
     </span>
    </p>
   </div>
   <div class='ocr_carea' id='block_1_20' title="bbox 322 1804 1901 1880">
    <p class='ocr_par' dir='ltr' id='par_1_20' title="bbox 322 1804 1901 1880">
     <span class='ocr_line' id='line_1_20' title="bbox 322 1804 1901 1880; baseline -0.004 -15"><span class='ocrx_word' id='word_1_137' title='bbox 322 1819 381 1865; x_wconf 90' lang='lat' dir='ltr'><strong>et</strong></span> <span class='ocrx_word' id='word_1_138' title='bbox 404 1826 465 1865; x_wconf 90' lang='lat' dir='ltr'><strong>se</strong></span> <span class='ocrx_word' id='word_1_139' title='bbox 503 1811 771 1880; x_wconf 88' lang='lat' dir='ltr'><strong>compellit</strong></span> <span class='ocrx_word' id='word_1_140' title='bbox 809 1808 1051 1864; x_wconf 82' lang='lat' dir='ltr'><strong>adverti?</strong></span> <span class='ocrx_word' id='word_1_141' title='bbox 1078 1808 1219 1876; x_wconf 90' lang='lat' dir='ltr'><strong>quod</strong></span> <span class='ocrx_word' id='word_1_142' title='bbox 1248 1806 1523 1877; x_wconf 90' lang='lat' dir='ltr'><strong>apertione</strong></span> <span class='ocrx_word' id='word_1_143' title='bbox 1566 1804 1901 1876; x_wconf 79' lang='lat' dir='ltr'><strong>signiﬁcatur</strong></span> 
     </span>
    </p>
   </div>
   <div class='ocr_carea' id='block_1_21' title="bbox 324 1897 1903 1970">
    <p class='ocr_par' dir='ltr' id='par_1_21' title="bbox 324 1897 1903 1970">
     <span class='ocr_line' id='line_1_21' title="bbox 324 1897 1903 1970; baseline -0.006 -14"><span class='ocrx_word' id='word_1_144' title='bbox 324 1902 629 1957; x_wconf 91' lang='lat' dir='ltr'><strong>oculorum.</strong></span> <span class='ocrx_word' id='word_1_145' title='bbox 658 1900 840 1970; x_wconf 86' lang='lat' dir='ltr'><strong>Neque</strong></span> <span class='ocrx_word' id='word_1_146' title='bbox 866 1900 1008 1955; x_wconf 89' lang='lat' dir='ltr'><strong>enim</strong></span> <span class='ocrx_word' id='word_1_147' title='bbox 1030 1899 1109 1954; x_wconf 91' lang='lat' dir='ltr'><strong>eis</strong></span> <span class='ocrx_word' id='word_1_148' title='bbox 1131 1898 1213 1953; x_wconf 87' lang='lat' dir='ltr'><strong>vel</strong></span> <span class='ocrx_word' id='word_1_149' title='bbox 1234 1897 1446 1968; x_wconf 87' lang='lat' dir='ltr'><strong>quando</strong></span> <span class='ocrx_word' id='word_1_150' title='bbox 1472 1897 1561 1952; x_wconf 91' lang='lat' dir='ltr'><strong>ille</strong></span> <span class='ocrx_word' id='word_1_151' title='bbox 1580 1897 1791 1952; x_wconf 89' lang='lat' dir='ltr'><strong>nomina</strong></span> <span class='ocrx_word' id='word_1_152' title='bbox 1810 1910 1903 1966; x_wconf 84' lang='lat' dir='ltr'><strong>pe-</strong></span> 
     </span>
    </p>
   </div>
   <div class='ocr_carea' id='block_1_22' title="bbox 323 1985 1901 2059">
    <p class='ocr_par' dir='ltr' id='par_1_22' title="bbox 323 1985 1901 2059">
     <span class='ocr_line' id='line_1_22' title="bbox 323 1985 1901 2059; baseline -0.004 -12"><span class='ocrx_word' id='word_1_153' title='bbox 323 1992 540 2047; x_wconf 90' lang='lat' dir='ltr'><strong>coribus</strong></span> <span class='ocrx_word' id='word_1_154' title='bbox 585 2000 641 2046; x_wconf 91' lang='lat' dir='ltr'><strong>et</strong></span> <span class='ocrx_word' id='word_1_155' title='bbox 682 1990 985 2046; x_wconf 88' lang='lat' dir='ltr'><strong>volucribus</strong></span> <span class='ocrx_word' id='word_1_156' title='bbox 1023 1988 1326 2059; x_wconf 86' lang='lat' dir='ltr'><strong>imponebat</strong></span> <span class='ocrx_word' id='word_1_157' title='bbox 1360 1985 1509 2059; x_wconf 83' lang='lat' dir='ltr'><strong>(Gen.</strong></span> <span class='ocrx_word' id='word_1_158' title='bbox 1557 2002 1617 2053; x_wconf 84' lang='grc' dir='ltr'><strong>ιι,</strong></span> <span class='ocrx_word' id='word_1_159' title='bbox 1666 1985 1901 2057; x_wconf 73' lang='grc' dir='ltr'><strong>20),νεί</strong></span> 
     </span>
    </p>
   </div>
   <div class='ocr_carea' id='block_1_23' title="bbox 323 2075 1903 2154">
    <p class='ocr_par' dir='ltr' id='par_1_23' title="bbox 323 2075 1903 2154">
     <span class='ocr_line' id='line_1_23' title="bbox 323 2075 1903 2154; baseline -0.004 -17"><span class='ocrx_word' id='word_1_160' title='bbox 323 2083 537 2154; x_wconf 89' lang='lat' dir='ltr'><strong>quando</strong></span> <span class='ocrx_word' id='word_1_161' title='bbox 564 2083 652 2138; x_wconf 91' lang='lat' dir='ltr'><strong>illa</strong></span> <span class='ocrx_word' id='word_1_162' title='bbox 692 2082 971 2153; x_wconf 90' lang='lat' dir='ltr'><strong>pulchrum</strong></span> <span class='ocrx_word' id='word_1_163' title='bbox 1016 2081 1214 2151; x_wconf 80' lang='lat' dir='ltr'><strong>lignum</strong></span> <span class='ocrx_word' id='word_1_164' title='bbox 1242 2078 1373 2135; x_wconf 90' lang='lat' dir='ltr'><strong>vidit</strong></span> <span class='ocrx_word' id='word_1_165' title='bbox 1409 2091 1463 2135; x_wconf 91' lang='lat' dir='ltr'><strong>et</strong></span> <span class='ocrx_word' id='word_1_166' title='bbox 1491 2078 1710 2142; x_wconf 93' lang='lat' dir='ltr'><strong>bonum,</strong></span> <span class='ocrx_word' id='word_1_167' title='bbox 1762 2075 1903 2132; x_wconf 91' lang='lat' dir='ltr'><strong>oculi</strong></span> 
     </span>
    </p>
   </div>
   <div class='ocr_carea' id='block_1_24' title="bbox 326 2167 1904 2243">
    <p class='ocr_par' dir='ltr' id='par_1_24' title="bbox 326 2167 1904 2243">
     <span class='ocr_line' id='line_1_24' title="bbox 326 2167 1904 2243; baseline -0.004 -17"><span class='ocrx_word' id='word_1_168' title='bbox 326 2190 435 2227; x_wconf 90' lang='lat' dir='ltr'><strong>non</strong></span> <span class='ocrx_word' id='word_1_169' title='bbox 460 2173 739 2243; x_wconf 83' lang='lat' dir='ltr'><strong>patebant;</strong></span> <span class='ocrx_word' id='word_1_170' title='bbox 771 2171 867 2227; x_wconf 90' lang='lat' dir='ltr'><strong>sed</strong></span> <span class='ocrx_word' id='word_1_171' title='bbox 894 2171 1096 2242; x_wconf 90' lang='lat' dir='ltr'><strong>aperti,</strong></span> <span class='ocrx_word' id='word_1_172' title='bbox 1125 2171 1226 2227; x_wconf 92' lang='lat' dir='ltr'><strong>hoc</strong></span> <span class='ocrx_word' id='word_1_173' title='bbox 1252 2179 1365 2238; x_wconf 89' lang='lat' dir='ltr'><strong>est,</strong></span> <span class='ocrx_word' id='word_1_174' title='bbox 1393 2167 1581 2225; x_wconf 90' lang='lat' dir='ltr'><strong>intenti</strong></span> <span class='ocrx_word' id='word_1_175' title='bbox 1601 2169 1667 2224; x_wconf 86' lang='lat' dir='ltr'><strong>ad</strong></span> <span class='ocrx_word' id='word_1_176' title='bbox 1694 2167 1904 2223; x_wconf 82' lang='lat' dir='ltr'><strong>intuen-</strong></span> 
     </span>
    </p>
   </div>
   <div class='ocr_carea' id='block_1_25' title="bbox 325 2256 1905 2335">
    <p class='ocr_par' dir='ltr' id='par_1_25' title="bbox 325 2256 1905 2335">
     <span class='ocr_line' id='line_1_25' title="bbox 325 2256 1905 2335; baseline -0.004 -17"><span class='ocrx_word' id='word_1_177' title='bbox 325 2264 454 2318; x_wconf 90' lang='lat' dir='ltr'><strong>dum</strong></span> <span class='ocrx_word' id='word_1_178' title='bbox 502 2262 623 2317; x_wconf 83' lang='lat' dir='ltr'><strong>facti</strong></span> <span class='ocrx_word' id='word_1_179' title='bbox 654 2256 779 2316; x_wconf 80' lang='lat' dir='ltr'><strong>sunt</strong></span> <span class='ocrx_word' id='word_1_180' title='bbox 802 2260 914 2333; x_wconf 86' lang='lat' dir='ltr'><strong>(Id.</strong></span> <span class='ocrx_word' id='word_1_181' title='bbox 946 2277 1025 2329; x_wconf 88' lang='lat' dir='ltr'><strong>tu,</strong></span> <span class='ocrx_word' id='word_1_182' title='bbox 1057 2261 1113 2329; x_wconf 91' lang='lat'><strong>6,</strong></span> <span class='ocrx_word' id='word_1_183' title='bbox 1142 2257 1197 2335; x_wconf 92' lang='lat'><strong>7)</strong></span> <span class='ocrx_word' id='word_1_184' title='bbox 1223 2277 1236 2314; x_wconf 90' lang='lat'><strong>:</strong></span> <span class='ocrx_word' id='word_1_185' title='bbox 1268 2260 1405 2315; x_wconf 90' lang='lat' dir='ltr'><strong>sicut</strong></span> <span class='ocrx_word' id='word_1_186' title='bbox 1429 2259 1686 2328; x_wconf 87' lang='lat' dir='ltr'><strong>scriptum</strong></span> <span class='ocrx_word' id='word_1_187' title='bbox 1724 2266 1806 2313; x_wconf 89' lang='lat' dir='ltr'><strong>est</strong></span> <span class='ocrx_word' id='word_1_188' title='bbox 1836 2257 1905 2313; x_wconf 90' lang='lat' dir='ltr'><strong>de</strong></span> 
     </span>
    </p>
   </div>
   <div class='ocr_carea' id='block_1_26' title="bbox 326 2349 1905 2425">
    <p class='ocr_par' dir='ltr' id='par_1_26' title="bbox 326 2349 1905 2425">
     <span class='ocr_line' id='line_1_26' title="bbox 326 2349 1905 2425; baseline -0.004 -16"><span class='ocrx_word' id='word_1_189' title='bbox 326 2356 471 2425; x_wconf 78' lang='lat' dir='ltr'><strong>Agar</strong></span> <span class='ocrx_word' id='word_1_190' title='bbox 513 2353 706 2409; x_wconf 87' lang='lat' dir='ltr'><strong>ancilla</strong></span> <span class='ocrx_word' id='word_1_191' title='bbox 753 2353 951 2419; x_wconf 65' lang='lat' dir='ltr'><strong>Sarrae,</strong></span> <span class='ocrx_word' id='word_1_192' title='bbox 983 2351 1125 2423; x_wconf 91' lang='lat' dir='ltr'><strong>quod</strong></span> <span class='ocrx_word' id='word_1_193' title='bbox 1182 2351 1391 2422; x_wconf 90' lang='lat' dir='ltr'><strong>aperuit</strong></span> <span class='ocrx_word' id='word_1_194' title='bbox 1434 2349 1620 2405; x_wconf 90' lang='lat' dir='ltr'><strong>oculos</strong></span> <span class='ocrx_word' id='word_1_195' title='bbox 1663 2362 1810 2414; x_wconf 89' lang='lat' dir='ltr'><strong>suos,</strong></span> <span class='ocrx_word' id='word_1_196' title='bbox 1851 2358 1905 2402; x_wconf 93' lang='lat' dir='ltr'><strong>et</strong></span> 
     </span>
    </p>
   </div>
   <div class='ocr_carea' id='block_1_27' title="bbox 328 2439 1903 2516">
    <p class='ocr_par' dir='ltr' id='par_1_27' title="bbox 328 2439 1903 2516">
     <span class='ocr_line' id='line_1_27' title="bbox 328 2439 1903 2516; baseline -0.005 -16"><span class='ocrx_word' id='word_1_197' title='bbox 328 2445 461 2500; x_wconf 82' lang='lat' dir='ltr'><strong>vidit</strong></span> <span class='ocrx_word' id='word_1_198' title='bbox 486 2453 700 2515; x_wconf 85' lang='lat' dir='ltr'><strong>puteum</strong></span> <span class='ocrx_word' id='word_1_199' title='bbox 728 2443 841 2515; x_wconf 86' lang='lat' dir='ltr'><strong>(Id.</strong></span> <span class='ocrx_word' id='word_1_200' title='bbox 869 2459 985 2511; x_wconf 79' lang='lat' dir='ltr'><strong>nt,</strong></span> <span class='ocrx_word' id='word_1_201' title='bbox 1019 2441 1141 2516; x_wconf 81' lang='lat' dir='ltr'><strong>l9);</strong></span> <span class='ocrx_word' id='word_1_202' title='bbox 1178 2456 1313 2513; x_wconf 88' lang='lat' dir='ltr'><strong>quos</strong></span> <span class='ocrx_word' id='word_1_203' title='bbox 1335 2441 1548 2496; x_wconf 65' lang='lat' dir='ltr'><strong>clauSos</strong></span> <span class='ocrx_word' id='word_1_204' title='bbox 1577 2439 1759 2508; x_wconf 88' lang='lat' dir='ltr'><strong>utique</strong></span> <span class='ocrx_word' id='word_1_205' title='bbox 1796 2452 1903 2493; x_wconf 90' lang='lat' dir='ltr'><strong>non</strong></span> 
     </span>
    </p>
   </div>
   <div class='ocr_carea' id='block_1_28' title="bbox 328 2527 1907 2605">
    <p class='ocr_par' dir='ltr' id='par_1_28' title="bbox 328 2527 1907 2605">
     <span class='ocr_line' id='line_1_28' title="bbox 328 2527 1907 2605; baseline -0.006 -15"><span class='ocrx_word' id='word_1_206' title='bbox 328 2533 580 2590; x_wconf 85' lang='lat' dir='ltr'><strong>habebat.</strong></span> <span class='ocrx_word' id='word_1_207' title='bbox 610 2532 681 2591; x_wconf 89' lang='lat' dir='ltr'><strong>Ut</strong></span> <span class='ocrx_word' id='word_1_208' title='bbox 706 2549 833 2605; x_wconf 90' lang='lat' dir='ltr'><strong>ergo</strong></span> <span class='ocrx_word' id='word_1_209' title='bbox 861 2533 1116 2588; x_wconf 92' lang='lat' dir='ltr'><strong>nuditatis</strong></span> <span class='ocrx_word' id='word_1_210' title='bbox 1143 2546 1275 2598; x_wconf 70' lang='lat' dir='ltr'><strong>sum,</strong></span> <span class='ocrx_word' id='word_1_211' title='bbox 1313 2545 1472 2601; x_wconf 92' lang='lat' dir='ltr'><strong>quam</strong></span> <span class='ocrx_word' id='word_1_212' title='bbox 1501 2527 1738 2600; x_wconf 88' lang='lat' dir='ltr'><strong>quotidie</strong></span> <span class='ocrx_word' id='word_1_213' title='bbox 1780 2542 1907 2596; x_wconf 88' lang='lat' dir='ltr'><strong>pro-</strong></span> 
     </span>
    </p>
   </div>
   <div class='ocr_carea' id='block_1_29' title="bbox 329 2616 1909 2689">
    <p class='ocr_par' dir='ltr' id='par_1_29' title="bbox 329 2616 1909 2689">
     <span class='ocr_line' id='line_1_29' title="bbox 329 2616 1909 2689; baseline -0.004 -11"><span class='ocrx_word' id='word_1_214' title='bbox 329 2622 470 2679; x_wconf 82' lang='lat' dir='ltr'><strong>fectu</strong></span> <span class='ocrx_word' id='word_1_215' title='bbox 498 2623 860 2689; x_wconf 84' lang='lat' dir='ltr'><strong>intuebantur,</strong></span> <span class='ocrx_word' id='word_1_216' title='bbox 885 2637 985 2678; x_wconf 89' lang='lat' dir='ltr'><strong>nec</strong></span> <span class='ocrx_word' id='word_1_217' title='bbox 1007 2619 1486 2683; x_wconf 84' lang='lat' dir='ltr'><strong>confundebantur,</strong></span> <span class='ocrx_word' id='word_1_218' title='bbox 1512 2632 1606 2673; x_wconf 90' lang='lat' dir='ltr'><strong>eos</strong></span> <span class='ocrx_word' id='word_1_219' title='bbox 1627 2616 1804 2672; x_wconf 90' lang='lat' dir='ltr'><strong>subito</strong></span> <span class='ocrx_word' id='word_1_220' title='bbox 1831 2616 1909 2672; x_wconf 92' lang='lat' dir='ltr'><strong>sic</strong></span> 
     </span>
    </p>
   </div>
   <div class='ocr_carea' id='block_1_30' title="bbox 330 2707 1897 2784">
    <p class='ocr_par' dir='ltr' id='par_1_30' title="bbox 330 2707 1897 2784">
     <span class='ocr_line' id='line_1_30' title="bbox 330 2707 1897 2784; baseline -0.005 -16"><span class='ocrx_word' id='word_1_221' title='bbox 330 2713 569 2784; x_wconf 86' lang='lat' dir='ltr'><strong>puderet,</strong></span> <span class='ocrx_word' id='word_1_222' title='bbox 597 2722 652 2767; x_wconf 93' lang='lat' dir='ltr'><strong>ut</strong></span> <span class='ocrx_word' id='word_1_223' title='bbox 676 2710 912 2767; x_wconf 88' lang='lat' dir='ltr'><strong>membra</strong></span> <span class='ocrx_word' id='word_1_224' title='bbox 940 2712 1025 2767; x_wconf 90' lang='lat' dir='ltr'><strong>illa</strong></span> <span class='ocrx_word' id='word_1_225' title='bbox 1051 2714 1160 2780; x_wconf 91' lang='lat' dir='ltr'><strong>jam</strong></span> <span class='ocrx_word' id='word_1_226' title='bbox 1192 2709 1329 2765; x_wconf 91' lang='lat' dir='ltr'><strong>nuda</strong></span> <span class='ocrx_word' id='word_1_227' title='bbox 1354 2707 1493 2763; x_wconf 88' lang='lat' dir='ltr'><strong>ferre</strong></span> <span class='ocrx_word' id='word_1_228' title='bbox 1522 2722 1626 2762; x_wconf 89' lang='lat' dir='ltr'><strong>non</strong></span> <span class='ocrx_word' id='word_1_229' title='bbox 1658 2714 1897 2776; x_wconf 85' lang='lat' dir='ltr'><strong>possent,</strong></span> 
     </span>
    </p>
   </div>
   <div class='ocr_carea' id='block_1_31' title="bbox 330 2798 1904 2876">
    <p class='ocr_par' dir='ltr' id='par_1_31' title="bbox 330 2798 1904 2876">
     <span class='ocr_line' id='line_1_31' title="bbox 330 2798 1904 2876; baseline -0.006 -15"><span class='ocrx_word' id='word_1_230' title='bbox 330 2806 425 2862; x_wconf 89' lang='lat' dir='ltr'><strong>sed</strong></span> <span class='ocrx_word' id='word_1_231' title='bbox 462 2806 640 2861; x_wconf 90' lang='lat' dir='ltr'><strong>statim</strong></span> <span class='ocrx_word' id='word_1_232' title='bbox 688 2820 896 2876; x_wconf 81' lang='lat' dir='ltr'><strong>operire</strong></span> <span class='ocrx_word' id='word_1_233' title='bbox 921 2813 1199 2868; x_wconf 90' lang='lat' dir='ltr'><strong>curarent;</strong></span> <span class='ocrx_word' id='word_1_234' title='bbox 1252 2814 1432 2855; x_wconf 90' lang='lat' dir='ltr'><strong>nonne</strong></span> <span class='ocrx_word' id='word_1_235' title='bbox 1456 2807 1509 2853; x_wconf 90' lang='lat' dir='ltr'><strong>et</strong></span> <span class='ocrx_word' id='word_1_236' title='bbox 1543 2799 1635 2854; x_wconf 89' lang='lat' dir='ltr'><strong>ille</strong></span> <span class='ocrx_word' id='word_1_237' title='bbox 1660 2798 1716 2852; x_wconf 91' lang='lat' dir='ltr'><strong>in</strong></span> <span class='ocrx_word' id='word_1_238' title='bbox 1756 2808 1904 2851; x_wconf 90' lang='lat' dir='ltr'><strong>motu</strong></span> 
     </span>
    </p>
   </div>
   <div class='ocr_carea' id='block_1_32' title="bbox 329 2887 1904 2966">
    <p class='ocr_par' dir='ltr' id='par_1_32' title="bbox 329 2887 1904 2966">
     <span class='ocr_line' id='line_1_32' title="bbox 329 2887 1904 2966; baseline -0.006 -16"><span class='ocrx_word' id='word_1_239' title='bbox 329 2904 538 2966; x_wconf 87' lang='lat' dir='ltr'><strong>aperto,</strong></span> <span class='ocrx_word' id='word_1_240' title='bbox 566 2904 620 2950; x_wconf 92' lang='lat' dir='ltr'><strong>et</strong></span> <span class='ocrx_word' id='word_1_241' title='bbox 648 2895 735 2949; x_wconf 92' lang='lat' dir='ltr'><strong>illa</strong></span> <span class='ocrx_word' id='word_1_242' title='bbox 764 2896 817 2949; x_wconf 91' lang='lat' dir='ltr'><strong>in</strong></span> <span class='ocrx_word' id='word_1_243' title='bbox 844 2894 1076 2961; x_wconf 90' lang='lat' dir='ltr'><strong>occulto,</strong></span> <span class='ocrx_word' id='word_1_244' title='bbox 1104 2900 1287 2948; x_wconf 91' lang='lat' dir='ltr'><strong>contra</strong></span> <span class='ocrx_word' id='word_1_245' title='bbox 1311 2906 1423 2945; x_wconf 64' lang='lat' dir='ltr'><strong>suae</strong></span> <span class='ocrx_word' id='word_1_246' title='bbox 1450 2888 1736 2945; x_wconf 90' lang='lat' dir='ltr'><strong>voluntatis</strong></span> <span class='ocrx_word' id='word_1_247' title='bbox 1756 2887 1904 2943; x_wconf 88' lang='lat' dir='ltr'><strong>arbi-</strong></span> 
     </span>
    </p>
   </div>
   <div class='ocr_carea' id='block_1_33' title="bbox 330 2975 1906 3055">
    <p class='ocr_par' dir='ltr' id='par_1_33' title="bbox 330 2975 1906 3055">
     <span class='ocr_line' id='line_1_33' title="bbox 330 2975 1906 3055; baseline -0.006 -15"><span class='ocrx_word' id='word_1_248' title='bbox 330 2986 491 3040; x_wconf 89' lang='lat' dir='ltr'><strong>trium</strong></span> <span class='ocrx_word' id='word_1_249' title='bbox 532 2985 885 3055; x_wconf 87' lang='lat' dir='ltr'><strong>inobedicntia</strong></span> <span class='ocrx_word' id='word_1_250' title='bbox 927 2983 1015 3038; x_wconf 91' lang='lat' dir='ltr'><strong>illa</strong></span> <span class='ocrx_word' id='word_1_251' title='bbox 1059 2981 1296 3037; x_wconf 87' lang='lat' dir='ltr'><strong>membra</strong></span> <span class='ocrx_word' id='word_1_252' title='bbox 1341 2986 1658 3044; x_wconf 87' lang='lat' dir='ltr'><strong>senserunt,</strong></span> <span class='ocrx_word' id='word_1_253' title='bbox 1714 2975 1906 3047; x_wconf 86' lang='lat' dir='ltr'><strong>quibus</strong></span> 
     </span>
    </p>
   </div>
   <div class='ocr_carea' id='block_1_34' title="bbox 329 3068 1907 3146">
    <p class='ocr_par' dir='ltr' id='par_1_34' title="bbox 329 3068 1907 3146">
     <span class='ocr_line' id='line_1_34' title="bbox 329 3068 1907 3146; baseline -0.005 -15"><span class='ocrx_word' id='word_1_254' title='bbox 329 3076 516 3146; x_wconf 85' lang='lat' dir='ltr'><strong>utique</strong></span> <span class='ocrx_word' id='word_1_255' title='bbox 541 3083 670 3129; x_wconf 92' lang='lat' dir='ltr'><strong>nutu</strong></span> <span class='ocrx_word' id='word_1_256' title='bbox 692 3074 988 3129; x_wconf 88' lang='lat' dir='ltr'><strong>voluntario</strong></span> <span class='ocrx_word' id='word_1_257' title='bbox 1013 3073 1151 3128; x_wconf 89' lang='lat' dir='ltr'><strong>sicut</strong></span> <span class='ocrx_word' id='word_1_258' title='bbox 1188 3070 1396 3126; x_wconf 77' lang='lat' dir='ltr'><strong>czeteris</strong></span> <span class='ocrx_word' id='word_1_259' title='bbox 1419 3068 1679 3125; x_wconf 88' lang='lat' dir='ltr'><strong>dominari</strong></span> <span class='ocrx_word' id='word_1_260' title='bbox 1706 3068 1907 3123; x_wconf 88' lang='lat' dir='ltr'><strong>debue-</strong></span> 
     </span>
    </p>
   </div>
   <div class='ocr_carea' id='block_1_35' title="bbox 330 3159 1907 3234">
    <p class='ocr_par' dir='ltr' id='par_1_35' title="bbox 330 3159 1907 3234">
     <span class='ocr_line' id='line_1_35' title="bbox 330 3159 1907 3234; baseline -0.004 -13"><span class='ocrx_word' id='word_1_261' title='bbox 330 3167 492 3221; x_wconf 84' lang='lat' dir='ltr'><strong>runt?</strong></span> <span class='ocrx_word' id='word_1_262' title='bbox 518 3166 667 3234; x_wconf 85' lang='lat' dir='ltr'><strong>Quod</strong></span> <span class='ocrx_word' id='word_1_263' title='bbox 692 3165 882 3220; x_wconf 85' lang='lat' dir='ltr'><strong>merito</strong></span> <span class='ocrx_word' id='word_1_264' title='bbox 910 3164 1053 3234; x_wconf 82' lang='lat' dir='ltr'><strong>passi</strong></span> <span class='ocrx_word' id='word_1_265' title='bbox 1091 3171 1214 3219; x_wconf 91' lang='lat' dir='ltr'><strong>sunt</strong></span> <span class='ocrx_word' id='word_1_266' title='bbox 1238 3162 1361 3233; x_wconf 87' lang='lat' dir='ltr'><strong>quia</strong></span> <span class='ocrx_word' id='word_1_267' title='bbox 1389 3170 1443 3217; x_wconf 90' lang='lat' dir='ltr'><strong>et</strong></span> <span class='ocrx_word' id='word_1_268' title='bbox 1471 3160 1568 3231; x_wconf 90' lang='lat' dir='ltr'><strong>ipsi</strong></span> <span class='ocrx_word' id='word_1_269' title='bbox 1593 3159 1907 3216; x_wconf 89' lang='lat' dir='ltr'><strong>obedientes</strong></span> 
     </span>
    </p>
   </div>
   <div class='ocr_carea' id='block_1_36' title="bbox 329 3249 1905 3320">
    <p class='ocr_par' dir='ltr' id='par_1_36' title="bbox 329 3249 1905 3320">
     <span class='ocr_line' id='line_1_36' title="bbox 329 3249 1905 3320; baseline -0.004 -9"><span class='ocrx_word' id='word_1_270' title='bbox 329 3271 430 3311; x_wconf 88' lang='lat' dir='ltr'><strong>suo</strong></span> <span class='ocrx_word' id='word_1_271' title='bbox 456 3255 679 3310; x_wconf 88' lang='lat' dir='ltr'><strong>Domino</strong></span> <span class='ocrx_word' id='word_1_272' title='bbox 723 3271 827 3309; x_wconf 92' lang='lat' dir='ltr'><strong>non</strong></span> <span class='ocrx_word' id='word_1_273' title='bbox 884 3254 1115 3309; x_wconf 88' lang='lat' dir='ltr'><strong>fuerunt.</strong></span> <span class='ocrx_word' id='word_1_274' title='bbox 1157 3253 1496 3308; x_wconf 84' lang='lat' dir='ltr'><strong>Erubuerunt</strong></span> <span class='ocrx_word' id='word_1_275' title='bbox 1534 3265 1692 3320; x_wconf 89' lang='lat' dir='ltr'><strong>ergo,</strong></span> <span class='ocrx_word' id='word_1_276' title='bbox 1744 3249 1816 3304; x_wconf 91' lang='lat' dir='ltr'><strong>ita</strong></span> <span class='ocrx_word' id='word_1_277' title='bbox 1844 3265 1905 3305; x_wconf 92' lang='lat' dir='ltr'><strong>se</strong></span> 
     </span>
    </p>
   </div>
   <div class='ocr_carea' id='block_1_37' title="bbox 329 3340 1908 3405">
    <p class='ocr_par' dir='ltr' id='par_1_37' title="bbox 329 3340 1908 3405">
     <span class='ocr_line' id='line_1_37' title="bbox 329 3340 1908 3405; baseline -0.006 -3"><span class='ocrx_word' id='word_1_278' title='bbox 329 3347 570 3402; x_wconf 87' lang='lat' dir='ltr'><strong>Creatori</strong></span> <span class='ocrx_word' id='word_1_279' title='bbox 615 3360 712 3401; x_wconf 93' lang='lat' dir='ltr'><strong>suo</strong></span> <span class='ocrx_word' id='word_1_280' title='bbox 752 3360 859 3399; x_wconf 92' lang='lat' dir='ltr'><strong>non</strong></span> <span class='ocrx_word' id='word_1_281' title='bbox 904 3343 1210 3400; x_wconf 81' lang='lat' dir='ltr'><strong>exhibuisse</strong></span> <span class='ocrx_word' id='word_1_282' title='bbox 1255 3341 1567 3405; x_wconf 90' lang='lat' dir='ltr'><strong>servitium,</strong></span> <span class='ocrx_word' id='word_1_283' title='bbox 1622 3349 1680 3394; x_wconf 92' lang='lat' dir='ltr'><strong>ut</strong></span> <span class='ocrx_word' id='word_1_284' title='bbox 1733 3340 1787 3394; x_wconf 90' lang='lat' dir='ltr'><strong>in</strong></span> <span class='ocrx_word' id='word_1_285' title='bbox 1829 3340 1908 3395; x_wconf 88' lang='lat' dir='ltr'><strong>eis</strong></span> 
     </span>
    </p>
   </div>
   <div class='ocr_carea' id='block_1_38' title="bbox 328 3432 1910 3509">
    <p class='ocr_par' dir='ltr' id='par_1_38' title="bbox 328 3432 1910 3509">
     <span class='ocr_line' id='line_1_38' title="bbox 328 3432 1910 3509; baseline -0.004 -17"><span class='ocrx_word' id='word_1_286' title='bbox 328 3439 585 3494; x_wconf 89' lang='lat' dir='ltr'><strong>membris</strong></span> <span class='ocrx_word' id='word_1_287' title='bbox 608 3440 629 3470; x_wconf 84' lang='grc'><strong><em>²</em></strong></span> <span class='ocrx_word' id='word_1_288' title='bbox 655 3453 718 3494; x_wconf 79' lang='lat' dir='ltr'><strong>ex</strong></span> <span class='ocrx_word' id='word_1_289' title='bbox 739 3438 931 3509; x_wconf 89' lang='lat' dir='ltr'><strong>quibus</strong></span> <span class='ocrx_word' id='word_1_290' title='bbox 957 3445 1140 3492; x_wconf 88' lang='lat' dir='ltr'><strong>essent</strong></span> <span class='ocrx_word' id='word_1_291' title='bbox 1163 3434 1252 3489; x_wconf 89' lang='lat' dir='ltr'><strong>lilii</strong></span> <span class='ocrx_word' id='word_1_292' title='bbox 1280 3432 1613 3505; x_wconf 90' lang='lat' dir='ltr'><strong>procreandi,</strong></span> <span class='ocrx_word' id='word_1_293' title='bbox 1639 3447 1910 3488; x_wconf 83' lang='lat' dir='ltr'><strong>mereren-</strong></span> 
     </span>
    </p>
   </div>
   <div class='ocr_carea' id='block_1_39' title="bbox 331 3529 1102 3585">
    <p class='ocr_par' dir='ltr' id='par_1_39' title="bbox 331 3529 1102 3585">
     <span class='ocr_line' id='line_1_39' title="bbox 331 3529 1102 3585; baseline -0.005 -1"><span class='ocrx_word' id='word_1_294' title='bbox 331 3541 418 3584; x_wconf 90' lang='lat' dir='ltr'><strong>tur</strong></span> <span class='ocrx_word' id='word_1_295' title='bbox 444 3531 689 3585; x_wconf 86' lang='lat' dir='ltr'><strong>amittere</strong></span> <span class='ocrx_word' id='word_1_296' title='bbox 707 3529 729 3560; x_wconf 81' lang='grc'>³</span> <span class='ocrx_word' id='word_1_297' title='bbox 753 3529 1102 3582; x_wconf 88' lang='lat' dir='ltr'><strong>dominatum.</strong></span> 
     </span>
    </p>
   </div>
   <div class='ocr_carea' id='block_1_40' title="bbox 402 3612 1908 3690">
    <p class='ocr_par' dir='ltr' id='par_1_40' title="bbox 402 3612 1908 3690">
     <span class='ocr_line' id='line_1_40' title="bbox 402 3612 1908 3690; baseline -0.007 -13"><span class='ocrx_word' id='word_1_298' title='bbox 402 3622 492 3677; x_wconf 74' lang='lat'><strong>55.</strong></span> <span class='ocrx_word' id='word_1_299' title='bbox 522 3621 634 3676; x_wconf 89' lang='lat' dir='ltr'><strong>lloc</strong></span> <span class='ocrx_word' id='word_1_300' title='bbox 662 3619 878 3690; x_wconf 88' lang='lat' dir='ltr'><strong>pudoris</strong></span> <span class='ocrx_word' id='word_1_301' title='bbox 897 3633 1085 3690; x_wconf 86' lang='lat' dir='ltr'><strong>genus,</strong></span> <span class='ocrx_word' id='word_1_302' title='bbox 1114 3612 1594 3672; x_wconf 80' lang='lat' dir='ltr'><strong>luecerubescendi</strong></span> <span class='ocrx_word' id='word_1_303' title='bbox 1616 3612 1908 3668; x_wconf 88' lang='lat' dir='ltr'><strong>necessitas</strong></span> 
     </span>
    </p>
   </div>
   <div class='ocr_carea' id='block_1_41' title="bbox 330 3702 1907 3773">
    <p class='ocr_par' dir='ltr' id='par_1_41' title="bbox 330 3702 1907 3773">
     <span class='ocr_line' id='line_1_41' title="bbox 330 3702 1907 3773; baseline -0.008 -6"><span class='ocrx_word' id='word_1_304' title='bbox 330 3723 478 3767; x_wconf 85' lang='lat' dir='ltr'><strong>certe.</strong></span> <span class='ocrx_word' id='word_1_305' title='bbox 501 3727 621 3765; x_wconf 89' lang='lat' dir='ltr'><strong>cum</strong></span> <span class='ocrx_word' id='word_1_306' title='bbox 666 3710 808 3764; x_wconf 91' lang='lat' dir='ltr'><strong>omni</strong></span> <span class='ocrx_word' id='word_1_307' title='bbox 856 3709 1074 3764; x_wconf 85' lang='lat' dir='ltr'><strong>homine</strong></span> <span class='ocrx_word' id='word_1_308' title='bbox 1107 3706 1362 3769; x_wconf 88' lang='lat' dir='ltr'><strong>nascitur,</strong></span> <span class='ocrx_word' id='word_1_309' title='bbox 1395 3714 1450 3760; x_wconf 92' lang='lat' dir='ltr'><strong>et</strong></span> <span class='ocrx_word' id='word_1_310' title='bbox 1490 3704 1619 3773; x_wconf 90' lang='lat' dir='ltr'><strong>ipsis</strong></span> <span class='ocrx_word' id='word_1_311' title='bbox 1646 3702 1907 3773; x_wconf 91' lang='lat' dir='ltr'><strong>quodam-</strong></span> 
     </span>
    </p>
   </div>
   <div class='ocr_carea' id='block_1_42' title="bbox 331 3796 1906 3875">
    <p class='ocr_par' dir='ltr' id='par_1_42' title="bbox 331 3796 1906 3875">
     <span class='ocr_line' id='line_1_42' title="bbox 331 3796 1906 3875; baseline -0.007 -12"><span class='ocrx_word' id='word_1_312' title='bbox 331 3808 492 3863; x_wconf 81' lang='lat' dir='ltr'><strong>inodo</strong></span> <span class='ocrx_word' id='word_1_313' title='bbox 520 3816 721 3861; x_wconf 73' lang='lat' dir='ltr'><strong>natura:</strong></span> <span class='ocrx_word' id='word_1_314' title='bbox 754 3805 962 3875; x_wconf 91' lang='lat' dir='ltr'><strong>legibus</strong></span> <span class='ocrx_word' id='word_1_315' title='bbox 988 3803 1300 3871; x_wconf 85' lang='lat' dir='ltr'><strong>imperatur,</strong></span> <span class='ocrx_word' id='word_1_316' title='bbox 1332 3808 1390 3854; x_wconf 90' lang='lat' dir='ltr'><strong>ut</strong></span> <span class='ocrx_word' id='word_1_317' title='bbox 1433 3798 1487 3853; x_wconf 93' lang='lat' dir='ltr'><strong>in</strong></span> <span class='ocrx_word' id='word_1_318' title='bbox 1514 3796 1615 3852; x_wconf 89' lang='lat' dir='ltr'><strong>hac</strong></span> <span class='ocrx_word' id='word_1_319' title='bbox 1660 3813 1721 3853; x_wconf 89' lang='lat' dir='ltr'><strong>re</strong></span> <span class='ocrx_word' id='word_1_320' title='bbox 1748 3811 1906 3852; x_wconf 88' lang='lat' dir='ltr'><strong>vere-</strong></span> 
     </span>
    </p>
   </div>
   <div class='ocr_carea' id='block_1_43' title="bbox 330 3888 1906 3964">
    <p class='ocr_par' dir='ltr' id='par_1_43' title="bbox 330 3888 1906 3964">
     <span class='ocr_line' id='line_1_43' title="bbox 330 3888 1906 3964; baseline -0.007 -13"><span class='ocrx_word' id='word_1_321' title='bbox 330 3897 632 3951; x_wconf 85' lang='lat' dir='ltr'><strong>cundentur</strong></span> <span class='ocrx_word' id='word_1_322' title='bbox 658 3895 814 3949; x_wconf 90' lang='lat' dir='ltr'><strong>etiam</strong></span> <span class='ocrx_word' id='word_1_323' title='bbox 840 3895 952 3964; x_wconf 90' lang='lat' dir='ltr'><strong>ipsa</strong></span> <span class='ocrx_word' id='word_1_324' title='bbox 977 3891 1167 3964; x_wconf 88' lang='lat' dir='ltr'><strong>pudica</strong></span> <span class='ocrx_word' id='word_1_325' title='bbox 1188 3889 1432 3959; x_wconf 86' lang='lat' dir='ltr'><strong>conjugia</strong></span> <span class='ocrx_word' id='word_1_326' title='bbox 1458 3904 1473 3954; x_wconf 93' lang='lat'><strong>;</strong></span> <span class='ocrx_word' id='word_1_327' title='bbox 1503 3902 1603 3942; x_wconf 91' lang='lat' dir='ltr'><strong>nec</strong></span> <span class='ocrx_word' id='word_1_328' title='bbox 1627 3888 1906 3957; x_wconf 88' lang='lat' dir='ltr'><strong>quisquam</strong></span> 
     </span>
    </p>
   </div>
   <div class='ocr_carea' id='block_1_44' title="bbox 333 3977 1906 4054">
    <p class='ocr_par' dir='ltr' id='par_1_44' title="bbox 333 3977 1906 4054">
     <span class='ocr_line' id='line_1_44' title="bbox 333 3977 1906 4054; baseline -0.006 -14"><span class='ocrx_word' id='word_1_329' title='bbox 333 3997 439 4041; x_wconf 85' lang='lat' dir='ltr'><strong>tant</strong></span> <span class='ocrx_word' id='word_1_330' title='bbox 466 3985 602 4040; x_wconf 84' lang='lat' dir='ltr'><strong>male</strong></span> <span class='ocrx_word' id='word_1_331' title='bbox 617 3984 941 4054; x_wconf 88' lang='lat' dir='ltr'><strong>turpiterque</strong></span> <span class='ocrx_word' id='word_1_332' title='bbox 960 3980 1221 4050; x_wconf 78' lang='lat' dir='ltr'><strong>proﬁciat,</strong></span> <span class='ocrx_word' id='word_1_333' title='bbox 1249 3987 1308 4034; x_wconf 92' lang='lat' dir='ltr'><strong>ut</strong></span> <span class='ocrx_word' id='word_1_334' title='bbox 1323 3978 1445 4048; x_wconf 89' lang='lat' dir='ltr'><strong>quia</strong></span> <span class='ocrx_word' id='word_1_335' title='bbox 1467 3977 1714 4047; x_wconf 78' lang='lat' dir='ltr'><strong>cognovit</strong></span> <span class='ocrx_word' id='word_1_336' title='bbox 1740 3977 1906 4031; x_wconf 89' lang='lat' dir='ltr'><strong>Deum</strong></span> 
     </span>
    </p>
   </div>
   <div class='ocr_carea' id='block_1_45' title="bbox 329 4066 1900 4139">
    <p class='ocr_par' dir='ltr' id='par_1_45' title="bbox 329 4066 1900 4139">
     <span class='ocr_line' id='line_1_45' title="bbox 329 4066 1900 4139; baseline -0.007 -7"><span class='ocrx_word' id='word_1_337' title='bbox 329 4091 450 4131; x_wconf 89' lang='lat' dir='ltr'><strong>esse</strong></span> <span class='ocrx_word' id='word_1_338' title='bbox 469 4073 798 4130; x_wconf 89' lang='lat' dir='ltr'><strong>conditorem</strong></span> <span class='ocrx_word' id='word_1_339' title='bbox 812 4082 1013 4127; x_wconf 78' lang='lat' dir='ltr'><strong>natura:</strong></span> <span class='ocrx_word' id='word_1_340' title='bbox 1025 4079 1404 4139; x_wconf 89' lang='lat' dir='ltr'><strong>auctoremque</strong></span> <span class='ocrx_word' id='word_1_341' title='bbox 1428 4067 1751 4137; x_wconf 91' lang='lat' dir='ltr'><strong>nuptiarum,</strong></span> <span class='ocrx_word' id='word_1_342' title='bbox 1779 4066 1900 4121; x_wconf 88' lang='lat' dir='ltr'><strong>ideo</strong></span> 
     </span>
    </p>
   </div>
   <div class='ocr_carea' id='block_1_46' title="bbox 330 4155 1905 4229">
    <p class='ocr_par' dir='ltr' id='par_1_46' title="bbox 330 4155 1905 4229">
     <span class='ocr_line' id='line_1_46' title="bbox 330 4155 1905 4229; baseline -0.006 -9"><span class='ocrx_word' id='word_1_343' title='bbox 330 4167 490 4221; x_wconf 86' lang='lat' dir='ltr'><strong>etiam</strong></span> <span class='ocrx_word' id='word_1_344' title='bbox 524 4163 823 4218; x_wconf 90' lang='lat' dir='ltr'><strong>miscendus</strong></span> <span class='ocrx_word' id='word_1_345' title='bbox 860 4161 1034 4228; x_wconf 77' lang='lat' dir='ltr'><strong>uxori,</strong></span> <span class='ocrx_word' id='word_1_346' title='bbox 1065 4159 1110 4214; x_wconf 92' lang='lat' dir='ltr'><strong>si</strong></span> <span class='ocrx_word' id='word_1_347' title='bbox 1152 4158 1272 4229; x_wconf 90' lang='lat' dir='ltr'><strong>quis</strong></span> <span class='ocrx_word' id='word_1_348' title='bbox 1319 4171 1441 4212; x_wconf 89' lang='lat' dir='ltr'><strong>eum</strong></span> <span class='ocrx_word' id='word_1_349' title='bbox 1483 4155 1678 4222; x_wconf 90' lang='lat' dir='ltr'><strong>videat,</strong></span> <span class='ocrx_word' id='word_1_350' title='bbox 1702 4170 1805 4209; x_wconf 91' lang='lat' dir='ltr'><strong>non</strong></span> <span class='ocrx_word' id='word_1_351' title='bbox 1836 4155 1905 4210; x_wconf 88' lang='lat' dir='ltr'><strong>de</strong></span> 
     </span>
    </p>
   </div>
   <div class='ocr_carea' id='block_1_47' title="bbox 334 4247 1903 4321">
    <p class='ocr_par' dir='ltr' id='par_1_47' title="bbox 334 4247 1903 4321">
     <span class='ocr_line' id='line_1_47' title="bbox 334 4247 1903 4321; baseline -0.006 -11"><span class='ocrx_word' id='word_1_352' title='bbox 334 4258 416 4310; x_wconf 87' lang='lat' dir='ltr'><strong>his</strong></span> <span class='ocrx_word' id='word_1_353' title='bbox 445 4255 676 4310; x_wconf 87' lang='lat' dir='ltr'><strong>motibus</strong></span> <span class='ocrx_word' id='word_1_354' title='bbox 704 4253 1003 4314; x_wconf 88' lang='lat' dir='ltr'><strong>erubescat,</strong></span> <span class='ocrx_word' id='word_1_355' title='bbox 1035 4257 1344 4321; x_wconf 66' lang='lat' dir='ltr'><strong>quieratque</strong></span> <span class='ocrx_word' id='word_1_356' title='bbox 1366 4255 1654 4314; x_wconf 89' lang='lat' dir='ltr'><strong>secretum,</strong></span> <span class='ocrx_word' id='word_1_357' title='bbox 1683 4247 1772 4301; x_wconf 92' lang='lat' dir='ltr'><strong>ubi</strong></span> <span class='ocrx_word' id='word_1_358' title='bbox 1797 4261 1903 4301; x_wconf 92' lang='lat' dir='ltr'><strong>non</strong></span> 
     </span>
    </p>
   </div>
   <div class='ocr_carea' id='block_1_48' title="bbox 330 4337 1909 4411">
    <p class='ocr_par' dir='ltr' id='par_1_48' title="bbox 330 4337 1909 4411">
     <span class='ocr_line' id='line_1_48' title="bbox 330 4337 1909 4411; baseline -0.008 -8"><span class='ocrx_word' id='word_1_359' title='bbox 330 4350 505 4404; x_wconf 88' lang='lat' dir='ltr'><strong>solum</strong></span> <span class='ocrx_word' id='word_1_360' title='bbox 529 4347 818 4401; x_wconf 87' lang='lat' dir='ltr'><strong>alienorum</strong></span> <span class='ocrx_word' id='word_1_361' title='bbox 835 4387 850 4411; x_wconf 92' lang='lat'><strong>,</strong></span> <span class='ocrx_word' id='word_1_362' title='bbox 882 4359 1065 4397; x_wconf 90' lang='lat' dir='ltr'><strong>verum</strong></span> <span class='ocrx_word' id='word_1_363' title='bbox 1092 4341 1253 4396; x_wconf 90' lang='lat' dir='ltr'><strong>etiam</strong></span> <span class='ocrx_word' id='word_1_364' title='bbox 1275 4353 1490 4394; x_wconf 89' lang='lat' dir='ltr'><strong>suorum</strong></span> <span class='ocrx_word' id='word_1_365' title='bbox 1517 4337 1753 4394; x_wconf 90' lang='lat' dir='ltr'><strong>omnium</strong></span> <span class='ocrx_word' id='word_1_366' title='bbox 1786 4352 1909 4405; x_wconf 91' lang='lat' dir='ltr'><strong>pos-</strong></span> 
     </span>
    </p>
   </div>
   <div class='ocr_carea' id='block_1_49' title="bbox 329 4428 1909 4506">
    <p class='ocr_par' dir='ltr' id='par_1_49' title="bbox 329 4428 1909 4506">
     <span class='ocr_line' id='line_1_49' title="bbox 329 4428 1909 4506; baseline -0.007 -13"><span class='ocrx_word' id='word_1_367' title='bbox 329 4441 400 4493; x_wconf 90' lang='lat' dir='ltr'><strong>sit</strong></span> <span class='ocrx_word' id='word_1_368' title='bbox 422 4439 590 4493; x_wconf 88' lang='lat' dir='ltr'><strong>vitare</strong></span> <span class='ocrx_word' id='word_1_369' title='bbox 616 4444 979 4506; x_wconf 89' lang='lat' dir='ltr'><strong>conspectum.</strong></span> <span class='ocrx_word' id='word_1_370' title='bbox 1008 4434 1188 4503; x_wconf 89' lang='lat' dir='ltr'><strong>Itaque</strong></span> <span class='ocrx_word' id='word_1_371' title='bbox 1219 4445 1311 4485; x_wconf 92' lang='lat' dir='ltr'><strong>sua</strong></span> <span class='ocrx_word' id='word_1_372' title='bbox 1344 4430 1499 4499; x_wconf 90' lang='lat' dir='ltr'><strong>culpa</strong></span> <span class='ocrx_word' id='word_1_373' title='bbox 1528 4428 1628 4483; x_wconf 89' lang='lat' dir='ltr'><strong>sibi</strong></span> <span class='ocrx_word' id='word_1_374' title='bbox 1660 4428 1909 4484; x_wconf 82' lang='lat' dir='ltr'><strong>accidens</strong></span> 
     </span>
    </p>
   </div>
   <div class='ocr_carea' id='block_1_50' title="bbox 331 4521 1909 4593">
    <p class='ocr_par' dir='ltr' id='par_1_50' title="bbox 331 4521 1909 4593">
     <span class='ocr_line' id='line_1_50' title="bbox 331 4521 1909 4593; baseline -0.006 -10"><span class='ocrx_word' id='word_1_375' title='bbox 331 4530 527 4583; x_wconf 86' lang='lat' dir='ltr'><strong>malum</strong></span> <span class='ocrx_word' id='word_1_376' title='bbox 550 4569 564 4593; x_wconf 93' lang='lat'><strong>,</strong></span> <span class='ocrx_word' id='word_1_377' title='bbox 606 4537 791 4581; x_wconf 90' lang='lat' dir='ltr'><strong>natura</strong></span> <span class='ocrx_word' id='word_1_378' title='bbox 828 4526 1055 4578; x_wconf 87' lang='lat' dir='ltr'><strong>humana</strong></span> <span class='ocrx_word' id='word_1_379' title='bbox 1106 4521 1445 4593; x_wconf 82' lang='lat' dir='ltr'><strong>permittatur</strong></span> <span class='ocrx_word' id='word_1_380' title='bbox 1468 4533 1796 4589; x_wconf 85' lang='lat' dir='ltr'><strong>agnoscere;</strong></span> <span class='ocrx_word' id='word_1_381' title='bbox 1840 4534 1909 4574; x_wconf 88' lang='lat' dir='ltr'><strong>ne</strong></span> 
     </span>
    </p>
   </div>
   <div class='ocr_carea' id='block_1_51' title="bbox 331 4605 1909 4688">
    <p class='ocr_par' dir='ltr' id='par_1_51' title="bbox 331 4605 1909 4688">
     <span class='ocr_line' id='line_1_51' title="bbox 331 4605 1909 4688; baseline -0.006 -15"><span class='ocrx_word' id='word_1_382' title='bbox 331 4630 573 4688; x_wconf 76' lang='lat' dir='ltr'><strong>cogatur,</strong></span> <span class='ocrx_word' id='word_1_383' title='bbox 602 4625 693 4671; x_wconf 92' lang='lat' dir='ltr'><strong>aut</strong></span> <span class='ocrx_word' id='word_1_384' title='bbox 718 4616 858 4686; x_wconf 88' lang='lat' dir='ltr'><strong>quod</strong></span> <span class='ocrx_word' id='word_1_385' title='bbox 887 4623 969 4670; x_wconf 89' lang='lat' dir='ltr'><strong>est</strong></span> <span class='ocrx_word' id='word_1_386' title='bbox 999 4605 1515 4683; x_wconf 85' lang='lat' dir='ltr'><strong>itnpudentissimum</strong></span> <span class='ocrx_word' id='word_1_387' title='bbox 1535 4651 1552 4678; x_wconf 95' lang='lat'><strong>,</strong></span> <span class='ocrx_word' id='word_1_388' title='bbox 1579 4609 1647 4664; x_wconf 91' lang='lat' dir='ltr'><strong>de</strong></span> <span class='ocrx_word' id='word_1_389' title='bbox 1689 4609 1771 4663; x_wconf 91' lang='lat' dir='ltr'><strong>his</strong></span> <span class='ocrx_word' id='word_1_390' title='bbox 1798 4610 1909 4665; x_wconf 90' lang='lat' dir='ltr'><strong>suis</strong></span> 
     </span>
    </p>
   </div>
   <div class='ocr_carea' id='block_1_52' title="bbox 332 4701 1906 4772">
    <p class='ocr_par' dir='ltr' id='par_1_52' title="bbox 332 4701 1906 4772">
     <span class='ocr_line' id='line_1_52' title="bbox 332 4701 1906 4772; baseline -0.005 -10"><span class='ocrx_word' id='word_1_391' title='bbox 332 4709 565 4763; x_wconf 86' lang='lat' dir='ltr'><strong>motibus</strong></span> <span class='ocrx_word' id='word_1_392' title='bbox 585 4724 691 4762; x_wconf 93' lang='lat' dir='ltr'><strong>non</strong></span> <span class='ocrx_word' id='word_1_393' title='bbox 717 4706 1052 4768; x_wconf 86' lang='lat' dir='ltr'><strong>erubescere,</strong></span> <span class='ocrx_word' id='word_1_394' title='bbox 1075 4712 1165 4757; x_wconf 91' lang='lat' dir='ltr'><strong>aut</strong></span> <span class='ocrx_word' id='word_1_395' title='bbox 1186 4701 1328 4772; x_wconf 89' lang='lat' dir='ltr'><strong>quod</strong></span> <span class='ocrx_word' id='word_1_396' title='bbox 1355 4711 1436 4756; x_wconf 89' lang='lat' dir='ltr'><strong>est</strong></span> <span class='ocrx_word' id='word_1_397' title='bbox 1456 4701 1868 4771; x_wconf 87' lang='lat' dir='ltr'><strong>ingratissimum</strong></span> <span class='ocrx_word' id='word_1_398' title='bbox 1889 4739 1906 4767; x_wconf 95' lang='lat'><strong>,</strong></span> 
     </span>
    </p>
   </div>
   <div class='ocr_carea' id='block_1_53' title="bbox 333 4773 1943 4865">
    <p class='ocr_par' dir='ltr' id='par_1_53' title="bbox 333 4773 1943 4865">
     <span class='ocr_line' id='line_1_53' title="bbox 333 4773 1943 4865; baseline -0.004 -13"><span class='ocrx_word' id='word_1_399' title='bbox 333 4799 402 4852; x_wconf 84' lang='lat' dir='ltr'><strong>de</strong></span> <span class='ocrx_word' id='word_1_400' title='bbox 450 4799 529 4851; x_wconf 86' lang='lat' dir='ltr'><strong>sui</strong></span> <span class='ocrx_word' id='word_1_401' title='bbox 573 4797 830 4852; x_wconf 89' lang='lat' dir='ltr'><strong>creatoris</strong></span> <span class='ocrx_word' id='word_1_402' title='bbox 884 4794 1135 4865; x_wconf 87' lang='lat' dir='ltr'><strong>operibus</strong></span> <span class='ocrx_word' id='word_1_403' title='bbox 1184 4792 1519 4846; x_wconf 78' lang='lat' dir='ltr'><strong>erubescere.</strong></span> <span class='ocrx_word' id='word_1_404' title='bbox 1567 4790 1684 4859; x_wconf 89' lang='lat' dir='ltr'><strong>Quo</strong></span> <span class='ocrx_word' id='word_1_405' title='bbox 1731 4773 1943 4846; x_wconf 54' lang='lat' dir='ltr'><strong>tamen.</strong></span> 
     </span>
    </p>
   </div>
   <div class='ocr_carea' id='block_1_54' title="bbox 332 4881 1909 4959">
    <p class='ocr_par' dir='ltr' id='par_1_54' title="bbox 332 4881 1909 4959">
     <span class='ocr_line' id='line_1_54' title="bbox 332 4881 1909 4959; baseline -0.006 -14"><span class='ocrx_word' id='word_1_406' title='bbox 332 4891 508 4953; x_wconf 84' lang='lat' dir='ltr'><strong>malo,</strong></span> <span class='ocrx_word' id='word_1_407' title='bbox 560 4897 776 4959; x_wconf 90' lang='lat' dir='ltr'><strong>propter</strong></span> <span class='ocrx_word' id='word_1_408' title='bbox 802 4888 998 4943; x_wconf 91' lang='lat' dir='ltr'><strong>bonum</strong></span> <span class='ocrx_word' id='word_1_409' title='bbox 1043 4882 1402 4955; x_wconf 82' lang='lat' dir='ltr'><strong>generationis</strong></span> <span class='ocrx_word' id='word_1_410' title='bbox 1447 4881 1677 4936; x_wconf 79' lang='lat' dir='ltr'><strong>filiorum</strong></span> <span class='ocrx_word' id='word_1_411' title='bbox 1703 4922 1718 4947; x_wconf 94' lang='lat'><strong>,</strong></span> <span class='ocrx_word' id='word_1_412' title='bbox 1772 4881 1909 4937; x_wconf 88' lang='lat' dir='ltr'><strong>bene</strong></span> 
     </span>
    </p>
   </div>
   <div class='ocr_carea' id='block_1_55' title="bbox 333 4971 1915 5050">
    <p class='ocr_par' dir='ltr' id='par_1_55' title="bbox 333 4971 1915 5050">
     <span class='ocr_line' id='line_1_55' title="bbox 333 4971 1915 5050; baseline -0.006 -15"><span class='ocrx_word' id='word_1_413' title='bbox 333 4990 556 5035; x_wconf 89' lang='lat' dir='ltr'><strong>utuntur</strong></span> <span class='ocrx_word' id='word_1_414' title='bbox 608 4980 795 5050; x_wconf 92' lang='lat' dir='ltr'><strong>pudica</strong></span> <span class='ocrx_word' id='word_1_415' title='bbox 845 4977 1111 5046; x_wconf 87' lang='lat' dir='ltr'><strong>conjugia.</strong></span> <span class='ocrx_word' id='word_1_416' title='bbox 1140 4972 1319 5030; x_wconf 87' lang='lat' dir='ltr'><strong>Solius</strong></span> <span class='ocrx_word' id='word_1_417' title='bbox 1358 4980 1537 5027; x_wconf 91' lang='lat' dir='ltr'><strong>autem</strong></span> <span class='ocrx_word' id='word_1_418' title='bbox 1566 4971 1796 5026; x_wconf 87' lang='lat' dir='ltr'><strong>carnalis</strong></span> <span class='ocrx_word' id='word_1_419' title='bbox 1818 4986 1915 5025; x_wconf 85' lang='lat' dir='ltr'><strong>vo-</strong></span> 
     </span>
    </p>
   </div>
   <div class='ocr_carea' id='block_1_56' title="bbox 334 5063 1911 5141">
    <p class='ocr_par' dir='ltr' id='par_1_56' title="bbox 334 5063 1911 5141">
     <span class='ocr_line' id='line_1_56' title="bbox 334 5063 1911 5141; baseline -0.006 -15"><span class='ocrx_word' id='word_1_420' title='bbox 334 5072 550 5141; x_wconf 82' lang='lat' dir='ltr'><strong>luptatis</strong></span> <span class='ocrx_word' id='word_1_421' title='bbox 598 5084 757 5123; x_wconf 87' lang='lat' dir='ltr'><strong>causa</strong></span> <span class='ocrx_word' id='word_1_422' title='bbox 813 5067 1014 5121; x_wconf 89' lang='lat' dir='ltr'><strong>libidini</strong></span> <span class='ocrx_word' id='word_1_423' title='bbox 1070 5063 1409 5128; x_wconf 89' lang='lat' dir='ltr'><strong>consentire,</strong></span> <span class='ocrx_word' id='word_1_424' title='bbox 1474 5071 1746 5132; x_wconf 88' lang='lat' dir='ltr'><strong>peccatum</strong></span> <span class='ocrx_word' id='word_1_425' title='bbox 1796 5072 1911 5128; x_wconf 91' lang='lat' dir='ltr'><strong>est;</strong></span> 
     </span>
    </p>
   </div>
   <div class='ocr_carea' id='block_1_57' title="bbox 333 5152 1838 5231">
    <p class='ocr_par' dir='ltr' id='par_1_57' title="bbox 333 5152 1838 5231">
     <span class='ocr_line' id='line_1_57' title="bbox 333 5152 1838 5231; baseline -0.005 -17"><span class='ocrx_word' id='word_1_426' title='bbox 333 5161 580 5231; x_wconf 82' lang='lat' dir='ltr'><strong>quamvis</strong></span> <span class='ocrx_word' id='word_1_427' title='bbox 604 5158 900 5229; x_wconf 86' lang='lat' dir='ltr'><strong>conjugatis</strong></span> <span class='ocrx_word' id='word_1_428' title='bbox 926 5156 1218 5219; x_wconf 85' lang='lat' dir='ltr'><strong>secundum</strong></span> <span class='ocrx_word' id='word_1_429' title='bbox 1259 5154 1467 5209; x_wconf 84' lang='lat' dir='ltr'><strong>veniam</strong></span> <span class='ocrx_word' id='word_1_430' title='bbox 1496 5152 1838 5208; x_wconf 87' lang='lat' dir='ltr'><strong>concedatur.</strong></span> 
     </span>
    </p>
   </div>
   <div class='ocr_carea' id='block_1_58' title="bbox 400 5244 1912 5312">
    <p class='ocr_par' dir='ltr' id='par_1_58' title="bbox 400 5244 1912 5312">
     <span class='ocr_line' id='line_1_58' title="bbox 400 5244 1912 5312; baseline -0.006 -6"><span class='ocrx_word' id='word_1_431' title='bbox 400 5249 628 5306; x_wconf 69' lang='lat' dir='ltr'><strong>CAPUT</strong></span> <span class='ocrx_word' id='word_1_432' title='bbox 672 5248 834 5303; x_wconf 73' lang='lat' dir='ltr'><strong>XVII.</strong></span> <span class='ocrx_word' id='word_1_433' title='bbox 878 5276 950 5288; x_wconf 90' lang='lat'><strong>—</strong></span> <span class='ocrx_word' id='word_1_434' title='bbox 994 5247 1082 5301; x_wconf 67' lang='grc'><strong>54.</strong></span> <span class='ocrx_word' id='word_1_435' title='bbox 1130 5247 1206 5300; x_wconf 82' lang='lat' dir='ltr'><strong>An</strong></span> <span class='ocrx_word' id='word_1_436' title='bbox 1245 5244 1401 5299; x_wconf 83' lang='lat' dir='ltr'><strong>libido</strong></span> <span class='ocrx_word' id='word_1_437' title='bbox 1430 5252 1545 5297; x_wconf 83' lang='lat' dir='ltr'><strong>ante</strong></span> <span class='ocrx_word' id='word_1_438' title='bbox 1573 5252 1829 5312; x_wconf 85' lang='lat' dir='ltr'><strong>peccatum</strong></span> <span class='ocrx_word' id='word_1_439' title='bbox 1857 5244 1912 5297; x_wconf 85' lang='lat' dir='ltr'><strong>in</strong></span> 
     </span>
    </p>
   </div>
   <div class='ocr_carea' id='block_1_59' title="bbox 334 5332 1912 5407">
    <p class='ocr_par' dir='ltr' id='par_1_59' title="bbox 334 5332 1912 5407">
     <span class='ocr_line' id='line_1_59' title="bbox 334 5332 1912 5407; baseline -0.005 -13"><span class='ocrx_word' id='word_1_440' title='bbox 334 5342 574 5406; x_wconf 74' lang='lat' dir='ltr'><strong>paradiso</strong></span> <span class='ocrx_word' id='word_1_441' title='bbox 603 5355 709 5392; x_wconf 82' lang='lat' dir='ltr'><strong>esse</strong></span> <span class='ocrx_word' id='word_1_442' title='bbox 729 5338 961 5407; x_wconf 79' lang='lat' dir='ltr'><strong>poluerit.</strong></span> <span class='ocrx_word' id='word_1_443' title='bbox 988 5335 1093 5392; x_wconf 85' lang='lat' dir='ltr'><strong>Sed</strong></span> <span class='ocrx_word' id='word_1_444' title='bbox 1119 5334 1422 5391; x_wconf 86' lang='lat' dir='ltr'><strong>constituite</strong></span> <span class='ocrx_word' id='word_1_445' title='bbox 1441 5373 1457 5397; x_wconf 92' lang='lat'><strong>,</strong></span> <span class='ocrx_word' id='word_1_446' title='bbox 1486 5332 1772 5402; x_wconf 84' lang='lat' dir='ltr'><strong>Pelagiani,</strong></span> <span class='ocrx_word' id='word_1_447' title='bbox 1796 5347 1912 5387; x_wconf 85' lang='lat' dir='ltr'><strong>ser-</strong></span> 
     </span>
    </p>
   </div>
   <div class='ocr_carea' id='block_1_60' title="bbox 335 5424 1914 5495">
    <p class='ocr_par' dir='ltr' id='par_1_60' title="bbox 335 5424 1914 5495">
     <span class='ocr_line' id='line_1_60' title="bbox 335 5424 1914 5495; baseline -0.004 -11"><span class='ocrx_word' id='word_1_448' title='bbox 335 5443 452 5488; x_wconf 69' lang='lat' dir='ltr'><strong>vata</strong></span> <span class='ocrx_word' id='word_1_449' title='bbox 500 5432 776 5485; x_wconf 61' lang='lat' dir='ltr'><strong>honestate</strong></span> <span class='ocrx_word' id='word_1_450' title='bbox 818 5445 881 5484; x_wconf 90' lang='lat' dir='ltr'><strong>ac</strong></span> <span class='ocrx_word' id='word_1_451' title='bbox 930 5427 1250 5483; x_wconf 85' lang='lat' dir='ltr'><strong>fecunditate</strong></span> <span class='ocrx_word' id='word_1_452' title='bbox 1291 5426 1590 5495; x_wconf 86' lang='lat' dir='ltr'><strong>nuptiarum</strong></span> <span class='ocrx_word' id='word_1_453' title='bbox 1666 5424 1710 5479; x_wconf 89' lang='lat' dir='ltr'><strong>si</strong></span> <span class='ocrx_word' id='word_1_454' title='bbox 1755 5441 1914 5479; x_wconf 84' lang='lat' dir='ltr'><strong>nemo</strong></span> 
     </span>
    </p>
   </div>
   <div class='ocr_carea' id='block_1_61' title="bbox 394 5621 1389 5688">
    <p class='ocr_par' dir='ltr' id='par_1_61' title="bbox 394 5621 1389 5688">
     <span class='ocr_line' id='line_1_61' title="bbox 394 5621 1389 5688; baseline -0.005 -14"><span class='ocrx_word' id='word_1_455' title='bbox 394 5626 410 5658; x_wconf 80' lang='grc'>¹</span> <span class='ocrx_word' id='word_1_456' title='bbox 458 5623 580 5688; x_wconf 73' lang='lat' dir='ltr'><strong>tpuvl</strong></span> <span class='ocrx_word' id='word_1_457' title='bbox 599 5631 729 5688; x_wconf 52' lang='lat' dir='ltr'><strong>tot,</strong></span> <span class='ocrx_word' id='word_1_458' title='bbox 750 5622 915 5688; x_wconf 68' lang='lat' dir='ltr'><strong>&#39;iodie,</strong></span> <span class='ocrx_word' id='word_1_459' title='bbox 930 5621 1014 5686; x_wconf 79' lang='lat' dir='ltr'><strong>qui</strong></span> <span class='ocrx_word' id='word_1_460' title='bbox 1026 5636 1043 5685; x_wconf 90' lang='lat'><strong>;</strong></span> <span class='ocrx_word' id='word_1_461' title='bbox 1064 5622 1258 5680; x_wconf 88' lang='lat' dir='ltr'><strong>omisso,</strong></span> <span class='ocrx_word' id='word_1_462' title='bbox 1283 5633 1389 5683; x_wconf 83' lang='lat' dir='ltr'><strong>que.</strong></span> 
     </span>
    </p>
   </div>
   <div class='ocr_carea' id='block_1_62' title="bbox 393 5683 1001 5740">
    <p class='ocr_par' dir='ltr' id='par_1_62' title="bbox 393 5683 1001 5740">
     <span class='ocr_line' id='line_1_62' title="bbox 393 5683 1001 5740; baseline 0 -8"><span class='ocrx_word' id='word_1_463' title='bbox 393 5689 413 5717; x_wconf 82' lang='grc'><strong><em>²</em></strong></span> <span class='ocrx_word' id='word_1_464' title='bbox 450 5683 606 5740; x_wconf 68' lang='lat' dir='ltr'><strong>Forte.</strong></span> <span class='ocrx_word' id='word_1_465' title='bbox 632 5683 681 5733; x_wconf 80' lang='lat' dir='ltr'><strong>in</strong></span> <span class='ocrx_word' id='word_1_466' title='bbox 700 5698 758 5734; x_wconf 89' lang='lat' dir='ltr'><strong>ea</strong></span> <span class='ocrx_word' id='word_1_467' title='bbox 776 5683 1001 5735; x_wconf 70' lang='lat' dir='ltr'><strong>membra.</strong></span> 
     </span>
    </p>
   </div>
   <div class='ocr_carea' id='block_1_63' title="bbox 397 5745 1379 5809">
    <p class='ocr_par' dir='ltr' id='par_1_63' title="bbox 397 5745 1379 5809">
     <span class='ocr_line' id='line_1_63' title="bbox 397 5745 1379 5809; baseline -0.003 -14"><span class='ocrx_word' id='word_1_468' title='bbox 397 5750 415 5780; x_wconf 81' lang='grc'>³</span> <span class='ocrx_word' id='word_1_469' title='bbox 452 5746 588 5802; x_wconf 73' lang='lat' dir='ltr'><strong>miti.</strong></span> <span class='ocrx_word' id='word_1_470' title='bbox 609 5745 843 5808; x_wconf 80' lang='lat' dir='ltr'><strong>accipere.</strong></span> <span class='ocrx_word' id='word_1_471' title='bbox 867 5748 1162 5809; x_wconf 57' lang='lat' dir='ltr'><strong>castigantur</strong></span> <span class='ocrx_word' id='word_1_472' title='bbox 1187 5758 1248 5793; x_wconf 81' lang='lat' dir='ltr'><strong>ex</strong></span> <span class='ocrx_word' id='word_1_473' title='bbox 1273 5749 1379 5792; x_wconf 74' lang='lat' dir='ltr'><strong>Mss.</strong></span> 
     </span>
    </p>
   </div>
   <div class='ocr_carea' id='block_1_64' title="bbox 2001 640 3575 718">
    <p class='ocr_par' dir='ltr' id='par_1_64' title="bbox 2001 640 3575 718">
     <span class='ocr_line' id='line_1_64' title="bbox 2001 640 3575 718; baseline 0.006 -24"><span class='ocrx_word' id='word_1_474' title='bbox 2001 640 2198 711; x_wconf 85' lang='lat' dir='ltr'><strong>eligite.</strong></span> <span class='ocrx_word' id='word_1_475' title='bbox 2225 643 2418 699; x_wconf 86' lang='lat' dir='ltr'><strong>Procul</strong></span> <span class='ocrx_word' id='word_1_476' title='bbox 2446 644 2606 700; x_wconf 92' lang='lat' dir='ltr'><strong>dubio</strong></span> <span class='ocrx_word' id='word_1_477' title='bbox 2631 647 2796 715; x_wconf 89' lang='lat' dir='ltr'><strong>enim,</strong></span> <span class='ocrx_word' id='word_1_478' title='bbox 2823 655 2913 701; x_wconf 91' lang='lat' dir='ltr'><strong>aut</strong></span> <span class='ocrx_word' id='word_1_479' title='bbox 2936 646 3369 718; x_wconf 86' lang='lat' dir='ltr'><strong>quotiescumque</strong></span> <span class='ocrx_word' id='word_1_480' title='bbox 3389 647 3575 703; x_wconf 85' lang='lat' dir='ltr'><strong>libuis-</strong></span> 
     </span>
    </p>
   </div>
   <div class='ocr_carea' id='block_1_65' title="bbox 2001 733 3575 805">
    <p class='ocr_par' dir='ltr' id='par_1_65' title="bbox 2001 733 3575 805">
     <span class='ocr_line' id='line_1_65' title="bbox 2001 733 3575 805; baseline 0.006 -21"><span class='ocrx_word' id='word_1_481' title='bbox 2001 738 2121 798; x_wconf 86' lang='lat' dir='ltr'><strong>set,</strong></span> <span class='ocrx_word' id='word_1_482' title='bbox 2168 733 2324 787; x_wconf 90' lang='lat' dir='ltr'><strong>toties</strong></span> <span class='ocrx_word' id='word_1_483' title='bbox 2360 735 2807 800; x_wconf 88' lang='lat' dir='ltr'><strong>concubuisscnt;</strong></span> <span class='ocrx_word' id='word_1_484' title='bbox 2852 745 2943 791; x_wconf 92' lang='lat' dir='ltr'><strong>aut</strong></span> <span class='ocrx_word' id='word_1_485' title='bbox 2976 734 3246 791; x_wconf 78' lang='lat' dir='ltr'><strong>frenarent</strong></span> <span class='ocrx_word' id='word_1_486' title='bbox 3271 737 3575 805; x_wconf 87' lang='lat' dir='ltr'><strong>libidinem,</strong></span> 
     </span>
    </p>
   </div>
   <div class='ocr_carea' id='block_1_66' title="bbox 2001 820 3578 890">
    <p class='ocr_par' dir='ltr' id='par_1_66' title="bbox 2001 820 3578 890">
     <span class='ocr_line' id='line_1_66' title="bbox 2001 820 3578 890; baseline 0.004 -17"><span class='ocrx_word' id='word_1_487' title='bbox 2001 820 2216 890; x_wconf 90' lang='lat' dir='ltr'><strong>quando</strong></span> <span class='ocrx_word' id='word_1_488' title='bbox 2243 824 2556 879; x_wconf 85' lang='lat' dir='ltr'><strong>concubitus</strong></span> <span class='ocrx_word' id='word_1_489' title='bbox 2583 826 2919 881; x_wconf 88' lang='lat' dir='ltr'><strong>necessarius</strong></span> <span class='ocrx_word' id='word_1_490' title='bbox 2944 840 3048 880; x_wconf 93' lang='lat' dir='ltr'><strong>non</strong></span> <span class='ocrx_word' id='word_1_491' title='bbox 3077 824 3303 881; x_wconf 88' lang='lat' dir='ltr'><strong>fuisset:</strong></span> <span class='ocrx_word' id='word_1_492' title='bbox 3332 837 3422 880; x_wconf 91' lang='lat' dir='ltr'><strong>aut</strong></span> <span class='ocrx_word' id='word_1_493' title='bbox 3451 837 3578 881; x_wconf 89' lang='lat' dir='ltr'><strong>tunc</strong></span> 
     </span>
    </p>
   </div>
   <div class='ocr_carea' id='block_1_67' title="bbox 2000 910 3581 987">
    <p class='ocr_par' dir='ltr' id='par_1_67' title="bbox 2000 910 3581 987">
     <span class='ocr_line' id='line_1_67' title="bbox 2000 910 3581 987; baseline 0.006 -23"><span class='ocrx_word' id='word_1_494' title='bbox 2000 910 2068 965; x_wconf 87' lang='lat' dir='ltr'><strong>ad</strong></span> <span class='ocrx_word' id='word_1_495' title='bbox 2106 920 2294 966; x_wconf 91' lang='lat' dir='ltr'><strong>nutum</strong></span> <span class='ocrx_word' id='word_1_496' title='bbox 2316 914 2602 969; x_wconf 89' lang='lat' dir='ltr'><strong>voluntatis</strong></span> <span class='ocrx_word' id='word_1_497' title='bbox 2629 916 3160 986; x_wconf 88' lang='lat' dir='ltr'><strong>libido-consurgeret</strong></span> <span class='ocrx_word' id='word_1_498' title='bbox 3177 957 3192 982; x_wconf 92' lang='lat'><strong>,</strong></span> <span class='ocrx_word' id='word_1_499' title='bbox 3222 917 3434 987; x_wconf 91' lang='lat' dir='ltr'><strong>quando</strong></span> <span class='ocrx_word' id='word_1_500' title='bbox 3461 933 3581 974; x_wconf 84' lang='lat' dir='ltr'><strong>esse</strong></span> 
     </span>
    </p>
   </div>
   <div class='ocr_carea' id='block_1_68' title="bbox 2000 1002 3577 1078">
    <p class='ocr_par' dir='ltr' id='par_1_68' title="bbox 2000 1002 3577 1078">
     <span class='ocr_line' id='line_1_68' title="bbox 2000 1002 3577 1078; baseline 0.008 -24"><span class='ocrx_word' id='word_1_501' title='bbox 2000 1002 2336 1057; x_wconf 90' lang='lat' dir='ltr'><strong>concubitum</strong></span> <span class='ocrx_word' id='word_1_502' title='bbox 2367 1006 2724 1061; x_wconf 87' lang='lat' dir='ltr'><strong>necessarium</strong></span> <span class='ocrx_word' id='word_1_503' title='bbox 2747 1014 2893 1063; x_wconf 88' lang='lat' dir='ltr'><strong>casta</strong></span> <span class='ocrx_word' id='word_1_504' title='bbox 2917 1007 3193 1077; x_wconf 89' lang='lat' dir='ltr'><strong>prudentia</strong></span> <span class='ocrx_word' id='word_1_505' title='bbox 3219 1009 3577 1078; x_wconf 53' lang='lat' dir='ltr'><strong>Lpraesensis-</strong></span> 
     </span>
    </p>
   </div>
   <div class='ocr_carea' id='block_1_69' title="bbox 2000 1093 3583 1166">
    <p class='ocr_par' dir='ltr' id='par_1_69' title="bbox 2000 1093 3583 1166">
     <span class='ocr_line' id='line_1_69' title="bbox 2000 1093 3583 1166; baseline 0.009 -23"><span class='ocrx_word' id='word_1_506' title='bbox 2000 1098 2084 1144; x_wconf 88' lang='lat' dir='ltr'><strong>set</strong></span> <span class='ocrx_word' id='word_1_507' title='bbox 2110 1106 2128 1156; x_wconf 89' lang='lat'><strong>;</strong></span> <span class='ocrx_word' id='word_1_508' title='bbox 2170 1100 2262 1145; x_wconf 87' lang='lat' dir='ltr'><strong>aut</strong></span> <span class='ocrx_word' id='word_1_509' title='bbox 2302 1093 2448 1147; x_wconf 83' lang='lat' dir='ltr'><strong>nulla</strong></span> <span class='ocrx_word' id='word_1_510' title='bbox 2474 1095 2545 1149; x_wconf 85' lang='lat' dir='ltr'><strong>ibi</strong></span> <span class='ocrx_word' id='word_1_511' title='bbox 2574 1096 2790 1150; x_wconf 87' lang='lat' dir='ltr'><strong>omnino</strong></span> <span class='ocrx_word' id='word_1_512' title='bbox 2818 1097 3077 1152; x_wconf 79' lang='lat' dir='ltr'><strong>existente</strong></span> <span class='ocrx_word' id='word_1_513' title='bbox 3105 1096 3321 1154; x_wconf 89' lang='lat' dir='ltr'><strong>libidine</strong></span> <span class='ocrx_word' id='word_1_514' title='bbox 3344 1139 3361 1166; x_wconf 93' lang='lat'><strong>,</strong></span> <span class='ocrx_word' id='word_1_515' title='bbox 3392 1110 3448 1154; x_wconf 92' lang='lat' dir='ltr'><strong>ut</strong></span> <span class='ocrx_word' id='word_1_516' title='bbox 3476 1116 3583 1157; x_wconf 74' lang='lat' dir='ltr'><strong>ca:-</strong></span> 
     </span>
    </p>
   </div>
   <div class='ocr_carea' id='block_1_70' title="bbox 2003 1181 3579 1258">
    <p class='ocr_par' dir='ltr' id='par_1_70' title="bbox 2003 1181 3579 1258">
     <span class='ocr_line' id='line_1_70' title="bbox 2003 1181 3579 1258; baseline 0.008 -27"><span class='ocrx_word' id='word_1_517' title='bbox 2003 1186 2113 1233; x_wconf 90' lang='lat' dir='ltr'><strong>tera</strong></span> <span class='ocrx_word' id='word_1_518' title='bbox 2148 1181 2385 1236; x_wconf 90' lang='lat' dir='ltr'><strong>membra</strong></span> <span class='ocrx_word' id='word_1_519' title='bbox 2412 1198 2634 1253; x_wconf 69' lang='lat' dir='ltr'><strong>qumque</strong></span> <span class='ocrx_word' id='word_1_520' title='bbox 2659 1184 2725 1239; x_wconf 89' lang='lat' dir='ltr'><strong>ad</strong></span> <span class='ocrx_word' id='word_1_521' title='bbox 2749 1199 2908 1254; x_wconf 89' lang='lat' dir='ltr'><strong>opera</strong></span> <span class='ocrx_word' id='word_1_522' title='bbox 2939 1200 3033 1240; x_wconf 89' lang='lat' dir='ltr'><strong>sua</strong></span> <span class='ocrx_word' id='word_1_523' title='bbox 3052 1225 3068 1250; x_wconf 93' lang='lat'><strong>,</strong></span> <span class='ocrx_word' id='word_1_524' title='bbox 3099 1186 3176 1240; x_wconf 91' lang='lat' dir='ltr'><strong>sic</strong></span> <span class='ocrx_word' id='word_1_525' title='bbox 3200 1186 3267 1241; x_wconf 85' lang='lat' dir='ltr'><strong>ad</strong></span> <span class='ocrx_word' id='word_1_526' title='bbox 3297 1203 3430 1256; x_wconf 89' lang='lat' dir='ltr'><strong>opus</strong></span> <span class='ocrx_word' id='word_1_527' title='bbox 3456 1205 3579 1258; x_wconf 90' lang='lat' dir='ltr'><strong>pro-</strong></span> 
     </span>
    </p>
   </div>
   <div class='ocr_carea' id='block_1_71' title="bbox 2002 1267 3582 1343">
    <p class='ocr_par' dir='ltr' id='par_1_71' title="bbox 2002 1267 3582 1343">
     <span class='ocr_line' id='line_1_71' title="bbox 2002 1267 3582 1343; baseline 0.008 -24"><span class='ocrx_word' id='word_1_528' title='bbox 2002 1267 2175 1335; x_wconf 90' lang='lat' dir='ltr'><strong>prium</strong></span> <span class='ocrx_word' id='word_1_529' title='bbox 2216 1271 2373 1324; x_wconf 91' lang='lat' dir='ltr'><strong>etiam</strong></span> <span class='ocrx_word' id='word_1_530' title='bbox 2405 1273 2649 1341; x_wconf 81' lang='lat' dir='ltr'><strong>genitalia</strong></span> <span class='ocrx_word' id='word_1_531' title='bbox 2673 1273 2838 1343; x_wconf 88' lang='lat' dir='ltr'><strong>jussis</strong></span> <span class='ocrx_word' id='word_1_532' title='bbox 2864 1274 3148 1329; x_wconf 90' lang='lat' dir='ltr'><strong>volentium</strong></span> <span class='ocrx_word' id='word_1_533' title='bbox 3175 1275 3290 1329; x_wconf 89' lang='lat' dir='ltr'><strong>sine</strong></span> <span class='ocrx_word' id='word_1_534' title='bbox 3315 1278 3418 1330; x_wconf 89' lang='lat' dir='ltr'><strong>ulla</strong></span> <span class='ocrx_word' id='word_1_535' title='bbox 3444 1277 3582 1332; x_wconf 79' lang='lat' dir='ltr'><strong>diffi-</strong></span> 
     </span>
    </p>
   </div>
   <div class='ocr_carea' id='block_1_72' title="bbox 2003 1356 3579 1437">
    <p class='ocr_par' dir='ltr' id='par_1_72' title="bbox 2003 1356 3579 1437">
     <span class='ocr_line' id='line_1_72' title="bbox 2003 1356 3579 1437; baseline 0.007 -28"><span class='ocrx_word' id='word_1_536' title='bbox 2003 1356 2200 1412; x_wconf 90' lang='lat' dir='ltr'><strong>cultate</strong></span> <span class='ocrx_word' id='word_1_537' title='bbox 2225 1360 2534 1415; x_wconf 86' lang='lat' dir='ltr'><strong>servissent.</strong></span> <span class='ocrx_word' id='word_1_538' title='bbox 2564 1362 2764 1417; x_wconf 90' lang='lat' dir='ltr'><strong>IIorum</strong></span> <span class='ocrx_word' id='word_1_539' title='bbox 2788 1372 3014 1433; x_wconf 88' lang='lat' dir='ltr'><strong>quatuor</strong></span> <span class='ocrx_word' id='word_1_540' title='bbox 3032 1364 3172 1434; x_wconf 92' lang='lat' dir='ltr'><strong>quod</strong></span> <span class='ocrx_word' id='word_1_541' title='bbox 3201 1365 3359 1419; x_wconf 82' lang='lat' dir='ltr'><strong>vultis</strong></span> <span class='ocrx_word' id='word_1_542' title='bbox 3384 1366 3579 1437; x_wconf 88' lang='lat' dir='ltr'><strong>eligite.</strong></span> 
     </span>
    </p>
   </div>
   <div class='ocr_carea' id='block_1_73' title="bbox 2004 1443 3584 1520">
    <p class='ocr_par' dir='ltr' id='par_1_73' title="bbox 2004 1443 3584 1520">
     <span class='ocr_line' id='line_1_73' title="bbox 2004 1443 3584 1520; baseline 0.006 -21"><span class='ocrx_word' id='word_1_543' title='bbox 2004 1443 2108 1500; x_wconf 90' lang='lat' dir='ltr'><strong>Sed</strong></span> <span class='ocrx_word' id='word_1_544' title='bbox 2141 1455 2267 1515; x_wconf 90' lang='lat' dir='ltr'><strong>puto</strong></span> <span class='ocrx_word' id='word_1_545' title='bbox 2291 1449 2430 1518; x_wconf 89' lang='lat' dir='ltr'><strong>quod</strong></span> <span class='ocrx_word' id='word_1_546' title='bbox 2453 1450 2558 1504; x_wconf 92' lang='lat' dir='ltr'><strong>duo</strong></span> <span class='ocrx_word' id='word_1_547' title='bbox 2578 1451 2751 1519; x_wconf 87' lang='lat' dir='ltr'><strong>priora</strong></span> <span class='ocrx_word' id='word_1_548' title='bbox 2778 1453 3041 1520; x_wconf 82' lang='lat' dir='ltr'><strong>rcSpuctis</strong></span> <span class='ocrx_word' id='word_1_549' title='bbox 3058 1493 3073 1518; x_wconf 90' lang='lat'><strong>,</strong></span> <span class='ocrx_word' id='word_1_550' title='bbox 3102 1452 3189 1506; x_wconf 92' lang='lat' dir='ltr'><strong>ubi</strong></span> <span class='ocrx_word' id='word_1_551' title='bbox 3212 1454 3233 1485; x_wconf 78' lang='grc'>³</span> <span class='ocrx_word' id='word_1_552' title='bbox 3258 1453 3584 1509; x_wconf 87' lang='lat' dir='ltr'><strong>libidini-aut</strong></span> 
     </span>
    </p>
   </div>
   <div class='ocr_carea' id='block_1_74' title="bbox 2003 1537 3582 1613">
    <p class='ocr_par' dir='ltr' id='par_1_74' title="bbox 2003 1537 3582 1613">
     <span class='ocr_line' id='line_1_74' title="bbox 2003 1537 3582 1613; baseline 0.008 -24"><span class='ocrx_word' id='word_1_553' title='bbox 2003 1537 2234 1590; x_wconf 83' lang='lat' dir='ltr'><strong>servitur</strong></span> <span class='ocrx_word' id='word_1_554' title='bbox 2254 1579 2270 1604; x_wconf 91' lang='lat'><strong>,</strong></span> <span class='ocrx_word' id='word_1_555' title='bbox 2311 1547 2402 1592; x_wconf 88' lang='lat' dir='ltr'><strong>aut</strong></span> <span class='ocrx_word' id='word_1_556' title='bbox 2430 1548 2770 1609; x_wconf 84' lang='lat' dir='ltr'><strong>repugnatur.</strong></span> <span class='ocrx_word' id='word_1_557' title='bbox 2801 1540 3039 1610; x_wconf 84' lang='lat' dir='ltr'><strong>Namque</strong></span> <span class='ocrx_word' id='word_1_558' title='bbox 3068 1543 3195 1597; x_wconf 86' lang='lat' dir='ltr'><strong>illud</strong></span> <span class='ocrx_word' id='word_1_559' title='bbox 3223 1545 3447 1613; x_wconf 86' lang='lat' dir='ltr'><strong>primum</strong></span> <span class='ocrx_word' id='word_1_560' title='bbox 3478 1555 3582 1601; x_wconf 89' lang='lat' dir='ltr'><strong>tam</strong></span> 
     </span>
    </p>
   </div>
   <div class='ocr_carea' id='block_1_75' title="bbox 2005 1627 3581 1707">
    <p class='ocr_par' dir='ltr' id='par_1_75' title="bbox 2005 1627 3581 1707">
     <span class='ocr_line' id='line_1_75' title="bbox 2005 1627 3581 1707; baseline 0.007 -28"><span class='ocrx_word' id='word_1_561' title='bbox 2005 1627 2257 1694; x_wconf 78' lang='lat' dir='ltr'><strong>pra-clara</strong></span> <span class='ocrx_word' id='word_1_562' title='bbox 2295 1628 2585 1696; x_wconf 86' lang='lat' dir='ltr'><strong>honestas;</strong></span> <span class='ocrx_word' id='word_1_563' title='bbox 2613 1631 2715 1687; x_wconf 92' lang='lat' dir='ltr'><strong>hoc</strong></span> <span class='ocrx_word' id='word_1_564' title='bbox 2741 1639 2916 1687; x_wconf 90' lang='lat' dir='ltr'><strong>autem</strong></span> <span class='ocrx_word' id='word_1_565' title='bbox 2945 1633 3232 1688; x_wconf 87' lang='lat' dir='ltr'><strong>secundum</strong></span> <span class='ocrx_word' id='word_1_566' title='bbox 3262 1644 3365 1689; x_wconf 90' lang='lat' dir='ltr'><strong>tam</strong></span> <span class='ocrx_word' id='word_1_567' title='bbox 3393 1652 3581 1707; x_wconf 88' lang='lat' dir='ltr'><strong>magna</strong></span> 
     </span>
    </p>
   </div>
   <div class='ocr_carea' id='block_1_76' title="bbox 2005 1715 3582 1782">
    <p class='ocr_par' dir='ltr' id='par_1_76' title="bbox 2005 1715 3582 1782">
     <span class='ocr_line' id='line_1_76' title="bbox 2005 1715 3582 1782; baseline 0.009 -14"><span class='ocrx_word' id='word_1_568' title='bbox 2005 1715 2229 1773; x_wconf 82' lang='lat' dir='ltr'><strong>felicitas</strong></span> <span class='ocrx_word' id='word_1_569' title='bbox 2271 1733 2376 1775; x_wconf 92' lang='lat' dir='ltr'><strong>non</strong></span> <span class='ocrx_word' id='word_1_570' title='bbox 2406 1721 2536 1775; x_wconf 88' lang='lat' dir='ltr'><strong>vult.</strong></span> <span class='ocrx_word' id='word_1_571' title='bbox 2579 1722 2732 1777; x_wconf 82' lang='lat' dir='ltr'><strong>Absit</strong></span> <span class='ocrx_word' id='word_1_572' title='bbox 2758 1723 2900 1779; x_wconf 91' lang='lat' dir='ltr'><strong>enim</strong></span> <span class='ocrx_word' id='word_1_573' title='bbox 2927 1733 3165 1779; x_wconf 65' lang='lat' dir='ltr'><strong>uttantre</strong></span> <span class='ocrx_word' id='word_1_574' title='bbox 3189 1725 3329 1780; x_wconf 90' lang='lat' dir='ltr'><strong>illius</strong></span> <span class='ocrx_word' id='word_1_575' title='bbox 3354 1727 3582 1782; x_wconf 88' lang='lat' dir='ltr'><strong>beatitu-</strong></span> 
     </span>
    </p>
   </div>
   <div class='ocr_carea' id='block_1_77' title="bbox 2004 1803 3582 1885">
    <p class='ocr_par' dir='ltr' id='par_1_77' title="bbox 2004 1803 3582 1885">
     <span class='ocr_line' id='line_1_77' title="bbox 2004 1803 3582 1885; baseline 0.008 -26"><span class='ocrx_word' id='word_1_576' title='bbox 2004 1803 2143 1860; x_wconf 89' lang='lat' dir='ltr'><strong>dinis</strong></span> <span class='ocrx_word' id='word_1_577' title='bbox 2177 1806 2338 1863; x_wconf 88' lang='lat' dir='ltr'><strong>decus</strong></span> <span class='ocrx_word' id='word_1_578' title='bbox 2356 1850 2370 1875; x_wconf 93' lang='lat'><strong>,</strong></span> <span class='ocrx_word' id='word_1_579' title='bbox 2402 1820 2488 1864; x_wconf 92' lang='lat' dir='ltr'><strong>aut</strong></span> <span class='ocrx_word' id='word_1_580' title='bbox 2518 1812 2905 1881; x_wconf 77' lang='lat' dir='ltr'><strong>praecedentem</strong></span> <span class='ocrx_word' id='word_1_581' title='bbox 2931 1829 3143 1885; x_wconf 83' lang='lat' dir='ltr'><strong>semper</strong></span> <span class='ocrx_word' id='word_1_582' title='bbox 3167 1816 3436 1885; x_wconf 88' lang='lat' dir='ltr'><strong>sequendo</strong></span> <span class='ocrx_word' id='word_1_583' title='bbox 3460 1816 3582 1872; x_wconf 89' lang='lat' dir='ltr'><strong>libi-</strong></span> 
     </span>
    </p>
   </div>
   <div class='ocr_carea' id='block_1_78' title="bbox 2005 1893 3587 1972">
    <p class='ocr_par' dir='ltr' id='par_1_78' title="bbox 2005 1893 3587 1972">
     <span class='ocr_line' id='line_1_78' title="bbox 2005 1893 3587 1972; baseline 0.009 -24"><span class='ocrx_word' id='word_1_584' title='bbox 2005 1893 2180 1950; x_wconf 89' lang='lat' dir='ltr'><strong>dinem</strong></span> <span class='ocrx_word' id='word_1_585' title='bbox 2227 1906 2410 1968; x_wconf 87' lang='lat' dir='ltr'><strong>ageret</strong></span> <span class='ocrx_word' id='word_1_586' title='bbox 2453 1902 2811 1972; x_wconf 87' lang='lat' dir='ltr'><strong>turpissimam</strong></span> <span class='ocrx_word' id='word_1_587' title='bbox 2855 1904 3197 1970; x_wconf 86' lang='lat' dir='ltr'><strong>servitutem.</strong></span> <span class='ocrx_word' id='word_1_588' title='bbox 3242 1914 3335 1961; x_wconf 88' lang='lat' dir='ltr'><strong>aut</strong></span> <span class='ocrx_word' id='word_1_589' title='bbox 3368 1907 3418 1962; x_wconf 91' lang='lat' dir='ltr'><strong>ei</strong></span> <span class='ocrx_word' id='word_1_590' title='bbox 3451 1908 3587 1963; x_wconf 84' lang='lat' dir='ltr'><strong>resi-</strong></span> 
     </span>
    </p>
   </div>
   <div class='ocr_carea' id='block_1_79' title="bbox 2005 1983 3584 2064">
    <p class='ocr_par' dir='ltr' id='par_1_79' title="bbox 2005 1983 3584 2064">
     <span class='ocr_line' id='line_1_79' title="bbox 2005 1983 3584 2064; baseline 0.009 -28"><span class='ocrx_word' id='word_1_591' title='bbox 2005 1983 2197 2039; x_wconf 87' lang='lat' dir='ltr'><strong>stendo</strong></span> <span class='ocrx_word' id='word_1_592' title='bbox 2238 2000 2343 2042; x_wconf 93' lang='lat' dir='ltr'><strong>non</strong></span> <span class='ocrx_word' id='word_1_593' title='bbox 2386 1986 2604 2046; x_wconf 90' lang='lat' dir='ltr'><strong>haberet</strong></span> <span class='ocrx_word' id='word_1_594' title='bbox 2647 1992 3006 2061; x_wconf 86' lang='lat' dir='ltr'><strong>plenissimam</strong></span> <span class='ocrx_word' id='word_1_595' title='bbox 3036 2007 3264 2063; x_wconf 87' lang='lat' dir='ltr'><strong>pacem:</strong></span> <span class='ocrx_word' id='word_1_596' title='bbox 3292 1994 3467 2064; x_wconf 82' lang='lat' dir='ltr'><strong>absit,</strong></span> <span class='ocrx_word' id='word_1_597' title='bbox 3499 1996 3584 2051; x_wconf 87' lang='lat' dir='ltr'><strong>in-</strong></span> 
     </span>
    </p>
   </div>
   <div class='ocr_carea' id='block_1_80' title="bbox 2005 2078 3586 2152">
    <p class='ocr_par' dir='ltr' id='par_1_80' title="bbox 2005 2078 3586 2152">
     <span class='ocr_line' id='line_1_80' title="bbox 2005 2078 3586 2152; baseline 0.008 -24"><span class='ocrx_word' id='word_1_598' title='bbox 2005 2090 2199 2146; x_wconf 89' lang='lat' dir='ltr'><strong>quam,</strong></span> <span class='ocrx_word' id='word_1_599' title='bbox 2244 2086 2305 2132; x_wconf 92' lang='lat' dir='ltr'><strong>ut</strong></span> <span class='ocrx_word' id='word_1_600' title='bbox 2337 2079 2514 2135; x_wconf 88' lang='lat' dir='ltr'><strong>carnis</strong></span> <span class='ocrx_word' id='word_1_601' title='bbox 2551 2078 3028 2150; x_wconf 74' lang='lat' dir='ltr'><strong>concupiscentiam</strong></span> <span class='ocrx_word' id='word_1_602' title='bbox 3069 2096 3174 2138; x_wconf 89' lang='lat' dir='ltr'><strong>non</strong></span> <span class='ocrx_word' id='word_1_603' title='bbox 3200 2093 3493 2152; x_wconf 86' lang='lat' dir='ltr'><strong>opportune</strong></span> <span class='ocrx_word' id='word_1_604' title='bbox 3519 2084 3586 2140; x_wconf 85' lang='lat' dir='ltr'><strong>ad</strong></span> 
     </span>
    </p>
   </div>
   <div class='ocr_carea' id='block_1_81' title="bbox 2005 2166 3584 2240">
    <p class='ocr_par' dir='ltr' id='par_1_81' title="bbox 2005 2166 3584 2240">
     <span class='ocr_line' id='line_1_81' title="bbox 2005 2166 3584 2240; baseline 0.005 -21"><span class='ocrx_word' id='word_1_605' title='bbox 2005 2166 2363 2233; x_wconf 87' lang='lat' dir='ltr'><strong>generandum</strong></span> <span class='ocrx_word' id='word_1_606' title='bbox 2387 2207 2402 2235; x_wconf 93' lang='lat'><strong>,</strong></span> <span class='ocrx_word' id='word_1_607' title='bbox 2432 2168 2526 2223; x_wconf 90' lang='lat' dir='ltr'><strong>sed</strong></span> <span class='ocrx_word' id='word_1_608' title='bbox 2554 2168 2845 2224; x_wconf 88' lang='lat' dir='ltr'><strong>inordinata</strong></span> <span class='ocrx_word' id='word_1_609' title='bbox 2870 2169 3224 2225; x_wconf 89' lang='lat' dir='ltr'><strong>commotione</strong></span> <span class='ocrx_word' id='word_1_610' title='bbox 3252 2179 3584 2240; x_wconf 83' lang='lat' dir='ltr'><strong>surgentem,</strong></span> 
     </span>
    </p>
   </div>
   <div class='ocr_carea' id='block_1_82' title="bbox 2006 2255 3587 2329">
    <p class='ocr_par' dir='ltr' id='par_1_82' title="bbox 2006 2255 3587 2329">
     <span class='ocr_line' id='line_1_82' title="bbox 2006 2255 3587 2329; baseline 0.009 -23"><span class='ocrx_word' id='word_1_611' title='bbox 2006 2262 2098 2308; x_wconf 86' lang='lat' dir='ltr'><strong>aut</strong></span> <span class='ocrx_word' id='word_1_612' title='bbox 2142 2255 2215 2310; x_wconf 91' lang='lat' dir='ltr'><strong>illi</strong></span> <span class='ocrx_word' id='word_1_613' title='bbox 2264 2259 2428 2313; x_wconf 91' lang='lat' dir='ltr'><strong>menti</strong></span> <span class='ocrx_word' id='word_1_614' title='bbox 2466 2259 2676 2329; x_wconf 87' lang='lat' dir='ltr'><strong>placere</strong></span> <span class='ocrx_word' id='word_1_615' title='bbox 2722 2261 3104 2316; x_wconf 85' lang='lat' dir='ltr'><strong>consentiendo</strong></span> <span class='ocrx_word' id='word_1_616' title='bbox 3135 2262 3366 2328; x_wconf 88' lang='lat' dir='ltr'><strong>satiare,</strong></span> <span class='ocrx_word' id='word_1_617' title='bbox 3396 2273 3486 2320; x_wconf 87' lang='lat' dir='ltr'><strong>aut</strong></span> <span class='ocrx_word' id='word_1_618' title='bbox 3513 2265 3587 2320; x_wconf 90' lang='lat' dir='ltr'><strong>illi</strong></span> 
     </span>
    </p>
   </div>
   <div class='ocr_carea' id='block_1_83' title="bbox 2006 2345 3273 2414">
    <p class='ocr_par' dir='ltr' id='par_1_83' title="bbox 2006 2345 3273 2414">
     <span class='ocr_line' id='line_1_83' title="bbox 2006 2345 3273 2414; baseline 0.007 -17"><span class='ocrx_word' id='word_1_619' title='bbox 2006 2345 2174 2414; x_wconf 90' lang='lat' dir='ltr'><strong>quieti</strong></span> <span class='ocrx_word' id='word_1_620' title='bbox 2202 2362 2422 2403; x_wconf 88' lang='lat' dir='ltr'><strong>necesse</strong></span> <span class='ocrx_word' id='word_1_621' title='bbox 2450 2358 2594 2405; x_wconf 89' lang='lat' dir='ltr'><strong>esset</strong></span> <span class='ocrx_word' id='word_1_622' title='bbox 2611 2348 2971 2405; x_wconf 89' lang='lat' dir='ltr'><strong>dissentiendo</strong></span> <span class='ocrx_word' id='word_1_623' title='bbox 2997 2349 3273 2406; x_wconf 87' lang='lat' dir='ltr'><strong>cohibere.</strong></span> 
     </span>
    </p>
   </div>
   <div class='ocr_carea' id='block_1_84' title="bbox 2081 2437 3586 2512">
    <p class='ocr_par' dir='ltr' id='par_1_84' title="bbox 2081 2437 3586 2512">
     <span class='ocr_line' id='line_1_84' title="bbox 2081 2437 3586 2512; baseline 0.003 -20"><span class='ocrx_word' id='word_1_624' title='bbox 2081 2437 2170 2492; x_wconf 79' lang='lat'><strong>55.</strong></span> <span class='ocrx_word' id='word_1_625' title='bbox 2207 2439 2437 2493; x_wconf 89' lang='lat' dir='ltr'><strong>Duarum</strong></span> <span class='ocrx_word' id='word_1_626' title='bbox 2468 2455 2595 2495; x_wconf 85' lang='lat' dir='ltr'><strong>vero</strong></span> <span class='ocrx_word' id='word_1_627' title='bbox 2620 2439 2941 2510; x_wconf 87' lang='lat' dir='ltr'><strong>reliquarum</strong></span> <span class='ocrx_word' id='word_1_628' title='bbox 2965 2441 3255 2511; x_wconf 89' lang='lat' dir='ltr'><strong>quamlibet</strong></span> <span class='ocrx_word' id='word_1_629' title='bbox 3282 2440 3547 2512; x_wconf 83' lang='lat' dir='ltr'><strong>elegeritis</strong></span> <span class='ocrx_word' id='word_1_630' title='bbox 3567 2483 3586 2510; x_wconf 90' lang='lat'><strong>,</strong></span> 
     </span>
    </p>
   </div>
   <div class='ocr_carea' id='block_1_85' title="bbox 2009 2530 3590 2592">
    <p class='ocr_par' dir='ltr' id='par_1_85' title="bbox 2009 2530 3590 2592">
     <span class='ocr_line' id='line_1_85' title="bbox 2009 2530 3590 2592; baseline 0.004 -7"><span class='ocrx_word' id='word_1_631' title='bbox 2009 2543 2115 2585; x_wconf 90' lang='lat' dir='ltr'><strong>non</strong></span> <span class='ocrx_word' id='word_1_632' title='bbox 2153 2539 2236 2585; x_wconf 91' lang='lat' dir='ltr'><strong>est</strong></span> <span class='ocrx_word' id='word_1_633' title='bbox 2278 2530 2531 2586; x_wconf 87' lang='lat' dir='ltr'><strong>adversus</strong></span> <span class='ocrx_word' id='word_1_634' title='bbox 2575 2546 2666 2586; x_wconf 87' lang='lat' dir='ltr'><strong>vos</strong></span> <span class='ocrx_word' id='word_1_635' title='bbox 2709 2531 2813 2586; x_wconf 93' lang='lat' dir='ltr'><strong>ulla</strong></span> <span class='ocrx_word' id='word_1_636' title='bbox 2850 2532 3188 2588; x_wconf 88' lang='lat' dir='ltr'><strong>contentione</strong></span> <span class='ocrx_word' id='word_1_637' title='bbox 3222 2532 3590 2592; x_wconf 83' lang='lat' dir='ltr'><strong>laborandum.</strong></span> 
     </span>
    </p>
   </div>
   <div class='ocr_carea' id='block_1_86' title="bbox 2011 2618 3587 2691">
    <p class='ocr_par' dir='ltr' id='par_1_86' title="bbox 2011 2618 3587 2691">
     <span class='ocr_line' id='line_1_86' title="bbox 2011 2618 3587 2691; baseline 0.003 -19"><span class='ocrx_word' id='word_1_638' title='bbox 2011 2618 2123 2672; x_wconf 83' lang='lat' dir='ltr'><strong>Etsi</strong></span> <span class='ocrx_word' id='word_1_639' title='bbox 2145 2620 2283 2673; x_wconf 90' lang='lat' dir='ltr'><strong>enim</strong></span> <span class='ocrx_word' id='word_1_640' title='bbox 2315 2631 2554 2690; x_wconf 89' lang='lat' dir='ltr'><strong>quartam</strong></span> <span class='ocrx_word' id='word_1_641' title='bbox 2583 2620 2859 2676; x_wconf 89' lang='lat' dir='ltr'><strong>nolueritis</strong></span> <span class='ocrx_word' id='word_1_642' title='bbox 2882 2621 3102 2691; x_wconf 89' lang='lat' dir='ltr'><strong>eligere,</strong></span> <span class='ocrx_word' id='word_1_643' title='bbox 3132 2621 3219 2676; x_wconf 92' lang='lat' dir='ltr'><strong>ubi</strong></span> <span class='ocrx_word' id='word_1_644' title='bbox 3247 2630 3331 2676; x_wconf 84' lang='lat' dir='ltr'><strong>est</strong></span> <span class='ocrx_word' id='word_1_645' title='bbox 3349 2622 3587 2677; x_wconf 86' lang='lat' dir='ltr'><strong>omnium</strong></span> 
     </span>
    </p>
   </div>
   <div class='ocr_carea' id='block_1_87' title="bbox 2009 2707 3587 2768">
    <p class='ocr_par' dir='ltr' id='par_1_87' title="bbox 2009 2707 3587 2768">
     <span class='ocr_line' id='line_1_87' title="bbox 2009 2707 3587 2768; baseline 0.003 -7"><span class='ocrx_word' id='word_1_646' title='bbox 2009 2707 2366 2763; x_wconf 88' lang='lat' dir='ltr'><strong>obedientium</strong></span> <span class='ocrx_word' id='word_1_647' title='bbox 2409 2710 2766 2765; x_wconf 88' lang='lat' dir='ltr'><strong>membrorum</strong></span> <span class='ocrx_word' id='word_1_648' title='bbox 2796 2710 2820 2743; x_wconf 85' lang='grc'>⁸</span> <span class='ocrx_word' id='word_1_649' title='bbox 2856 2712 2972 2767; x_wconf 89' lang='lat' dir='ltr'><strong>sine</strong></span> <span class='ocrx_word' id='word_1_650' title='bbox 3008 2712 3114 2766; x_wconf 90' lang='lat' dir='ltr'><strong>ulla</strong></span> <span class='ocrx_word' id='word_1_651' title='bbox 3140 2711 3355 2767; x_wconf 89' lang='lat' dir='ltr'><strong>libidine</strong></span> <span class='ocrx_word' id='word_1_652' title='bbox 3381 2728 3587 2768; x_wconf 89' lang='lat' dir='ltr'><strong>summa</strong></span> 
     </span>
    </p>
   </div>
   <div class='ocr_carea' id='block_1_88' title="bbox 2011 2798 3588 2870">
    <p class='ocr_par' dir='ltr' id='par_1_88' title="bbox 2011 2798 3588 2870">
     <span class='ocr_line' id='line_1_88' title="bbox 2011 2798 3588 2870; baseline 0.005 -20"><span class='ocrx_word' id='word_1_653' title='bbox 2011 2798 2352 2867; x_wconf 86' lang='lat' dir='ltr'><strong>tanquillilas,</strong></span> <span class='ocrx_word' id='word_1_654' title='bbox 2392 2800 2638 2869; x_wconf 90' lang='lat' dir='ltr'><strong>quoniam</strong></span> <span class='ocrx_word' id='word_1_655' title='bbox 2658 2801 2766 2870; x_wconf 90' lang='lat' dir='ltr'><strong>jam</strong></span> <span class='ocrx_word' id='word_1_656' title='bbox 2804 2816 2900 2856; x_wconf 90' lang='lat' dir='ltr'><strong>vos</strong></span> <span class='ocrx_word' id='word_1_657' title='bbox 2938 2801 2988 2856; x_wconf 87' lang='lat' dir='ltr'><strong>ei</strong></span> <span class='ocrx_word' id='word_1_658' title='bbox 3017 2801 3140 2857; x_wconf 90' lang='lat' dir='ltr'><strong>fecit</strong></span> <span class='ocrx_word' id='word_1_659' title='bbox 3161 2813 3454 2857; x_wconf 88' lang='lat' dir='ltr'><strong>vestrarum</strong></span> <span class='ocrx_word' id='word_1_660' title='bbox 3478 2805 3588 2858; x_wconf 87' lang='lat' dir='ltr'><strong>dis-</strong></span> 
     </span>
    </p>
   </div>
   <div class='ocr_carea' id='block_1_89' title="bbox 2013 2886 3588 2962">
    <p class='ocr_par' dir='ltr' id='par_1_89' title="bbox 2013 2886 3588 2962">
     <span class='ocr_line' id='line_1_89' title="bbox 2013 2886 3588 2962; baseline 0.005 -23"><span class='ocrx_word' id='word_1_661' title='bbox 2013 2886 2337 2955; x_wconf 91' lang='lat' dir='ltr'><strong>putationum</strong></span> <span class='ocrx_word' id='word_1_662' title='bbox 2377 2887 2604 2958; x_wconf 90' lang='lat' dir='ltr'><strong>impetus</strong></span> <span class='ocrx_word' id='word_1_663' title='bbox 2648 2889 2889 2946; x_wconf 88' lang='lat' dir='ltr'><strong>inimicos</strong></span> <span class='ocrx_word' id='word_1_664' title='bbox 2912 2908 2927 2946; x_wconf 90' lang='lat'><strong>:</strong></span> <span class='ocrx_word' id='word_1_665' title='bbox 2954 2890 3083 2945; x_wconf 88' lang='lat' dir='ltr'><strong>illud</strong></span> <span class='ocrx_word' id='word_1_666' title='bbox 3102 2891 3251 2946; x_wconf 90' lang='lat' dir='ltr'><strong>vobis</strong></span> <span class='ocrx_word' id='word_1_667' title='bbox 3270 2892 3456 2948; x_wconf 87' lang='lat' dir='ltr'><strong>saltem</strong></span> <span class='ocrx_word' id='word_1_668' title='bbox 3477 2893 3588 2962; x_wconf 84' lang='lat' dir='ltr'><strong>pla-</strong></span> 
     </span>
    </p>
   </div>
   <div class='ocr_carea' id='block_1_90' title="bbox 2009 2976 3587 3051">
    <p class='ocr_par' dir='ltr' id='par_1_90' title="bbox 2009 2976 3587 3051">
     <span class='ocr_line' id='line_1_90' title="bbox 2009 2976 3587 3051; baseline 0.005 -20"><span class='ocrx_word' id='word_1_669' title='bbox 2009 2976 2185 3043; x_wconf 85' lang='lat' dir='ltr'><strong>cebit,</strong></span> <span class='ocrx_word' id='word_1_670' title='bbox 2234 2977 2375 3048; x_wconf 89' lang='lat' dir='ltr'><strong>quod</strong></span> <span class='ocrx_word' id='word_1_671' title='bbox 2423 2979 2578 3034; x_wconf 89' lang='lat' dir='ltr'><strong>tertio</strong></span> <span class='ocrx_word' id='word_1_672' title='bbox 2617 2980 2735 3036; x_wconf 89' lang='lat' dir='ltr'><strong>loco</strong></span> <span class='ocrx_word' id='word_1_673' title='bbox 2781 2980 3089 3051; x_wconf 87' lang='lat' dir='ltr'><strong>posuimus,</strong></span> <span class='ocrx_word' id='word_1_674' title='bbox 3132 2990 3188 3035; x_wconf 92' lang='lat' dir='ltr'><strong>ut</strong></span> <span class='ocrx_word' id='word_1_675' title='bbox 3228 2982 3318 3037; x_wconf 84' lang='lat' dir='ltr'><strong>illa</strong></span> <span class='ocrx_word' id='word_1_676' title='bbox 3356 2983 3587 3039; x_wconf 86' lang='lat' dir='ltr'><strong>carnalis</strong></span> 
     </span>
    </p>
   </div>
   <div class='ocr_carea' id='block_1_91' title="bbox 2007 3062 3581 3145">
    <p class='ocr_par' dir='ltr' id='par_1_91' title="bbox 2007 3062 3581 3145">
     <span class='ocr_line' id='line_1_91' title="bbox 2007 3062 3581 3145; baseline 0.004 -22"><span class='ocrx_word' id='word_1_677' title='bbox 2007 3062 2434 3138; x_wconf 83' lang='lat' dir='ltr'><strong>concupiscentia</strong></span> <span class='ocrx_word' id='word_1_678' title='bbox 2457 3112 2473 3137; x_wconf 93' lang='lat'><strong>,</strong></span> <span class='ocrx_word' id='word_1_679' title='bbox 2524 3071 2675 3142; x_wconf 89' lang='lat' dir='ltr'><strong>cujus</strong></span> <span class='ocrx_word' id='word_1_680' title='bbox 2725 3081 2900 3129; x_wconf 89' lang='lat' dir='ltr'><strong>motus</strong></span> <span class='ocrx_word' id='word_1_681' title='bbox 2927 3072 2993 3127; x_wconf 92' lang='lat' dir='ltr'><strong>ad</strong></span> <span class='ocrx_word' id='word_1_682' title='bbox 3026 3082 3349 3143; x_wconf 89' lang='lat' dir='ltr'><strong>postremam</strong></span> <span class='ocrx_word' id='word_1_683' title='bbox 3377 3073 3399 3106; x_wconf 74' lang='grc'><strong><em>⁵</em></strong></span> <span class='ocrx_word' id='word_1_684' title='bbox 3417 3116 3433 3141; x_wconf 87' lang='grc'><strong><em>,</em></strong></span> <span class='ocrx_word' id='word_1_685' title='bbox 3459 3090 3581 3145; x_wconf 64' lang='lat' dir='ltr'><strong>quae</strong></span> 
     </span>
    </p>
   </div>
   <div class='ocr_carea' id='block_1_92' title="bbox 2009 3159 3590 3236">
    <p class='ocr_par' dir='ltr' id='par_1_92' title="bbox 2009 3159 3590 3236">
     <span class='ocr_line' id='line_1_92' title="bbox 2009 3159 3590 3236; baseline 0.005 -24"><span class='ocrx_word' id='word_1_686' title='bbox 2009 3172 2105 3213; x_wconf 88' lang='lat' dir='ltr'><strong>vos</strong></span> <span class='ocrx_word' id='word_1_687' title='bbox 2133 3159 2351 3213; x_wconf 91' lang='lat' dir='ltr'><strong>multum</strong></span> <span class='ocrx_word' id='word_1_688' title='bbox 2378 3159 2640 3228; x_wconf 86' lang='lat' dir='ltr'><strong>delectat,</strong></span> <span class='ocrx_word' id='word_1_689' title='bbox 2668 3162 2911 3232; x_wconf 86' lang='lat' dir='ltr'><strong>pervenit</strong></span> <span class='ocrx_word' id='word_1_690' title='bbox 2937 3162 3257 3233; x_wconf 88' lang='lat' dir='ltr'><strong>voluptatem</strong></span> <span class='ocrx_word' id='word_1_691' title='bbox 3281 3204 3297 3229; x_wconf 94' lang='lat'><strong>,</strong></span> <span class='ocrx_word' id='word_1_692' title='bbox 3321 3180 3590 3236; x_wconf 90' lang='lat' dir='ltr'><strong>nunquam</strong></span> 
     </span>
    </p>
   </div>
   <div class='ocr_carea' id='block_1_93' title="bbox 2010 3247 3590 3323">
    <p class='ocr_par' dir='ltr' id='par_1_93' title="bbox 2010 3247 3590 3323">
     <span class='ocr_line' id='line_1_93' title="bbox 2010 3247 3590 3323; baseline 0.006 -23"><span class='ocrx_word' id='word_1_693' title='bbox 2010 3247 2064 3301; x_wconf 89' lang='lat' dir='ltr'><strong>in</strong></span> <span class='ocrx_word' id='word_1_694' title='bbox 2087 3247 2330 3317; x_wconf 86' lang='lat' dir='ltr'><strong>paradiso</strong></span> <span class='ocrx_word' id='word_1_695' title='bbox 2352 3290 2366 3314; x_wconf 91' lang='lat'><strong>,</strong></span> <span class='ocrx_word' id='word_1_696' title='bbox 2398 3249 2499 3305; x_wconf 87' lang='lat' dir='ltr'><strong>nisi</strong></span> <span class='ocrx_word' id='word_1_697' title='bbox 2528 3266 2648 3305; x_wconf 93' lang='lat' dir='ltr'><strong>cum</strong></span> <span class='ocrx_word' id='word_1_698' title='bbox 2677 3251 2744 3306; x_wconf 88' lang='lat' dir='ltr'><strong>ad</strong></span> <span class='ocrx_word' id='word_1_699' title='bbox 2765 3251 3083 3323; x_wconf 88' lang='lat' dir='ltr'><strong>gignendum</strong></span> <span class='ocrx_word' id='word_1_700' title='bbox 3107 3261 3248 3308; x_wconf 88' lang='lat' dir='ltr'><strong>esset</strong></span> <span class='ocrx_word' id='word_1_701' title='bbox 3270 3255 3590 3320; x_wconf 88' lang='lat' dir='ltr'><strong>necessaria,</strong></span> 
     </span>
    </p>
   </div>
   <div class='ocr_carea' id='block_1_94' title="bbox 2010 3336 3592 3413">
    <p class='ocr_par' dir='ltr' id='par_1_94' title="bbox 2010 3336 3592 3413">
     <span class='ocr_line' id='line_1_94' title="bbox 2010 3336 3592 3413; baseline 0.006 -23"><span class='ocrx_word' id='word_1_702' title='bbox 2010 3336 2078 3393; x_wconf 89' lang='lat' dir='ltr'><strong>ad</strong></span> <span class='ocrx_word' id='word_1_703' title='bbox 2111 3339 2395 3394; x_wconf 88' lang='lat' dir='ltr'><strong>voluntatis</strong></span> <span class='ocrx_word' id='word_1_704' title='bbox 2432 3351 2612 3396; x_wconf 90' lang='lat' dir='ltr'><strong>nutum</strong></span> <span class='ocrx_word' id='word_1_705' title='bbox 2638 3351 2964 3413; x_wconf 82' lang='lat' dir='ltr'><strong>exsurgeret.</strong></span> <span class='ocrx_word' id='word_1_706' title='bbox 2995 3342 3144 3397; x_wconf 88' lang='lat' dir='ltr'><strong>IIanc</strong></span> <span class='ocrx_word' id='word_1_707' title='bbox 3171 3342 3214 3397; x_wconf 90' lang='lat' dir='ltr'><strong>si</strong></span> <span class='ocrx_word' id='word_1_708' title='bbox 3243 3344 3415 3413; x_wconf 89' lang='lat' dir='ltr'><strong>placet</strong></span> <span class='ocrx_word' id='word_1_709' title='bbox 3441 3345 3592 3399; x_wconf 83' lang='lat' dir='ltr'><strong>vobis</strong></span> 
     </span>
    </p>
   </div>
   <div class='ocr_carea' id='block_1_95' title="bbox 2011 3426 3590 3503">
    <p class='ocr_par' dir='ltr' id='par_1_95' title="bbox 2011 3426 3590 3503">
     <span class='ocr_line' id='line_1_95' title="bbox 2011 3426 3590 3503; baseline 0.004 -22"><span class='ocrx_word' id='word_1_710' title='bbox 2011 3426 2066 3482; x_wconf 88' lang='lat' dir='ltr'><strong>in</strong></span> <span class='ocrx_word' id='word_1_711' title='bbox 2110 3428 2356 3498; x_wconf 89' lang='lat' dir='ltr'><strong>paradiso</strong></span> <span class='ocrx_word' id='word_1_712' title='bbox 2383 3430 2646 3486; x_wconf 89' lang='lat' dir='ltr'><strong>collocare</strong></span> <span class='ocrx_word' id='word_1_713' title='bbox 2673 3472 2690 3498; x_wconf 92' lang='lat'><strong>,</strong></span> <span class='ocrx_word' id='word_1_714' title='bbox 2719 3440 2772 3485; x_wconf 90' lang='lat' dir='ltr'><strong>et</strong></span> <span class='ocrx_word' id='word_1_715' title='bbox 2798 3447 2896 3502; x_wconf 90' lang='lat' dir='ltr'><strong>per</strong></span> <span class='ocrx_word' id='word_1_716' title='bbox 2925 3432 3082 3487; x_wconf 89' lang='lat' dir='ltr'><strong>talem</strong></span> <span class='ocrx_word' id='word_1_717' title='bbox 3108 3434 3590 3503; x_wconf 86' lang='lat' dir='ltr'><strong>concupiscentiam</strong></span> 
     </span>
    </p>
   </div>
   <div class='ocr_carea' id='block_1_96' title="bbox 2009 3520 3590 3593">
    <p class='ocr_par' dir='ltr' id='par_1_96' title="bbox 2009 3520 3590 3593">
     <span class='ocr_line' id='line_1_96' title="bbox 2009 3520 3590 3593; baseline 0.003 -19"><span class='ocrx_word' id='word_1_718' title='bbox 2009 3520 2185 3575; x_wconf 89' lang='lat' dir='ltr'><strong>carnis</strong></span> <span class='ocrx_word' id='word_1_719' title='bbox 2208 3561 2222 3583; x_wconf 90' lang='lat'><strong>,</strong></span> <span class='ocrx_word' id='word_1_720' title='bbox 2266 3537 2386 3591; x_wconf 80' lang='lat' dir='ltr'><strong>quae</strong></span> <span class='ocrx_word' id='word_1_721' title='bbox 2419 3536 2520 3577; x_wconf 91' lang='lat' dir='ltr'><strong>nec</strong></span> <span class='ocrx_word' id='word_1_722' title='bbox 2544 3523 2864 3593; x_wconf 76' lang='lat' dir='ltr'><strong>przcveniret</strong></span> <span class='ocrx_word' id='word_1_723' title='bbox 2890 3564 2907 3590; x_wconf 92' lang='lat'><strong>,</strong></span> <span class='ocrx_word' id='word_1_724' title='bbox 2939 3538 3038 3578; x_wconf 92' lang='lat' dir='ltr'><strong>nec</strong></span> <span class='ocrx_word' id='word_1_725' title='bbox 3067 3525 3335 3589; x_wconf 86' lang='lat' dir='ltr'><strong>tardaret,</strong></span> <span class='ocrx_word' id='word_1_726' title='bbox 3367 3540 3465 3579; x_wconf 90' lang='lat' dir='ltr'><strong>nec</strong></span> <span class='ocrx_word' id='word_1_727' title='bbox 3493 3540 3590 3579; x_wconf 81' lang='lat' dir='ltr'><strong>ex-</strong></span> 
     </span>
    </p>
   </div>
   <div class='ocr_carea' id='block_1_97' title="bbox 2011 3609 3594 3681">
    <p class='ocr_par' dir='ltr' id='par_1_97' title="bbox 2011 3609 3594 3681">
     <span class='ocr_line' id='line_1_97' title="bbox 2011 3609 3594 3681; baseline 0.004 -17"><span class='ocrx_word' id='word_1_728' title='bbox 2011 3609 2226 3665; x_wconf 88' lang='lat' dir='ltr'><strong>cederet</strong></span> <span class='ocrx_word' id='word_1_729' title='bbox 2251 3611 2530 3681; x_wconf 88' lang='lat' dir='ltr'><strong>impcrium</strong></span> <span class='ocrx_word' id='word_1_730' title='bbox 2562 3613 2847 3668; x_wconf 84' lang='lat' dir='ltr'><strong>voluntatis</strong></span> <span class='ocrx_word' id='word_1_731' title='bbox 2866 3655 2881 3678; x_wconf 94' lang='lat'><strong>,</strong></span> <span class='ocrx_word' id='word_1_732' title='bbox 2911 3614 3063 3668; x_wconf 84' lang='lat' dir='ltr'><strong>vobis</strong></span> <span class='ocrx_word' id='word_1_733' title='bbox 3087 3613 3295 3669; x_wconf 87' lang='lat' dir='ltr'><strong>videtur</strong></span> <span class='ocrx_word' id='word_1_734' title='bbox 3324 3615 3375 3668; x_wconf 90' lang='lat' dir='ltr'><strong>in</strong></span> <span class='ocrx_word' id='word_1_735' title='bbox 3402 3616 3487 3669; x_wconf 90' lang='lat' dir='ltr'><strong>illa</strong></span> <span class='ocrx_word' id='word_1_736' title='bbox 3515 3614 3594 3670; x_wconf 81' lang='lat' dir='ltr'><strong>fc-</strong></span> 
     </span>
    </p>
   </div>
   <div class='ocr_carea' id='block_1_98' title="bbox 2011 3699 3586 3775">
    <p class='ocr_par' dir='ltr' id='par_1_98' title="bbox 2011 3699 3586 3775">
     <span class='ocr_line' id='line_1_98' title="bbox 2011 3699 3586 3775; baseline 0.003 -21"><span class='ocrx_word' id='word_1_737' title='bbox 2011 3699 2208 3756; x_wconf 90' lang='lat' dir='ltr'><strong>Iicitale</strong></span> <span class='ocrx_word' id='word_1_738' title='bbox 2250 3701 2386 3756; x_wconf 91' lang='lat' dir='ltr'><strong>Iilios</strong></span> <span class='ocrx_word' id='word_1_739' title='bbox 2424 3704 2657 3773; x_wconf 90' lang='lat' dir='ltr'><strong>potuisse</strong></span> <span class='ocrx_word' id='word_1_740' title='bbox 2691 3705 2935 3775; x_wconf 87' lang='lat' dir='ltr'><strong>generari</strong></span> <span class='ocrx_word' id='word_1_741' title='bbox 2961 3704 3018 3769; x_wconf 82' lang='grc'><strong>⁸,</strong></span> <span class='ocrx_word' id='word_1_742' title='bbox 3063 3719 3168 3760; x_wconf 91' lang='lat' dir='ltr'><strong>non</strong></span> <span class='ocrx_word' id='word_1_743' title='bbox 3211 3720 3586 3775; x_wconf 82' lang='lat' dir='ltr'><strong>repugnamus.</strong></span> 
     </span>
    </p>
   </div>
   <div class='ocr_carea' id='block_1_99' title="bbox 2011 3790 3592 3865">
    <p class='ocr_par' dir='ltr' id='par_1_99' title="bbox 2011 3790 3592 3865">
     <span class='ocr_line' id='line_1_99' title="bbox 2011 3790 3592 3865; baseline 0.003 -19"><span class='ocrx_word' id='word_1_744' title='bbox 2011 3790 2093 3846; x_wconf 77' lang='lat' dir='ltr'><strong>Ad</strong></span> <span class='ocrx_word' id='word_1_745' title='bbox 2137 3791 2238 3846; x_wconf 92' lang='lat' dir='ltr'><strong>hoc</strong></span> <span class='ocrx_word' id='word_1_746' title='bbox 2269 3792 2410 3847; x_wconf 90' lang='lat' dir='ltr'><strong>enim</strong></span> <span class='ocrx_word' id='word_1_747' title='bbox 2454 3792 2594 3863; x_wconf 90' lang='lat' dir='ltr'><strong>quod</strong></span> <span class='ocrx_word' id='word_1_748' title='bbox 2632 3795 2836 3865; x_wconf 89' lang='lat' dir='ltr'><strong>agimus</strong></span> <span class='ocrx_word' id='word_1_749' title='bbox 2858 3835 2873 3861; x_wconf 93' lang='lat'><strong>,</strong></span> <span class='ocrx_word' id='word_1_750' title='bbox 2900 3792 3097 3849; x_wconf 81' lang='lat' dir='ltr'><strong>sufficit</strong></span> <span class='ocrx_word' id='word_1_751' title='bbox 3124 3794 3277 3850; x_wconf 89' lang='lat' dir='ltr'><strong>nobis</strong></span> <span class='ocrx_word' id='word_1_752' title='bbox 3304 3794 3423 3863; x_wconf 79' lang='lat' dir='ltr'><strong>quia</strong></span> <span class='ocrx_word' id='word_1_753' title='bbox 3452 3810 3592 3851; x_wconf 90' lang='lat' dir='ltr'><strong>nunc</strong></span> 
     </span>
    </p>
   </div>
   <div class='ocr_carea' id='block_1_100' title="bbox 2011 3883 3592 3955">
    <p class='ocr_par' dir='ltr' id='par_1_100' title="bbox 2011 3883 3592 3955">
     <span class='ocr_line' id='line_1_100' title="bbox 2011 3883 3592 3955; baseline 0.004 -18"><span class='ocrx_word' id='word_1_754' title='bbox 2011 3883 2133 3938; x_wconf 89' lang='lat' dir='ltr'><strong>talis</strong></span> <span class='ocrx_word' id='word_1_755' title='bbox 2156 3883 2207 3938; x_wconf 92' lang='lat' dir='ltr'><strong>in</strong></span> <span class='ocrx_word' id='word_1_756' title='bbox 2230 3883 2533 3940; x_wconf 89' lang='lat' dir='ltr'><strong>hominibus</strong></span> <span class='ocrx_word' id='word_1_757' title='bbox 2561 3900 2665 3941; x_wconf 92' lang='lat' dir='ltr'><strong>non</strong></span> <span class='ocrx_word' id='word_1_758' title='bbox 2695 3896 2776 3941; x_wconf 90' lang='lat' dir='ltr'><strong>est</strong></span> <span class='ocrx_word' id='word_1_759' title='bbox 2798 3928 2813 3952; x_wconf 92' lang='lat'><strong>,</strong></span> <span class='ocrx_word' id='word_1_760' title='bbox 2846 3887 3055 3955; x_wconf 87' lang='lat' dir='ltr'><strong>qualem</strong></span> <span class='ocrx_word' id='word_1_761' title='bbox 3082 3886 3134 3941; x_wconf 90' lang='lat' dir='ltr'><strong>in</strong></span> <span class='ocrx_word' id='word_1_762' title='bbox 3164 3887 3305 3943; x_wconf 89' lang='lat' dir='ltr'><strong>illius</strong></span> <span class='ocrx_word' id='word_1_763' title='bbox 3324 3886 3592 3943; x_wconf 74' lang='lat' dir='ltr'><strong>fclicitatis</strong></span> 
     </span>
    </p>
   </div>
   <div class='ocr_carea' id='block_1_101' title="bbox 2012 3974 3587 4048">
    <p class='ocr_par' dir='ltr' id='par_1_101' title="bbox 2012 3974 3587 4048">
     <span class='ocr_line' id='line_1_101' title="bbox 2012 3974 3587 4048; baseline 0.003 -20"><span class='ocrx_word' id='word_1_764' title='bbox 2012 3974 2129 4029; x_wconf 90' lang='lat' dir='ltr'><strong>Ioco</strong></span> <span class='ocrx_word' id='word_1_765' title='bbox 2152 3990 2271 4030; x_wconf 88' lang='lat' dir='ltr'><strong>esse</strong></span> <span class='ocrx_word' id='word_1_766' title='bbox 2296 3975 2528 4045; x_wconf 80' lang='lat' dir='ltr'><strong>potuisse</strong></span> <span class='ocrx_word' id='word_1_767' title='bbox 2552 3976 2860 4034; x_wconf 90' lang='lat' dir='ltr'><strong>conceditis.</strong></span> <span class='ocrx_word' id='word_1_768' title='bbox 2889 3977 3071 4045; x_wconf 86' lang='lat' dir='ltr'><strong>Qualis</strong></span> <span class='ocrx_word' id='word_1_769' title='bbox 3099 3978 3293 4048; x_wconf 84' lang='lat' dir='ltr'><strong>quippe</strong></span> <span class='ocrx_word' id='word_1_770' title='bbox 3318 3993 3457 4032; x_wconf 90' lang='lat' dir='ltr'><strong>nunc</strong></span> <span class='ocrx_word' id='word_1_771' title='bbox 3479 3979 3547 4032; x_wconf 89' lang='lat' dir='ltr'><strong>sit</strong></span> <span class='ocrx_word' id='word_1_772' title='bbox 3571 4020 3587 4045; x_wconf 92' lang='lat'><strong>,</strong></span> 
     </span>
    </p>
   </div>
   <div class='ocr_carea' id='block_1_102' title="bbox 2012 4064 3590 4134">
    <p class='ocr_par' dir='ltr' id='par_1_102' title="bbox 2012 4064 3590 4134">
     <span class='ocr_line' id='line_1_102' title="bbox 2012 4064 3590 4134; baseline 0.005 -18"><span class='ocrx_word' id='word_1_773' title='bbox 2012 4064 2249 4133; x_wconf 79' lang='lat' dir='ltr'><strong>profecto</strong></span> <span class='ocrx_word' id='word_1_774' title='bbox 2286 4066 2520 4121; x_wconf 88' lang='lat' dir='ltr'><strong>omnium</strong></span> <span class='ocrx_word' id='word_1_775' title='bbox 2564 4080 2753 4122; x_wconf 88' lang='lat' dir='ltr'><strong>sensus</strong></span> <span class='ocrx_word' id='word_1_776' title='bbox 2794 4067 3139 4134; x_wconf 80' lang='lat' dir='ltr'><strong>mortalium,</strong></span> <span class='ocrx_word' id='word_1_777' title='bbox 3161 4068 3260 4123; x_wconf 89' lang='lat' dir='ltr'><strong>etsi</strong></span> <span class='ocrx_word' id='word_1_778' title='bbox 3285 4083 3404 4123; x_wconf 92' lang='lat' dir='ltr'><strong>cum</strong></span> <span class='ocrx_word' id='word_1_779' title='bbox 3433 4083 3590 4124; x_wconf 86' lang='lat' dir='ltr'><strong>vere-</strong></span> 
     </span>
    </p>
   </div>
   <div class='ocr_carea' id='block_1_103' title="bbox 2012 4148 3588 4227">
    <p class='ocr_par' dir='ltr' id='par_1_103' title="bbox 2012 4148 3588 4227">
     <span class='ocr_line' id='line_1_103' title="bbox 2012 4148 3588 4227; baseline 0.004 -19"><span class='ocrx_word' id='word_1_780' title='bbox 2012 4155 2238 4222; x_wconf 86' lang='lat' dir='ltr'><strong>cundia,</strong></span> <span class='ocrx_word' id='word_1_781' title='bbox 2284 4156 2565 4210; x_wconf 85' lang='lat' dir='ltr'><strong>conlitetur</strong></span> <span class='ocrx_word' id='word_1_782' title='bbox 2612 4174 2627 4211; x_wconf 89' lang='lat'><strong>:</strong></span> <span class='ocrx_word' id='word_1_783' title='bbox 2668 4157 2791 4227; x_wconf 89' lang='lat' dir='ltr'><strong>quia</strong></span> <span class='ocrx_word' id='word_1_784' title='bbox 2833 4165 2888 4212; x_wconf 91' lang='lat' dir='ltr'><strong>et</strong></span> <span class='ocrx_word' id='word_1_785' title='bbox 2925 4166 3105 4212; x_wconf 89' lang='lat' dir='ltr'><strong>castos</strong></span> <span class='ocrx_word' id='word_1_786' title='bbox 3130 4157 3290 4213; x_wconf 88' lang='lat' dir='ltr'><strong>etiam</strong></span> <span class='ocrx_word' id='word_1_787' title='bbox 3318 4148 3588 4223; x_wconf 86' lang='lat' dir='ltr'><strong>nolentes,</strong></span> 
     </span>
    </p>
   </div>
   <div class='ocr_carea' id='block_1_104' title="bbox 2013 4245 3592 4319">
    <p class='ocr_par' dir='ltr' id='par_1_104' title="bbox 2013 4245 3592 4319">
     <span class='ocr_line' id='line_1_104' title="bbox 2013 4245 3592 4319; baseline 0.004 -22"><span class='ocrx_word' id='word_1_788' title='bbox 2013 4259 2238 4315; x_wconf 85' lang='lat' dir='ltr'><strong>eamque</strong></span> <span class='ocrx_word' id='word_1_789' title='bbox 2282 4245 2629 4314; x_wconf 89' lang='lat' dir='ltr'><strong>temperantia</strong></span> <span class='ocrx_word' id='word_1_790' title='bbox 2669 4246 3423 4319; x_wconf 84' lang='lat' dir='ltr'><strong>castigantes,_inquietudine</strong></span> <span class='ocrx_word' id='word_1_791' title='bbox 3450 4250 3592 4304; x_wconf 86' lang='lat' dir='ltr'><strong>inor-</strong></span> 
     </span>
    </p>
   </div>
   <div class='ocr_carea' id='block_1_105' title="bbox 2011 4332 3593 4409">
    <p class='ocr_par' dir='ltr' id='par_1_105' title="bbox 2011 4332 3593 4409">
     <span class='ocr_line' id='line_1_105' title="bbox 2011 4332 3593 4409; baseline 0.004 -23"><span class='ocrx_word' id='word_1_792' title='bbox 2011 4332 2188 4388; x_wconf 88' lang='lat' dir='ltr'><strong>dinata</strong></span> <span class='ocrx_word' id='word_1_793' title='bbox 2234 4334 2639 4405; x_wconf 89' lang='lat' dir='ltr'><strong>importunaque</strong></span> <span class='ocrx_word' id='word_1_794' title='bbox 2680 4334 2967 4403; x_wconf 84' lang='lat' dir='ltr'><strong>sollicitat,</strong></span> <span class='ocrx_word' id='word_1_795' title='bbox 3017 4347 3072 4392; x_wconf 88' lang='lat' dir='ltr'><strong>et</strong></span> <span class='ocrx_word' id='word_1_796' title='bbox 3112 4337 3427 4409; x_wconf 87' lang='lat' dir='ltr'><strong>plerumque</strong></span> <span class='ocrx_word' id='word_1_797' title='bbox 3470 4354 3593 4393; x_wconf 90' lang='lat' dir='ltr'><strong>sese</strong></span> 
     </span>
    </p>
   </div>
   <div class='ocr_carea' id='block_1_106' title="bbox 2012 4423 3593 4499">
    <p class='ocr_par' dir='ltr' id='par_1_106' title="bbox 2012 4423 3593 4499">
     <span class='ocr_line' id='line_1_106' title="bbox 2012 4423 3593 4499; baseline 0.003 -22"><span class='ocrx_word' id='word_1_798' title='bbox 2012 4423 2309 4478; x_wconf 85' lang='lat' dir='ltr'><strong>volentibus</strong></span> <span class='ocrx_word' id='word_1_799' title='bbox 2352 4423 2655 4492; x_wconf 85' lang='lat' dir='ltr'><strong>subtrahit,</strong></span> <span class='ocrx_word' id='word_1_800' title='bbox 2707 4425 3011 4482; x_wconf 89' lang='lat' dir='ltr'><strong>nolentibus</strong></span> <span class='ocrx_word' id='word_1_801' title='bbox 3060 4427 3302 4499; x_wconf 88' lang='lat' dir='ltr'><strong>ingerit;</strong></span> <span class='ocrx_word' id='word_1_802' title='bbox 3358 4438 3417 4484; x_wconf 92' lang='lat' dir='ltr'><strong>ut</strong></span> <span class='ocrx_word' id='word_1_803' title='bbox 3464 4428 3593 4483; x_wconf 89' lang='lat' dir='ltr'><strong>nihil</strong></span> 
     </span>
    </p>
   </div>
   <div class='ocr_carea' id='block_1_107' title="bbox 2013 4513 3595 4591">
    <p class='ocr_par' dir='ltr' id='par_1_107' title="bbox 2013 4513 3595 4591">
     <span class='ocr_line' id='line_1_107' title="bbox 2013 4513 3595 4591; baseline 0.006 -24"><span class='ocrx_word' id='word_1_804' title='bbox 2013 4513 2154 4570; x_wconf 89' lang='lat' dir='ltr'><strong>aliud</strong></span> <span class='ocrx_word' id='word_1_805' title='bbox 2181 4514 2534 4571; x_wconf 86' lang='lat' dir='ltr'><strong>inobedientia</strong></span> <span class='ocrx_word' id='word_1_806' title='bbox 2563 4531 2692 4582; x_wconf 84' lang='lat' dir='ltr'><strong>sua,</strong></span> <span class='ocrx_word' id='word_1_807' title='bbox 2723 4533 2886 4588; x_wconf 90' lang='lat' dir='ltr'><strong>quam</strong></span> <span class='ocrx_word' id='word_1_808' title='bbox 2908 4519 3048 4574; x_wconf 91' lang='lat' dir='ltr'><strong>illius</strong></span> <span class='ocrx_word' id='word_1_809' title='bbox 3073 4522 3259 4591; x_wconf 61' lang='lat' dir='ltr'><strong>priscae</strong></span> <span class='ocrx_word' id='word_1_810' title='bbox 3286 4521 3595 4577; x_wconf 80' lang='lat' dir='ltr'><strong>inobedicn-</strong></span> 
     </span>
    </p>
   </div>
   <div class='ocr_carea' id='block_1_108' title="bbox 2017 4605 3594 4677">
    <p class='ocr_par' dir='ltr' id='par_1_108' title="bbox 2017 4605 3594 4677">
     <span class='ocr_line' id='line_1_108' title="bbox 2017 4605 3594 4677; baseline 0.005 -19"><span class='ocrx_word' id='word_1_811' title='bbox 2017 4605 2102 4659; x_wconf 67' lang='lat' dir='ltr'><strong>tiae</strong></span> <span class='ocrx_word' id='word_1_812' title='bbox 2144 4620 2356 4677; x_wconf 80' lang='lat' dir='ltr'><strong>poenam</strong></span> <span class='ocrx_word' id='word_1_813' title='bbox 2393 4621 2452 4662; x_wconf 90' lang='lat' dir='ltr'><strong>se</strong></span> <span class='ocrx_word' id='word_1_814' title='bbox 2490 4622 2612 4662; x_wconf 90' lang='lat' dir='ltr'><strong>esse</strong></span> <span class='ocrx_word' id='word_1_815' title='bbox 2649 4617 2888 4665; x_wconf 87' lang='lat' dir='ltr'><strong>testetur.</strong></span> <span class='ocrx_word' id='word_1_816' title='bbox 2928 4608 3082 4667; x_wconf 87' lang='lat' dir='ltr'><strong>Unde</strong></span> <span class='ocrx_word' id='word_1_817' title='bbox 3118 4612 3307 4669; x_wconf 87' lang='lat' dir='ltr'><strong>merito</strong></span> <span class='ocrx_word' id='word_1_818' title='bbox 3327 4612 3394 4666; x_wconf 87' lang='lat' dir='ltr'><strong>de</strong></span> <span class='ocrx_word' id='word_1_819' title='bbox 3423 4612 3508 4666; x_wconf 90' lang='lat' dir='ltr'><strong>illa</strong></span> <span class='ocrx_word' id='word_1_820' title='bbox 3539 4622 3594 4667; x_wconf 89' lang='lat' dir='ltr'><strong>et</strong></span> 
     </span>
    </p>
   </div>
   <div class='ocr_carea' id='block_1_109' title="bbox 2015 4697 3595 4770">
    <p class='ocr_par' dir='ltr' id='par_1_109' title="bbox 2015 4697 3595 4770">
     <span class='ocr_line' id='line_1_109' title="bbox 2015 4697 3595 4770; baseline 0.004 -20"><span class='ocrx_word' id='word_1_821' title='bbox 2015 4704 2141 4751; x_wconf 93' lang='lat' dir='ltr'><strong>tunc</strong></span> <span class='ocrx_word' id='word_1_822' title='bbox 2185 4697 2339 4766; x_wconf 89' lang='lat' dir='ltr'><strong>primi</strong></span> <span class='ocrx_word' id='word_1_823' title='bbox 2384 4698 2662 4765; x_wconf 87' lang='lat' dir='ltr'><strong>homines,</strong></span> <span class='ocrx_word' id='word_1_824' title='bbox 2708 4701 2921 4770; x_wconf 88' lang='lat' dir='ltr'><strong>quando</strong></span> <span class='ocrx_word' id='word_1_825' title='bbox 2961 4700 3203 4770; x_wconf 88' lang='lat' dir='ltr'><strong>pudenda</strong></span> <span class='ocrx_word' id='word_1_826' title='bbox 3231 4713 3508 4769; x_wconf 79' lang='lat' dir='ltr'><strong>texerunt,</strong></span> <span class='ocrx_word' id='word_1_827' title='bbox 3540 4715 3595 4757; x_wconf 90' lang='lat' dir='ltr'><strong>et</strong></span> 
     </span>
    </p>
   </div>
   <div class='ocr_carea' id='block_1_110' title="bbox 2014 4787 3590 4859">
    <p class='ocr_par' dir='ltr' id='par_1_110' title="bbox 2014 4787 3590 4859">
     <span class='ocr_line' id='line_1_110' title="bbox 2014 4787 3590 4859; baseline 0.003 -18"><span class='ocrx_word' id='word_1_828' title='bbox 2014 4802 2154 4842; x_wconf 91' lang='lat' dir='ltr'><strong>nunc</strong></span> <span class='ocrx_word' id='word_1_829' title='bbox 2204 4787 2293 4857; x_wconf 92' lang='lat' dir='ltr'><strong>qui</strong></span> <span class='ocrx_word' id='word_1_830' title='bbox 2341 4802 2399 4842; x_wconf 89' lang='lat' dir='ltr'><strong>se</strong></span> <span class='ocrx_word' id='word_1_831' title='bbox 2445 4798 2730 4859; x_wconf 90' lang='lat' dir='ltr'><strong>utcumque</strong></span> <span class='ocrx_word' id='word_1_832' title='bbox 2776 4789 3045 4846; x_wconf 89' lang='lat' dir='ltr'><strong>hominem</strong></span> <span class='ocrx_word' id='word_1_833' title='bbox 3093 4805 3211 4846; x_wconf 90' lang='lat' dir='ltr'><strong>esse</strong></span> <span class='ocrx_word' id='word_1_834' title='bbox 3256 4790 3590 4856; x_wconf 88' lang='lat' dir='ltr'><strong>considerat,</strong></span> 
     </span>
    </p>
   </div>
   <div class='ocr_carea' id='block_1_111' title="bbox 2014 4873 3594 4951">
    <p class='ocr_par' dir='ltr' id='par_1_111' title="bbox 2014 4873 3594 4951">
     <span class='ocr_line' id='line_1_111' title="bbox 2014 4873 3594 4951; baseline 0.002 -18"><span class='ocrx_word' id='word_1_835' title='bbox 2014 4878 2189 4933; x_wconf 89' lang='lat' dir='ltr'><strong>omnis</strong></span> <span class='ocrx_word' id='word_1_836' title='bbox 2220 4879 2424 4949; x_wconf 90' lang='lat' dir='ltr'><strong>pudens</strong></span> <span class='ocrx_word' id='word_1_837' title='bbox 2465 4873 2851 4951; x_wconf 84' lang='lat' dir='ltr'><strong>impudensque</strong></span> <span class='ocrx_word' id='word_1_838' title='bbox 2877 4881 3216 4937; x_wconf 89' lang='lat' dir='ltr'><strong>confunditur</strong></span> <span class='ocrx_word' id='word_1_839' title='bbox 3236 4923 3252 4949; x_wconf 92' lang='lat'><strong>,</strong></span> <span class='ocrx_word' id='word_1_840' title='bbox 3279 4882 3418 4936; x_wconf 85' lang='lat' dir='ltr'><strong>absit</strong></span> <span class='ocrx_word' id='word_1_841' title='bbox 3447 4891 3501 4937; x_wconf 93' lang='lat' dir='ltr'><strong>nt</strong></span> <span class='ocrx_word' id='word_1_842' title='bbox 3527 4882 3594 4936; x_wconf 90' lang='lat' dir='ltr'><strong>de</strong></span> 
     </span>
    </p>
   </div>
   <div class='ocr_carea' id='block_1_112' title="bbox 2015 4968 3591 5041">
    <p class='ocr_par' dir='ltr' id='par_1_112' title="bbox 2015 4968 3591 5041">
     <span class='ocr_line' id='line_1_112' title="bbox 2015 4968 3591 5041; baseline 0.001 -19"><span class='ocrx_word' id='word_1_843' title='bbox 2015 4983 2177 5037; x_wconf 84' lang='lat' dir='ltr'><strong>opere</strong></span> <span class='ocrx_word' id='word_1_844' title='bbox 2224 4968 2356 5034; x_wconf 88' lang='lat' dir='ltr'><strong>Dei,</strong></span> <span class='ocrx_word' id='word_1_845' title='bbox 2404 4969 2498 5025; x_wconf 89' lang='lat' dir='ltr'><strong>sed</strong></span> <span class='ocrx_word' id='word_1_846' title='bbox 2540 4968 2608 5024; x_wconf 92' lang='lat' dir='ltr'><strong>de</strong></span> <span class='ocrx_word' id='word_1_847' title='bbox 2655 4984 2807 5039; x_wconf 65' lang='lat' dir='ltr'><strong>pinna</strong></span> <span class='ocrx_word' id='word_1_848' title='bbox 2847 4971 3004 5041; x_wconf 87' lang='lat' dir='ltr'><strong>primi</strong></span> <span class='ocrx_word' id='word_1_849' title='bbox 3047 4971 3344 5040; x_wconf 85' lang='lat' dir='ltr'><strong>veterisque</strong></span> <span class='ocrx_word' id='word_1_850' title='bbox 3370 4975 3591 5041; x_wconf 91' lang='lat' dir='ltr'><strong>peccati.</strong></span> 
     </span>
    </p>
   </div>
   <div class='ocr_carea' id='block_1_113' title="bbox 2020 5045 3593 5132">
    <p class='ocr_par' dir='ltr' id='par_1_113' title="bbox 2020 5045 3593 5132">
     <span class='ocr_line' id='line_1_113' title="bbox 2020 5045 3593 5132; baseline 0.002 -19"><span class='ocrx_word' id='word_1_851' title='bbox 2020 5060 2215 5114; x_wconf 75' lang='lat' dir='ltr'><strong>Verum</strong></span> <span class='ocrx_word' id='word_1_852' title='bbox 2230 5074 2355 5119; x_wconf 78' lang='lat' dir='ltr'><strong>-vos</strong></span> <span class='ocrx_word' id='word_1_853' title='bbox 2396 5075 2502 5115; x_wconf 92' lang='lat' dir='ltr'><strong>non</strong></span> <span class='ocrx_word' id='word_1_854' title='bbox 2549 5076 2647 5131; x_wconf 93' lang='lat' dir='ltr'><strong>pro</strong></span> <span class='ocrx_word' id='word_1_855' title='bbox 2687 5045 2929 5132; x_wconf 84' lang='lat' dir='ltr'><strong>religiosa</strong></span> <span class='ocrx_word' id='word_1_856' title='bbox 2960 5061 3164 5116; x_wconf 89' lang='lat' dir='ltr'><strong>ratione</strong></span> <span class='ocrx_word' id='word_1_857' title='bbox 3186 5103 3202 5127; x_wconf 94' lang='lat'><strong>,</strong></span> <span class='ocrx_word' id='word_1_858' title='bbox 3234 5062 3328 5117; x_wconf 91' lang='lat' dir='ltr'><strong>sed</strong></span> <span class='ocrx_word' id='word_1_859' title='bbox 3357 5077 3452 5132; x_wconf 92' lang='lat' dir='ltr'><strong>pro</strong></span> <span class='ocrx_word' id='word_1_860' title='bbox 3478 5063 3593 5116; x_wconf 88' lang='lat' dir='ltr'><strong>ani-</strong></span> 
     </span>
    </p>
   </div>
   <div class='ocr_carea' id='block_1_114' title="bbox 2020 5152 3594 5222">
    <p class='ocr_par' dir='ltr' id='par_1_114' title="bbox 2020 5152 3594 5222">
     <span class='ocr_line' id='line_1_114' title="bbox 2020 5152 3594 5222; baseline 0.003 -19"><span class='ocrx_word' id='word_1_861' title='bbox 2020 5164 2167 5204; x_wconf 87' lang='lat' dir='ltr'><strong>mosa</strong></span> <span class='ocrx_word' id='word_1_862' title='bbox 2197 5152 2537 5206; x_wconf 89' lang='lat' dir='ltr'><strong>contentione</strong></span> <span class='ocrx_word' id='word_1_863' title='bbox 2559 5192 2577 5219; x_wconf 94' lang='lat'><strong>,</strong></span> <span class='ocrx_word' id='word_1_864' title='bbox 2605 5166 2706 5206; x_wconf 86' lang='lat' dir='ltr'><strong>nec</strong></span> <span class='ocrx_word' id='word_1_865' title='bbox 2729 5166 2824 5221; x_wconf 91' lang='lat' dir='ltr'><strong>pro</strong></span> <span class='ocrx_word' id='word_1_866' title='bbox 2851 5152 3083 5205; x_wconf 88' lang='lat' dir='ltr'><strong>humano</strong></span> <span class='ocrx_word' id='word_1_867' title='bbox 3111 5152 3310 5221; x_wconf 90' lang='lat' dir='ltr'><strong>pudore</strong></span> <span class='ocrx_word' id='word_1_868' title='bbox 3329 5194 3343 5214; x_wconf 84' lang='lat'><strong>.</strong></span> <span class='ocrx_word' id='word_1_869' title='bbox 3375 5152 3466 5207; x_wconf 87' lang='lat' dir='ltr'><strong>sed</strong></span> <span class='ocrx_word' id='word_1_870' title='bbox 3497 5168 3594 5222; x_wconf 88' lang='lat' dir='ltr'><strong>pro</strong></span> 
     </span>
    </p>
   </div>
   <div class='ocr_carea' id='block_1_115' title="bbox 2018 5241 3593 5310">
    <p class='ocr_par' dir='ltr' id='par_1_115' title="bbox 2018 5241 3593 5310">
     <span class='ocr_line' id='line_1_115' title="bbox 2018 5241 3593 5310; baseline 0.002 -16"><span class='ocrx_word' id='word_1_871' title='bbox 2018 5252 2196 5296; x_wconf 87' lang='lat' dir='ltr'><strong>vestro</strong></span> <span class='ocrx_word' id='word_1_872' title='bbox 2226 5242 2423 5307; x_wconf 80' lang='lat' dir='ltr'><strong>mrorc,</strong></span> <span class='ocrx_word' id='word_1_873' title='bbox 2442 5256 2510 5296; x_wconf 92' lang='lat' dir='ltr'><strong>ne</strong></span> <span class='ocrx_word' id='word_1_874' title='bbox 2538 5241 2621 5296; x_wconf 90' lang='lat' dir='ltr'><strong>vel</strong></span> <span class='ocrx_word' id='word_1_875' title='bbox 2652 5241 2763 5310; x_wconf 89' lang='lat' dir='ltr'><strong>ipsa</strong></span> <span class='ocrx_word' id='word_1_876' title='bbox 2788 5241 3210 5310; x_wconf 88' lang='lat' dir='ltr'><strong>concupiscentia</strong></span> <span class='ocrx_word' id='word_1_877' title='bbox 3238 5242 3413 5297; x_wconf 87' lang='lat' dir='ltr'><strong>carnis</strong></span> <span class='ocrx_word' id='word_1_878' title='bbox 3439 5244 3593 5297; x_wconf 84' lang='lat' dir='ltr'><strong>vitia-</strong></span> 
     </span>
    </p>
   </div>
   <div class='ocr_carea' id='block_1_116' title="bbox 2085 5432 2837 5497">
    <p class='ocr_par' dir='ltr' id='par_1_116' title="bbox 2085 5432 2837 5497">
     <span class='ocr_line' id='line_1_116' title="bbox 2085 5432 2837 5497; baseline 0 -14"><span class='ocrx_word' id='word_1_879' title='bbox 2085 5438 2099 5467; x_wconf 75' lang='grc' dir='ltr'>ί</span> <span class='ocrx_word' id='word_1_880' title='bbox 2135 5434 2205 5484; x_wconf 89' lang='lat' dir='ltr'><strong>sic</strong></span> <span class='ocrx_word' id='word_1_881' title='bbox 2226 5441 2333 5484; x_wconf 76' lang='lat' dir='ltr'><strong>Mss.</strong></span> <span class='ocrx_word' id='word_1_882' title='bbox 2360 5440 2412 5497; x_wconf 56' lang='lat' dir='ltr'><strong>At</strong></span> <span class='ocrx_word' id='word_1_883' title='bbox 2437 5434 2572 5492; x_wconf 87' lang='lat' dir='ltr'><strong>editi,</strong></span> <span class='ocrx_word' id='word_1_884' title='bbox 2592 5432 2837 5497; x_wconf 63' lang='lat' dir='ltr'><strong>patientia.</strong></span> 
     </span>
    </p>
   </div>
   <div class='ocr_carea' id='block_1_117' title="bbox 2083 5493 2839 5557">
    <p class='ocr_par' dir='ltr' id='par_1_117' title="bbox 2083 5493 2839 5557">
     <span class='ocr_line' id='line_1_117' title="bbox 2083 5493 2839 5557; baseline 0 -14"><span class='ocrx_word' id='word_1_885' title='bbox 2083 5500 2103 5528; x_wconf 79' lang='grc'>³</span> <span class='ocrx_word' id='word_1_886' title='bbox 2137 5496 2269 5549; x_wconf 75' lang='lat' dir='ltr'><strong>Editi,</strong></span> <span class='ocrx_word' id='word_1_887' title='bbox 2293 5494 2480 5557; x_wconf 56' lang='lat' dir='ltr'><strong>quibus.</strong></span> <span class='ocrx_word' id='word_1_888' title='bbox 2509 5502 2560 5557; x_wconf 72' lang='lat' dir='ltr'><strong>At</strong></span> <span class='ocrx_word' id='word_1_889' title='bbox 2592 5493 2719 5557; x_wconf 69' lang='lat' dir='ltr'><strong>Mss,</strong></span> <span class='ocrx_word' id='word_1_890' title='bbox 2744 5493 2839 5557; x_wconf 77' lang='lat' dir='ltr'><strong>ubi.</strong></span> 
     </span>
    </p>
   </div>
   <div class='ocr_carea' id='block_1_118' title="bbox 2084 5554 3251 5613">
    <p class='ocr_par' dir='ltr' id='par_1_118' title="bbox 2084 5554 3251 5613">
     <span class='ocr_line' id='line_1_118' title="bbox 2084 5554 3251 5613; baseline 0.003 -9"><span class='ocrx_word' id='word_1_891' title='bbox 2084 5560 2104 5590; x_wconf 84' lang='grc'>³</span> <span class='ocrx_word' id='word_1_892' title='bbox 2137 5557 2252 5605; x_wconf 79' lang='lat' dir='ltr'><strong>Editi</strong></span> <span class='ocrx_word' id='word_1_893' title='bbox 2270 5554 2377 5613; x_wconf 83' lang='lat' dir='ltr'><strong>soli,</strong></span> <span class='ocrx_word' id='word_1_894' title='bbox 2394 5554 2657 5606; x_wconf 78' lang='lat' dir='ltr'><strong>obedientia</strong></span> <span class='ocrx_word' id='word_1_895' title='bbox 2678 5556 3010 5606; x_wconf 76' lang='lat' dir='ltr'><strong>membrorum.</strong></span> <span class='ocrx_word' id='word_1_896' title='bbox 3244 5577 3251 5583; x_wconf 69' lang='grc' dir='ltr'><strong><em>ο</em></strong></span> 
     </span>
    </p>
   </div>
   <div class='ocr_carea' id='block_1_119' title="bbox 2086 5618 3589 5684">
    <p class='ocr_par' dir='ltr' id='par_1_119' title="bbox 2086 5618 3589 5684">
     <span class='ocr_line' id='line_1_119' title="bbox 2086 5618 3589 5684; baseline 0.004 -20"><span class='ocrx_word' id='word_1_897' title='bbox 2086 5620 2103 5649; x_wconf 65' lang='grc' dir='ltr'>ι</span> <span class='ocrx_word' id='word_1_898' title='bbox 2137 5618 2277 5674; x_wconf 64' lang='lat' dir='ltr'><strong>aliti,</strong></span> <span class='ocrx_word' id='word_1_899' title='bbox 2322 5618 2387 5666; x_wconf 86' lang='lat' dir='ltr'><strong>ad</strong></span> <span class='ocrx_word' id='word_1_900' title='bbox 2430 5631 2536 5667; x_wconf 83' lang='lat' dir='ltr'><strong>eam</strong></span> <span class='ocrx_word' id='word_1_901' title='bbox 2569 5625 2870 5680; x_wconf 80' lang='lat' dir='ltr'><strong>postremum.</strong></span> <span class='ocrx_word' id='word_1_902' title='bbox 2911 5620 3209 5684; x_wconf 61' lang='lat' dir='ltr'><strong>Manuscriiti</strong></span> <span class='ocrx_word' id='word_1_903' title='bbox 3253 5635 3346 5671; x_wconf 85' lang='lat' dir='ltr'><strong>non</strong></span> <span class='ocrx_word' id='word_1_904' title='bbox 3390 5621 3589 5679; x_wconf 84' lang='lat' dir='ltr'><strong>habent,</strong></span> 
     </span>
    </p>
   </div>
   <div class='ocr_carea' id='block_1_120' title="bbox 2022 5692 3038 5805">
    <p class='ocr_par' dir='ltr' id='par_1_120' title="bbox 2022 5692 3038 5805">
     <span class='ocr_line' id='line_1_120' title="bbox 2022 5692 3038 5805; baseline 0.013 -21"><span class='ocrx_word' id='word_1_905' title='bbox 2022 5692 2273 5797; x_wconf 53' lang='grc' dir='ltr'><strong>ΜΨῬΑΠΗ,</strong></span> <span class='ocrx_word' id='word_1_906' title='bbox 2297 5751 2543 5801; x_wconf 77' lang='lat' dir='ltr'><strong>generare.</strong></span> <span class='ocrx_word' id='word_1_907' title='bbox 2582 5745 2629 5788; x_wconf 62' lang='lat' dir='ltr'><strong>at</strong></span> <span class='ocrx_word' id='word_1_908' title='bbox 2655 5739 3038 5805; x_wconf 72' lang='lat' dir='ltr'><strong>\zss.,.gmemri.</strong></span> 
     </span>
    </p>
   </div>
  </div>
