4010 6186
343 319 370 342 Ι

409 387 513 443 567

407 510 458 556 to
503 499 750 556 credatur
769 535 793 565 ,-
813 508 868 556 et
894 514 959 554 ex
987 491 1052 554 ea
1083 497 1220 555 trahi
1257 499 1512 572 originale
1541 509 1854 570 peccatum;
1900 503 1984 550 ta-

1005 382 1277 442 CONTRA
1320 385 1498 444 DUAS
1539 381 1912 442 EPISTOLRS
1947 381 1989 436 Ρ

2098 379 2379 436 \GlANUli
2391 380 2504 445 ΗΜ,
2545 379 2602 434 S.
2647 377 3008 436 AUCUSTlNl

3569 381 3674 438 868

2097 495 2242 566 quod
2261 493 2372 564 jam
2399 495 2810 549 commemoravi
2835 493 3032 549 dixisse
3056 494 3364 556 Dominum,
3398 495 3564 550 Nemo
3584 513 3674 563 po-

410 591 515 648 lem
540 602 760 660 prorsus
783 591 953 662 qualis
971 607 1116 646 nunc
1138 601 1226 648 est
1243 629 1258 658 ,
1293 593 1344 647 in
1366 593 1670 664 paradisum
1695 589 1998 648 conamini"
2093 597 2185 642 test
2229 585 2396 640 uenire
2429 588 2498 638 ad
2524 601 2634 652 me,
2666 585 2805 655 quod
2835 585 3142 655 intelligitur
3161 629 3176 653 ,
3203 585 3437 642 Credere
3462 587 3513 641 in
3545 602 3630 642 me
3654 603 3672 655 ;

405 680 728 752 disputando
747 691 1000 737 revocare
1021 720 1038 748 ,
1063 695 1287 752 eamque
1312 681 1423 737 illic
1445 697 1566 738 esse
1588 682 1827 752 potuisse
1853 693 1987 734 con-

2094 673 2191 731 nisi
2211 677 2258 730 ei
2281 676 2456 728 datum
2483 676 2638 747 fuerit
2663 691 2694 727 ιι
2724 674 2879 728 Patre
2905 691 3012 728 meo
3033 674 3210 748 (Joan.
3240 688 3312 742 vt,
3340 675 3460 759 (.56)?
3483 671 3671 732 Utrum

406 769 626 826 tendere
651 806 668 836 ,
715 785 873 840 quam
927 768 1012 826 vel
1071 779 1284 841 semper
1333 779 1642 842 sequeretur
1708 768 1986 824 inhonesta
2088 765 2199 836 jam
2264 764 2460 822 volenti
2523 765 2744 822 credere
2783 779 2882 836 pro
2936 763 3139 820 meritis
3191 766 3346 820 bona:
3389 767 3676 822 voluntatis

405 860 796 926 consensio,vel
809 860 1092 932 aliquando
1105 871 1379 918 coerceret
1394 859 1690 917 miseranda
1701 858 1987 916 dissensio.

405 953 516 1009 Nos
539 961 718 1010 autern
745 969 854 1010 non
881 953 1106 1008 multum
1132 967 1382 1010 curamus
1403 951 1530 1024 quid
1550 966 1644 1008 vos
1663 951 1730 1007 de
1753 951 1842 1006 illa
1865 963 1990 1006 sen-

405 1042 511 1100 tire
533 1043 783 1102 delectet.
808 1044 1078 1116 Quidquid
1103 1053 1282 1102 tamen
1305 1047 1576 1102 hominum
1601 1055 1698 1115 per
1721 1041 1864 1099 illam
1889 1057 1988 1098 na-

404 1136 572 1192 scitur
596 1171 612 1204 ,
655 1135 702 1192 si
745 1151 851 1192 non
889 1145 1234 1202 renascatur,
1276 1137 1393 1192 sine
1421 1135 1749 1192 dubitatione
1773 1135 1992 1191 damna-

407 1235 494 1280 tur
515 1267 532 1292 ,
572 1234 628 1282 et
664 1239 888 1282 necesse
913 1233 999 1282 est
1021 1241 1140 1282 esse
1167 1227 1269 1291 sub
1295 1226 1508 1282 diabolo
1525 1266 1540 1292 ,
1569 1224 1618 1280 si
1644 1239 1750 1280 non
1777 1223 1902 1280 inde
1927 1222 1992 1280 li-

406 1315 624 1372 beretur
645 1332 674 1370 ιι
700 1315 933 1374 Christo.

477 1406 704 1464 CAPUT
746 1407 930 1464 XVIII.
972 1437 1044 1450 —
1086 1409 1175 1466 56.
1225 1409 1421 1478 Quarta
1461 1407 1662 1464 Iuliani
1688 1408 1949 1463 antithesis
1971 1449 1988 1474 ,

407 1497 544 1568 quod
571 1497 720 1552 homo
747 1497 812 1552 sit
835 1497 928 1552 Dei
949 1515 1098 1570 Opus,
1113 1515 1204 1552 nec
1228 1515 1292 1553 ea:
1317 1499 1456 1553 illius
1481 1498 1702 1570 potentia
1722 1498 1799 1552 vel
1811 1501 1863 1552 tn
1882 1511 1992 1552 ma-

408 1589 514 1642 lum
534 1588 614 1642 vel
634 1589 688 1642 in
713 1587 898 1642 bonum
924 1598 1154 1661 vagatur.
1185 1609 1205 1643 ι
1239 1589 1493 1644 Homines
1514 1630 1530 1655 ,
1568 1605 1588 1642 ι
1619 1589 1816 1660 inquit,
1850 1605 1870 1640 ι
1897 1587 1992 1644 Dei

405 1693 540 1748 opus
582 1691 701 1733 esse
743 1677 1076 1734 defendimus
1117 1697 1130 1734 :
1171 1694 1272 1736 nec
1305 1693 1372 1735 ex
1401 1677 1542 1733 illius
1567 1677 1802 1748 potentia
1827 1676 1911 1733 vel
1937 1677 1990 1732 in

407 1767 603 1824 malum
637 1767 722 1823 vel
765 1768 819 1824 in
842 1767 1040 1824 bonum
1065 1769 1284 1824 invitum
1308 1769 1540 1840 aliquem
1565 1769 1714 1840 cogi;
1745 1767 1838 1824 sed
1866 1782 1988 1838 pro-

407 1858 521 1926 pris
566 1859 866 1926 voluntate,
905 1867 999 1913 aut
1038 1859 1236 1914 bonum
1283 1859 1488 1926 facere,
1531 1867 1624 1914 aut
1665 1859 1862 1913 malum
1893 1875 1906 1911 :
1937 1859 1989 1914 in

405 1948 550 2002 bono
591 1962 718 2004 vero
755 1963 918 2018 Opere
963 1963 994 2004 a
1039 1949 1131 2004 Dei
1177 1949 1343 2020 gratia
1387 1964 1600 2020 semper
1631 1948 1908 2020 adjuvari,
1937 1948 1990 2004 in

406 2037 604 2094 malum
629 2054 758 2095 vero
784 2039 980 2095 diaboli
1006 2040 1430 2111 suggestionibus
1459 2039 1686 2096 incitari.
1716 2057 1736 2092 ι
1770 2037 1853 2095 Ad
1879 2038 1994 2094 haec

405 2130 825 2200 respondemus,
877 2130 1130 2187 Homines
1173 2145 1292 2186 esse
1333 2143 1470 2202 opus
1500 2130 1628 2198 Dei,
1657 2130 1710 2185 in
1735 2137 1991 2202 quantum

407 2219 654 2275 homines
677 2228 805 2274 sunt
825 2238 841 2285 ;
869 2219 964 2276 sed
989 2221 1086 2276 sub
1109 2219 1322 2276 diabolo
1347 2235 1488 2288 esse,
1515 2219 1570 2275 in
1591 2230 1846 2291 quantum
1868 2235 1994 2290 pec-
2017 2290 2022 2296 _

407 2320 616 2365 autores
656 2319 786 2364 sunt
807 2350 824 2376 ,
869 2311 970 2366 nisi
998 2321 1255 2366 eruantur
1297 2309 1420 2366 inde
1455 2325 1550 2382 per
1575 2325 1698 2366 eum
1719 2351 1735 2376 ,
1765 2309 1855 2380 qui
1885 2325 1991 2365 non

411 2401 482 2455 ob
505 2399 649 2455 aliud
679 2399 848 2456 factus
873 2410 957 2456 est
983 2401 1124 2458 inter
1147 2401 1314 2456 Deum
1339 2409 1394 2457 et
1420 2400 1664 2458 homines
1691 2401 1952 2456 mediator
1974 2441 1991 2466 ,

407 2489 510 2546 nisi
537 2489 660 2560 quia
688 2503 753 2546 ex
781 2491 1086 2546 hominibus
1113 2506 1218 2546 non
1248 2491 1418 2561 potuit
1445 2503 1565 2548 esse
1591 2501 1857 2562 peccator.
1883 2491 1996 2548 Nec

407 2594 473 2637 ex
519 2580 615 2636 Dei
655 2581 885 2651 potentia
909 2581 996 2637 vel
1033 2581 1090 2636 in
1119 2581 1314 2637 malum
1340 2581 1423 2638 vel
1451 2583 1506 2637 in
1542 2579 1740 2637 bonum
1767 2581 1992 2636 invitum

406 2671 636 2742 aliquem
659 2673 818 2743 cogi;
857 2671 949 2728 sed
979 2671 1089 2728 Deo
1125 2672 1408 2729 deserente
1451 2689 1548 2744 pro
1586 2673 1790 2729 meritis
1819 2673 1898 2728 ire
1939 2673 1993 2728 in

406 2763 606 2818 malum
633 2802 650 2828 ,
699 2771 754 2818 et
793 2763 909 2820 Deo
945 2762 1229 2834 adjuvante
1269 2764 1386 2820 sine
1424 2765 1627 2820 meritis
1665 2766 1902 2821 converti
1926 2765 1994 2822 ad

406 2854 624 2909 bonum.
641 2853 752 2908 Non
769 2854 910 2908 enim
930 2863 1014 2911 est
1041 2855 1202 2910 homo
1233 2857 1402 2912 bonus
1424 2855 1469 2912 si
1500 2857 1663 2924 nolit;
1705 2857 1800 2914 sed
1825 2857 1993 2929 gratia

409 2945 500 3000 Dei
552 2947 709 3000 etiam
737 2947 802 3001 ad
843 2947 945 3004 hoc
969 2948 1250 3017 adjuvatur
1287 2957 1340 3004 ut
1381 2949 1506 3004 velit
1540 2967 1554 3005 :
1584 2950 1832 3020 quoniam
1883 2966 1993 3006 non

408 3035 636 3092 inaniter
671 3035 928 3106 scriptum
967 3049 1082 3104 est,
1130 3038 1267 3094 Deus
1302 3049 1375 3094 est
1401 3041 1535 3094 enim
1557 3042 1644 3114 qui
1681 3027 1918 3111 operatur
1941 3043 1995 3098 in

408 3126 545 3180 vobis
563 3127 648 3179 ἐι
679 3126 805 3181 velte
827 3134 876 3181 et
898 3127 1120 3198 operari,
1148 3143 1242 3200 pro
1267 3129 1398 3183 bona
1439 3129 1696 3186 uoluntate
1730 3121 1993 3204 (Philipp.

408 3231 480 3281 ιι,
516 3217 642 3285 l5);
668 3224 742 3284 et,
767 3215 1096 3289 Prcparatur
1113 3217 1346 3274 uoluntas
1371 3235 1404 3274 a
1425 3217 1643 3276 Domino
1664 3219 1850 3290 (Prov.
1880 3239 1991 3291 νιιι,

409 3325 506 3364 sec.
536 3309 727 3382 LXX).

479 3399 708 3460 CAPUT
768 3398 913 3460 XIX.
943 3435 1014 3446 —
1055 3401 1170 3472 57.,
1213 3403 1426 3462 Initium
1489 3407 1634 3464 bona:
1681 3409 1992 3479 voluntatis,

413 3490 603 3544 donum
630 3493 826 3562 gratiae.
879 3489 1056 3549 Venire
1091 3493 1160 3548 ad
1195 3491 1450 3552 Christum
1501 3505 1576 3554 est
1627 3497 1852 3554 credere.
1906 3497 1994 3554 Vis

409 3582 609 3652 gratia.
655 3581 765 3638 Vos
792 3591 968 3640 autem
1011 3583 1062 3639 in
1104 3585 1244 3642 bono
1289 3601 1451 3657 opere
1488 3591 1566 3644 sic
1601 3590 1798 3658 putatis
1843 3587 1996 3660 adju-

409 3671 522 3726 vari
575 3671 840 3728 hominem
879 3675 1044 3746 gratia
1095 3675 1214 3743 Dei,
1265 3687 1334 3732 ut.
1366 3677 1418 3733 in
1467 3679 1743 3736 excitanda
1781 3679 1898 3752 ejus
1925 3679 1993 3736 ad

411 3763 584 3832 ipsum
606 3763 801 3819 bonum
828 3780 960 3835 opus
990 3765 1288 3829 voluntate,
1319 3768 1448 3822 nihil
1475 3785 1592 3824 eam
1615 3769 1846 3826 credatis
1865 3786 1992 3841 ope-

407 3855 536 3908 rari.
581 3854 733 3922 Quod
772 3856 900 3910 satis
942 3851 1052 3925 ipsa
1101 3866 1188 3913 tua
1219 3859 1378 3914 verba
1405 3859 1694 3917 declarant.
1719 3863 1826 3918 Cur
1849 3865 1992 3920 enim

409 3959 516 4000 non
536 3945 711 4001 dixisti
735 3988 752 4012 ,
779 3947 1050 4002 hominem
1079 3949 1168 4003 Dei
1192 3951 1359 4018 gratia
1390 3949 1443 4004 in
1471 3951 1668 4008 bonum
1696 3969 1837 4023 opus
1850 3953 1996 4010 exci-

409 4037 508 4092 tari
533 4080 548 4103 ,
573 4038 708 4092 sicut
735 4037 910 4094 dixisti
935 4081 951 4105 ,
988 4058 1008 4092 ι
1042 4039 1094 4096 ἰη
1123 4041 1318 4098 malum
1343 4041 1535 4098 diaboli
1565 4047 1993 4116 snggestionibus

407 4126 650 4192 incitari;
678 4147 708 4194 ,ι
751 4128 843 4184 sed
889 4129 1041 4195 aisti,
1075 4149 1096 4184 ι
1143 4132 1194 4188 in
1241 4131 1380 4188 bono
1423 4149 1588 4204 Opere
1625 4151 1654 4190 a
1697 4133 1788 4193 Dei
1824 4141 1992 4210 gratia

407 4236 620 4290 semper
663 4220 952 4290 adjuvari!
1001 4239 1021 4275 ι
1071 4233 1318 4296 tanquam
1362 4241 1457 4282 sua
1502 4227 1800 4297 voluntate,
1851 4231 1993 4287 nulla

410 4311 503 4364 Dei
531 4311 699 4380 gratia
728 4311 924 4367 bonum
955 4325 1090 4384 opus
1113 4329 1426 4386 aggressus,
1463 4317 1512 4372 in
1544 4319 1660 4388 ipso
1683 4319 1794 4390 jam
1831 4334 1996 4390 opere

409 4400 663 4456 divinitus
698 4402 1012 4472 adjuvetur,
1059 4417 1154 4472 pro
1197 4407 1402 4461 meritis
1441 4405 1686 4465 videlicet
1707 4411 1996 4468 voluntatis

411 4491 604 4558 home;
647 4499 708 4546 ut
742 4491 1001 4550 reddatur
1025 4493 1200 4551 debita
1229 4499 1394 4567 gratia
1419 4539 1435 4564 ,
1463 4515 1570 4554 non
1596 4501 1825 4556 donetur
1845 4503 1997 4560 iude-

411 4580 520 4636 hita
551 4596 566 4634 :
609 4595 673 4636 ac
711 4581 790 4636 sic
815 4583 982 4654 gratia
1007 4583 1118 4654 jam
1148 4598 1254 4640 non
1283 4587 1352 4640 sit
1377 4591 1545 4658 gratia
1572 4589 1746 4658 (Rom.
1780 4607 1865 4658 ιιι,
1897 4595 1951 4664 ϐ)
1977 4610 1993 4660 ;

410 4671 505 4728 sed
548 4671 616 4726 sit
651 4671 780 4727 illud
812 4673 952 4743 quod
983 4666 1226 4746 Pelagius
1253 4675 1306 4731 in
1329 4676 1527 4747 judicio
1556 4679 1840 4736 Palaestino
1870 4681 1996 4738 licto

411 4765 572 4841 corde
599 4763 906 4832 damnavit,
935 4762 1156 4838 gratiam
1180 4767 1271 4822 Dei
1293 4767 1583 4824 secundum
1606 4772 1791 4827 merita
1815 4783 1995 4841 nostra

410 4857 522 4910 dari
555 4857 650 4928 (α).
693 4856 786 4910 Dic
811 4856 938 4912 mihi
958 4899 974 4924 ,
1003 4857 1227 4914 obsecro
1250 4899 1264 4924 ,
1292 4858 1420 4930 quid
1453 4861 1576 4916 boni
1603 4861 1796 4918 Paulus
1820 4864 1996 4920 adhuc

410 4949 605 5004 Saulus
628 4990 642 5011 ,
671 4949 876 5005 volebat
900 4991 914 5015 ,
941 4965 1005 5006 ac
1032 4967 1135 5004 non
1167 4951 1340 5022 potius
1369 4967 1558 5024 magna
1589 4954 1725 5008 mala
1745 4997 1758 5018 ,
1783 4955 1996 5026 quando

409 5040 618 5106 spirans
643 5039 846 5095 caedent
873 5040 1128 5112 pergebat
1150 5041 1218 5096 ad
1243 5041 1530 5098 vastandos
1555 5041 1821 5100 horrenda
1847 5061 1999 5101 men-

412 5135 480 5187 tis
526 5132 765 5188 cmcitate
806 5147 868 5189 ac
913 5133 1090 5190 furore
1134 5133 1509 5190 Christianos?
1545 5135 1749 5206 Quibus
1791 5141 1996 5196 meritis

413 5222 565 5277 bona:
591 5223 876 5278 voluntatis
903 5224 1041 5280 Deus
1067 5224 1216 5284 illum
1246 5225 1314 5281 ab
1339 5225 1425 5282 his
1447 5227 1596 5283 malis
1617 5227 1684 5283 ad
1709 5229 1868 5294 bona,
1896 5229 1998 5284 mi-

411 5313 562 5366 rabili
583 5321 641 5368 et
664 5315 936 5384 repentina
967 5315 1244 5372 vocatione
1263 5317 1527 5373 convertit
1553 5317 1688 5391 (Act.
1712 5319 1800 5392 ix)
1817 5319 1841 5373 ?
1858 5319 1996 5388 Quid

410 5416 510 5470 ego
538 5402 710 5458 dicam
731 5445 746 5469 ,
772 5405 965 5474 quibus
986 5407 1188 5463 meritis
1209 5449 1224 5473 ,
1252 5422 1374 5463 cum
1398 5409 1510 5479 ipse
1528 5410 1754 5475 clamet,
1787 5409 1911 5466 Non
1933 5427 1997 5466 ea:

409 5495 642 5558 (ψειὲὺηο
674 5496 884 5562 iustitia:
917 5513 1030 5566 qua:
1053 5515 1144 5552 nos
1176 5499 1386 5570 ferimus
1405 5540 1420 5566 ,
1446 5501 1536 5554 sed
1557 5501 1832 5556 secundum
1852 5519 1994 5556 suam

411 5586 805 5640 misericordiam
837 5590 1002 5643 sulcos
1041 5605 1132 5644 nos
1159 5591 1278 5660 fecit
1304 5590 1430 5662 (Tit.
1462 5607 1518 5646 tu
1543 5633 1556 5658 ,
1585 5593 1680 5661 5)?
1705 5593 1839 5663 Quid
1869 5593 1992 5649 illud

475 5677 505 5754 ξ’
526 5690 598 5737 sic
621 5695 726 5754 Mss.
754 5691 974 5754 Ateditt,
999 5689 1047 5740 in
1071 5689 1298 5754 paradiso
1320 5691 1622 5744 conabimini.

471 5751 491 5781 ⁸
525 5757 652 5806 “se...
675 5751 724 5800 in
747 5751 892 5801 nolis.

473 5812 541 5874 (α)
575 5823 720 5876 supra
736 5849 750 5872 ,
773 5811 861 5862 lit).
885 5814 947 5862 de
971 5815 1126 5865 uestis
1149 5813 1344 5878 Pelagii,
1365 5829 1412 5865 ιι.
1436 5816 1514 5865 50.

2094 859 2198 916 hoc
2233 858 2392 916 datur
2424 877 2438 912 :
2473 875 2540 916 an
2569 862 2741 932 potius
2766 871 2820 917 ut
2849 857 3062 928 credat,
3095 863 3207 934 ipsa
3238 859 3514 932 voluntas,
3540 865 3676 918 sicut

2093 948 2270 1017 Sauli,
2309 949 2540 1020 desuper
2573 952 2870 1020 excitatur,
2912 953 3072 1008 etiam
3104 953 3148 1008 si
3179 963 3284 1007 tam
3311 955 3380 1010 sit
3402 969 3620 1009 aversus
3643 969 3674 1008 ι

2095 1037 2202 1096 ﬁde
2223 1081 2240 1108 ,
2284 1049 2344 1096 ut
2379 1038 2660 1100 credentes
2692 1045 2852 1100 etiam
2893 1045 3282 1116 persequatur?
3311 1044 3505 1117 thuid
3531 1048 3674 1102 enim

2097 1127 2252 1188 nobis
2290 1131 2545 1188 Dominus
2583 1133 2870 1204 praecepit,
2901 1142 2962 1190 ut
2988 1149 3201 1191 oremus
3226 1150 3324 1206 pro
3349 1137 3428 1193 eis
3460 1137 3549 1207 qui
3577 1153 3677 1193 nos

2097 1233 2484 1295 persequuntur
2511 1222 2721 1298 (Matth.
2750 1242 2786 1280 v
2807 1267 2822 1292 ,
2849 1224 2983 1298 tu)?
3005 1225 3270 1298 Numquid
3296 1227 3397 1282 hoc
3421 1243 3633 1283 oramus
3655 1270 3673 1296 ,

2095 1321 2155 1368 ut
2193 1315 2270 1370 eis
2308 1329 2404 1384 pro
2433 1315 2568 1370 bona
2593 1329 2776 1370 eorum
2802 1317 3073 1373 voluntate
3096 1318 3261 1388 gratia
3295 1318 3386 1374 Dei
3418 1318 3676 1375 retribua-

2095 1414 2182 1460 tur
2202 1447 2218 1472 ,
2261 1417 2325 1460 ac
2363 1420 2469 1460 non
2494 1407 2672 1476 potius
2697 1415 2754 1462 ut
2779 1407 2914 1462 mala
2947 1407 2999 1462 in
3024 1409 3220 1463 bonum
3248 1408 3492 1463 voluntas
3515 1409 3628 1478 ipsa
3654 1409 3674 1442 ί

2095 1495 2372 1551 mutetur?
2406 1494 2559 1552 Sicut
2595 1497 2862 1552 credimus
2885 1539 2900 1562 ,
2943 1507 3067 1554 tunc
3101 1513 3132 1552 a
3160 1501 3366 1554 sanctis
3393 1516 3527 1570 quos
3555 1517 3680 1570 per-

2093 1583 2436 1654 sequebatur,
2468 1595 2574 1640 non
2601 1587 2831 1641 inaniter
2853 1595 3062 1642 oratum
3088 1603 3207 1643 esse
3231 1604 3326 1658 pro
3354 1589 3513 1644 Saulo
3537 1589 3672 1662 (Act.

2097 1687 2166 1728 vn
2191 1716 2206 1740 ,
2243 1673 2370 1744 59),
2409 1682 2470 1729 ut
2506 1675 2573 1730 ad
2606 1675 2762 1730 ﬁdem
2791 1692 2949 1747 quam
2977 1678 3256 1746 vastabat,
3285 1679 3531 1734 voluntas
3559 1681 3678 1750 ejus

2096 1775 2517 1822 converteretur.
2563 1765 2632 1822 Et
2678 1765 2819 1824 illius
2839 1763 3074 1839 ‘quidem
3120 1771 3402 1826 conversio
3447 1769 3680 1842 desuper

2095 1854 2254 1921 facta,
2289 1855 2572 1912 manifesto
2598 1858 2758 1912 etiam
2785 1859 3042 1913 miraculo
3061 1861 3326 1930 apparuit.
3354 1859 3520 1929 Quam
3543 1861 3680 1917 mul-

2098 1944 2136 1999 ti
2176 1943 2375 2000 inimici
2416 1943 2614 2001 Christi
2647 1947 2884 2016 quotidie
2921 1949 3096 2004 subito
3135 1949 3228 2004 Dei
3276 1949 3479 2006 occulta
3509 1952 3679 2022 gratia

2095 2035 2378 2090 trahuntur
2427 2037 2493 2090 ad
2545 2035 2862 2092 Christum?
2911 2037 3064 2107 Quod
3111 2039 3332 2095 verbum
3378 2041 3422 2096 si
3470 2056 3574 2094 non
3612 2057 3678 2098 ex

2094 2121 2386 2196 Evangelio
2426 2127 2720 2196 posuissem
2739 2168 2756 2196 ,
2782 2137 2978 2198 quanta
3017 2128 3086 2184 de
3115 2143 3200 2184 me
3222 2137 3440 2200 propter
3460 2131 3560 2186 hoc
3581 2131 3683 2187 iste

2094 2217 2354 2285 dixisset;
2397 2233 2515 2273 cum
2561 2218 2720 2276 etiam
2763 2236 2906 2278 nunc
2929 2222 3226 2280 obluctetur
3251 2240 3356 2279 non
3385 2225 3512 2281 mihi
3536 2267 3553 2292 ,
3583 2227 3680 2282 sed

2097 2307 2170 2362 illi
2193 2309 2282 2378 qui
2303 2309 2534 2376 clamat,
2563 2307 2728 2366 Nemo
2756 2320 2917 2381 potest
2944 2315 3111 2368 venire
3136 2315 3206 2368 ad
3229 2331 3338 2382 me,
3367 2317 3463 2371 nisi
3494 2313 3679 2384 Pater,

2095 2397 2182 2466 qui
2221 2397 2356 2451 misit
2398 2415 2506 2464 me,
2533 2400 2750 2469 traxerit
2775 2415 2889 2456 eum
2915 2403 3092 2475 (Joan.
3121 2419 3207 2469 vt,
3236 2405 3330 2474 44)
3351 2405 3375 2460 ?
3397 2405 3510 2460 Non
3535 2407 3682 2463 enim

2095 2487 2203 2552 ait,
2254 2485 2506 2555 Duxerit,
2538 2500 2596 2546 ut
2633 2490 2740 2546 illic
2767 2491 2946 2562 aliquo
2977 2493 3136 2549 modo
3164 2495 3516 2566 intelligamus
3545 2513 3686 2567 prae-

2096 2578 2290 2634 cedere
2317 2579 2664 2637 Voluntatem.
2693 2581 2823 2650 Quis
2849 2583 3108 2652 trahitur,
3137 2587 3180 2640 si
3202 2586 3311 2656 jam
3335 2587 3586 2642 volebat?
3613 2589 3686 2644 Et.

2097 2675 2275 2722 tamen
2323 2683 2484 2724 nemo
2531 2671 2714 2737 venit,
2763 2673 2860 2727 nisi
2908 2673 3052 2728 velit.
3095 2673 3347 2730 Trahitur
3373 2692 3503 2747 ergo
3531 2677 3684 2732 miris
3791 2715 3799 2722 -

2099 2755 2271 2812 modis
2307 2767 2363 2811 ut
2399 2757 2564 2827 velit,
2605 2759 2672 2814 ab
2701 2760 2792 2816 illo
2817 2763 2905 2832 qui
2935 2765 3080 2818 novit
3107 2763 3248 2818 intus
3272 2765 3324 2820 in
3353 2766 3482 2836 ipsis
3509 2765 3685 2821 homi-

2098 2861 2225 2904 num
2269 2850 2522 2907 cordibus
2557 2854 2802 2922 operari,
2849 2871 2955 2910 non
2995 2862 3053 2910 ut
3081 2853 3323 2912 homines
3346 2899 3363 2924 ,
3393 2858 3534 2928 quod
3566 2857 3684 2915 ﬁeri

2099 2953 2204 2994 non
2237 2951 2442 3009 potest,
2472 2943 2715 3000 nolentes
2742 2944 3000 3013 credant,
3027 2945 3118 3004 sed
3143 2957 3200 3002 ut
3224 2945 3462 3005 volentes
3489 2965 3555 3005 ex
3586 2965 3682 3006 no-

2099 3032 2330 3088 lentibus
2359 3035 2504 3090 (iant.
3256 3048 3261 3054 '

2170 3123 2396 3180 CAPUT
2441 3123 2558 3180 XX.
2604 3158 2673 3168 —
2716 3128 2806 3185 38.
2848 3125 3040 3185 Gratia
3070 3127 3164 3185 Dei
3195 3131 3264 3185 vis
3287 3127 3678 3186 demonstratur.

2099 3209 2212 3270 Hoc
2240 3227 2423 3270 verum
2445 3230 2565 3271 esse
2586 3231 2693 3272 non
2720 3219 3024 3288 conjectura
3051 3221 3384 3290 suspicamur
3413 3221 3640 3274 humana
3659 3261 3680 3287 ,

2097 3307 2190 3363 sed
2213 3306 2611 3363 evidentissima
2633 3307 2928 3364 divinarum
2951 3309 3344 3379 Scripturarum
3365 3311 3684 3366 auctoritate

2095 3396 2476 3467 dignoscimus.
2524 3396 2741 3468 Legitur
2787 3399 2838 3454 in
2882 3399 3325 3470 Paralipomenon
3371 3401 3566 3456 libris:
3610 3400 3682 3454 Et

2096 3489 2299 3558 quidem
2341 3489 2394 3543 in
2433 3487 2576 3543 Iuda
2603 3493 2740 3562 facta
2762 3501 2837 3546 est
2861 3507 3039 3545 manus
3069 3491 3189 3554 Dei.
3221 3501 3275 3544 ut
3300 3491 3438 3545 daret
3467 3493 3570 3546 illis
3595 3509 3684 3547 cor

2096 3595 2274 3646 unum,
2299 3589 2353 3633 ut
2373 3580 2593 3649 facerent
2608 3591 2922 3651 pra’ceptum
2943 3583 3074 3654 regis
3094 3594 3141 3635 et
3158 3581 3439 3652 principum
3461 3583 3513 3635 in
3536 3585 3682 3637 verba

2097 3667 2305 3724 Domini
2343 3667 2405 3742 (ll
2450 3667 2574 3724 Par.
2605 3687 2738 3737 xxx,
2769 3667 2877 3742 12).
2913 3670 3042 3726 Item
3072 3686 3170 3742 per
3195 3671 3530 3726 Ezechielem
3559 3688 3682 3742 pro-

2097 3763 2310 3834 phetam
2343 3763 2596 3818 Dominus
2619 3764 2746 3818 dicit
2779 3783 2792 3819 :
2824 3763 2970 3818 Dabo
3005 3765 3077 3818 eis
3113 3780 3201 3818 cor
3237 3764 3410 3829 aliud,
3451 3775 3496 3818 et
3523 3764 3678 3834 spiri-

2097 3865 2204 3910 tum
2242 3871 2424 3910 noeum
2459 3851 2589 3910 dabo
2626 3857 2726 3922 eis,
2767 3866 2814 3910 et
2850 3856 3058 3912 evellam
3095 3873 3184 3910 cor
3219 3872 3390 3909 eorum
3423 3855 3682 3922 lapideum

2097 3947 2161 4002 de
2196 3963 2346 4002 carne
2381 3963 2584 4014 eorum,
2624 3949 2670 4001 et
2707 3946 2837 4001 dabo
2869 3947 2938 4002 eis
2969 3944 3055 4001 cor
3082 3963 3319 4000 corneum
3341 3964 3362 4012 ;
3383 3957 3434 4000 ut
3462 3947 3514 4000 in
3545 3963 3682 4015 prc-

2095 4039 2252 4110 ceptis
2305 4039 2426 4093 meis
2473 4038 2756 4104 ambulent,
2811 4045 2855 4093 et
2896 4038 3288 4109 justi/icationcs
3333 4055 3470 4090 nicas
3515 4036 3681 4092 obser-

2097 4141 2208 4186 vent
2231 4171 2246 4198 ,
2299 4139 2346 4185 et
2397 4131 2586 4202 faciant
2624 4147 2709 4185 eas
2747 4129 2959 4202 (Ezech.
2999 4147 3164 4186 nam
3187 4171 3202 4198 ,
3241 4128 3348 4196 26,
3387 4129 3500 4201 27).
3542 4129 3680 4196 Quid

2097 4231 2183 4276 est
2231 4230 2406 4275 autem
2458 4219 2600 4292 quod
2654 4219 2848 4276 Esther
2886 4216 2976 4276 illa
3015 4221 3194 4291 regina
3233 4230 3387 4287 orat,
3427 4228 3484 4276 et
3516 4221 3679 4286 dicit,

2098 4311 2183 4365 Da
2219 4327 2496 4366 sermonem
2534 4311 2832 4366 concinnum
2874 4313 2928 4367 in
2965 4329 3021 4368 os
3057 4330 3223 4368 meum
3249 4355 3264 4380 ,
3304 4321 3349 4367 et
3387 4313 3531 4368 verba
3568 4331 3686 4369 mea

2097 4401 2326 4472 clari/ica
2379 4403 2432 4457 in
2470 4413 2738 4474 conspectu
2776 4401 2967 4472 leonis,
3007 4414 3055 4460 et
3091 4414 3320 4459 converte
3357 4421 3444 4460 cor
3477 4406 3590 4473 eius
3629 4407 3684 4461 in

2098 4493 2274 4548 odium
2309 4495 2656 4567 impugnantis
2693 4497 2824 4550 nos?
2863 4495 3055 4567 thuid
3096 4497 3193 4551 ista
3233 4497 3286 4550 in
3325 4498 3565 4552 oratione
3603 4499 3687 4553 di-

2099 4583 2171 4639 cit
2221 4585 2365 4648 Deo,
2423 4585 2466 4639 si
2516 4601 2618 4638 non
2659 4595 2908 4656 operatur
2949 4586 3088 4642 Deus
3127 4587 3176 4640 in
3215 4587 3470 4643 cordibus
3505 4587 3686 4644 homi-

2100 4692 2225 4732 num
2272 4675 2640 4732 voluntatem?
2681 4676 2784 4733 Sed
2826 4676 2963 4732 [οι-ιθ
3002 4678 3103 4733 hoc
3148 4679 3338 4733 mulier
3373 4679 3689 4750 insipienter

2097 4769 2289 4824 oravit.
2317 4767 2604 4825 Videamus
2627 4785 2754 4842 ergo
2779 4779 2954 4824 utrum
2983 4769 3212 4826 inaniter
3239 4773 3545 4842 prmmissus
3573 4772 3688 4830 lue-

2099 4863 2170 4918 rit
2193 4863 2398 4918 orantis
2441 4862 2664 4918 allectus
2686 4903 2703 4930 ,
2735 4871 2793 4920 ct;
2835 4871 3156 4918 consecutus
3202 4879 3309 4918 non
3340 4863 3498 4918 fuerit
3523 4879 3686 4918 exau-

2099 4953 2298 5010 dientis
2335 4953 2575 5010 clIectus.
2605 4953 2742 5009 Ecce
2767 4953 3061 5024 ingreditur
3086 4954 3152 5008 ad
3184 4969 3386 5025 regem.
3416 4955 3494 5012 Ne
3521 4956 3687 5012 multa

2099 5043 2358 5100 dicamus.
2391 5044 2460 5100 Et
2485 5032 2606 5114 quia
2636 5058 2740 5098 non
2763 5044 2952 5099 ordine
2979 5059 3076 5098 suo
3102 5045 3528 5115 ingrediebatur,
3570 5061 3687 5102 ma.

2099 5151 2200 5207 gna
2251 5136 2567 5191 necessitate
2607 5135 2918 5204 compulsa,
2967 5135 3186 5190 intuitus
3225 5146 3305 5190 est
3351 5151 3468 5191 eam
3493 5178 3510 5204 ,
3551 5139 3690 5192 sicut

2098 5228 2354 5298 scriptum
2401 5235 2521 5295 est,
2568 5227 2714 5282 velut
2761 5235 2946 5282 taurus
2984 5226 3036 5281 in
3080 5227 3276 5297 impetu
3309 5229 3690 5299 indignationis

2099 5333 2228 5374 suae.
2263 5319 2328 5373 Et
2357 5319 2530 5372 timuit
2557 5318 2736 5389 regina
2757 5357 2772 5382 ,
2804 5325 2856 5372 et
2875 5331 3170 5372 conversus
3189 5327 3270 5372 cst
3287 5319 3435 5373 color
3454 5320 3574 5389 ejus
3595 5335 3687 5390 per

2099 5409 2500 5466 dissolutionem
2525 5451 2540 5476 ,
2587 5417 2644 5466 et
2685 5409 2960 5464 inclinavit
2993 5422 3053 5464 se
3077 5424 3238 5478 super
3260 5422 3419 5481 caput
3447 5412 3687 5467 delicata:

2101 5515 2245 5568 sum,
2293 5517 2414 5572 qua:
2454 5501 2786 5570 praecedebat
2825 5517 2968 5556 eam.
3011 5501 3076 5558 Et
3117 5504 3380 5557 convertit
3424 5502 3593 5568 Deus,
3631 5510 3686 5557 et

2102 5594 2366 5647 transtulit
2417 5594 2830 5665 indignationem
2873 5597 2988 5668 ejus
3034 5597 3086 5652 in
3133 5597 3426 5652 lenitatem.
3461 5593 3686 5650 Jamse-

2100 5685 2314 5756 quentia
2343 5701 2765 5742 commemorare
2793 5689 2919 5758 quid
2944 5705 3076 5760 opus
3097 5699 3213 5755 est,
3241 5687 3328 5742 uhi
3354 5687 3518 5742 Deum
3543 5701 3684 5741 com-

2171 5819 2185 5852 ί
2220 5818 2357 5879 editi,
2381 5831 2563 5870 eorum.
2591 5827 2714 5880 3:55.,
2743 5818 2864 5881 ipsa.
