4034 6182
315 368 424 425 569

315 480 543 551 plcvisse
564 477 702 547 quod
734 476 818 529 illa
851 483 1124 544 rogaverat
1144 515 1155 533 .
1178 474 1353 527 divina
1378 474 1645 542 Scriptura
1671 479 1894 525 te~tatur

313 570 490 629 lEsth.
517 565 732 635 xw—xvn)
751 607 767 630 ,
794 565 1061 635 operando
1094 566 1144 617 in
1175 567 1334 619 corde
1363 566 1501 634 regis
1522 604 1536 627 ,
1564 562 1686 632 quid
1715 562 1854 613 aliud
1880 600 1895 623 ,

314 677 475 736 quam
502 662 820 713 voluntatem
844 697 857 717 ,
881 672 983 726 qua
1006 658 1164 721 jussit
1192 665 1245 710 et
1267 657 1459 709 factum
1483 654 1724 723 estquod
1747 653 1813 703 ab
1834 666 1899 705 eo

318 756 499 823 regina
530 747 874 819 potiuscerat?
900 747 1068 815 Quam
1103 748 1238 800 Deus
1258 746 1366 815 jam
1388 787 1402 809 ,
1436 754 1492 798 ut
1519 745 1664 798 lieret
1691 784 1703 807 ,
1733 756 1897 795 exau-

314 845 488 899 dierat
512 882 527 903 ,
564 840 650 909 qui
690 853 784 892 cor
819 838 959 907 regis
983 877 997 900 ,
1026 845 1306 905 antequam
1335 834 1571 888 mulieris
1599 846 1898 887 Sermonem

318 931 590 1002 poscentis
629 926 901 991 audisset,
942 926 1295 979 occultissima
1327 935 1379 978 et
1405 922 1767 978 efticacissima
1801 934 1898 989 po-

318 1028 513 1075 testate
550 1017 850 1081 convertit,
880 1026 933 1071 et
965 1016 1229 1068 transtulit
1253 1013 1321 1068 ab
1347 1012 1702 1081 indignatione
1730 1009 1795 1063 ad
1824 1010 1901 1063 le-

319 1112 540 1164 uitatem
564 1147 581 1172 ,
613 1106 713 1160 hoc
740 1112 858 1171 est,
883 1119 914 1157 a
937 1104 1206 1157 voluntate
1228 1101 1451 1155 laniendi
1475 1100 1540 1155 ad
1573 1100 1898 1153 Voluntatcm

318 1197 530 1253 favendi
561 1216 577 1253 :
604 1196 892 1252 secundum
920 1195 1045 1251 illud
1075 1196 1311 1264 Apostoli
1330 1236 1343 1258 ,
1377 1194 1513 1249 Deus
1537 1204 1776 1261 operatur
1804 1194 1819 1224 ⁸
1846 1193 1901 1246 in

318 1289 453 1344 vobis
480 1298 530 1342 et
553 1288 697 1340 velle.
724 1284 986 1353 Numquid
1014 1284 1254 1339 homines
1285 1284 1376 1339 Dei
1406 1284 1495 1354 qui
1526 1283 1640 1337 ιιωο
1668 1283 1898 1351 scripse-

320 1385 447 1433 runt
467 1378 497 1439 ,‘
512 1377 619 1430 imo
648 1376 761 1446 ipse
787 1373 1012 1445 Spiritus
1044 1374 1134 1428 Dei
1159 1414 1173 1437 ,
1200 1389 1305 1444 quo
1328 1385 1542 1429 auctore
1565 1390 1659 1444 per
1679 1387 1772 1427 eos
1799 1373 1899 1427 ista

315 1467 614 1534 conscripta
660 1474 813 1529 sunt,
861 1464 1182 1535 oppugnavit
1218 1464 1442 1519 liberum
1484 1463 1714 1518 hominis
1754 1463 1901 1517 arbi-

319 1555 516 1611 trium?
557 1554 709 1609 Absit
736 1571 759 1608 :
780 1553 875 1608 sed
899 1553 1290 1623 Omnipotentis
1315 1554 1369 1608 in
1393 1554 1642 1608 omnibus
1670 1564 1723 1608 et
1749 1553 1893 1623 judi-

322 1646 462 1701 cium
507 1645 858 1714 justissimum
889 1685 904 1710 ,
948 1651 1004 1698 et
1042 1644 1296 1699 auxilium
1340 1644 1897 1699 misericordissimum

317 1735 730 1791 commendavit.
774 1733 980 1790 Sufficit
1021 1735 1161 1790 enim
1200 1736 1338 1790 scire
1376 1736 1577 1790 homini
1617 1737 1755 1807 quod
1792 1751 1897 1790 non

316 1835 404 1880 est
429 1826 675 1894 iniquitas
697 1825 833 1894 apud
861 1826 1043 1879 Deum.
1066 1824 1182 1881 Jam
1202 1827 1468 1896 quomodo
1486 1828 1585 1881 ista
1604 1828 1894 1897 dispenset,

317 1912 517 1969 faciens
563 1915 696 1969 alios
743 1913 1035 1969 secundum
1088 1915 1336 1968 meritum
1374 1930 1498 1972 vasa
1540 1917 1663 1978 ine,
1704 1918 1837 1970 alios
1875 1919 1896 1949 '

317 2002 606 2059 secundum
643 2005 865 2073 gratiam
905 2018 1027 2056 vasa
1067 2003 1445 2059 misericordia:
1474 2003 1646 2072 (Rom.
1680 2021 1733 2059 tx
1759 2047 1773 2072 ,
1804 2007 1894 2069 14,

316 2092 428 2158 22,
476 2092 609 2162 23);
661 2092 778 2162 quis
822 2093 1069 2162 cognovit
1104 2106 1319 2148 sensum
1361 2093 1602 2157 Domini,
1644 2103 1735 2147 aut
1771 2095 1897 2163 quis

317 2184 649 2239 consiliarius
685 2182 800 2252 ejus
838 2182 932 2237 fuit
970 2182 1079 2254 (Id.
1120 2199 1203 2249 ιι,
1244 2184 1383 2255 54)ἳ
1410 2185 1464 2239 Si
1489 2186 1700 2255 ergoad
1724 2186 1894 2240 hono-

318 2289 433 2329 rem
468 2276 649 2343 gratiae
688 2274 1029 2342 pertinemus,
1064 2290 1167 2330 non
1201 2276 1367 2330 simus
1405 2277 1621 2347 ingrati,
1662 2278 1900 2332 tribuen-

318 2350 391 2418 do
439 2363 590 2419 nobis
649 2363 787 2434 quod
840 2365 1161 2434 accepimus.
1220 2366 1357 2434 Quid
1409 2368 1551 2423 enim
1602 2369 1894 2438 habemus,

319 2453 461 2524 quod
500 2469 603 2507 non
642 2454 941 2521 accepimus
982 2453 1023 2524 (ι
1062 2455 1178 2508 Cor.
1222 2471 1307 2519 tv,
1348 2456 1441 2527 7)?

390 2540 614 2599 CAPUT
662 2538 994 2599 XXI—'59.
1041 2544 1229 2609 Quinta
1255 2544 1454 2600 Iuliani
1494 2548 1794 2616 antithesis,
1836 2549 1900 2602 de

317 2634 467 2706 iustis
504 2634 676 2689 veteris
703 2630 1025 2689 Tcstamenti.
1062 2654 1081 2688 ‹
1121 2637 1385 2703 Dicimus,
1421 2656 1440 2689 ι
1477 2639 1675 2707 inquit,
1711 2659 1731 2693 ι
1771 2656 1896 2695 san-

321 2735 439 2781 ctos
457 2726 649 2781 veteris
679 2724 1002 2783 Tcstamenti
1033 2727 1263 2796 perlecta
1290 2728 1411 2783 hinc
1431 2729 1633 2799 justitia
1658 2730 1724 2784 ad
1745 2738 1899 2785 teter-

323 2830 447 2870 nam
473 2816 732 2870 transisse
761 2816 919 2870 vitam
939 2858 953 2881 ,
989 2815 1040 2871 id
1073 2826 1174 2879 est.
1207 2818 1382 2872 studio
1406 2819 1613 2874 virtutis
1636 2820 1702 2875 ab
1726 2820 1899 2874 omni-

323 2904 427 2961 bus
454 2906 738 2961 recessisse
767 2908 995 2976 peccatis
1022 2926 1035 2961 :
1067 2909 1186 2977 quia
1213 2918 1264 2965 et
1289 2908 1363 2962 illi
1387 2923 1520 2978 quos
1550 2910 1772 2981 legimus
1800 2910 1898 2964 ali-

324 2995 450 3065 quid
475 3010 724 3066 peccasse
749 3038 762 3062 ,
798 3010 975 3065 postea
1003 3004 1178 3053 tamen
1207 3013 1300 3053 eos
1321 2999 1633 3054 emendasse
1652 3001 1902 3071 cognovi-

323 3101 458 3141 mus.
494 3104 514 3138 s
543 3086 889 3153 Quantmlibet
913 3085 1072 3142 fuisse
1095 3089 1300 3143 virtutis
1327 3089 1347 3120 ³
1374 3090 1620 3160 antiquus
1647 3090 1900 3158 prmdiccs

321 3175 518 3245 iustos,
550 3190 653 3230 non
682 3191 777 3231 eos
804 3177 977 3232 salvos
998 3176 1121 3232 fecit
1148 3178 1246 3232 nisi
1279 3176 1407 3233 ﬁdes
1439 3179 1739 3235 Mediatoris
1761 3221 1776 3243 ,
1810 3179 1900 3251 qui

326 3266 379 3320 in
421 3265 785 3320 remissionem
812 3274 1149 3335 peccatorum
1188 3269 1498 3337 sanguinem
1547 3268 1698 3323 fudit.
1751 3269 1898 3340 Ipso-

328 3372 443 3411 rum
466 3357 605 3410 enim
636 3370 736 3409 vox
764 3366 845 3411 est
872 3370 890 3427 :_
923 3354 1144 3424 Credidi,
1178 3368 1381 3428 prapter
1401 3360 1536 3430 quod
1565 3360 1759 3414 locutus
1784 3377 1897 3413 sum

329 3444 510 3516 (Psal.
536 3461 658 3514 cxv,
691 3446 765 3518 1).
793 3445 945 3502 Unde
968 3447 1040 3501 ait
1065 3456 1118 3501 et
1141 3449 1412 3517 apostolus
1432 3449 1629 3505 Paulus
1654 3469 1667 3504 :
1699 3450 1902 3505 [laben-

329 3547 398 3589 tes
422 3546 589 3590 autem
619 3535 849 3590 eumdem
874 3537 1105 3605 spiritum
1136 3537 1257 3606 ﬁdei
1274 3579 1288 3602 ,
1316 3540 1589 3593 secundum
1620 3541 1756 3611 quod
1773 3541 1901 3595 scri-

329 3636 470 3695 ptum
494 3636 601 3690 est,
637 3625 867 3691 Credidi,
899 3636 1105 3697 propter
1138 3627 1272 3698 quod
1315 3629 1506 3683 locutus
1545 3646 1653 3683 sum
1682 3646 1701 3694 ,'
1729 3640 1775 3683 et
1809 3648 1902 3685 nos

328 3716 577 3770 credimus
595 3756 611 3781 ,
653 3725 856 3787 propter
889 3717 1027 3788 quod
1052 3725 1097 3771 et
1130 3718 1382 3789 loquimur
1407 3719 1486 3791 (ll
1514 3719 1630 3775 Cor.
1662 3738 1740 3785 tv,
1768 3723 1834 3777 i5
1852 3723 1898 3794 ).

327 3807 463 3876 Quid
494 3816 593 3874 est,
623 3808 856 3862 eumdem
898 3810 1131 3878 spiritum
1155 3824 1175 3873 ,'
1213 3810 1312 3864 nisi
1359 3828 1515 3881 quem
1540 3812 1669 3882 justi
1694 3829 1903 3884 quoque

329 3896 404 3952 illi
436 3898 767 3967 habuerunt,
798 3898 886 3969 qui
906 3899 1004 3953 ista
1028 3900 1320 3955 dixerunt?
1350 3901 1483 3955 Dicit
1512 3903 1668 3957 ctiam
1693 3913 1905 3972 aposto-

329 3984 410 4041 lus
456 3987 645 4043 Petrus
690 4005 703 4041 :
746 3987 880 4054 Quid
928 3989 1076 4043 vultis
1110 3990 1294 4061 jugum
1340 3991 1593 4060 imponere
1642 3991 1901 4060 Gentibus,

331 4080 465 4148 quod
486 4095 643 4147 neque
671 4096 760 4133 nos
790 4095 990 4149 portare
1016 4083 1270 4152 potuimus
1287 4124 1301 4148 ,
1331 4098 1487 4150 neque
1512 4093 1677 4153 patres
1702 4087 1905 4141 nostri?

332 4168 436 4223 Sed
479 4186 569 4239 per
608 4170 823 4241 gratiam
853 4169 1058 4225 Domini
1100 4169 1226 4225 Iesu
1274 4172 1459 4226 Christi
1496 4173 1746 4229 credimus
1780 4177 1906 4230 salvi

329 4259 440 4324 ﬁeri
462 4257 515 4327 ⁸,
539 4261 958 4331 quemadmodum
986 4271 1031 4314 et
1058 4262 1134 4315 illi
1163 4261 1309 4334 (Act.
1342 4277 1416 4317 xv
1439 4304 1455 4329 ,
1495 4264 1562 4319 lO
1581 4305 1595 4329 ,
1620 4264 1677 4318 11
1705 4265 1748 4335 ).
1794 4265 1906 4321 lloc

329 4364 425 4404 vos
454 4366 558 4405 non
594 4350 784 4417 vultis,
814 4351 1010 4405 inimici
1034 4352 1157 4405 huic
1184 4352 1366 4422 gratia:
1389 4352 1411 4385 ⁸
1430 4395 1444 4418 ,
1484 4363 1539 4408 ut
1575 4354 1757 4409 eadem
1788 4370 1907 4425 gra-

330 4442 398 4493 tia
426 4441 551 4495 Jesu
576 4440 771 4495 Christi
798 4441 931 4495 salvi
952 4440 1073 4496 facti
1105 4442 1388 4497 credantur
1407 4444 1606 4514 antiqui
1639 4465 1652 4497 :
1682 4447 1772 4499 sed
1798 4445 1906 4499 dis-

329 4528 561 4583 tribuitis
585 4538 820 4600 tempora
849 4532 1137 4586 secundum
1168 4531 1432 4601 Pelagium
1457 4572 1472 4596 ,
1502 4533 1552 4586 iu
1579 4533 1728 4601 cujus
1758 4534 1906 4587 libris

330 4619 430 4674 hoc
460 4622 683 4691 legitur;
712 4631 764 4676 et
792 4631 917 4677 ante
961 4622 1154 4693 Legem
1180 4622 1353 4678 dicitis
1378 4624 1554 4678 salvos
1588 4623 1753 4679 factos
1788 4640 1906 4680 esse

329 4720 513 4765 natura
536 4710 576 4775 ‘,
606 4710 797 4766 deinde
827 4726 920 4781 per
943 4712 1159 4783 Legem,
1193 4723 1461 4782 postremo
1493 4730 1586 4783 per
1608 4712 1900 4780 Christum,

329 4802 478 4871 quasi
502 4802 807 4856 hominibus
832 4802 1055 4857 duorum
1083 4804 1413 4873 superiorum
1444 4814 1761 4874 temporum,
1785 4816 1906 4861 ante

328 4892 520 4963 Legem
550 4895 752 4947 scilicet
779 4902 833 4948 et
860 4894 912 4947 in
938 4894 1078 4964 Lege
1098 4938 1112 4961 ,
1145 4896 1361 4965 sanguis
1385 4895 1581 4952 Christi
1614 4913 1717 4952 non
1750 4899 1905 4953 fuerit

328 4987 658 5041 necessarius
691 5004 703 5039 :
736 4999 1051 5042 evacuantes
1075 4987 1213 5058 quod
1243 4989 1439 5042 dictum
1461 4995 1575 5057 est,
1608 4987 1751 5044 Unus
1775 4990 1906 5044 enim

391 5143 408 5173 ι
443 5142 580 5215 editi,
613 5140 880 5193 Deuseaim
909 5141 1437 5207 mammam
1460 5143 1589 5198 enim
1622 5157 1721 5211 qui,
1752 5160 1781 5197 ο
1804 5161 1906 5197 ma-

328 5214 785 5331 έἫὲεΨᾷειίωηξ
808 5271 859 5315 et
878 5264 1117 5329 Gallicani,
1155 5266 1337 5331 faciens
1358 5265 1456 5319 alia
1474 5266 1739 5320 sectmdum
1758 5269 1907 5321 meri-

328 5327 429 5385 tum
449 5335 563 5373 vasa
584 5324 691 5385 ine,
718 5324 835 5383 alia,
860 5334 955 5377 etc.

392 5384 414 5450 ξ
447 5384 741 5450 vatic._ttss.,
764 5387 1051 5450 quarumlibet
1068 5386 1217 5450 fuisse
1233 5388 1422 5440 virtute.

391 5444 1021 5525 ῗ.¹1ίεξι1ίέξ9¹έοῖν,;ι.εα¹υοδ
1046 5444 1171 5525 ﬁeri-
1200 5458 1254 5500 λι
1279 5463 1441 5525 serta»
1466 5450 1528 5525 in
1553 5452 1673 5525 “1’!!!
1706 5452 1769 5525 de.
1791 5460 1906 5503 Pec-

329 5512 439 5589 ς.εὲ
460 5507 701 5589 griginali,
723 5523 775 5557 ιι.
798 5507 878 5571 29,
904 5507 1127 5561 convenit
1148 5525 1260 5561 cum
1283 5507 1574 5562 editionibus
1595 5512 1703 5563 aliis
1726 5522 1776 5563 et
1798 5528 1907 5564 cum

392 5576 727 5697 λι
745 5631 885 5697 editi,
908 5631 1090 5697 inimici
1123 5633 1296 5697 gratim
1328 5632 1535 5695 Christi;
1557 5636 1747 5688 omisso.
1775 5635 1903 5686 huic.

394 5686 757 5759 “lla_(_;_allican_i
805 5686 1081 5742 ct't'aticani
1122 5686 1224 5759 Stss.
1274 5702 1327 5743 At
1373 5686 1623 5759 eilit..'pcr
1666 5686 1904 5747 natarum.

329 5747 500 5801 Conler
523 5750 697 5799 librum
718 5753 783 5803 de
807 5762 1001 5804 l‘eccato
1023 5756 1262 5819 originali,
1297 5771 1343 5803 n.
1369 5758 1455 5806 50.

1688 358 1886 412 Mittit
1927 357 2198 412 PRIMUS.

3471 367 3575 422 570

2003 470 2159 534 Deus,
2193 486 2322 522 unus
2350 482 2392 522 rt
2420 472 2660 526 mediator
2699 473 2787 527 Dei
2815 483 2861 527 et
2887 475 3142 529 hominum
3169 476 3317 530 homo
3346 476 3572 533 Christus

2000 558 2152 612 Jesus
2179 558 2228 627 (I
2255 558 2383 612 Tim.
2417 577 2471 619 n.

2073 653 2296 711 CAPUT
2338 655 2502 711 XXII.
2543 685 2613 695 —
2647 657 2735 711 40.
2779 657 2936 711 Sexta
2967 659 3261 723 antithesis,
3306 662 3369 714 de
3410 663 3575 728 gratia

2002 747 2229 798 omnibus
2255 748 2531 799 necessaria
2560 757 2605 800 et
2638 750 2700 800 de
2728 746 2987 817 Baptismo
3018 751 3360 819 paruulorum.
3397 770 3416 802 ι
3444 752 3573 806 Gra-

2005 837 2128 889 tiam
2159 835 2390 900 Christi,
2428 855 2447 888 ι
2493 838 2768 906 inquiunt,
2805 856 2824 889 t
2863 841 3106 895 omnibus
3145 843 3496 895 necessariam
3520 853 3571 893 et

2004 926 2292 995 majoribus
2317 936 2365 980 ct
2413 929 2642 995 parvulis
2667 930 2980 984 conﬁtemur
3007 947 3021 996 ;
3057 942 3109 985 et
3138 946 3230 985 eos
3263 933 3351 1002 qui
3392 934 3571 987 dicunt

2003 1016 2071 1068 de
2113 1015 2320 1069 duobus
2364 1016 2638 1085 baptizatis
2684 1029 2861 1071 natum
2905 1036 3009 1072 non
3047 1020 3242 1074 debere
3283 1021 3571 1089 baptizari,

2004 1104 2530 1162 anathematizamus.
2563 1125 2582 1157 ι
2607 1105 2859 1161 Novimus
2878 1110 3140 1177 quomodo
3163 1126 3264 1164 non
3282 1113 3570 1165 secundum

2003 1194 2224 1248 Paulum
2254 1196 2548 1262 apostolum
2572 1218 2593 1262 ς
2618 1197 2710 1250 sed
2738 1198 3023 1251 secundum
3069 1199 3331 1269 Pelagium
3363 1201 3575 1255 haereti-

2004 1299 2123 1338 cum
2155 1284 2252 1338 ista
2273 1284 2459 1338 dicatis
2487 1301 2501 1337 :
2524 1286 2756 1356 parvulis
2782 1285 3023 1341 videlicet
3052 1287 3374 1356 Baptismum
3396 1303 3574 1342 neces-

2003 1376 2221 1437 sarium,
2243 1388 2344 1427 non
2366 1384 2575 1441 propter
2591 1375 2954 1430 remissionem
2973 1386 3327 1445 peccatorum,
3345 1376 3435 1431 sed
3459 1386 3573 1430 tan-

2005 1463 2276 1516 tummodo
2313 1472 2529 1531 propter
2571 1480 2787 1535 regnum
2821 1467 3097 1521 ctelorum.
3140 1468 3285 1521 Datis
3324 1469 3463 1521 enim
3498 1467 3577 1521 eis

2002 1563 2149 1607 extra
2171 1569 2388 1621 regnum
2409 1553 2501 1608 Dei
2522 1555 2694 1609 locum
2713 1556 2899 1611 salutis
2915 1567 2966 1611 et
2987 1558 3107 1611 vita:
3130 1567 3363 1617 :eterine.
3386 1558 3576 1611 etiam-

2001 1641 2048 1696 si
2077 1657 2179 1695 non
2206 1643 2401 1698 fuerint
2426 1644 2692 1713 baptizati.
2725 1647 2832 1702 Nec
2853 1648 3124 1703 attenditis
3150 1648 3293 1718 quod
3319 1649 3574 1716 scriptum

2000 1739 2085 1787 est
2117 1750 2129 1785 :
2167 1731 2266 1798 Qui
2291 1733 2555 1787 crediderit
2593 1744 2637 1788 et
2663 1735 2946 1806 baptizatus
2983 1739 3130 1807 fuerit
3166 1739 3333 1791 salvus
3380 1739 3472 1790 erit
3505 1738 3519 1767 ¹
3557 1753 3572 1799 ;

2000 1821 2085 1889 qui
2111 1832 2276 1875 autem
2313 1839 2412 1876 non
2447 1823 2749 1891 crediderit,
2781 1826 3229 1895 condemnabitur(
3258 1826 3419 1879 Marc.
3449 1842 3536 1879 va
3556 1866 3572 1888 ,

2004 1910 2131 1989 lli).
2160 1910 2384 1980 Protitcr
2423 1912 2563 1981 quod
2605 1913 2657 1967 in
2706 1914 2942 1970 Ecclesia
2985 1916 3273 1970 Salvatoris
3307 1932 3405 1986 per
3439 1916 3573 1969 alios

2002 2000 2204 2069 parvuli
2236 2001 2479 2064 credunt,
2509 2003 2644 2057 sicut
2669 2018 2736 2058 ex
2765 2004 2887 2059 aliis
2924 2020 2986 2060 ea
3027 2022 3144 2074 qum
3170 2007 3273 2060 illis
3302 2009 3352 2060 in
3393 2006 3574 2074 Bapti-

1999 2106 2117 2146 smo
2136 2094 2475 2147 remittuntur
2494 2104 3005 2163 peccatatraxernnt.
3024 2096 3131 2150 Nec
3158 2096 3283 2150 illud
3308 2097 3571 2165 cogitatis,

2000 2196 2093 2237 eos
2120 2182 2279 2237 vitam
2327 2182 2520 2237 habere
2561 2197 2665 2237 non
2713 2198 2910 2252 posse,
2943 2185 3032 2254 qui
3081 2184 3279 2238 fuerint
3321 2194 3573 2254 expertes

1999 2270 2239 2340 corporis
2290 2279 2346 2326 et
2389 2272 2662 2341 sanguinis
2701 2272 2934 2337 Christi,
2992 2272 3203 2328 dicente
3256 2273 3406 2344 ipso,
3455 2271 3574 2326 Nisi

1999 2361 2419 2415 ntanducaveritis
2454 2377 2659 2416 carnem
2692 2378 2855 2416 meam
2879 2402 2895 2429 ,
2934 2372 2980 2418 et
3025 2364 3242 2419 biberitis
3279 2364 3577 2433 sanguineus

2001 2467 2187 2516 meum,
2212 2467 2310 2504 non
2340 2451 2576 2505 [rubebitis
2604 2452 2755 2506 vitam
2785 2454 2839 2506 in
2859 2452 2997 2506 vobis
3022 2452 3198 2525 (Joan.
3228 2469 3304 2520 Vt,
3331 2453 3441 2521 55).
3469 2455 3578 2509 Aut

2001 2542 2046 2598 si
2077 2542 2398 2613 evangelicis
2425 2543 2644 2599 vocibus
2671 2544 2920 2613 cogimini
2957 2544 3236 2611 confiteri,
3275 2560 3377 2600 nec
3414 2546 3576 2599 vitam

2001 2632 2330 2701 salutemque
2355 2647 2512 2702 posse
2541 2632 2737 2688 habere
2761 2635 3010 2702 parvulos
3032 2634 3099 2689 de
3127 2649 3350 2703 corpore
3374 2650 3576 2689 exeun-

2003 2734 2083 2778 tes
2101 2766 2118 2791 ,
2146 2725 2245 2778 nisi
2273 2723 2471 2778 fuerint
2508 2724 2755 2792 baptizati
2787 2741 2803 2789 ;
2831 2727 3054 2795 quaerite
3075 2742 3173 2781 cur
3194 2728 3579 2795 compellantur

2003 2831 2108 2870 non
2140 2814 2386 2884 baptizati
2416 2815 2663 2869 secundae
2693 2817 2880 2870 mortis
2904 2817 3082 2871 subire
3108 2817 3423 2886 supplicium
3448 2858 3465 2882 ,
3489 2817 3577 2884 ju-

2003 2904 2215 2959 dicante
2253 2903 2344 2958 illo
2368 2902 2458 2973 qui
2480 2903 2743 2962 neminem
2773 2903 2991 2958 damnat
3015 2905 3336 2959 immeritum
3368 2920 3383 2970 ;
3410 2913 3464 2958 et
3493 2905 3577 2958 in-

2003 2993 2227 3049 venietis
2250 2992 2395 3063 quod
2421 3008 2528 3048 non
2559 2993 2719 3048 vultis
2742 3035 2758 3059 ,
2787 2993 3049 3064 originale
3079 3003 3374 3063 peceatum.

2071 3083 2296 3141 CAPUT
2336 3083 2712 3139 XXlll.—4l.
2753 3085 2984 3148 Septima
3031 3087 3295 3142 antithesis
3319 3127 3334 3153 ,
3363 3088 3426 3142 de
3470 3086 3579 3141 Ba-

2005 3175 2173 3245 ptismi
2198 3172 2395 3241 eﬂ'cctu.
2425 3193 2446 3225 ι
2480 3174 2585 3229 Eos
2605 3175 2762 3228 etiam
2798 3174 2888 3242 qui
2918 3175 3122 3241 dicunt,
3157 3194 3176 3227 ι
3213 3176 3403 3246 inquit,
3432 3194 3451 3226 ι
3488 3175 3581 3230 Ba-

2004 3265 2193 3335 ptisma
2234 3279 2337 3318 non
2379 3265 2556 3319 omnia
2596 3275 2809 3334 peccata
2856 3266 3073 3329 delere,
3117 3268 3578 3334 condemnamus;

2002 3355 2125 3426 quia
2156 3354 2355 3409 scimus
2394 3354 2601 3423 plenam
2640 3357 3006 3425 purgationem
3055 3373 3147 3426 per
3184 3360 3295 3427 ipsa
3323 3359 3576 3428 mysteria

2004 3445 2256 3499 conferri.
2295 3464 2313 3496 ι
2350 3445 2461 3499 lloc
2486 3445 2713 3499 dicimus
2731 3456 2784 3501 et
2807 3462 2903 3501 nos
2930 3464 2943 3499 :
2970 3449 3062 3501 sed
3093 3450 3342 3517 parvulos
3367 3464 3580 3518 quoque

2005 3550 2101 3605 per
2126 3536 2237 3605 ipsa
2267 3535 2539 3605 mysteria,
2573 3536 2755 3604 prima:
2784 3537 3075 3591 nativitatis
3102 3546 3156 3592 et
3184 3539 3425 3593 obnoxiae
3459 3553 3581 3592 sue-

2003 3626 2264 3681 cessionis
2309 3626 2532 3680 vinculis
2579 3627 2757 3693 solvi,
2806 3642 2911 3683 non
2954 3629 3131 3684 dicitis
3178 3646 3292 3685 vos.
3354 3631 3578 3701 Propter

2005 3715 2145 3785 quod
2184 3715 2250 3769 de
2279 3715 2510 3770 Ecclesia
2536 3716 2771 3781 Christi,
2812 3733 2931 3787 qua:
2959 3719 3058 3773 hoc
3080 3720 3372 3789 antiquitus
3396 3731 3538 3776 tenet
3560 3763 3576 3788 ,

2005 3814 2216 3875 oportet
2241 3814 2295 3859 ut
2321 3806 2454 3859 sicut
2490 3805 2577 3860 alii
2606 3806 2839 3862 haeretici
2869 3809 3219 3878 segregemini
3254 3818 3308 3863 et
3336 3825 3449 3862 vos.

2076 3895 2299 3952 CAPUT
2336 3895 2528 3951 XXIV.
2554 3896 2731 3951 -η
2781 3896 2979 3951 Juliani
3020 3897 3266 3966 Epistula:
3298 3898 3579 3953 conclusio-

2006 4004 2119 4041 nem
2143 3987 2347 4059 refellit.
2374 3987 2490 4042 .lam
2517 4003 2645 4043 vero
2668 3988 2809 4057 quod
2845 3990 2914 4043 ita
2940 3989 3211 4045 concludit
3245 3990 3534 4058 Epistulam
3560 4031 3577 4053 ,

2007 4086 2066 4132 ut
2090 4077 2266 4141 dicat,
2306 4097 2335 4134 ι
2366 4077 2533 4133 Nemo
2556 4093 2684 4146 ergo
2724 4093 2820 4133 vos
2857 4079 3075 4133 seducat
3098 4120 3112 4142 ,
3141 4095 3240 4134 nec
3285 4094 3345 4134 se
3388 4089 3581 4146 negent

2007 4168 2153 4237 impii
2179 4170 2277 4222 ista
2307 4170 2524 4223 sentire.
2556 4169 2661 4223 Sed
2687 4169 2733 4222 si
2762 4183 2943 4223 verum
2973 4170 3170 4234 dicunt,
3203 4178 3293 4223 aut
3314 4170 3578 4223 audientia

2007 4257 2194 4324 detur,
2223 4266 2313 4311 aut
2337 4266 2480 4311 certe
2506 4259 2588 4311 isti
2614 4258 2710 4326 ipsi
2741 4258 2994 4325 episcopi,
3022 4258 3111 4327 qui
3138 4273 3276 4312 nunc
3294 4259 3576 4325 dissident,

2009 4347 2263 4402 damnent
2287 4362 2404 4416 qua:
2429 4360 2586 4415 supra
2618 4346 2725 4399 dixi
2760 4361 2879 4399 cum
2909 4346 3211 4402 Maniclueis
3240 4349 3336 4402 ista
3366 4358 3578 4412 tenere,

2008 4439 2144 4492 sicut
2185 4450 2282 4490 nos
2313 4436 2409 4489 ista
2436 4435 2752 4489 damnanuts
2778 4450 2900 4504 quae
2941 4435 3009 4489 de
3054 4437 3206 4491 nobis
3242 4436 3481 4505 jactant;
3526 4446 3582 4491 et

2010 4528 2107 4584 fit’
2147 4527 2299 4598 plena
2344 4525 2622 4580 concordia
2663 4543 2675 4578 :
2723 4526 2863 4597 quod
2911 4527 2956 4581 si
2989 4527 3204 4591 nolunt,
3255 4527 3440 4583 scitote
3485 4542 3580 4580 eos

2008 4632 2128 4683 esse
2156 4615 2504 4680 Manichacus,
2535 4615 2680 4671 etab
2705 4630 2890 4671 eorum
2928 4632 3022 4670 vos
3057 4618 3318 4673 abstinete
3357 4634 3581 4671 consor-

2008 4710 2128 4774 tiis;
2168 4726 2186 4761 t
2220 4706 2665 4763 contemnendum
2704 4716 2786 4763 est
2816 4710 2989 4776 potius
3031 4723 3187 4776 quam
3216 4707 3581 4762 refellendum.

2007 4800 2137 4868 Quis
2172 4800 2313 4854 enim
2344 4810 2582 4854 nostrum
2623 4799 2832 4854 dubitat
2870 4799 3149 4853 anathema
3193 4799 3372 4853 dicere
3413 4798 3582 4851 Mani-

2008 4890 2171 4945 clunis
2194 4931 2209 4954 ,
2237 4891 2326 4959 qui
2353 4889 2534 4944 dicunt
2556 4905 2584 4942 a
2615 4890 2755 4943 bono
2781 4890 2888 4943 Deo
2910 4905 3009 4944 nec
3046 4888 3289 4943 homines
3307 4930 3321 4952 ,
3355 4902 3454 4942 nec
3484 4904 3583 4941 nu-

2010 4982 2145 5050 ptias
2182 4980 2482 5045 institutas,
2506 4996 2606 5045 nec
2630 4982 2799 5049 legem
2820 4981 3028 5043 datam,
3078 4994 3198 5048 qua:
3235 4995 3328 5047 per
3367 4979 3583 5049 Moysen

2011 5073 2233 5128 llebrtno
2255 5073 2453 5144 populo
2478 5073 2771 5126 ministrata
2792 5081 2875 5127 est
2899 5072 2923 5125 ἲ
2945 5071 3050 5126 Sed
3080 5082 3134 5124 ct
3161 5070 3454 5139 Pelagianis
3478 5086 3582 5123 non

2010 5163 2276 5218 immerito
2312 5161 2592 5217 anathema
2639 5162 2903 5227 dicimus,
2936 5161 3025 5229 (lui
3069 5168 3174 5213 tam
3218 5168 3343 5214 sunt
3386 5158 3583 5213 inimici

2008 5255 2191 5324 gratiae
2216 5253 2338 5319 Dei,
2358 5269 2477 5323 quac
2502 5253 2645 5307 venit
2671 5267 2766 5322 per
2792 5250 2974 5306 Jesum
3003 5250 3275 5305 Christum
3304 5251 3585 5309 Dominum,

2011 5355 2249 5399 nostrum
2277 5344 2295 5414 (
2330 5344 2476 5397 Rom.
2503 5359 2596 5407 vn,
2625 5340 2770 5413 25).
2800 5350 2860 5395 ut
2883 5357 3000 5395 eam
3026 5342 3203 5395 dicam
3239 5358 3341 5396 non
3382 5342 3546 5411 gratis
3570 5382 3589 5400 ι

2011 5435 2105 5489 sed
2135 5434 2424 5488 secundum
2450 5434 2634 5485 merita
2664 5441 2841 5485 nosmt
2868 5430 3012 5495 dari,
3055 5447 3118 5485 ac
3143 5433 3218 5486 sic
3256 5433 3422 5502 gratia
3468 5431 3585 5501 jam

2012 5541 2118 5579 non
2152 5524 2221 5578 sit
2261 5523 2428 5592 gratia
2473 5520 2601 5590 (Id.
2628 5521 2679 5575 xi
2706 5563 2721 5587 ,
2745 5520 2817 5589 6)
2851 5538 2865 5586 ;
2903 5529 3210 5591 tantumque
3256 5523 3586 5577 constituunt

2078 5658 2090 5687 ι
2131 5655 2333 5704 Vaticani
2368 5659 2507 5702 Mss:
2536 5650 2624 5712 (uti
2658 5650 2924 5715 baptizatus
2974 5651 3119 5713 fuerit
3159 5655 3389 5713 credens,
3415 5642 3587 5697 sttfvu's

2012 5730 2053 5766 ω
2067 5724 2117 5809 '1"
2135 5785 2206 5825 ιζιο,
2234 5785 2280 5827 et
2307 5773 2434 5827 ιήν..
2458 5781 2500 5823 t’l
2526 5774 2604 5825 ait.
2632 5784 2732 5827 Aut.
2756 5785 2807 5825 et
2830 5783 2957 5826 MSS"
2988 5781 3032 5822 Ν
3052 5773 3127 5837 luo
