4010 6186
427 326 520 379 571

427 447 480 493 tu
513 441 676 494 libero
701 439 956 504 arbitrio,
1008 452 1112 506 quo
1149 437 1202 489 in
1244 431 1560 505 profundum
1599 429 1877 484 demersus
1922 436 2005 482 est

431 527 594 583 homo
618 569 632 594 ,
673 538 730 581 ut
771 542 838 582 eo
880 525 1016 580 bene
1053 523 1250 578 utendo
1291 522 1468 577 dicant
1501 519 1768 574 hominem
1811 516 2005 570 mereri

428 621 647 691 gratiam
677 635 690 672 :
717 633 838 672 cum
860 631 1016 671 nemo
1039 616 1173 671 bene
1193 615 1282 670 illo
1307 614 1379 667 uti
1403 612 1606 682 possit,
1635 609 1734 664 nisi
1764 624 1857 678 per
1885 620 2006 677 gra‘

431 712 556 763 tiam
581 748 598 774 ,
625 723 742 778 qua:
767 721 870 761 non
897 707 1185 761 secundum
1212 704 1447 759 debitum
1473 701 1742 766 redditur,
1771 699 1864 754 sed
1896 698 2006 753 Deo

429 799 598 868 gratis
623 798 912 852 miserante
931 797 1176 852 donatur.
1201 795 1458 850 Parvulos
1481 803 1656 847 autem
1687 789 1756 845 ita
1783 798 2008 845 conten-

1081 316 1350 375 CONTRA
1394 313 1570 371 DUAS
1609 307 1976 366 EPISTULAS
2015 307 2564 377 PELACIANORUM,
2605 309 2662 365 S.
2703 309 3068 366 AUGUSTINI

3575 318 3679 374 5η

2112 431 2243 484 duttt
2267 444 2384 486 esse
2401 431 2510 500 jam
2532 433 2726 497 salvos,
2757 443 2865 487 uta
2888 433 3161 490 Salvatore
3191 435 3205 467 ¹
3237 433 3464 513 audeant
3487 452 3680 507 negare

2109 523 2410 579 salvandos.
2455 525 2521 578 Et
2542 523 2654 579 hate
2681 525 3024 580 exsecrabilia
3054 524 3300 595 dogmata
3341 536 3580 582 tenentes
3623 541 3676 583 et

2110 615 2452 678 seminantes,
2479 618 2652 670 adhuc
2673 617 2892 684 insuper
2912 615 3150 686 ﬂagitant
3179 615 3519 682 audientiam,
3551 632 3670 672 cum

2109 703 2342 759 damnati
2364 705 2591 758 debeant
2617 720 2776 774 agere
2804 704 3190 773 paenitentiam.

2176 795 2191 827 ί
2224 796 2298 844 sic
2318 801 2426 845 uss.
2451 793 2569 845 Editl
2592 807 2728 854 vero,
2754 801 2805 845 ut
2821 792 3068 844 Saluatori.

438 917 3664 941 Mm

1345 1013 1814 1126 LIBER
1895 1011 2742 1121 SECUNDUS.

492 1181 744 1242 Epistulam
766 1179 1124 1248 Pelagiaan
1141 1179 1360 1248 alteram,
1380 1177 1630 1248 calumniis
1669 1177 1716 1224 in
1739 1172 2002 1248 catholicos
2023 1175 2172 1248 instar
2191 1173 2386 1248 “prima;
2402 1173 2640 1248 refertam
2653 1207 2667 1230 ,
2687 1187 2816 1248 qua:
2837 1175 3114 1248 octodecim.
3126 1176 3460 1248 episcoporum
3495 1183 3693 1231 nomine

429 1234 812 1291 Thessalonicam
833 1234 1031 1304 aliipsis
1050 1242 1192 1304 missa
1214 1247 1308 1294 est.
1338 1234 1674 1304 excutiendam
1697 1237 1911 1304 suscipit.
1937 1237 2166 1304 acprinto
2187 1234 2448 1304 catholicos
2487 1234 2850 1304 haudquaquam
2868 1237 3084 1304 incidere
3103 1234 3531 1304 in'ttanichzeurum
3552 1255 3687 1292 erro-

434 1313 544 1356 res.
567 1303 680 1350 dum
723 1295 1081 1362 Pelagianorum
1116 1301 1338 1362 dogmata
1359 1300 1690 1362 detestantur,
1736 1295 1981 1362 haereticis
2005 1295 2174 1362 iisdem
2195 1296 2322 1362 inter
2351 1307 2408 1362 se
2446 1295 2880 1362 collatis’ost’endit.
2905 1297 3195 1362 Calumniam
3219 1300 3620 1362 praevaricationis
3643 1307 3691 1352 in

849 1335 855 1336 γ
1448 1335 1653 1347 ww“...
1739 1335 1981 1345 .-.ων-,ων
2005 1335 2174 1344 ηπ----
2351 1335 2408 1342 --
2449 1335 2631 1344 ,νη--.υ
2655 1335 2880 1345 ww.-."
2908 1335 3195 1346 .................
3238 1335 3309 1347 ...ς
3326 1335 3620 1350 ...ηωηηηω
3643 1335 3687 1352 ,η

723 1335 1875 1430 tillsiniodamhationel
1891 1357 2112 1430 admisse
2135 1355 2654 1430 protlttlsatattomaais
2677 1355 2895 1430 clericis,
2905 1358 3176 1430 ostendens
3191 1335 3440 1430 t‘lelagiaua
3462 1363 3687 1424 dogmata

435 1415 682 1483 nunquam
699 1415 1166 1490 ltomté'approbata:
1187 1421 1377 1490 tametsi
1394 1419 1561 1490 msimi
1582 1416 2022 1490 clemetottiaﬁleniu's
2041 1415 2316 1487 aliquandiu
2334 1423 2493 1490 actum
2511 1417 2574 1465 sit
2596 1429 2704 1490 cum
2726 1417 2977 1490 Qualestioj
3000 1426 3056 1466 ut
3070 1420 3140 1490 ad
3158 1415 3472 1490 corrigendos
3494 1415 3693 1474 errores

431 1475 918 1532 suos'adduceretur:
931 1475 1099 1554 Cratize
1121 1475 1314 1551 nouiine
1335 1493 1430 1554 nec
1453 1481 1598 1550 latum
1615 1478 1766 1554 asseri
1789 1490 1817 1554 Ia
1837 1475 2100 1554 (:at‘holic‘isL
2097 1475 2245 1554 {nec
2252 1477 2927 1554 pet-.sunamtnaec‘eptgionem
2938 1475 3227 1554 Deotribui!
3234 1475 3506 1554 adamaris
3515 1497 3692 1534 revera

431 1543 515 1608 pei
539 1544 742 1602 gratiam
765 1556 858 1590 non
880 1543 1148 1608 secundum
1186 1541 1359 1590 merita
1377 1540 1618 1608 hominum
1647 1537 1986 1608 ὁξιιζί-(Ιὶειψιλ.
2003 1545 2054 1586 et
2075 1538 2187 1608 boni
2205 1537 2516 1608 cupiditatem
2537 1537 2734 1608 primam
2757 1539 3025 1608 inspiraria
3048 1547 3174 1608 beo,
3214 1541 3281 1590 ita
3297 1537 3360 1591 ἰιι
3379 1545 3574 1594 omnino
3593 1558 3691 1594 non

431 1597 625 1664 incipiat
641 1603 786 1652 homo
807 1615 870 1652 ex
891 1600 1015 1652 malo
1038 1603 1089 1652 in
1109 1605 1290 1652 bonum
1309 1601 1621 1660 commutari,
1645 1599 1738 1648 nisi
1759 1599 1848 1648 hoc
1865 1599 1916 1648 in
1937 1597 2020 1648 illo
2039 1605 2151 1661 agat
2171 1597 2386 1648 indebita
2410 1603 2463 1648 et
2483 1597 2692 1660 gratuita
2712 1597 3040 1649 misericordia
3061 1597 3166 1650 Del;

1881 1705 2248 1762 ΜΟ

500 1809 728 1868 CAPUT
751 1810 1035 1868 PRIMUM.
1055 1839 1127 1851 —
1153 1810 1202 1864 l.
1237 1807 1502 1878 Pelagiani
1521 1803 1805 1860 Catholicos
1842 1801 2010 1857 Mani-

429 1900 680 1954 chaeorum
703 1881 902 1955 nomine
920 1901 1270 1955 criminantur.
1287 1898 1402 1952 Jam
1422 1909 1562 1951 nunc
1587 1895 1765 1958 aliam,
1790 1906 1894 1948 non
1915 1893 2008 1948 Ju-

432 1988 560 2042 liani
591 1998 791 2044 tantum
811 2031 826 2054 ,
867 1989 960 2044 sed
987 1989 1036 2044 ei
1061 1989 1078 2020 ¹
1105 2001 1440 2042 communem
1469 1999 1589 2040 cum
1620 1983 1862 2052 plurimis
1901 1983 2005 2037 Pe-

431 2075 653 2144 lagianis
693 2077 990 2147 episcOpis,
1028 2091 1184 2146 quam
1233 2071 1662 2128 Thessalonicam
1707 2071 2004 2136 miserunt,

433 2165 830 2221 consideremus
861 2166 1142 2236 Epistulam
1163 2207 1178 2231 ,
1203 2165 1360 2234 eique
1382 2205 1397 2228 ,
1426 2163 1648 2218 Domino
1685 2161 1967 2230 adjuvante
1987 2200 2002 2226 ,

433 2259 849 2328 respondeamus
875 2299 890 2320 ,
921 2267 978 2312 ut
1003 2272 1300 2328 possumus.
1331 2255 1481 2322 Quod
1511 2268 1645 2323 opus
1673 2261 1910 2306 nostrum
1936 2266 2006 2306 ne

433 2348 640 2418 longius
678 2350 800 2412 ﬁat,
829 2364 987 2418 quam
1016 2362 1191 2401 causae
1229 2345 1392 2414 ipsius
1423 2344 1707 2399 necessitas
1733 2344 1962 2411 postulat
1986 2357 2002 2406 ;

432 2437 557 2506 quid
586 2451 719 2506 opus
743 2446 904 2492 estea
931 2451 1142 2506 quoque
1171 2435 1414 2490 refellere
1439 2475 1452 2497 ,
1483 2448 1601 2503 qua:
1625 2433 1884 2502 dogmatis
1909 2447 2006 2486 eoo

431 2543 547 2580 rum
588 2527 836 2583 insidiosa
881 2543 1083 2582 venena
1123 2541 1228 2581 non
1257 2525 1568 2592 continent,
1593 2523 1686 2579 sed
1715 2533 1918 2578 tantum
1952 2525 2005 2580 in

429 2618 680 2673 auxilium
707 2634 858 2674 suum
882 2660 898 2686 ,
929 2619 1012 2674 vel
1038 2633 1136 2688 pro
1173 2615 1430 2674 catholica
1461 2616 1564 2672 ﬁde
1603 2625 1786 2670 contra
1837 2615 2008 2670 Mani-

435 2706 704 2764 chaeorum
729 2749 746 2776 ,
773 2710 906 2764 sicut
930 2709 1244 2778 loquuntur,
1274 2707 1642 2777 prolanitatem
1660 2747 1674 2770 ,
1702 2708 2010 2762 consensio-

433 2813 554 2852 nem
586 2800 609 2832 ³
630 2798 977 2854 Orientalium
1005 2799 1371 2872 episcoporum
1402 2797 1648 2851 videntur
1668 2811 1957 2865 exposcere
1987 2812 2003 2864 ;

431 2886 562 2940 nihil
589 2887 729 2942 aliud
767 2889 1024 2954 nitentes,
1055 2889 1154 2942 nisi
1186 2899 1246 2944 ut
1274 2886 1511 2942 horribili
1543 2885 1731 2942 haeresi
1760 2886 1964 2956 objecta
1989 2927 2004 2954 ,

433 2979 586 3046 cujus
613 2993 672 3033 se
699 2979 1032 3036 adversarios
1057 2993 1176 3034 esse
1199 2977 1506 3048 conﬁngunt
1530 3019 1544 3042 ,
1575 2977 1776 3033 lateant
1810 2978 2008 3034 inimici

429 3067 612 3135 gratim
637 3067 688 3122 in
716 3067 871 3122 laude
893 3077 1093 3122 natura:
1115 3068 1140 3121 l
1163 3067 1291 3135 Quis
1310 3069 1450 3122 enim
1471 3069 1550 3122 eis
1577 3067 1702 3122 hinc
1719 3071 2010 3124 commovit

429 3153 712 3223 aliquando
737 3155 1118 3224 quaestionem?
1139 3157 1240 3210 Aut
1257 3157 1338 3210 cui
1357 3155 1745 3212 Catholicornm
1770 3166 2008 3229 propter-

429 3257 492 3297 ea
521 3243 829 3314 displicent,
879 3245 1001 3316 quia
1037 3245 1290 3300 damnant
1317 3259 1411 3300 eos
1439 3260 1572 3314 quos
1597 3246 1838 3316 praedixit
1863 3249 2008 3320 Apo-

429 3335 598 3390 stolus
621 3351 926 3392 recessuros
963 3351 994 3391 a
1035 3335 1168 3401 ﬁde,
1217 3337 1558 3392 cauteriatam
1587 3337 1843 3395 habentes
1879 3355 2008 3396 con-

429 3425 707 3480 scientiam
729 3469 742 3491 ,
771 3427 1116 3497 prohibentes
1148 3428 1347 3484 nubere
1370 3469 1384 3493 ,
1413 3429 1740 3485 abstinentes
1769 3446 1796 3485 a
1827 3431 1962 3487 cibis
1989 3474 2004 3498 ,

431 3529 566 3584 quos
611 3516 909 3570 immundos
935 3525 1156 3586 putant,
1197 3532 1298 3573 nec
1337 3527 1581 3588 putantes
1607 3533 1638 3574 a
1676 3519 1784 3574 Deo
1821 3530 2005 3576 cuneta

431 3619 552 3660 esse
593 3606 850 3662 condita?
876 3606 1004 3674 Quis
1044 3622 1137 3662 eos
1179 3607 1460 3678 aliquando
1489 3624 1683 3677 negare
1717 3610 2004 3680 compulit,

431 3693 568 3762 quod
595 3695 768 3748 omnis
797 3705 1034 3750 creatura
1075 3695 1165 3750 Dei
1204 3696 1340 3752 bona
1371 3696 1442 3752 sit
1465 3697 1485 3767 (
1506 3696 1524 3750 1
1545 3697 1676 3751 Tim.
1717 3714 1801 3765 tv,
1830 3699 1960 3769 1-4)
1987 3742 2002 3766 ,

429 3793 482 3836 et
505 3783 646 3836 nulla
665 3783 952 3839 substantia
975 3785 1044 3839 sit
1063 3800 1218 3854 quam
1244 3801 1348 3839 non
1377 3801 1614 3840 summus
1634 3785 1819 3841 fecerit
1841 3787 2002 3854 Deus,

430 3873 530 3927 nisi
562 3874 674 3942 ipse
703 3875 842 3929 Deus
865 3875 954 3944 qui
980 3890 1084 3930 non
1113 3885 1196 3930 est
1219 3875 1287 3929 ah
1311 3876 1487 3944 aliquo
1511 3875 1718 3930 factus?
1746 3877 1862 3930 Non
1903 3877 2002 3932 ista

429 3961 480 4016 in
513 3963 622 4029 eis,
649 3978 766 4033 qua:
809 3973 1016 4020 constat
1043 3979 1161 4018 esse
1203 3964 1495 4030 catholica,
1539 3965 2004 4034 reprehenduntur

427 4060 585 4121 atque
621 4053 958 4108 damnantur.
1000 4053 1328 4123 lmpietatem
1360 4054 1557 4124 quippe
1593 4055 1998 4112 Manichaeorum

427 4140 644 4195 nimium
671 4141 693 4174 ⁸
715 4142 930 4197 stultam
957 4153 1010 4198 et
1030 4143 1239 4198 noxiam
1261 4182 1277 4208 ,
1307 4157 1412 4197 non
1452 4143 1622 4197 solum
1664 4143 1794 4200 ﬁdes
1817 4145 2000 4200 catho-

427 4229 527 4283 lica
567 4231 900 4297 detestatur;
941 4247 1124 4288 verum
1167 4235 1334 4289 etiam
1375 4232 1608 4286 haeretici
1647 4248 1867 4299 omnes,
1911 4236 2000 4304 qui

427 4335 533 4374 non
558 4332 680 4375 sunt
718 4321 1010 4377 Manichaei.
1049 4321 1204 4378 Unde
1229 4331 1287 4378 et
1313 4323 1398 4377 isti
1435 4323 1701 4394 Pelagiani
1739 4325 1839 4379 hoc
1866 4325 2028 4381 bene-

427 4407 651 4472 l‘aciunt,
679 4409 979 4464 Manichmis
1003 4413 1284 4466 anathema
1308 4411 1486 4466 dicere
1519 4453 1534 4477 ,
1561 4421 1822 4468 eteorum
1851 4430 2001 4468 erro-

429 4497 574 4550 ribus
600 4499 983 4554 contradiccrc.
1013 4500 1118 4554 Sed
1161 4500 1362 4555 faciunt
1387 4501 1492 4555 duo
1523 4502 1658 4556 mala
1681 4545 1695 4568 ,
1725 4504 1916 4573 quibus
1945 4515 2000 4562 et

429 4587 527 4654 ipsi
558 4586 1039 4644 anathematizandi
1068 4600 1190 4644 sunt
1237 4609 1252 4644 :
1298 4607 1491 4658 unum,
1531 4595 1668 4662 quod
1697 4594 1998 4652 Catholicos

424 4676 830 4732 Manichaeorum
870 4679 1080 4734 nomine
1118 4680 1466 4735 criminantur
1502 4698 1517 4746 ;
1557 4681 1782 4736 alterum
1808 4725 1824 4749 ,
1857 4686 1996 4754 quod

425 4767 584 4821 etiam
633 4767 732 4837 ipsi
788 4767 1030 4824 ha:resim
1087 4769 1216 4824 novi
1253 4770 1454 4824 erroris
1507 4771 1778 4826 inducunt.
1816 4773 1998 4844 Neque

425 4857 568 4912 enim
597 4859 717 4928 quia
747 4857 1151 4915 Manichaeorum
1191 4860 1380 4914 morbo
1414 4876 1518 4915 non
1555 4861 1834 4930 laborant,
1877 4880 1998 4935 pro-

424 4956 601 5017 pterca
628 4946 749 5004 ﬁdei
779 4963 922 5004 same
945 4960 1087 5004 sunt.
1116 4949 1230 5004 Non
1259 4966 1418 5004 unum
1451 4951 1764 5020 pestilentiae
1791 4963 1874 5008 est
1901 4969 1994 5022 ge-

426 5053 524 5093 nus
545 5079 560 5104 ,
594 5040 1036 5109 quemadmodum
1069 5043 1121 5096 in
1149 5043 1462 5110 corporibus
1481 5083 1496 5108 ,
1526 5045 1594 5098 ita
1625 5052 1679 5098 et
1709 5044 1759 5098 in
1805 5047 1996 5100 menti-

423 5128 540 5182 bus.
572 5129 723 5184 Sicut
760 5145 886 5200 ergo
921 5131 1159 5186 medicus
1183 5131 1424 5200 corporis
1453 5149 1556 5186 non
1595 5135 1846 5188 continuo
1874 5151 1995 5205 pro-

419 5221 712 5284 nuntiasset
737 5237 766 5274 a
791 5223 977 5276 mortis
998 5222 1232 5291 periculo
1251 5221 1478 5277 liberum
1505 5221 1548 5288 ⁸,
1566 5238 1721 5293 quem
1750 5234 1994 5296 negasset

419 5307 782 5384 hydropicnm,
809 5310 856 5366 si
881 5311 986 5365 alio
1014 5311 1192 5364 lethali
1221 5312 1406 5366 morbo
1434 5313 1794 5382 perspexisset
1821 5330 1990 5384 aegro.

417 5403 527 5450 tum
561 5413 578 5450 :
604 5397 672 5450 ita
709 5398 822 5453 istis
851 5413 954 5453 non
985 5399 1103 5454 ideo
1134 5401 1332 5454 veritas
1363 5401 1656 5470 gratulatur
1679 5442 1693 5464 .
1729 5403 1850 5473 quia
1881 5405 1991 5459 Ma-

416 5485 602 5540 nicha-i
621 5501 724 5540 non
749 5498 891 5549 sunt,
913 5488 958 5541 si
980 5489 1085 5543 alio
1105 5504 1298 5558 genere
1321 5491 1683 5558 perversitatis
1701 5491 1986 5548 insaniunt.

477 5579 494 5643 ξ
530 5575 662 5643 mliti,
683 5581 745 5643 et.
788 5577 1087 5638 mstigantur
1108 5591 1138 5643 a_
1153 5580 1506 5643 manuscriptis.

477 5639 496 5709 ξ
528 5635 743 5709 ludﬁcari]
775 5643 900 5708 ltiss.,
916 5635 1308 5709 'rottcessionent..
1363 5697 1375 5709 _

477 5698 496 5729 ⁸
529 5698 662 5755 aliti,
687 5696 896 5760 niutitnn.
927 5699 1088 5760 Aptius
1111 5708 1232 5758 ttae...
1257 5697 1471 5752 nimium.

479 5768 498 5788 '
530 5761 722 5810 LNiCUS
743 5758 978 5819 Gallicani,
1003 5759 1270 5811 liberatum.

2107 1802 2440 1874 Quapropter
2465 1806 2607 1861 aliud
2635 1817 2716 1862 est
2741 1807 2883 1879 quod
2911 1809 3418 1868 anathematizamus
3442 1829 3561 1870 cmn
3587 1817 3689 1882 eis,

2107 1895 2249 1949 aliud
2294 1898 2434 1966 quod
2475 1899 2526 1952 in
2557 1899 2654 1953 eis.
2697 1899 3030 1956 Detestamur
3069 1903 3212 1958 enim
3241 1916 3362 1959 cum
3391 1906 3506 1974 eis,
3541 1910 3682 1979 quod

2109 1995 2254 2040 recte
2281 1985 2527 2056 diSplicet
2559 1987 2716 2043 etiam
2748 1989 2878 2060 ipsis
2912 2006 2927 2056 ;
2959 1991 3030 2046 ita
3061 2003 3238 2050 tamen
3264 2004 3322 2051 ut
3357 1996 3690 2056 detestamur

2109 2073 2163 2128 in
2191 2077 2297 2142 eis,
2327 2076 2466 2132 unde
2488 2088 2632 2135 recte
2667 2077 2950 2149 displicent
2975 2082 3096 2152 ipsi.

2179 2187 2405 2244 CAPUT
2450 2190 2512 2244 ll.
2537 2220 2612 2232 —-
2651 2191 2707 2244 2.
2749 2191 3147 2249 Munia/morum
3193 2204 3242 2251 et
3290 2196 3692 2270 Pelagianorum

2109 2277 2319 2332 haereses
2357 2278 2452 2332 sibi
2475 2290 2648 2334 mutuo
2672 2281 2898 2336 adversa
2924 2293 2970 2336 et
3011 2300 3150 2354 eque
3173 2303 3204 2338 a
3230 2289 3480 2343 catholica
3503 2289 3690 2347 Eccle-

2108 2369 2185 2422 sia
2223 2369 2520 2438 reprobatte.
2567 2369 2838 2426 Manicluei
2864 2381 2914 2427 et
2941 2372 3208 2446 Pelagiani
3246 2389 3490 2446 quatenus
3522 2398 3691 2438 errore

2109 2461 2366 2530 conjuncti
2383 2501 2398 2525 ,
2425 2469 2666 2531 quatenus
2687 2463 2926 2533 separati.
2973 2463 3249 2521 Manichzei
3272 2466 3454 2524 dicunt
3473 2512 3488 2538 ,
3523 2471 3690 2528 Deum

2109 2551 2308 2606 bonum
2339 2569 2444 2606 non
2470 2553 2703 2607 omnium
2735 2564 3041 2610 naturarum
3080 2571 3200 2611 esse
3227 2569 3559 2618 creatorem:
3591 2563 3694 2620 Pe-

2111 2640 2304 2710 lagiani
2347 2643 2562 2709 dicunt,
2613 2644 2776 2700 Demn
2816 2661 2922 2700 non
2962 2662 3082 2702 esse
3109 2651 3345 2705 omnium
3390 2662 3602 2708 :etatum
3634 2654 3686 2709 in

2110 2729 2414 2788 hominibus
2453 2733 2856 2800 mundatorem,
2905 2731 3266 2807 salvatoreni,
3320 2741 3684 2801 liberatorem.

2108 2819 2382 2878 Catholica
2421 2833 2673 2896 utrosque
2713 2827 3022 2898 redarguit,
3074 2839 3130 2885 et
3156 2842 3340 2888 contra
3367 2834 3688 2894 Manichazos

2109 2913 2402 2970 defendens
2427 2915 2520 2971 Dei
2542 2927 2837 2972 creaturam
2862 2960 2878 2986 ,
2906 2935 2974 2976 ne
3000 2921 3069 2975 ab
3096 2922 3184 2976 illo
3210 2922 3445 2979 instituta
3467 2937 3688 2997 negetur

2109 3005 2214 3059 ulla
2243 3017 2431 3062 natura
2457 3024 2472 3071 ;
2495 3017 2550 3064 et
2572 3020 2755 3064 contra
2785 3010 3116 3082 Pelagianos,
3136 3023 3194 3067 ut
3215 3015 3265 3068 in
3287 3017 3533 3070 omnibus
3560 3027 3687 3072 αλω-

2112 3096 2252 3151 tibus
2301 3099 2504 3168 perdita
2551 3100 2847 3170 requiratur
2889 3100 3116 3157 humana
3151 3113 3358 3159 natura.
3412 3105 3686 3162 Maniehazi

2107 3189 2284 3244 carnis
2313 3192 2792 3260 concupiscentiam
2815 3209 2920 3248 non
2946 3204 3190 3266 tanquam
3209 3197 3458 3254 accidens
3477 3201 3683 3267 vitium,

2109 3278 2202 3334 sed
2245 3288 2492 3350 tanquam
2537 3291 2775 3337 naturam
2813 3284 2882 3338 ab
2906 3287 3200 3341 mternitate
3239 3289 3431 3344 malam
3476 3291 3684 3361 vitupe-

2109 3374 2274 3422 rant:
2308 3369 2571 3441 Pelagiani
2613 3387 2730 3428 eam
2782 3381 3028 3444 tanquam
3073 3378 3272 3432 nullum
3323 3381 3541 3448 vitium,
3588 3383 3685 3438 sed

2109 3460 2347 3515 naturale
2385 3462 2453 3516 sit
2479 3461 2674 3516 bonum
2706 3465 2919 3533 insuper
2949 3466 3178 3522 laudant.
3211 3468 3480 3526 Catholica
3507 3481 3683 3528 utros-

2107 3563 2212 3618 que
2278 3549 2576 3622 rcdarguit,
2645 3553 2948 3610 Manichzeis
3019 3557 3242 3628 dicens,
3295 3560 3409 3615 Non
3453 3574 3680 3630 natura,

2107 3638 2203 3693 sed
2231 3639 2412 3694 vitium
2442 3650 2556 3706 est;
2599 3642 2896 3713 Pelagianis
2919 3646 3135 3715 dicens,
3181 3649 3294 3704 Non
3316 3666 3346 3704 a
3368 3651 3554 3718 Patre,
3587 3655 3682 3711 sed

2106 3745 2172 3784 ex
2217 3732 2412 3786 mundo
2465 3743 2548 3788 est
2588 3744 2693 3788 :ut
2738 3750 2855 3788 eam
2901 3738 3043 3792 velut
3087 3740 3280 3793 malam
3327 3743 3682 3800 valetudinem

2106 3821 2280 3873 sanari
2304 3821 2512 3892 utrique
2537 3823 2868 3891 permittant,
2899 3826 3194 3882 desinendo
3221 3831 3294 3884 illi
3323 3841 3570 3902 tauquam
3601 3835 3685 3888 in-

2106 3909 2394 3966 sanabilem
2435 3913 2654 3968 credere
2678 3955 2694 3979 ,
2737 3915 2820 3969 isti
2859 3925 3104 3985 tanquam
3135 3919 3448 3975 laudabilem
3487 3924 3680 3992 prsidi-

2105 4015 2248 4052 care.
2275 4000 2544 4056 Manichaei
2568 4015 2760 4073 negant
2785 4004 2985 4060 homini
3013 4007 3152 4062 bono
3171 4025 3236 4064 ex
3271 4011 3440 4067 libero
3462 4013 3684 4069 arbitrio

2105 4088 2266 4143 fuisse
2295 4090 2500 4145 initium
2537 4094 2660 4146 mali
2693 4112 2708 4148 :
2741 4079 2999 4166 Pelagiani
3028 4097 3208 4154 dicunt
3233 4101 3390 4154 etiam
3414 4101 3680 4160 hominem

2104 4180 2674 4241 malumsul'ﬁcienter
2716 4184 2912 4241 habere
2948 4187 3168 4243 liberant
3203 4193 3479 4247 arbitrium
3507 4194 3572 4248 ad
3601 4193 3684 4250 fa-

2105 4271 2354 4326 ciendum
2395 4285 2715 4344 praeceptum
2743 4276 2962 4332 bonum.
3009 4279 3280 4337 Catholica
3311 4291 3563 4354 utrosque
3591 4301 3682 4342 re-

2103 4359 2332 4439 darguit,
2365 4371 2418 4416 et
2464 4363 2566 4418 illis
2607 4365 2810 4430 dicens,
2864 4365 3007 4422 Fecit
3035 4367 3170 4423 Deus
3205 4372 3454 4425 hominem
3492 4385 3682 4430 rectum

2104 4448 2296 4522 (Eccle.
2318 4467 2414 4519 vn,
2443 4453 2533 4522 50)
2565 4473 2580 4508 :
2611 4463 2665 4509 et
2695 4455 2808 4508 istis
2841 4456 3056 4522 dicens,
3094 4459 3156 4514 Si
3182 4476 3268 4514 vos
3295 4460 3462 4518 Filius
3493 4463 3679 4518 libera-

2101 4541 2222 4591 verit
2241 4581 2256 4605 ,
2299 4557 2408 4594 vere
2444 4541 2586 4595 liberi
2611 4544 2744 4596 eritis
2778 4543 2952 4616 (Joan.
2981 4561 3073 4600 vut
3093 4589 3108 4614 ,
3137 4547 3250 4619 56).
3296 4550 3568 4608 MilliiC'liL‘i
3596 4554 3681 4608 di-

2100 4639 2264 4696 cunt,
2314 4630 2542 4684 animam
2591 4635 2896 4702 particulam
2943 4637 3072 4704 Dei,
3119 4650 3320 4695 natura:
3349 4643 3680 4700 malat'eom—

2101 4719 2352 4774 mixtione
2372 4720 2569 4776 habere
2587 4735 2858 4790 peccatum
2885 4743 2897 4778 :
2927 4726 3190 4798 Pelagiani
3212 4731 3415 4798 dicunt,
3439 4736 3672 4792 animam

2093 4809 2325 4880 justam,
2355 4827 2462 4866 non
2483 4814 2694 4882 quidem
2722 4817 3032 4885 particulam
3061 4860 3077 4885 ,
3107 4821 3200 4876 sed
3229 4833 3526 4880 creaturam
3559 4829 3674 4896 Dei,

2099 4902 2256 4956 etiam
2285 4902 2336 4956 in
2377 4902 2476 4956 ista
2504 4907 2830 4974 corruptibili
2858 4909 2960 4962 vita
2988 4926 3092 4963 non
3135 4912 3331 4968 habere
3369 4927 3671 4986 peccatum.

2098 4992 2367 5048 Catholica
2395 5004 2646 5066 utrosque
2673 4997 2959 5068 redarguit,
3000 5000 3304 5060 Manichteis
3328 5007 3510 5063 dicens
3528 5051 3543 5075 ,
3574 5011 3677 5066 Aut

2098 5084 2247 5154 facile
2288 5084 2515 5138 arborem
2555 5088 2778 5152 bonam,
2827 5099 2874 5142 et
2914 5094 3134 5160 fructum
3177 5097 3286 5164 ejus
3323 5097 3544 5165 bonum;
3586 5109 3677 5154 aut

2097 5174 2250 5244 facile
2273 5175 2498 5229 arborem
2521 5177 2707 5230 malam
2729 5217 2745 5242 ,
2787 5188 2832 5231 et
2865 5180 3082 5248 fructum
3109 5185 3219 5252 ejus
3249 5187 3434 5240 malum
3460 5186 3672 5260 (Matth.

2097 5281 2211 5332 xu,
2239 5265 2370 5340 55);
2420 5267 2558 5337 quod
2587 5284 2691 5322 non
2719 5269 2986 5327 diceretur
3013 5272 3212 5329 homini
3239 5317 3253 5340 ,
3301 5279 3390 5347 qui
3433 5291 3673 5338 naturam

2096 5353 2270 5410 facere
2292 5373 2397 5410 non
2425 5367 2618 5428 potest,
2645 5359 2742 5413 nisi
2768 5361 2888 5431 quia
2915 5375 3184 5432 peccatum
3209 5383 3313 5421 non
3336 5380 3542 5436 natura,
3576 5374 3671 5428 sed

2093 5446 2276 5500 vitium
2303 5458 2385 5501 est
2413 5465 2426 5501 :
2461 5447 2754 5518 Pelagianis
2777 5451 2982 5518 dicens,
3015 5453 3075 5508 Si
3102 5455 3378 5512 dixerimus
3407 5461 3526 5530 quia
3555 5478 3671 5530 pee-

2093 5545 2257 5588 catum
2279 5553 2378 5591 non
2404 5538 2639 5593 habemus
2658 5581 2672 5602 ,
2713 5557 2804 5595 nos
2828 5543 2964 5612 ipsos
2987 5545 3270 5601 seducimus
3289 5589 3303 5612 ,
3334 5560 3379 5603 et
3413 5553 3593 5606 acritas
3615 5554 3666 5606 in

2095 5627 2234 5680 nobis
2259 5645 2358 5682 non
2384 5639 2456 5683 est
2482 5631 2524 5700 (Ι
2551 5629 2706 5686 Joan.
2741 5651 2754 5688 ι
2777 5675 2790 5698 ,
2819 5634 2894 5704 8).
2947 5636 3038 5690 llis
3067 5641 3265 5693 morbis
3289 5641 3427 5698 inter
3453 5659 3511 5700 se
3535 5660 3663 5700 con-

2097 5717 2270 5772 trariis
2305 5717 2574 5776 Manichmi
2628 5723 2998 5796 Pelagianique
3041 5732 3369 5800 conﬂigunt,
3425 5735 3664 5792 (Ιίτεὶῐηὶιί
