4034 6182
321 336 426 393 873

324 447 592 501 voluntate
612 487 627 512 ,
654 444 810 500 simili
836 444 1061 499 vanitate
1088 459 1103 505 ;
1132 441 1361 512 separati
1386 441 1635 511 opinione
1657 440 1887 509 diversa,

320 536 412 592 sed
441 533 717 604 prepinqui
742 542 919 588 mente
946 546 1233 611 perversa.

389 628 443 681 5.
472 625 587 681 Jam
609 639 737 680 vero
758 625 978 695 gratiam
1008 622 1204 678 Christi
1227 621 1386 678 simul
1412 631 1720 692 oppugnant
1738 664 1752 683 ,
1782 622 1885 677 Ba-

318 722 564 786 ptismum
608 714 724 783 ejus
768 712 923 766 simul
961 720 1249 774 evacuant,
1305 726 1517 764 carnem
1566 711 1683 779 ejus
1727 712 1884 766 simul

316 804 681 867 exhonorant;
711 801 804 857 sed
830 802 989 854 etiam
1015 799 1127 853 lucc
1148 798 1320 853 modis
1342 799 1621 867 causisque
1641 799 1882 854 diversis.

315 893 447 949 Nam
469 892 740 947 Maniclimi
765 890 966 945 meritis
992 898 1191 943 natura:
1212 889 1385 952 home,
1412 887 1676 957 Pelagiani
1707 897 1883 942 autem

317 986 518 1040 meritis
555 982 840 1038 voluntatis
865 981 1052 1047 bonae,
1100 979 1379 1049 perhibent
1416 977 1666 1033 divinitus
1692 979 1884 1033 subve-

248 1066 255 1071 ”
316 1076 438 1131 niri.
482 1075 560 1130 Illi
601 1073 823 1139 dicunt,
869 1072 1031 1126 Debet
1074 1070 1178 1126 hoc
1220 1070 1361 1125 Deus
1403 1069 1671 1124 laboribus
1713 1086 1883 1125 mem-

314 1171 527 1220 brorum
571 1177 787 1217 suorum
822 1178 837 1217 :
869 1161 950 1216 isti
980 1160 1195 1225 dicunt,
1228 1160 1399 1214 Debet
1427 1160 1528 1234 hoc
1549 1159 1689 1213 Deus
1712 1160 1881 1213 virtu-

314 1256 451 1309 tibus
494 1267 772 1308 servorum
812 1266 1047 1305 suorum.
1084 1249 1335 1319 Utrisque
1359 1263 1489 1318 ergo
1527 1264 1732 1304 merces
1777 1264 1880 1304 non

313 1345 600 1415 imputatur
621 1340 908 1396 secundum
932 1341 1154 1410 gratiam
1175 1380 1190 1405 ,
1217 1338 1309 1395 sed
1338 1338 1626 1392 secundum
1646 1338 1878 1393 debitum

313 1434 488 1503 (Rom.
522 1449 594 1497 tv,
621 1433 699 1501 Δ).
747 1431 1017 1486 Manichmi
1055 1431 1321 1485 lavacrum
1351 1428 1763 1498 regenerationis
1784 1469 1800 1492 ,
1828 1428 1879 1482 id

312 1533 430 1589 est,
457 1537 648 1592 aquam
690 1522 856 1591 ipsam
886 1521 1068 1575 dicunt
1094 1535 1213 1576 esse
1229 1520 1568 1590 superﬂuam,
1600 1534 1700 1574 nec
1723 1520 1881 1589 prod-

311 1629 429 1668 esse
474 1612 673 1683 aliquid
730 1613 949 1683 profano
994 1614 1153 1669 corde
1193 1612 1515 1668 contendunt
1559 1629 1572 1666 :
1612 1611 1879 1682 Pelagiani

309 1712 484 1757 autem
505 1743 521 1767 ,
562 1702 702 1771 quod
746 1703 798 1756 in
827 1703 1343 1771 saeroBaptismate’
1364 1702 1429 1756 ad
1459 1700 1717 1769 expianda
1756 1716 1880 1770 pec-

308 1801 422 1846 cata
442 1791 636 1847 dicitur
660 1795 703 1858 ⁸,
729 1791 856 1846 nihil
879 1791 1127 1861 epitulari
1151 1790 1437 1846 infantibus
1463 1790 1664 1844 nullum
1689 1804 1877 1859 pecca-

310 1890 421 1937 tum
472 1881 789 1938 habentibus
835 1890 1101 1936 asserunt.
1150 1882 1229 1935 Ac
1270 1895 1365 1950 per
1408 1879 1509 1935 hoc
1549 1880 1602 1934 in
1641 1880 1878 1949 parvulis

312 1971 674 2040 baptizandis,
711 1979 964 2041 quantum
1003 1970 1068 2025 ad
1096 1970 1460 2025 remissionem
1483 1970 1671 2025 attinet
1695 1985 1880 2040 pecca-

310 2071 485 2116 torum
509 2104 524 2129 ,
566 2063 837 2117 Manichzei
857 2062 1065 2116 visibile
1086 2061 1361 2116 destruunt
1384 2061 1702 2116 elementum
1733 2081 1747 2117 :
1773 2063 1874 2118 Pc-

307 2152 497 2221 lagiani
538 2160 713 2207 autem
755 2152 914 2208 etiam
954 2151 1213 2206 invisibile
1248 2160 1659 2207 sacramentum.
1704 2151 1875 2206 Mani-

305 2241 438 2294 chaei
483 2256 698 2296 carnem
740 2240 934 2296 Christi
974 2240 1347 2308 exhonorant,
1394 2249 1602 2311 partum
1646 2239 1877 2311 Virginis

307 2332 724 2401 blasphemando
748 2334 809 2397 ’ς
851 2332 1113 2403 Pelagiani
1157 2341 1332 2387 autem
1373 2348 1587 2388 carnem
1611 2333 1875 2389 redimen-

308 2422 497 2476 dorum
517 2423 664 2477 carni
684 2422 1053 2493 Redemptoris
1070 2423 1345 2492 :equando.
1376 2423 1661 2494 Propterea
1682 2422 1876 2495 quippe

304 2523 462 2565 natus
504 2520 587 2565 est
612 2511 871 2578 Christus,
898 2528 1002 2566 non
1043 2513 1222 2583 utique
1249 2513 1302 2567 in
1327 2527 1487 2568 carne
1517 2514 1750 2583 peccati,
1779 2514 1874 2570 sed

306 2601 355 2653 in
378 2600 723 2656 similitudine
745 2601 920 2669 carnis
946 2602 1145 2669 peccati
1176 2600 1285 2670 (Id.
1314 2616 1432 2665 vni,
1455 2601 1511 2673 5)
1528 2643 1543 2665 ,
1577 2604 1699 2672 quia
1718 2613 1875 2659 caete-

306 2705 485 2743 rorum
515 2689 784 2743 hominum
807 2690 1040 2745 nascitur
1062 2705 1187 2745 caro
1211 2692 1432 2760 peccati.
1456 2692 1728 2747 Manicbari
1746 2708 1875 2762 ergo

307 2795 517 2836 omnem
547 2796 762 2836 carnem
811 2782 1017 2851 penitus
1041 2782 1398 2848 detestantes,
1446 2782 1689 2839 auferunt
1727 2786 1872 2839 carni

306 2871 499 2927 Christi
530 2873 855 2942 perspicuam
876 2873 1150 2928 veritatem
1183 2890 1198 2928 :
1228 2873 1493 2943 Pelagiani
1520 2889 1647 2928 vero
1674 2874 1872 2930 nullam

308 2977 520 3017 carnem
564 2964 764 3033 peccati
808 2964 951 3019 nasci
995 2972 1394 3030 asseverantes,
1440 2962 1686 3019 auferunt
1724 2964 1871 3018 carni

308 3053 499 3107 Christi
530 3054 792 3122 propriam
814 3054 1142 3123 dignitatem.

374 3142 426 3197 ι.
468 3142 722 3197 Desinant
756 3143 932 3212 itaque
974 3143 1237 3213 Pelagiani
1272 3141 1557 3197 Catholicis
1603 3143 1871 3213 objectare

306 3233 443 3302 quod
477 3248 580 3287 non
618 3241 778 3297 sunt,
823 3234 915 3290 sed
964 3234 1062 3304 ipsi
1097 3234 1271 3304 potius
1312 3232 1559 3288 festinent
1589 3234 1873 3291 emendare

305 3324 442 3392 quod
486 3332 611 3378 sunt
633 3323 655 3354 ³
682 3340 697 3375 :
727 3338 825 3379 nec
868 3323 989 3379 ideo
1025 3338 1083 3378 se
1119 3324 1283 3378 velint
1326 3322 1508 3378 haberi
1536 3321 1559 3356 ’⁸
1593 3324 1868 3392 amabiles,

304 3417 422 3486 quia
464 3415 652 3470 odioso
689 3415 1096 3470 Manichaeorum
1144 3415 1490 3472 adversantur
1528 3418 1735 3483 errori;
1779 3418 1871 3472 sed

307 3504 498 3559 merito
516 3517 575 3559 se
599 3513 885 3575 agnoscant
904 3504 1158 3569 odibiles,
1185 3505 1306 3574 quia
1327 3520 1479 3560 suum
1503 3521 1609 3560 non
1631 3520 1875 3560 aversan-

305 3605 389 3650 tur
417 3610 677 3651 errorcm.
723 3597 949 3650 Possunt
966 3596 1106 3650 enim
1135 3594 1241 3650 duo
1264 3610 1476 3651 errores
1517 3597 1654 3651 inter
1675 3610 1734 3650 se
1754 3611 1874 3651 esse

305 3685 580 3751 contrarii,
608 3684 703 3740 sed
732 3683 890 3739 ambo
913 3693 1036 3739 sunt
1067 3684 1381 3749 detestandi,
1421 3685 1539 3754 quia
1569 3694 1691 3739 sunt
1714 3685 1872 3739 ambo

304 3777 554 3831 contrarii
599 3775 828 3830 veritati.
873 3775 1002 3829 Nam
1050 3776 1095 3828 si
1142 3784 1421 3844 propterea
1463 3784 1584 3828 sunt
1622 3773 1873 3844 diligendi

304 3865 613 3934 Pelagiani,
653 3866 774 3933 quia
812 3864 1041 3919 oderunt
1066 3860 1421 3930 Manichmos;
1467 3864 1722 3934 diligendi
1749 3873 1875 3918 sunt

305 3971 358 4013 et
383 3958 659 4014 Manichaci
683 4000 699 4024 ,
743 3958 864 4028 quia
898 3957 1126 4012 oderunt
1151 3957 1478 4026 Pelagianos.
1512 3955 1615 4011 Sed
1642 3956 1780 4010 absit
1819 3966 1875 4009 ut

303 4048 574 4103 Catholica
624 4055 793 4102 mater
829 4055 1044 4117 propter
1080 4047 1365 4101 alterorum
1413 4045 1626 4110 odium,
1678 4046 1874 4100 alteros

306 4138 465 4208 eligat
498 4150 678 4192 amare
708 4154 722 4190 :
749 4151 870 4191 cum
893 4143 1142 4190 monente
1162 4143 1321 4204 atque
1345 4134 1625 4204 adjuvante
1651 4135 1874 4189 Domine

307 4225 499 4281 debeat
526 4234 778 4295 utrosque
800 4226 989 4290 vitare,
1014 4234 1070 4279 et
1104 4224 1283 4294 cupiat
1309 4234 1564 4293 utrosque
1590 4238 1798 4279 sanare.

374 4313 602 4370 CAPUT
650 4313 756 4368 ΙΙΙ.’
784 4343 858 4355 --
913 4315 972 4372 5.
1017 4313 1280 4368 Calumnia
1332 4312 1724 4383 Pelagianorum
1772 4315 1869 4368 ad-

307 4420 476 4459 versus
520 4403 767 4459 Romam:
806 4401 1050 4460 Ecclesia!
1097 4404 1324 4458 clericos.
1368 4403 1503 4471 Quin
1555 4405 1718 4459 etiam
1764 4405 1875 4459 Ro-

309 4509 495 4552 manos
534 4495 760 4551 clericos
804 4502 1068 4566 arguunt,
1110 4495 1439 4574 scribentes,
1494 4512 1515 4547 ι
1547 4510 1642 4552 eos
1682 4495 1876 4565 jussio-

313 4584 395 4640 nis
432 4591 641 4642 terrore
670 4585 940 4656 perculsos
978 4599 1083 4640 non
1111 4586 1386 4641 erubuisse
1430 4584 1876 4656 praevaricationis

310 4678 507 4732 crimen
523 4677 821 4743 admittere,
844 4684 902 4731 ut
920 4686 1104 4732 contra
1126 4676 1353 4746 priorem
1374 4677 1689 4732 sententiam
1702 4690 1874 4745 suam,

311 4781 409 4835 qua
436 4767 600 4836 gestis
627 4765 886 4822 catholico
912 4765 1142 4835 dogmati
1167 4765 1442 4820 adfuerant
1466 4807 1481 4833 ,
1525 4776 1709 4837 postea
1747 4780 1875 4836 pro-

314 4858 617 4912 nuntiarent
658 4857 850 4911 malam
904 4856 1175 4911 hominum
1222 4871 1342 4912 esse
1392 4865 1655 4912 naturam.
1691 4876 1711 4910 ι
1765 4857 1876 4912 lmo

312 4962 438 5002 vero
458 4947 724 5017 Pelagiani
753 4961 849 5016 spe
884 4945 1010 5000 falsa
1036 4955 1381 5015 putaverant,
1426 4962 1617 5001 novum
1643 4955 1697 5001 et
1721 4962 1878 5003 exse-

312 5037 510 5092 crabile
552 5036 744 5107 dogma
768 5035 1104 5105 Pelagiamnn
1148 5035 1230 5090 vel
1257 5034 1631 5091 Ctelestiannm
1664 5052 1879 5105 persua-

310 5127 426 5180 deri
476 5125 826 5195 quorumdam
872 5125 1232 5180 Romanorum
1287 5125 1560 5180 catholicis
1613 5125 1877 5181 mentibus

314 5233 506 5287 posse;
547 5218 758 5288 quando
794 5217 880 5272 illa
909 5218 1114 5288 ingenia
1133 5257 1149 5273 .
1188 5219 1428 5288 quamvis
1448 5216 1676 5272 nefando
1699 5230 1880 5273 errore

391 5475 408 5506 ί
433 5472 637 5522 vaticani
657 5479 781 5531 uss,
805 5470 965 5522 datur.

386 5534 625 5598 {vetitam
653 5542 776 5598 Mss,
798 5540 989 5596 partum
1011 5531 1415 5598 blasphemando;
1433 5533 1625 5598 omisso,
1656 5532 1879 5598 Virginis.

386 5594 406 5627 ³
432 5600 480 5658 tn
502 5595 647 5644 editis
681 5592 924 5658 omissum,
966 5594 1051 5644 sed
1084 5592 1178 5658 ipsi
1199 5593 1351 5658 potius
1382 5595 1599 5658 festinent
1627 5592 1883 5646 aneiidare

319 5655 442 5717 ςειοιι
464 5663 589 5706 sum.
613 5656 823 5704 Habetur
845 5658 891 5703 in
909 5654 1244 5717 manuscriptis
1256 5654 1509 5717 Gallicanis
1526 5663 1577 5704 et
1603 5658 1849 5706 Vaticanis.

380 5720 400 5746 δ
433 5727 530 5765 Am.
558 5727 608 5765 et
632 5723 735 5766 uss.
763 5723 1074 5777 praetereunt,
1100 5715 1280 5766 hebeti.

1620 331 1815 387 LlBER
1856 333 2231 391 SECUNDUS.
3469 342 3569 398 570

1998 458 2243 513 perversa
2274 446 2324 509 ⁸,
2362 460 2466 500 non
2494 455 2666 501 tamen
2705 446 3121 516 contemptibilia
3142 489 3158 513 ,
3187 462 3305 503 cum
3331 450 3570 506 studiose

1994 534 2303 604 corrigenda
2333 536 2525 603 potius,
2557 551 2713 606 quam
2740 535 2890 591 facile
2910 537 3205 593 damnanda
3245 538 3567 604 viderentur,

1994 623 2268 691 aliquanto
2307 624 2497 689 leuius,
2542 640 2697 694 quam
2730 626 2968 679 severior
2993 628 3290 695 postulabat
3317 629 3566 684 Ecclesiae

1991 711 2264 781 disciplina
2291 755 2306 779 ,
2358 723 2574 769 tractata
2618 726 2761 770 sunt.
2816 706 2915 770 Tel
2952 718 3091 771 enim
3133 728 3186 772 et
3228 720 3387 773 tantis
3433 722 3567 776 inter

1991 803 2347 868 Apostolicam
2371 803 2562 859 Sedem
2588 813 2641 858 et
2677 805 2836 860 Afros
2861 805 3138 876 episcOpos
3158 810 3488 863 currentibus
3512 822 3563 864 et

1990 891 2381 945 recurrentibus
2410 894 2620 961 scriptis
2645 895 3017 949 ecclesiasticis
3042 936 3058 961 ,
3103 899 3260 950 etiam
3298 900 3460 968 gestis
3496 899 3563 954 de

1990 978 2088 1033 hac
2127 994 2284 1035 causa
2331 983 2466 1052 apud
2518 984 2659 1037 illam
2704 984 2897 1039 Sedem
2924 985 3172 1041 leestio
3212 999 3473 1056 pnesente
3510 1000 3563 1043 et

1986 1071 2338 1141 respondente
2383 1073 2668 1137 confectis;
2713 1090 2955 1143 quaenam
2988 1076 3193 1129 tandem
3222 1077 3440 1145 epistola
3467 1094 3559 1133 ve-

1986 1159 2234 1213 nerandze
2280 1162 2547 1215 memorize
2590 1162 2746 1231 Papcr
2791 1163 3027 1227 Zosimi,
3070 1179 3189 1233 quae
3227 1166 3560 1220 interlocutio

1986 1251 2247 1319 reperitur
2272 1292 2286 1314 ,
2338 1251 2426 1306 ubi
2467 1254 2775 1321 praeceperit
2801 1253 2948 1307 credi
2986 1263 3269 1322 oportere,
3316 1257 3430 1310 sine
3456 1257 3559 1310 ullo

1984 1338 2111 1392 vitio
2137 1340 2337 1407 peccati
2358 1340 2628 1409 originalis
2651 1340 2917 1395 hominem
2935 1341 3117 1395 nasci?
3136 1341 3399 1411 NuSqnam
3419 1357 3560 1413 pror-

1982 1444 2076 1483 sus
2099 1430 2197 1483 hoc
2219 1431 2368 1492 dixit,
2398 1446 2653 1500 nusquam
2680 1432 2898 1487 omnino
2926 1434 3260 1502 conscripsit.
3302 1433 3409 1489 Sed
3438 1449 3558 1490 cum

1984 1516 2083 1572 hoc
2112 1519 2389 1574 Caelestius
2426 1521 2476 1573 in
2499 1536 2595 1574 suo
2623 1521 2804 1575 libello
2834 1522 3119 1589 posuisset,
3150 1524 3286 1578 inter
3311 1524 3399 1579 illa
3426 1525 3559 1579 dun-

1982 1615 2126 1662 taxat
2168 1609 2234 1663 de
2277 1610 2468 1679 quibus
2510 1625 2569 1664 se
2603 1610 2777 1664 adhuc
2822 1611 3064 1665 dubitare
3089 1622 3143 1666 et
3186 1613 3374 1667 instrui
3418 1613 3555 1669 velle

1980 1697 2256 1752 confessus
2284 1708 2364 1752 est
2387 1738 2402 1764 ,
2449 1699 2499 1751 in
2529 1698 2744 1753 homine
2769 1699 3013 1754 acerrimi
3052 1700 3245 1769 ingenii
3271 1743 3286 1767 ,
3322 1703 3408 1771 qui
3434 1717 3558 1772 pro-

1983 1785 2120 1842 fecto
2164 1789 2207 1842 si
2252 1789 2605 1858 corrigeretur
2656 1789 2896 1858 plurimis
2941 1789 3257 1858 profuisset,
3312 1793 3553 1848 voluntas

1979 1874 2395 1942 emendationis,
2441 1892 2546 1930 non
2591 1876 2792 1931 falsitas
2822 1876 3082 1945 dogmatis
3119 1879 3401 1947 approbata
3448 1888 3550 1935 est.

1979 1964 2048 2018 Et
2076 1975 2353 2034 propterea
2380 1966 2590 2021 libellus
2619 1968 2739 2036 ejus
2762 1967 3054 2023 catholicus
3081 1968 3254 2023 dictus
3279 1976 3361 2022 est
3381 2009 3397 2037 ,
3429 1971 3551 2040 quia

1979 2063 2031 2109 et
2057 2054 2156 2109 hoc
2181 2055 2454 2111 catholica:
2480 2058 2672 2111 mentis
2701 2066 2812 2124 est,
2845 2058 2888 2111 si
2911 2073 3015 2127 qua
3053 2057 3186 2112 forte
3213 2059 3367 2113 aliter
3389 2060 3548 2127 sapit,

1976 2157 2134 2212 quam
2162 2145 2355 2199 veritas
2382 2146 2562 2213 exigit,
2590 2162 2693 2200 non
2722 2162 2783 2201 ea
2810 2147 3104 2202 certissime
3127 2147 3350 2203 delinire
3370 2149 3390 2180 ⁸
3411 2189 3427 2214 ,
3453 2148 3550 2204 sed

1975 2232 2179 2288 detecta
2216 2248 2280 2288 ac
2312 2235 2671 2289 demonstrata
2700 2251 2970 2305 reapuere.
3009 2236 3123 2291 Non
3150 2237 3291 2292 enim
3335 2237 3546 2293 hmreti-

1976 2321 2091 2387 cis,
2128 2322 2221 2377 sed
2268 2321 2554 2379 Catltolicis
2577 2326 2865 2395 Apostolus
2908 2326 3256 2395 loquebatur,
3302 2328 3389 2382 ubi
3431 2329 3544 2382 ait:

1980 2410 2232 2482 Quotquot
2269 2429 2384 2484 ergo
2419 2414 2625 2484 perfecti
2663 2417 2757 2469 hoc
2779 2418 3075 2486 sapiamus;
3118 2426 3167 2471 et
3198 2419 3243 2471 si
3264 2418 3384 2487 quid
3404 2418 3550 2473 aliter

1974 2504 2171 2574 sapitis,
2194 2505 2248 2558 id
2265 2522 2459 2576 quoque
2477 2505 2613 2560 Dens
2630 2507 2767 2561 vobis
2792 2506 3029 2561 revelabit
3050 2507 3301 2581 (Philipp.
3324 2524 3400 2573 ιη,
3432 2510 3545 2580 i5).

1977 2592 2090 2648 lloc
2123 2594 2173 2647 in
2205 2595 2297 2649 illo
2322 2594 2514 2649 factum
2545 2611 2663 2651 esse
2690 2596 2971 2665 putabatur
2992 2637 3008 2661 ,
3034 2598 3247 2667 quando
3275 2613 3335 2654 se
3354 2600 3549 2656 litteris

1976 2682 2145 2739 beata:
2178 2687 2448 2739 memoria:
2475 2687 2630 2755 Papae
2661 2686 2948 2741 lnnocentii
2968 2728 2986 2753 ,
3027 2689 3219 2757 quibus
3256 2689 3323 2743 de
3360 2688 3460 2744 bac
3486 2704 3546 2744 re

1974 2772 2233 2828 dubitatio
2273 2784 2382 2828 tota
2410 2775 2616 2829 sublata
2641 2785 2763 2841 est,
2809 2777 3111 2831 consentire
3154 2779 3446 2848 respondit.
3482 2780 3548 2835 Et

1974 2860 2077 2916 hoc
2101 2871 2159 2916 ut
2201 2863 2408 2933 plenius
2433 2872 2486 2919 et
2514 2863 2847 2919 manifestius
2887 2865 2936 2918 in
2962 2865 3049 2919 illo
3071 2865 3241 2931 fieret,
3272 2878 3547 2937 exspecta-

1974 2951 2130 3006 batur
2153 2993 2169 3018 ,
2211 2954 2448 3007 venturis
2476 2969 2542 3007 ex
2582 2951 2759 3008 Africa
2799 2954 2987 3008 litteris
3010 2994 3028 3021 ,
3070 2954 3122 3008 in
3150 2970 3249 3025 qua
3280 2957 3546 3024 provincia

1973 3041 2090 3111 ejus
2116 3043 2385 3112 aliquanto
2423 3043 2686 3098 calliditas
2724 3043 3026 3099 evidentius
3053 3044 3372 3099 innotuerat.
3416 3045 3546 3113 Quae

1974 3134 2196 3189 Romam
2217 3136 2403 3190 littera:
2425 3145 2770 3206 posteaquam
2795 3144 3082 3202 venerunt,
3114 3135 3166 3189 id
3188 3135 3542 3203 continentes,

1974 3239 2081 3279 non
2106 3224 2351 3280 sufﬁcere
2375 3225 2679 3279 hominibus
2708 3224 3030 3280 tardioribus
3049 3234 3102 3279 et
3125 3226 3544 3292 sollicitioribus,

1974 3316 2115 3387 quod
2161 3331 2219 3371 se
2253 3316 2573 3387 generaliter
2600 3314 2894 3369 lnnocentii
2936 3315 3170 3384 episcOpi
3202 3315 3392 3369 litteris
3415 3330 3546 3368 con-

1974 3407 2172 3461 sentire
2193 3405 2490 3471 fatebatur;
2537 3405 2630 3460 sed
2664 3415 2846 3474 aperte
2874 3419 2994 3458 eum
3019 3402 3214 3459 debere
3234 3404 3545 3458 anathema-

1976 3498 2139 3552 tizare
2167 3512 2285 3564 quze
2310 3496 2362 3549 in
2386 3510 2485 3551 suo
2513 3495 2692 3549 libello
2716 3509 2873 3563 prava
2899 3505 3177 3562 posuerat;
3202 3509 3269 3547 ne
3293 3494 3336 3547 si
3367 3493 3416 3545 id
3440 3507 3544 3545 non

1977 3586 2226 3648 fecisset,
2276 3584 2426 3637 multi
2471 3598 2653 3652 parum
2685 3583 3040 3651 intelligentes
3076 3582 3243 3650 magis
3272 3583 3322 3635 in
3362 3581 3543 3636 libello

1977 3675 2094 3745 ejus
2141 3676 2225 3728 illa
2270 3675 2390 3728 ﬁdei
2444 3689 2644 3729 venena
2673 3690 2702 3726 a
2741 3673 2879 3728 Sede
2925 3674 3227 3741 Apostolica
3269 3673 3548 3727 crederent

1976 3767 2287 3837 approbata,
2329 3774 2607 3835 propterea
2645 3764 2786 3834 quod
2809 3765 2877 3819 ab
2911 3763 2999 3817 illa
3029 3764 3224 3817 dictum
3247 3772 3379 3826 erat,
3420 3779 3543 3817 eum

1977 3860 2213 3914 libellum
2240 3872 2358 3914 esse
2384 3856 2702 3912 catholicum
2728 3897 2743 3923 ,
2775 3871 2930 3924 quam
2969 3854 3245 3909 emendata
3265 3893 3280 3919 ,
3332 3862 3549 3922 proltter

1977 3949 2107 4003 illud
2133 3948 2274 4018 quod
2301 3962 2359 4003 se
2384 3948 2540 4016 Papa)
2569 3945 2857 4001 lnoocentii
2885 3945 3073 4000 litteris
3109 3945 3409 3998 consentire
3435 3944 3548 4012 ipse

1978 4038 2324 4108 responderat
2354 4054 2368 4089 :
2401 4036 2523 4090 tunc
2546 4051 2674 4105 ergo
2697 4051 2816 4089 cum
2843 4035 2957 4104 ejus
2989 4035 3266 4102 prmsentia
3302 4048 3546 4103 poscere-

1977 4136 2083 4191 tur,
2112 4136 2169 4181 ut
2199 4128 2362 4183 certis
2397 4141 2459 4180 ac
2481 4123 2725 4178 dilucidis
2753 4123 3214 4193 responsionibus,
3244 4122 3328 4177 vel
3354 4123 3545 4175 astutia

1979 4216 2209 4271 hominis
2238 4216 2320 4270 vel
2344 4213 2604 4268 correctio
2628 4212 2978 4266 dilucesceret
2999 4251 3014 4273 ,
3054 4220 3108 4264 et
3144 4210 3272 4264 nulli
3305 4210 3546 4280 ambigua

1977 4315 2278 4361 remaneret
2296 4344 2309 4367 ,
2337 4319 2396 4358 se
2418 4302 2678 4357 subtraxit
2701 4310 2755 4356 et
2779 4301 2989 4370 negavit
3017 4301 3267 4355 examini.
3311 4301 3417 4355 Nec
3444 4301 3547 4355 dif-

1977 4393 2252 4449 ferendum
2269 4392 2376 4461 jam
2404 4392 2591 4455 fuerat,
2606 4388 2743 4443 sicut
2766 4389 2957 4443 factum
2969 4398 3072 4455 est,
3096 4390 3232 4458 quod
3253 4389 3372 4443 aliis
3390 4389 3547 4459 prod-

1977 4495 2155 4547 esset,
2203 4484 2248 4537 si
2295 4483 2511 4536 nimium
2558 4495 2927 4551 perversurum
2983 4482 3281 4550 pertinacia:
3330 4481 3551 4537 demen-

1981 4558 2170 4645 tiaeque
2195 4589 2298 4629 non
2324 4581 2503 4643 posset
2525 4571 2566 4625 ³.
2600 4571 2704 4626 Sed
2734 4570 2800 4635 si,
2822 4571 2962 4641 quod
2984 4572 3141 4636 absit,
3172 4572 3240 4625 ita
3269 4584 3391 4626 tunc
3419 4572 3549 4627 fuis-

1981 4672 2063 4719 set
2107 4663 2176 4718 de
2245 4662 2495 4718 Caelestio
2545 4662 2628 4717 vel
2671 4661 2883 4731 Pelagio
2931 4663 2983 4716 in
3032 4661 3268 4716 Romana
3315 4662 3549 4717 Ecclesia

1975 4753 2285 4825 judicatum,
2314 4760 2374 4807 nt
2392 4753 2476 4808 illa
2495 4767 2677 4807 eorum
2703 4751 2970 4821 dogmata,
2991 4766 3110 4821 qua:
3136 4751 3188 4805 in
3213 4752 3339 4819 ipsis
3358 4759 3548 4804 etcum

1982 4846 2111 4915 ipsis
2139 4844 2279 4914 Papa
2331 4844 2665 4899 Innocentius
2704 4842 3087 4907 damnaverat,
3133 4840 3469 4910 approbanda
3498 4848 3552 4896 et

1983 4934 2210 4989 tenenda
2238 4934 2736 5002 pronuntiarentur,
2763 4947 2831 4986 ex
2856 4931 2957 4986 hoc
2980 4931 3154 5001 potius
3183 4938 3323 4985 esset
3345 4945 3551 4997 praeva-

1983 5024 2254 5078 ricationis
2276 5031 2397 5076 nota
2439 5021 2688 5076 Romanis
2713 5020 2921 5076 clericis
2944 5018 3220 5074 inurenda.
3248 5018 3401 5074 Nunc
3427 5033 3552 5072 vero

1982 5127 2104 5166 cum
2141 5112 2383 5181 primitus
2410 5110 2697 5165 beatissimi
2721 5109 2877 5177 Papa:
2904 5107 3193 5163 lnnoeentii
3228 5107 3415 5161 littera:
3435 5109 3551 5178 cpi.

1983 5216 2262 5270 scaporum
2284 5198 2475 5254 litteris
2500 5197 2870 5267 respondentis
2890 5195 3136 5251 Afrorum
3154 5237 3171 5262 ,
3194 5196 3391 5265 pariter
3415 5196 3555 5251 hunc

1984 5304 2219 5344 errorem
2249 5329 2264 5354 ,
2291 5304 2446 5359 quem
2481 5296 2739 5343 conantur
2765 5287 2850 5342 isti
2886 5285 3228 5357 persuadere,
3269 5285 3554 5340 damnave—

1985 5382 2091 5436 rint
2120 5399 2133 5434 :
2160 5395 2436 5434 successor
2468 5393 2677 5448 queque
2719 5378 2838 5447 ejus
2883 5386 3099 5433 sanctus
3128 5378 3270 5449 Papa
3311 5377 3553 5431 Zosimus

2051 5598 2066 5628 ι
2101 5594 2318 5660 Gallicani
2342 5604 2468 5655 Mss,
2489 5608 2706 5660 peruasit.

2049 5660 2068 5722 ξ
2103 5658 2246 5705 tidem
2270 5665 2400 5722 3:53.,
2417 5655 2677 5708 certissimo
2699 5655 2912 5722 deﬁnire.

2052 5719 2073 5751 ³
2105 5725 2229 5766 Unus
2252 5730 2279 5766 e
2305 5720 2447 5769 vatio.
2476 5727 2602 5781 Mss,
2624 5719 2849 5785 prodesse
2870 5733 2961 5770 non
2979 5728 3148 5784 posset.
