4034 6182
330 313 441 368 577

336 428 443 482 hoc
461 434 545 481 est
569 422 765 478 malum
779 421 923 492 ejus;
950 419 1045 475 sed
1066 416 1206 489 quod
1238 433 1303 471 cx
1335 415 1425 469 illo
1450 414 1581 469 vitio
1614 412 1771 481 primi
1803 410 1902 463 ho-

338 517 501 572 minis
536 513 718 569 trahit.

410 619 637 677 CAPUT
677 617 743 672 Ἴ.
770 648 840 659 -
864 616 918 672 9.
954 614 1241 686 Respondet
1282 612 1351 666 ad
1396 609 1786 682 Pelagianorum
1832 621 1919 659 ta-

338 712 580 765 lumm'as.
637 708 771 772 Quid
818 706 1026 760 liberum
1087 704 1351 758 arbitrium
1395 708 1503 756 sine
1555 700 1736 770 gratia.
1786 697 1921 764 Quid

339 801 556 855 sentiant
602 798 851 851 Catholici
901 797 965 849 de
1015 799 1139 865 fato.
1196 795 1313 848 .lam
1359 806 1497 846 nunc
1548 791 1637 845 illa
1695 787 1920 843 videnda

341 898 487 955 sum,
521 905 641 959 quas
677 890 729 943 in
771 887 1008 958 Epistula
1045 900 1137 940 sua
1183 886 1335 940 nobis
1385 883 1697 952 objicientes
1723 920 1739 947 ,
1798 879 1920 933 bre-

344 980 484 1034 viter
532 986 855 1048 posuerunt,
900 976 1089 1046 quibus
1128 975 1240 1030 haec
1278 984 1360 1029 est
1399 985 1578 1027 nostra
1621 968 1919 1055 responsio.

343 1070 567 1126 Peccan
586 1068 715 1124 Adae
754 1067 1026 1122 arbitrium
1053 1066 1277 1120 liberum
1321 1064 1387 1118 de
1412 1062 1684 1117 hominum
1735 1068 1921 1114 natura

346 1161 568 1229 periisse
609 1174 714 1212 non
750 1158 973 1212 dicimus
1005 1173 1018 1209 :
1050 1155 1144 1210 sed
1189 1153 1255 1209 ad
1281 1152 1604 1223 peccandum
1648 1151 1826 1205 valere
1868 1149 1921 1202 in

346 1248 647 1304 hominibus
675 1246 900 1302 subditis
938 1245 1186 1309 diabolo;
1215 1242 1282 1297 ad
1326 1244 1462 1298 bene
1509 1250 1685 1295 autem
1734 1239 1923 1309 pieque

345 1336 626 1391 vivendum
649 1351 752 1390 non
772 1335 966 1399 valere,
1010 1333 1109 1387 nisi
1147 1333 1257 1402 ipsa
1283 1332 1526 1385 voluntas
1556 1328 1784 1384 hominis
1830 1327 1924 1381 Dei

343 1426 510 1496 gratia
528 1425 684 1480 fuerit
713 1425 953 1490 liberata,
968 1431 1023 1477 et
1050 1422 1115 1476 ad
1131 1435 1288 1476 omne
1310 1420 1502 1474 bonum
1515 1418 1737 1473 actionis
1758 1458 1772 1483 ,
1805 1430 1922 1470 ser-

347 1517 540 1581 monis,
580 1514 912 1584 cogitationis
957 1513 1156 1582 adjuta.
1195 1510 1465 1566 Neminem
1492 1509 1591 1564 nisi
1646 1509 1923 1562 Dominum

348 1609 515 1662 Deum
540 1605 765 1659 dicimus
790 1604 1116 1658 nascentium
1144 1601 1475 1656 conditorem
1501 1616 1515 1665 ;
1549 1614 1647 1653 nec
1685 1614 1714 1650 a
1743 1597 1926 1651 diabo-

351 1699 425 1763 lo,
452 1697 547 1753 sed
568 1697 635 1751 ab
662 1696 777 1766 ipso
806 1696 1016 1765 nuptias
1042 1695 1308 1748 institutas
1340 1711 1354 1747 :
1387 1706 1574 1746 omnes
1606 1700 1780 1745 tamen
1827 1689 1925 1744 sub

348 1795 567 1857 peccato
594 1785 736 1840 nasci
769 1793 982 1855 propter
1000 1782 1303 1854 propaginis
1322 1783 1540 1846 vitium;
1572 1789 1626 1835 et
1653 1780 1771 1834 ideo
1803 1792 1925 1834 esse

345 1878 448 1933 sub
471 1875 701 1940 diabolo,
749 1875 920 1929 donec
950 1882 1294 1929 renascantur
1332 1873 1384 1926 in
1427 1869 1660 1926 Christo.
1694 1868 1801 1924 Nec
1827 1869 1925 1923 sub

347 1967 565 2021 nomine
587 1966 767 2035 gratia:
793 1964 954 2017 fatum
983 1964 1288 2028 asserimus,
1321 1962 1441 2032 quia
1471 1961 1626 2015 nullis
1652 1959 1924 2014 hominum

349 2056 554 2111 meritis
580 2055 673 2111 Dei
697 2055 915 2124 gratiam
958 2054 1179 2109 dicimus
1207 2052 1468 2107 antecedi.
1511 2052 1564 2106 Si
1592 2060 1764 2105 autem
1812 2048 1925 2119 qui-

349 2147 570 2202 busdam
591 2146 964 2214 omnipotentis
993 2145 1088 2199 Dei
1111 2145 1435 2199 voluntatem
1486 2143 1655 2212 placet
1696 2140 1788 2206 fati
1827 2156 1926 2195 no-

352 2237 497 2292 mine
530 2251 869 2305 nuncupare;
903 2234 1151 2303 profanas
1202 2233 1415 2304 quidem
1445 2235 1725 2290 verborum
1773 2233 1925 2287 novi-

353 2338 487 2383 tates
510 2328 766 2382 evitamus
792 2325 812 2397 (
841 2325 862 2379 ι
890 2325 1019 2380 Tim.
1046 2341 1134 2393 vr,
1176 2325 1248 2381 20
1278 2325 1319 2396 ).
1348 2324 1442 2382 sed
1473 2324 1541 2381 de
1581 2323 1759 2380 verbis
1795 2338 1925 2378 con-

353 2417 571 2475 tendere
591 2432 694 2471 non
719 2429 977 2469 amamus.

433 2507 516 2563 to.
547 2505 699 2560 Unde
721 2514 896 2560 autem
916 2505 1015 2559 hoc
1039 2506 1117 2560 eis
1143 2505 1314 2559 visum
1342 2505 1500 2561 fuerit
1537 2505 1688 2560 nobis
1717 2505 1918 2576 objice-

360 2596 440 2660 re,
463 2594 605 2666 quod
632 2594 797 2649 fatum
833 2608 1133 2650 asseramus
1172 2595 1270 2650 sub
1300 2596 1513 2650 nomine
1551 2597 1735 2666 gratize
1760 2638 1775 2663 ,
1805 2610 1925 2650 cum

354 2687 624 2757 aliquanto
678 2684 934 2740 attentius
976 2685 1305 2755 cogitarem;
1338 2686 1481 2755 prius
1520 2700 1703 2741 eorum
1756 2686 1917 2741 verba

352 2791 472 2846 qua:
499 2784 895 2845 consequuntur
922 2775 1146 2843 inspexi.
1181 2772 1270 2830 Sic
1294 2774 1434 2829 enim
1461 2774 1563 2829 hoc
1588 2776 1740 2828 nobis
1782 2773 1925 2843 obji-

354 2866 596 2921 ciendum
645 2874 897 2936 putarunt
942 2881 956 2918 :
1013 2882 1032 2916 ι
1094 2864 1203 2920 Sub
1251 2865 1503 2930 nomine,
1563 2883 1585 2917 ι
1631 2864 1920 2934 inquiunt,

361 2974 380 3008 ι
406 2957 588 3026 gratia:
605 2957 672 3010 ita
703 2956 860 3009 fatum
886 2962 1151 3019 asserunt,
1184 2963 1239 3007 ut
1259 2953 1457 3020 dicant,
1483 2954 1605 3023 quia
1648 2953 1747 3007 nisi
1791 2954 1928 3008 Deus

355 3047 521 3101 invito
540 3056 593 3101 ct
617 3045 893 3101 reluctanti
937 3043 1136 3099 homini
1165 3044 1656 3113 inspiraveritboni,
1690 3050 1743 3097 et
1765 3042 1930 3110 ipsius

356 3136 674 3207 imperfecti,
724 3136 1085 3206 cupiditatem,
1142 3150 1241 3190 nec
1270 3151 1297 3187 a
1326 3136 1468 3190 malo
1513 3135 1798 3199 declinare,
1831 3148 1929 3189 nec
1986 3182 1994 3191 ,

356 3230 553 3284 bonum
619 3229 782 3297 possit
835 3228 1088 3297 arripere.
1124 3245 1144 3280 ι
1182 3226 1380 3281 Deinde
1443 3226 1710 3296 aliquanto
1777 3233 1927 3294 post,

357 3318 443 3373 ubi
478 3319 575 3387 ipsi
604 3334 720 3388 qua:
757 3316 1074 3382 defendant,
1102 3327 1549 3381 commemorant,
1599 3315 1723 3381 quid
1748 3315 1816 3370 de
1835 3316 1932 3370 hac

358 3424 417 3462 re
462 3409 530 3461 ab
548 3408 626 3463 eis
653 3408 934 3473 diceretur,
963 3406 1184 3461 attendi.
1216 3424 1235 3457 ‹
1260 3406 1546 3474 Baptisma,
1589 3423 1607 3457 ι
1665 3405 1929 3475 inquiunt,

357 3499 611 3554 omnibus
683 3499 1041 3553 necessarium
1096 3511 1215 3552 esse
1275 3497 1518 3551 aetatibus
1571 3496 1928 3551 conﬁtemur:

356 3590 580 3661 gratiam
610 3603 818 3658 quoque
842 3588 1088 3657 adjuvare
1117 3586 1537 3657 uniuscujusque
1563 3586 1756 3640 bonum
1806 3601 1931 3655 pro-

359 3682 612 3751 positum,
643 3693 745 3732 non
787 3688 961 3733 tamen
1003 3679 1281 3733 reluctanti
1309 3678 1539 3732 studium
1582 3676 1791 3731 virtutis
1830 3677 1934 3731 im-

361 3776 592 3839 mittere,
607 3774 725 3843 quia
743 3786 1083 3841 personarum
1107 3772 1341 3840 acceptio
1361 3778 1558 3825 nonest
1577 3769 1713 3839 apud
1735 3770 1929 3823 Deum»

365 3865 606 3935 (Coloss.
657 3879 734 3927 ιιι,
785 3862 855 3918 25
880 3863 921 3934 ).
974 3862 1051 3917 Ex
1096 3863 1176 3916 his
1220 3877 1404 3916 eorum
1442 3861 1619 3916 verbis
1662 3861 1932 3927 intellexi,

363 3955 434 4007 ob
453 3953 555 4007 hoc
584 3953 700 4006 illos
738 3953 821 4006 vel
847 3958 1030 4020 putare
1052 3952 1129 4005 vel
1154 3951 1322 4020 putari
1348 3950 1503 4015 velle,
1529 3949 1691 4003 fatum
1722 3964 1819 4004 nos
1848 3964 1935 4003 as-

365 4059 545 4099 serere
564 4044 663 4097 sub
691 4043 905 4097 nomine
948 4042 1149 4113 gratiae,
1174 4042 1293 4111 quia
1323 4041 1545 4110 gratiam
1573 4038 1671 4094 Dei
1713 4055 1817 4094 non
1847 4053 1935 4094 se-

368 4135 598 4188 cundum
631 4134 817 4188 merita
859 4142 1036 4187 nostra
1070 4132 1295 4186 dicimus
1341 4129 1475 4196 dari,
1507 4130 1600 4185 sed
1640 4129 1932 4185 secundum

370 4227 533 4296 ipsius
557 4223 1101 4280 misericordissimam
1154 4222 1499 4281 voluntatem.
1522 4222 1609 4291 qui
1626 4220 1784 4299 dixit,
1822 4220 1930 4275 Mi-

373 4318 567 4372 screbor
586 4317 669 4369 cui
686 4311 915 4369 misertus
956 4331 1060 4380 ero,
1088 4322 1135 4367 et
1163 4312 1554 4368 misericordiam
1583 4313 1824 4381 praestabo
1845 4312 1928 4365 cui

371 4410 649 4463 misericors
699 4411 858 4475 fuero.
917 4405 1015 4461 Ubi
1044 4413 1430 4473 consequenter
1483 4403 1788 4471 adjunctum
1820 4411 1934 4468 est,

376 4497 401 4552 1
408 4500 540 4569 gitur
566 4514 665 4551 non
691 4497 895 4550 volentis
917 4536 932 4559 ,
978 4510 1134 4563 neque
1156 4494 1419 4557 currentis,
1449 4492 1538 4546 sed
1562 4492 1836 4546 miserantis
1860 4503 1934 4546 est

378 4590 468 4643 Dei
499 4589 517 4660 (
551 4588 698 4642 Rom.
726 4604 799 4652 Ix,
824 4587 911 4649 l5,
942 4586 1007 4641 l6
1032 4585 1075 4656 ).
1116 4585 1299 4639 Posset
1321 4585 1479 4639 etiam
1517 4583 1639 4637 hinc
1683 4583 1941 4652 quispiam

375 4681 614 4733 similiter
628 4678 818 4732 stultus
838 4675 926 4730 fati
956 4684 1274 4730 assertorem
1294 4675 1601 4745 Apostolum
1647 4682 1835 4742 putare
1863 4675 1943 4728 vel

375 4768 575 4823 dicere.
606 4767 800 4821 Verum
828 4766 914 4820 hic
946 4779 1005 4819 se
1032 4764 1119 4818 isti
1165 4764 1293 4818 satis
1333 4765 1593 4832 aperiunt.
1625 4762 1754 4817 Cum
1802 4764 1943 4818 enim

376 4867 655 4929 propterea
704 4855 858 4911 nobis
900 4853 1287 4909 calumniantur
1315 4894 1329 4917 ,
1376 4853 1614 4908 dicentes
1642 4868 1740 4908 nos
1779 4852 1943 4907 fatum

376 4949 557 5020 gratim
583 4947 795 5002 nomine
821 4960 1092 5010 asserere,
1137 4945 1257 5014 quia
1289 4958 1390 4999 non
1418 4943 1710 4998 secundum
1756 4945 1944 4997 merita

379 5048 558 5093 nostra
594 5037 708 5092 dari
737 5036 960 5091 dicimus
989 5034 1081 5089 Dei
1106 5034 1326 5105 gratiam
1351 5050 1365 5095 ;
1395 5034 1577 5103 procul
1622 5032 1785 5087 dubio
1812 5047 1946 5087 con-

284 5131 294 5140 ’
379 5131 596 5187 ﬁtentur
616 5128 755 5199 quod
785 5128 884 5199 ipsi
920 5143 1037 5183 eam
1064 5125 1354 5182 secundm
1377 5134 1555 5181 nostra
1593 5129 1780 5182 merita
1819 5126 1935 5182 dari

377 5220 561 5276 dicunt
593 5237 609 5274 :
639 5220 710 5273 ita
753 5219 965 5274 caecitas
992 5233 1174 5272 eorum
1217 5218 1483 5272 occultare
1519 5232 1582 5272 ac
1613 5218 1948 5275 dissimulare

381 5325 486 5364 non
510 5310 698 5379 potuit,
722 5308 823 5363 hoc
862 5322 921 5362 se
960 5321 1147 5377 sapere
1174 5318 1332 5377 atque
1373 5307 1571 5362 sentire
1596 5346 1613 5374 ,
1645 5307 1784 5377 quod
1845 5309 1948 5363 sibi

384 5398 646 5468 obiectum
688 5396 927 5467 Pelagius
964 5395 1018 5450 in
1068 5396 1352 5466 episcopali
1420 5395 1619 5464 judicio
1665 5396 1948 5452 Palaestino

381 5487 606 5543 subdolo
628 5487 815 5541 timore
855 5485 1142 5540 damnavit.
1195 5485 1465 5555 Objectum
1517 5487 1711 5556 quippe
1755 5486 1827 5541 illi
1870 5497 1951 5543 est

384 5595 448 5635 ex
468 5579 641 5635 verbis
665 5577 872 5649 quidem
918 5576 1159 5647 discipuli
1201 5578 1283 5631 sui
1308 5577 1564 5638 leestit,
1607 5578 1746 5647 quod
1788 5581 1947 5634 etiam

387 5670 499 5739 ipse
518 5668 735 5734 diceret,
767 5685 787 5719 ο
815 5668 1036 5738 gratiam
1065 5666 1153 5722 Dei
1202 5665 1491 5721 secundum
1543 5669 1727 5721 merita
1773 5677 1949 5723 nostra

1638 300 1834 354 LIBER
1872 295 2248 353 SECUNDUS.

3493 301 3597 360 578

2024 407 2158 460 dari.
2198 427 2216 458 ι
2251 405 2401 471 Quod
2422 406 2506 461 ille
2530 406 2818 471 detestans,
2851 407 2932 463 vel
2949 410 3098 479 quasi
3126 411 3399 468 detestans
3426 415 3467 478 ‘,
3494 430 3595 472 ore

2023 496 2733 552 duntaxatanathematizare
2764 514 2866 552 non
2896 499 3132 555 distulit;
3161 502 3254 555 sed
3305 512 3440 557 sicut
3481 507 3598 573 ejus

2025 585 2142 640 libri
2176 587 2493 654 posteriores
2517 587 2767 648 iudicant,
2798 598 2852 641 et
2886 590 3102 644 istorum
3130 601 3453 646 sectatorum
3473 593 3590 661 ejus

2025 676 2230 729 nudat‘
2252 678 2493 741 assertio,
2541 676 2664 731 ﬁcto
2700 678 2858 732 corde
2891 683 3138 746 servavit,
3173 681 3345 737 donec
3385 694 3589 751 postea,

2023 765 2164 835 quod
2204 774 2327 819 tunc
2376 775 2517 819 metu
2566 776 2768 820 texerat
2810 771 3050 835 negantis
3074 772 3291 834 astutia,
3322 775 3479 826 etiam
3535 777 3590 830 in

2025 854 2229 909 litteras
2258 855 2519 924 proferret
2545 856 2782 910 audacia.
2805 857 2873 910 Et
2893 857 3069 911 adhuc
3083 875 3185 912 non
3214 861 3581 927 reformidant,

2025 960 2125 1000 nec
2149 946 2338 999 saltem
2360 947 2782 1001 verecundantur
2806 947 3041 1017 episc0pi
3087 949 3345 1017 Pelagiani
3381 952 3587 1006 litteras

2025 1047 2148 1087 suas
2167 1034 2440 1088 catholicis
2465 1036 2808 1090 orientalibus
2832 1037 3094 1105 episcopis
3120 1039 3329 1094 mittere
3357 1081 3371 1104 ,
3402 1043 3595 1109 quibus

2025 1137 2124 1177 nos
2169 1134 2464 1178 assertores
2500 1124 2589 1178 fati
2620 1141 2739 1180 esse
2763 1126 3130 1191 criminantur,
3159 1130 3280 1197 quia
3327 1148 3428 1185 non
3455 1133 3592 1186 dici-

2027 1228 2144 1267 mus
2173 1216 2392 1283 gratiam
2423 1216 2514 1269 Dei
2556 1217 2845 1270 secundum
2877 1220 3061 1272 merita
3087 1231 3263 1274 nostra
3291 1222 3425 1286 dari,
3453 1224 3592 1291 quod

2026 1300 2266 1372 Pelagius
2293 1305 2573 1373 episcopos
2602 1305 2887 1360 orientales
2914 1317 3183 1374 metuens,
3206 1318 3258 1363 et
3283 1310 3461 1364 dici-re
3488 1327 3594 1364 non

2025 1405 2208 1457 ausus,
2237 1400 2290 1445 et
2312 1394 2564 1446 damnare
2579 1394 2882 1462 compulsus
2908 1405 3010 1449 est.

2097 1480 2321 1536 CAPUT
2359 1482 2445 1536 Vl.
2474 1484 2662 1536 -1Ι.
2693 1482 2813 1536 Fati
2854 1485 3140 1540 criminatio
3182 1495 3498 1558 retorquetur
3545 1491 3597 1543 in

2026 1570 2357 1625 adversarios.
2386 1571 2529 1626 itane
2552 1587 2700 1639 vero,
2731 1573 2819 1626 filii
2858 1577 3139 1644 superbiae,
3189 1576 3384 1632 inimici
3416 1581 3600 1649 gratia:

2029 1661 2142 1727 Dei,
2172 1676 2204 1714 ο
2250 1664 2374 1715 novi
2432 1662 2665 1717 bmretici
2711 1664 2996 1734 Pelagiani,
3031 1668 3267 1737 quisquis
3293 1669 3441 1734 dicit,
3473 1686 3598 1741 gra-

2028 1752 2098 1806 tia
2152 1753 2241 1807 Dei
2270 1754 2444 1807 omnia
2498 1755 2728 1808 hominis
2762 1756 2898 1810 bona
2929 1760 3114 1812 merita
3167 1761 3464 1829 praeveniri,
3501 1778 3601 1816 nec

2025 1846 2247 1914 gratiam
2307 1845 2404 1900 Dei
2452 1847 2655 1901 meritis
2692 1846 2827 1914 dari,
2857 1864 2923 1903 ne
2975 1864 3077 1903 non
3107 1852 3175 1905 sit
3202 1853 3389 1920 gratia,
3419 1854 3464 1907 si
3491 1869 3596 1906 non

2027 1935 2191 2005 gratis
2221 1935 2393 1998 datur,
2433 1937 2526 1991 sed
2567 1935 2741 1991 debita
2774 1939 3100 1992 merentibus
3129 1941 3402 2007 redditur;
3434 1942 3598 1997 fatum

2029 2026 2176 2080 vobis
2206 2026 2416 2080 videtur
2451 2029 2732 2083 asserere?
2759 2028 2945 2083 Nonne
2971 2030 3130 2084 etiam
3178 2047 3271 2085 vos
3315 2032 3412 2104 ipsi
3462 2048 3597 2104 qua-

2033 2116 2162 2171 libet
2207 2117 2499 2171 intentione
2545 2122 2904 2173 necessarium
2979 2120 3301 2190 Baptismum
3353 2128 3599 2180 omnibus

2028 2207 2269 2261 aetatibus
2297 2206 2518 2262 dicitis?
2542 2208 2727 2263 Nonne
2752 2210 2803 2263 in
2835 2209 2935 2265 hac
2965 2211 3075 2280 ipsa
3106 2213 3338 2280 Epistola
3387 2226 3584 2282 vestra,

2029 2296 2182 2350 istam
2212 2296 2279 2351 de
2306 2296 2575 2367 Baptismo
2601 2298 2938 2366 sententiam,
2962 2308 3017 2354 et
3040 2299 3110 2373 [de
3135 2302 3302 2371 gratia
3325 2303 3473 2371 juxta
3498 2319 3595 2372 po-

2028 2385 2251 2439 suistis?
2279 2386 2385 2440 Cur
2407 2400 2511 2439 non
2538 2400 2635 2441 vos
2663 2387 2981 2456 Baptismus,
3009 2390 3265 2458 quidatur
3289 2392 3600 2453 infantibus.

2030 2475 2142 2544 ipsa
2181 2475 2450 2531 vicinitate
2474 2478 2820 2542 commonuit,
2846 2479 2971 2549 quid
2994 2482 3191 2535 sentire
3210 2481 3279 2536 de
3304 2483 3469 2549 gratia
3499 2484 3597 2538 de-

2030 2564 2398 2620 beatis‘lﬂtec
2443 2566 2585 2620 enim
2636 2566 2793 2621 verba
2832 2576 2956 2622 sunt
3005 2580 3181 2624 vestra
3214 2585 3230 2622 :
3271 2588 3291 2622 ‹
3338 2571 3605 2639 Baptisma

2028 2654 2274 2708 omnibus
2301 2654 2658 2708 necessarium
2680 2670 2799 2711 esse
2819 2656 3059 2711 mtatibus
3085 2659 3403 2713 conﬁtemur
3431 2677 3445 2713 :
3473 2675 3594 2728 gra-

2032 2745 2155 2798 tiam
2171 2758 2381 2814 quoque
2429 2744 2677 2813 adjuvare
2705 2746 3120 2816 uniuscujusque
3171 2748 3368 2801 bonum
3402 2763 3599 2817 propo-

2029 2834 2209 2896 situm,
2242 2847 2345 2887 non
2373 2843 2547 2887 tamen
2576 2833 2855 2889 reluctanti
2885 2836 3118 2889 studium
3158 2838 3365 2891 virtutis
3395 2838 3598 2892 immit—

2031 2931 2163 2987 tere,
2184 2923 2306 2992 quia
2333 2936 2675 2991 personarum
2692 2926 2930 2993 acet-ptio
2954 2940 3057 2978 non
3075 2933 3157 2979 est
3176 2926 3314 2994 apud
3348 2926 3533 2980 Deum.
3571 2946 3595 2980 ι

2032 3011 2088 3064 1η
2115 3012 2197 3065 his
2220 3012 2469 3064 omnibus
2497 3011 2673 3064 verbis
2698 3013 2889 3065 vestris
2913 3012 2980 3067 de
3008 3012 3173 3081 gratia
3204 3014 3341 3082 quod
3370 3015 3607 3079 dixistis,

2032 3100 2241 3154 interim
2272 3108 2420 3153 taceo
2449 3116 2462 3153 :
2491 3098 2558 3154 de
2584 3099 2905 3169 Baptismate
2927 3102 3130 3155 reddite
3161 3102 3421 3156 rationem
3453 3120 3469 3167 ;
3509 3121 3606 3158 cur

2034 3190 2163 3245 illud
2215 3190 2417 3244 dicatis.
2459 3188 2708 3243 omnibus
2749 3205 2869 3245 esse
2913 3190 3158 3246 aetatibus
3209 3195 3592 3261 necessarium,

2033 3296 2198 3352 quare
2222 3281 2292 3335 sit
2319 3279 2677 3336 necessarium
2710 3280 2943 3349 parvulis
2986 3280 3177 3336 dicite:
3221 3281 3456 3352 profecto
3485 3285 3608 3353 quia

2034 3375 2114 3429 eis
2140 3373 2265 3427 boni
2294 3372 2490 3441 aliquid
2516 3371 2739 3438 confert,
2763 3382 2816 3427 et
2842 3372 2981 3427 idem
3003 3373 3199 3442 aliquid
3230 3390 3329 3428 nec
3356 3390 3599 3443 imrvum,

2034 3477 2136 3518 nec
2179 3460 2469 3525 mediocre,
2500 3460 2595 3515 sed
2646 3476 2890 3531 magnum
2918 3470 3019 3516 est.
3063 3462 3195 3517 Nam
3222 3465 3319 3517 etsi
3350 3463 3370 3494 ³
3394 3479 3486 3519 eos
3511 3480 3611 3518 ne-

2034 3552 2171 3621 gatis
2198 3550 2469 3605 attrahere
2491 3550 2631 3619 quod
2659 3550 2712 3603 in
2742 3551 3012 3620 Baptismo
3027 3555 3326 3608 remittatur
3350 3555 3609 3623 originale

2037 3652 2309 3713 peccatum
2343 3659 2357 3695 :
2385 3649 2560 3695 tamen
2588 3641 2679 3695 illo
2704 3643 3123 3712 regenerationis
3146 3644 3357 3699 lavacro
3383 3645 3608 3713 adopta-

2037 3735 2080 3788 ri
2103 3749 2166 3789 ex
2199 3732 2321 3787 ﬁliis
2348 3731 2621 3787 hominum
2665 3731 2717 3785 in
2768 3732 2858 3785 Dei
2889 3731 3025 3786 ﬁlios
3077 3749 3182 3787 non
3234 3737 3464 3802 negatis;
3494 3737 3599 3788 imo

2037 3826 2196 3879 etiam
2226 3822 2545 3892 przedicatis.
2600 3823 2765 3877 Dicite
2804 3836 2931 3892 ergo
2960 3822 3133 3888 nobis,
3166 3823 3487 3893 quicumque
3514 3824 3611 3877 ba-

2036 3914 2217 3986 ptizati
2262 3916 2311 3966 in
2340 3913 2550 3968 Christo
2602 3913 2801 3982 parvuli
2827 3912 2894 3967 de
2928 3927 3153 3981 corpore
3205 3912 3468 3977 exierunt,
3500 3913 3599 3987 Ιιφ

2039 4012 2146 4057 tam
2168 4002 2395 4057 sublime
2440 4000 2640 4055 donum
2697 4000 2888 4069 quibus
2941 4000 3357 4069 prmccdentibus
3401 4002 3607 4054 meritis

2039 4091 2397 4161 acceperunt?
2429 4091 2484 4145 Si
2531 4090 2770 4144 dixeritis
2792 4131 2808 4155 ,
2838 4089 2939 4143 hoc
2964 4104 3059 4144 eos
3108 4099 3386 4158 parentum
3418 4092 3611 4157 pietate

2041 4182 2299 4237 meruisse
2330 4198 2344 4234 :
2381 4179 2786 4248 respondebitur
2810 4176 2961 4231 vobis
2983 4217 2998 4241 ,
3054 4176 3161 4231 Cur
3185 4179 3465 4247 aliquando
3487 4181 3604 4249 pio-

2040 4289 2158 4329 rum
2184 4272 2304 4326 ﬁliis
2326 4281 2543 4340 negatur
2564 4270 2663 4323 hoc
2694 4271 2908 4333 bonum,
2949 4277 3004 4323 et
3044 4269 3164 4323 ﬁliis
3206 4270 3454 4325 tribuitur
3497 4271 3605 4324 im-

2041 4362 2683 4437 piorum‘lNonnunquam
2712 4362 2851 4415 enim
2879 4361 2945 4416 de
2978 4362 3242 4431 religiosis
3266 4374 3381 4418 orta
3425 4365 3609 4434 proles

2045 4459 2097 4512 in
2130 4467 2309 4511 tenera
2347 4463 2501 4508 aetate
2517 4463 2674 4522 atque
2690 4453 2757 4507 ab
2795 4462 2947 4506 utero
2977 4454 3342 4509 recentissima
3365 4454 3388 4482 ⁸
3416 4470 3617 4525 praeve-

2047 4549 2187 4602 nitur
2202 4552 2390 4610 morte,
2417 4552 2698 4613 antequam
2730 4544 2938 4599 lavacro
2976 4546 3392 4613 regenerationis
3431 4547 3614 4600 ablua-

2048 4646 2169 4702 tur;
2200 4644 2253 4689 et
2274 4635 2446 4689 infans
2487 4642 2641 4688 natus
2669 4648 2733 4688 ex
2767 4634 2992 4689 inimicis
3027 4633 3222 4689 Christi
3255 4635 3624 4689 misericordia

2047 4726 2462 4781 Christianorum
2511 4723 2808 4792 baptizatur
2833 4725 2883 4777 in
2916 4723 3130 4777 Christo
3163 4741 3176 4778 :
3209 4724 3404 4793 plangit
3441 4725 3613 4791 bapti-

2050 4824 2166 4870 zata
2189 4823 2358 4868 mater
2382 4828 2488 4866 non
2510 4813 2829 4882 baptizatum
2878 4812 3148 4881 proprium
3178 4827 3191 4876 ;
3215 4820 3268 4865 et
3291 4813 3358 4865 ab
3388 4812 3619 4879 impudi~

2049 4921 2109 4961 ca
2137 4906 2459 4973 expositum,
2496 4904 2863 4974 baptizandum
2888 4914 3032 4958 casta
3064 4905 3222 4957 fetum
3251 4903 3449 4971 colligit
3484 4905 3617 4957 alie-

2052 5012 2199 5050 num.
2235 4995 2330 5049 llic
2357 5005 2500 5049 certe
2524 4997 2711 5050 merita
2749 5006 3026 5064 parentum
3071 5001 3277 5055 vacant,
3311 5003 3496 5046 vacant
3518 5009 3613 5046 vo.

2052 5087 2135 5143 bis
2183 5088 2470 5142 fatentibus
2518 5087 2749 5157 ipsorum
2797 5087 2954 5140 etiam
3004 5084 3367 5154 parvulorum.
3414 5085 3626 5141 Scimus

2051 5179 2190 5233 enim
2215 5192 2312 5232 vos
2342 5192 2447 5230 non
2483 5176 2583 5230 hoc
2625 5175 2693 5230 de
2720 5176 2892 5227 anima
2924 5173 3151 5227 humana
3192 5173 3433 5239 credere,
3478 5174 3625 5244 quod

2118 5375 2135 5407 ι
2172 5372 2378 5423 Vaticani
2399 5377 2528 5430 uss,
2551 5369 2677 5433 quod
2700 5366 2781 5418 ille
2804 5364 2943 5431 quasi
2964 5365 3235 5427 detestans;
3258 5379 3451 5426 omisso,
3489 5364 3630 5418 deta-

2051 5440 2181 5486 stans
2201 5433 2289 5483 vel.

2117 5498 2138 5527 ⁸
2170 5495 2304 5550 aditi,
2328 5490 2525 5541 nudata.
2550 5489 2865 5540 Emendaatur
2889 5502 2952 5538 ex
2977 5496 3080 5539 lites.

2117 5550 2374 5619 eumsi.
2421 5561 2559 5619 Mss.,_
2581 5550 2684 5601 etsi.
2751 5610 2780 5619 __
2868 5618 2877 5619 ί
3168 5606 3196 5619 _.
3252 5607 3263 5619 .

2053 5616 2140 5726 ἀοι
2158 5608 2653 5724 ιιὲηιίὲεοεηεὶδδὺπο.
2682 5610 2845 5661 nciius
2866 5618 2993 5670 Μελ,
3020 5608 3343 5662 recentissima
3360 5621 3378 5671 ,'
3398 5608 3630 5660 referen-

2143 5689 2185 5726 ιι
2221 5689 2281 5738 pr
2328 5688 2419 5725 an.
