4034 6182
465 274 573 337 579

467 408 598 456 ante
625 413 825 468 corpus
856 399 1155 454 terrenum'
1176 399 1378 454 alicubi
1399 400 2041 474 vixerit,etaliquitlope-

471 501 590 546 rata
615 494 784 548 sitvcl
819 493 1050 547 Ιιοηὶνυι
1072 494 1222 556 mali,
1259 494 1401 548 unde
1435 496 1593 549 istam
1643 496 1696 551 in
1737 511 1905 552 carne
1933 497 2040 552 dif-

470 585 754 640 ferentiam
773 596 1092 639 mereretur.
1111 585 1245 652 Quae
1277 586 1442 654 igitur
1469 601 1635 643 causa
1660 587 1786 644 huic
1814 589 2040 657 parvulo

469 676 805 745 Baptismum
839 677 1176 746 procuravit,
1205 678 1279 732 illi
1308 678 1564 747 negavit?
1605 679 1687 732 An
1715 679 1814 748 ipsi
1865 678 2034 734 fatum

467 765 691 823 habent.
719 769 844 828 quia
873 768 1126 819 nit-ritum
1163 782 1268 819 non
1325 765 1571 819 habent?
1610 776 1708 822 aut
1736 769 1788 822 in
1835 766 1921 822 his
1957 771 2041 823 est

481 843 720 911 acceptio
743 857 775 896 a
817 841 1041 895 Domino
1067 839 1454 911 personarum?
1482 839 1613 893 Nam
1642 849 1923 907 utrumque
1960 839 2045 893 di-

483 933 655 996 xistis,
676 935 819 1001 prius
850 932 1408 1000 fatum,acceptionem
1439 939 1621 998 postea
1651 943 2000 998 personat-nm
2024 946 2040 983 :

477 1036 536 1080 ut
572 1025 818 1092 quoniam
871 1032 1154 1093 utrumque
1202 1020 1538 1075 refutandum
1595 1028 1706 1084 est,
1767 1027 2040 1073 remaneat

473 1114 613 1183 quod
637 1113 795 1167 vultis
822 1112 1075 1167 adversus
1115 1111 1339 1180 gratiam
1377 1107 1714 1162 introducere
1758 1109 2038 1162 meritum.

474 1203 810 1274 Respontlctc
859 1203 1017 1271 igitur
1041 1200 1110 1256 dc
1153 1201 1353 1255 meritis
1390 1199 1726 1270 parvulorum
1754 1240 1770 1264 ,
1813 1213 1908 1254 cur
1954 1199 2041 1253 alii

475 1293 744 1362 baptizati,
799 1293 885 1346 alii
933 1308 1037 1346 non
1071 1291 1315 1359 baptizati
1351 1290 1418 1344 de
1468 1289 1783 1358 corporibus
1825 1298 2040 1354 exeant,

478 1397 577 1437 nec
625 1391 902 1450 parentum
951 1381 1154 1434 meritis
1205 1379 1288 1431 vel
1323 1379 1556 1448 polleant
1583 1379 1665 1432 vel
1693 1387 1910 1433 careant
1935 1387 2040 1432 tam

475 1471 754 1524 excellenti
787 1471 944 1534 bono,
971 1477 1027 1521 ut
1057 1468 1185 1521 [iant
1209 1466 1322 1531 ﬁlii,
1343 1467 1432 1521 Dei
1479 1483 1542 1520 ex
1593 1467 1863 1521 hominum
1896 1465 2038 1533 liliis,

475 1559 632 1612 nullis
659 1566 952 1626 parentum,
983 1557 1138 1611 nullis
1156 1556 1358 1610 meritis
1384 1557 1512 1608 suis.
1541 1555 1740 1624 Nempe
1770 1556 2039 1621 reticetis;

472 1657 525 1702 et
546 1663 640 1700 vos
667 1648 808 1718 ipsos
831 1649 852 1679 ’
881 1647 1054 1716 potius
1080 1647 1130 1700 in
1161 1661 1226 1702 eo
1249 1646 1389 1716 quod
1418 1647 1569 1701 nobis
1594 1647 1845 1716 objicitis,
1895 1647 2043 1702 inve-

473 1737 616 1792 nitis.
637 1737 765 1789 Nam
793 1737 836 1790 si
859 1737 944 1790 ubi
977 1753 1081 1790 non
1106 1743 1187 1790 est
1211 1737 1477 1801 meritum,
1501 1745 1892 1806 consequenter
1916 1750 2037 1792 esse

471 1829 646 1883 dicitis
673 1827 857 1892 fatum,
884 1837 940 1882 ct
967 1827 1037 1881 ob
1064 1827 1236 1880 hocin
1263 1827 1428 1897 gratia
1447 1826 1541 1880 Dei
1573 1827 1821 1882 meritum
1860 1826 2038 1880 homi-

471 1919 553 1972 nis
573 1917 731 1971 vultis
758 1917 994 1987 intelligi,
1020 1932 1088 1971 ne
1129 1916 1296 1970 fatum
1320 1917 1579 1986 cogamini
1605 1917 1848 1972 conﬁteri
1874 1934 1889 1982 ;
1913 1932 2039 1973 ecce

472 2021 564 2060 vos
591 2007 764 2076 potius
791 2007 1026 2062 asseritis
1052 2005 1212 2060 fatum
1237 2007 1287 2058 in
1316 2007 1634 2075 Baptismate
1672 2007 2034 2076 parvulorum,

471 2111 693 2166 quorum
745 2098 944 2150 nullum
985 2111 1102 2152 esse
1133 2097 1365 2152 fatemini
1396 2099 1662 2152 meritum.
1700 2099 1755 2153 Si
1780 2108 1955 2154 autem
1983 2101 2036 2154 in

413 2231 417 2236 .
472 2186 797 2255 baptizandis
833 2188 1080 2256 parvulis,
1105 2196 1158 2241 et
1183 2187 1378 2240 nullum
1394 2187 1636 2241 meritum
1663 2189 1876 2242 omnino
1893 2203 2034 2258 pra)-

470 2276 681 2341 cedcre,
704 2284 755 2329 et
775 2287 949 2329 tamen
976 2275 1136 2330 latuit:
1169 2291 1273 2328 non
1303 2291 1422 2330 esse
1451 2276 1742 2332 conceditis
1771 2294 1786 2342 ;
1815 2292 1912 2332 cur
1937 2292 2036 2332 nos

469 2366 680 2434 quando
709 2365 930 2419 dicimus
944 2367 1163 2434 gratiam
1180 2367 1271 2421 Dei
1302 2377 1578 2436 pmpterea
1607 2368 1770 2437 gratis
1792 2367 1928 2433 dari,
1965 2383 2034 2423 ne

469 2456 636 2524 gratia
666 2469 770 2508 non
798 2456 886 2516 sit,
917 2464 972 2510 et
1006 2471 1108 2509 non
1138 2465 1386 2525 tanquam
1415 2457 1646 2511 debitam
1673 2459 1873 2512 meritis
1890 2474 2026 2527 prae-

471 2545 786 2600 cedentibus
827 2545 996 2608 reddi,
1024 2545 1114 2600 lati
1151 2554 1446 2601 assertores
1500 2562 1620 2601 esse
1643 2547 1852 2616 jactatis
1876 2549 1900 2602 τ
1925 2565 2032 2604 non

470 2637 843 2706 intelligentes,
875 2638 926 2691 in
954 2637 977 2669 ⁸
995 2637 1346 2708 justiticandis
1371 2639 1566 2709 impiis,
1592 2647 1728 2694 sicut
1757 2650 2032 2710 propterea

469 2727 656 2782 merita
687 2741 793 2781 non
841 2736 984 2792 sunt,
1015 2728 1134 2798 quia
1167 2727 1257 2782 Dei
1277 2730 1444 2798 gratia
1481 2738 1597 2793 est;
1623 2731 1692 2784 ita
1747 2741 2030 2802 propterea

468 2831 575 2872 non
597 2831 717 2872 esse
743 2816 941 2882 fatum,
969 2817 1089 2887 quia
1146 2816 1238 2873 Dei
1287 2819 1453 2888 gratia
1495 2820 1709 2878 est:ita
1752 2830 2032 2892 propterea

467 2922 572 2962 non
624 2921 744 2962 esse
769 2907 1129 2976 acceptioncm
1172 2922 1518 2977 personarum
1543 2948 1558 2974 ,
1589 2911 1712 2979 quia
1747 2911 1839 2966 Dei
1863 2913 2030 2982 gratia

465 3005 566 3052 εει.

536 3084 623 3140 12.
665 3085 852 3139 Fatum
881 3086 1076 3156 quippe
1105 3087 1194 3156 qui
1219 3086 1516 3153 afﬁrmant,
1537 3088 1604 3144 de
1628 3089 1858 3145 siderum
1887 3093 2033 3162 posi-

469 3177 614 3230 tione
637 3175 702 3229 ad
729 3186 937 3242 tempus
963 3191 1070 3244 quo
1098 3177 1392 3244 concipitur
1418 3179 1640 3246 quisque
1665 3180 1751 3234 vel
1776 3183 2030 3248 nascitur,

467 3281 600 3335 quas
642 3265 1070 3320 constellatioues
1120 3275 1343 3333 vocant,
1400 3281 1504 3320 non
1560 3268 1732 3325 solum
1785 3279 1936 3328 actus
1979 3283 2035 3329 et

466 3365 676 3420 eventa,
699 3370 878 3410 verum
903 3355 1061 3409 etiam
1092 3355 1232 3425 ipsas
1259 3366 1467 3412 nostras
1491 3357 1784 3415 voluntates
1804 3363 2034 3431 pendere

467 3444 793 3498 contendunt
820 3461 834 3497 :
864 3445 954 3499 Dei
974 3460 1101 3499 vero
1125 3446 1290 3516 gratia
1317 3462 1421 3500 non
1455 3448 1626 3502 solum
1651 3451 1828 3504 omnia
1857 3451 2032 3508 sidera

468 3544 524 3588 et
551 3549 735 3590 oumes
760 3535 942 3600 caelos,
977 3549 1156 3590 verum
1186 3535 1344 3590 etiam
1371 3551 1558 3592 omnes
1589 3539 1823 3609 Angelos
1849 3556 2034 3611 super-

469 3621 720 3694 greditur.
751 3623 948 3678 Deinde
967 3623 1057 3678 l'ati
1085 3633 1378 3680 assertores
1395 3635 1449 3680 et
1469 3626 1604 3682 bona
1625 3637 1678 3682 et
1697 3629 1833 3684 mala
1864 3631 2036 3686 homi-

470 3730 596 3768 num
629 3713 734 3767 lato
755 3713 989 3768 tribuunt
1027 3729 1040 3764 :
1083 3713 1220 3768 Deus
1259 3723 1432 3768 autem
1478 3715 1530 3770 in
1564 3718 1716 3772 malis
1759 3717 2032 3774 hominum

470 3804 655 3858 merita
693 3817 874 3856 eorum
915 3803 1086 3858 debita
1117 3803 1464 3859 retributione
1509 3808 1862 3876 persequitur,
1895 3809 2030 3864 bona

471 3907 598 3946 vero
634 3907 727 3960 per
773 3893 1057 3946 indebitam
1098 3892 1321 3961 gratiam
1381 3893 1709 3950 misericordi
1763 3898 2032 3955 voluntate

469 3980 721 4052 largitur;
753 3990 1035 4050 utrumque
1078 3980 1278 4035 faciens
1306 3995 1411 4036 non
1455 3997 1549 4051 per
1583 3985 1852 4041 stellarum
1897 3996 2030 4042 tctu-

465 4073 645 4142 poralc
661 4073 1010 4139 consortium,
1026 4073 1119 4128 sed
1147 4085 1367 4142 per‘sua:
1383 4073 1680 4130 severitatis
1703 4085 1757 4132 et
1782 4077 2033 4135 bonitatis

465 4173 718 4218 teternum
735 4165 1001 4232 altumque
1027 4162 1326 4218 consilium.
1343 4163 1598 4219 Neutrum
1619 4179 1747 4235 ergo
1763 4169 2033 4238 pertinere

465 4253 702 4307 videmus
725 4253 790 4307 ad
815 4251 999 4307 latum.
1032 4251 1130 4308 Hic
1170 4253 1214 4306 si
1235 4251 1257 4284 ⁸
1281 4254 1645 4324 respontletis,
1687 4254 1824 4311 hanc
1860 4257 2030 4326 ipsam

469 4341 564 4396 Dei
592 4341 1148 4412 benevolentiam,qua
1170 4357 1276 4396 non
1305 4343 1490 4398 merita
1511 4345 1770 4412 sequitur,
1788 4345 2030 4401 sedbona

469 4430 700 4484 indebita
729 4431 954 4498 gratuita
981 4429 1216 4486 bonitate
1245 4431 1496 4500 largitur,
1523 4432 1682 4486 fatum
1711 4434 1889 4502 potius
1911 4449 2030 4489 esse

465 4520 746 4576 dicendum
771 4538 785 4572 :
809 4536 927 4574 cum
958 4521 1094 4576 hanc
1112 4523 1391 4590 Apostolus
1403 4523 1621 4597 gratiam
1637 4533 1806 4591 vocet,
1825 4525 2028 4591 dicens,

469 4609 646 4663 Gratia
676 4609 802 4662 salvi
829 4610 950 4679 {acti
985 4611 1101 4664 estis
1127 4623 1213 4678 per
1239 4611 1408 4679 ﬁdem,
1439 4621 1483 4664 et
1511 4611 1605 4665 hoc
1641 4629 1741 4667 non
1779 4630 1843 4668 ea:
1870 4617 2026 4681 vobis,

466 4700 555 4754 sed
585 4699 672 4752 Dei
695 4699 882 4752 donum
909 4709 1013 4764 est;
1042 4715 1142 4752 nou
1164 4715 1226 4754 ea:
1243 4700 1491 4770 operibus,
1515 4718 1576 4754 ue
1598 4704 1728 4772 forte
1750 4704 1862 4772 quis
1881 4705 2032 4760 cxtol-

466 4792 596 4844 latur
620 4788 831 4860 (Ep/ter.
863 4804 920 4852 ll,
951 4789 1002 4854 8,
1035 4787 1126 4858 9);
1158 4804 1332 4843 nonne
1359 4789 1650 4855 attenditis,
1683 4807 1858 4848 nonne
1907 4809 2029 4863 per-

470 4880 694 4950 spicitis,
721 4895 826 4933 non
857 4893 887 4932 a
921 4879 1070 4934 nobis
1099 4879 1288 4933 divinte
1316 4881 1498 4950 gratia:
1531 4882 1744 4936 nomine
1767 4881 1928 4937 fatum
1945 4900 2030 4940 as-

465 4971 591 5033 ser'r,
614 4969 704 5024 sed
728 4983 757 5022 a
787 4969 937 5024 vobis
966 4969 1142 5038 potius
1165 4968 1397 5024 divinam
1431 4970 1650 5040 gratiam
1681 4971 1773 5026 fati
1814 4974 2030 5031 nomine

464 5060 750 5128 nuncupari
767 5059 791 5112 ἳ

531 5148 755 5206 CAPUT
774 5149 884 5204 VII.
899 5179 974 5191 —
991 5149 1056 5204 l3
1092 5149 1296 5220 Refellit
1309 5150 1612 5204 calumniam
1624 5151 1688 5204 de
1705 5168 2030 5221 personarum

526 5263 542 5293 ι
571 5261 779 5311 Vaticani
811 5266 918 5311 Mss.
935 5295 951 5320 ,
983 5261 1110 5325 quod
1142 5268 1252 5312 ante
1281 5273 1456 5325 corpus
1485 5259 1747 5314 humanum
1777 5260 1850 5314 vel
1880 5269 2030 5318 terro-

461 5333 786 5453 ωίξῖειιίωηι
829 5387 962 5453 ιιςεπ
1001 5380 1148 5453 nullis
1183 5383 1390 5447 arcanis
1423 5381 1607 5434 meritis
1637 5396 1656 5434 ε
1684 5391 1731 5435 ει
1761 5397 1842 5437 ωε
1869 5385 2030 5451 iam;

463 5449 656 5498 antisse,
682 5454 850 5499 nempe
873 5449 1098 5494 reticens.
1890 5449 1897 5451 '
2010 5449 2015 5450 '

465 5571 476 5574 _
528 5504 548 5535 ⁸
571 5503 815 5574 Mlti,
836 5501 1501 5568 intelligentesjuctiﬁcmdis;
1523 5506 1711 5568 omisso,
1729 5507 1794 5570 in,
1819 5508 1948 5573 quod
1963 5521 2027 5560 cx

465 5571 550 5614 Mss
593 5570 876 5611 restituitur.

527 5627 548 5654 ο
575 5625 864 5682 nauiculam,
891 5621 950 5682 si,
967 5624 1265 5673 restituitnus
1287 5636 1349 5674 ex
1373 5631 1476 5674 uss.

1128 275 1402 334 CONTRA
1446 281 1626 336 DUAS
1662 279 2042 341 EPISTOLAS
2080 283 2630 356 l‘ELAClANOllUM,
2669 293 2724 348 S.
2768 295 3130 353 AL'GUSTINI

2965 184 2976 212 ι

3607 303 3712 364 580

2146 400 2446 467 acceptione.
2463 401 2715 473 Itemque,
2733 407 2968 476 acceptio
2989 409 3006 440 ³
3021 423 3364 478 personarum
3379 411 3452 467 ibi
3473 423 3616 472 recte
3641 419 3715 473 di-

2147 485 2304 553 citur,
2325 487 2410 542 ubi
2427 489 2514 544 ille
2533 492 2620 560 qui
2638 492 2836 561 judicat
2855 495 3160 566 relinquens
3181 511 3358 554 causa:
3381 503 3625 558 meritum
3644 506 3712 562 de

2146 589 2249 642 qua
2267 575 2489 646 judicat,
2515 579 2666 658 alteri
2691 591 2873 638 contra
2893 585 3114 641 alterum
3135 587 3467 660 suﬂ'ragatur,
3485 595 3611 662 quia
3629 596 3712 650 itt-

2147 667 2289 720 venit
2314 668 2508 738 aliquid
2539 671 2592 725 in
2627 687 2851 741 persona
2877 675 3017 745 quod
3043 676 3249 733 honore
3268 681 3352 736 vel
3377 683 3714 742 miseratione

2147 755 2217 808 sit
2239 755 2470 824 dignum.
2495 758 2550 814 Si
2571 771 2746 816 autem
2772 764 3031 832 quispiam
3056 765 3190 822 duos
3205 766 3395 824 habeat
3420 770 3710 840 debitores,

2146 851 2202 896 et
2217 845 2366 899 alteri
2385 847 2509 902 velit
2532 848 2799 906 dimittere
2825 851 3081 919 debitum,
3101 855 3324 911 alterum
3353 859 3597 930 exigere;
3627 864 3711 918 cui

2147 934 2260 988 vult
2283 935 2464 1002 donat,
2493 939 2586 993 sed
2615 942 2879 1007 neminem
2923 942 3127 1000 fraudat
3152 963 3165 998 :
3190 961 3289 1002 nec
3326 949 3564 1020 acceptio
3591 966 3711 1020 per—

2147 1039 2398 1082 sonarum
2443 1028 2666 1086 dicenda
2706 1041 2808 1097 est,
2861 1034 3075 1104 quando
3129 1035 3377 1106 iniquitas
3422 1040 3564 1095 nulla
3609 1054 3709 1096 est.

2147 1115 2392 1186 Alioquin
2431 1120 2511 1173 eis
2547 1122 2638 1187 qui
2686 1137 2870 1191 parum
2919 1123 3233 1194 intelligunt,
3263 1137 3438 1196 potest
3476 1133 3712 1200 acceptio

2147 1218 2491 1273 personarum
2522 1209 2708 1276 videri,
2735 1210 2825 1266 ubi
2856 1213 3023 1268 vinem
3045 1214 3292 1270 dominus
3318 1221 3598 1286 operariis,
3624 1223 3713 1290 qui

2147 1308 2250 1348 una
2281 1295 2410 1349 hora
2441 1296 2548 1354 illic
2575 1312 2708 1368 opus
2738 1299 2992 1366 fecerunt,
3021 1312 3224 1360 tantum
3251 1307 3430 1373 dedit,
3459 1320 3710 1378 quantum

2147 1381 2256 1471 illis
2279 1388 2370 1454 qui
2410 1389 2744 1456 pertulerunt
2773 1393 2978 1460 pondus
3014 1395 3121 1452 diei
3162 1407 3218 1452 et
3255 1408 3435 1464 testas,
3483 1404 3712 1471 mquales

2146 1470 2346 1529 faciens
2389 1474 2440 1530 in
2495 1479 2759 1545 mercede,
2791 1496 3016 1551 quorum
3071 1494 3177 1540 tam
3231 1503 3418 1558 magna
3463 1470 3710 1548 distantia

2145 1561 2316 1618 fuerat
2358 1565 2410 1620 in
2448 1567 2647 1625 labore.
2677 1570 2780 1626 Sed
2816 1573 2942 1643 quid
2984 1577 3257 1646 respondit
3300 1579 3368 1635 dc
3409 1580 3508 1636 hac
3551 1583 3710 1638 veluti

2145 1657 2452 1724 acceptione
2478 1674 2820 1728 personarum
2844 1664 3102 1721 adversus
3120 1669 3552 1738 patremfamilias
3571 1690 3709 1729 mur-

2143 1749 2506 1802 murantibus?
2533 1750 2722 1817 Amice,
2768 1754 2954 1824 inquit,
3004 1774 3106 1812 non
3151 1761 3286 1828 facio
3322 1763 3412 1816 tibi
3446 1764 3704 1834 injuriant.

2145 1832 2332 1890 Nonne
2374 1853 2438 1892 ea:
2474 1839 2680 1894 denario
2707 1846 2975 1900 convenisti
3011 1850 3240 1903 mecum?
3256 1849 3398 1906 Tolle.
3407 1832 3544 1924 quod
3570 1864 3706 1908 tuum

2141 1933 2234 1986 est,
2257 1936 2304 1979 et
2329 1929 2472 1981 uade.
2512 1927 2637 1984 Volo
2661 1941 2826 1986 autem
2857 1945 2903 1988 et
2941 1937 3056 1990 huic
3079 1941 3344 1994 novissimo
3369 1942 3493 1996 dare
3511 1944 3638 1998 sicut
3662 1955 3706 1999 et

2143 2013 2250 2070 tibi.
2279 2015 2459 2072 Annon
2485 2019 2598 2073 licet
2624 2021 2746 2075 mihi
2770 2024 2903 2092 quod
2933 2027 3042 2079 colo
3072 2027 3274 2096 facere?
3299 2028 3380 2083 Au
3397 2033 3574 2087 oculus
3595 2044 3707 2089 tuus

2141 2118 2355 2172 nequam
2377 2119 2471 2174 est,
2499 2110 2618 2178 quia
2652 2127 2746 2182 ego
2769 2113 2926 2168 bonus
2958 2115 3110 2187 sum(
3137 2117 3322 2172 Matth.
3355 2135 3448 2186 xx,
3480 2124 3619 2179 9-15
3643 2126 3706 2193 )2

2139 2191 2341 2264 Nempe
2379 2197 2465 2252 hic
2498 2207 2606 2254 tota
2643 2200 2846 2270 justitia
2875 2213 2958 2258 est
2989 2223 3002 2258 :
3032 2205 3144 2261 Hoc
3169 2207 3307 2262 volo.
3340 2209 3488 2273 Tibi,
3521 2191 3704 2282 inquit.

2139 2281 2368 2352 reddidi,
2404 2285 2524 2342 huic
2565 2287 2756 2344 donavi
2783 2307 2798 2356 ;
2824 2306 2996 2361 neque
3037 2302 3094 2348 ut
3137 2295 3260 2350 huic
3301 2281 3704 2365 donarem,itihi

2139 2370 2336 2441 aliquid
2367 2373 2578 2441 abstuli,
2607 2386 2696 2431 aut
2723 2379 2863 2448 quod
2892 2380 3148 2436 debebam
3177 2385 3256 2438 vel
3297 2387 3460 2441 minui
3501 2390 3586 2444 vel
3613 2405 3704 2446 ne-

2137 2461 2276 2530 gavi.
2307 2462 2489 2518 Annon
2517 2464 2628 2520 licet
2649 2469 2774 2522 mihi
2795 2473 2962 2540 facere
2978 2471 3114 2540 quod
3132 2473 3242 2527 volo
3257 2473 3284 2527 ἵ
3305 2493 3374 2528 an
3392 2476 3570 2532 oculus
3593 2489 3704 2533 tunc

2137 2566 2350 2623 nequam
2380 2563 2481 2618 est,
2507 2556 2627 2625 quia
2645 2573 2735 2627 ego
2759 2557 2915 2613 bonus
2936 2543 3048 2614 cum
3071 2562 3098 2615 ἵ
3125 2561 3270 2616 Sicut
3290 2579 3420 2634 ergo
3446 2566 3534 2622 hic
3569 2569 3704 2624 nulla

2139 2652 2220 2698 est
2241 2646 2478 2715 acceptio
2499 2662 2877 2718 personarum;
2901 2652 3021 2722 quia
3049 2652 3126 2708 sic
3151 2653 3285 2710 alius
3302 2658 3466 2725 gratis
3491 2659 3513 2690 ³
3541 2658 3706 2714 hono-

2137 2741 2304 2800 ratur,
2334 2743 2395 2790 ut
2435 2736 2568 2790 alius
2592 2737 2772 2794 debito
2805 2755 2910 2794 non
2953 2741 3222 2798 fraudetur
3253 2761 3266 2798 :
3293 2746 3370 2801 sic
3395 2748 3558 2803 etiam
3585 2763 3700 2805 cum

2135 2823 2425 2878 secundum
2458 2828 2789 2896 propositum
2816 2829 2908 2885 Dei
2950 2835 3174 2888 'vocatur
3193 2835 3330 2892 alius
3359 2837 3378 2909 (
3407 2837 3562 2893 Rom.
3593 2856 3698 2907 vui,

2134 2908 2206 2965 28
2229 2909 2282 2982 ),
2311 2913 2444 2968 alius
2490 2930 2597 2969 non
2639 2927 2876 2982 vocatur,
2906 2930 3095 2976 vocato
3117 2921 3273 2978 datur
3295 2908 3579 2994 gratuitum
3607 2933 3701 3003 bo-

2136 3015 2284 3066 num,
2332 3002 2483 3073 cujus
2525 3003 2647 3059 boni
2687 3016 2774 3062 est
2808 3011 3014 3066 vocatio
3057 3013 3168 3084 ipsa
3215 3015 3567 3087 principium;
3598 3036 3700 3076 non

2135 3101 2325 3144 vocato
2356 3092 2596 3148 redditur
2633 3096 2850 3163 malum,
2889 3100 3012 3170 quia
3052 3117 3238 3158 omnes
3279 3107 3356 3161 rei
3399 3119 3524 3164 sunt
3545 3125 3610 3164 ex
3637 3127 3701 3168 eo

2135 3179 2276 3250 quod
2309 3197 2402 3250 per
2425 3199 2584 3239 unum
2614 3187 2880 3244 hominem
2916 3203 3189 3261 peccatum
3221 3196 3436 3253 intravit
3463 3201 3518 3254 in
3549 3217 3699 3257 mun-

2135 3269 2260 3325 dum
2292 3270 2401 3340 (Id.
2432 3289 2483 3341 ν,
2512 3275 2627 3347 12).
2651 3274 2715 3332 Et
2741 3279 2793 3333 in
2823 3280 2911 3335 illa
2936 3283 3148 3352 quidem
3168 3288 3534 3355 operariorum
3556 3292 3696 3346 sitni-

2135 3359 2376 3426 litudine,
2413 3363 2502 3418 ubi
2543 3381 2706 3420 unum
2754 3367 3030 3426 denarium
3075 3386 3414 3445 acceperunt,
3461 3382 3553 3449 qui
3599 3395 3697 3436 una

2137 3449 2285 3519 hora,
2311 3461 2366 3508 et
2401 3455 2491 3524 qui
2519 3455 2805 3514 duodecies
2831 3469 3032 3517 tantum
3059 3465 3451 3536 laboraverunt,
3479 3473 3568 3543 qui
3600 3476 3700 3530 uti-

2135 3555 2240 3610 que
2281 3544 2568 3599 secundum
2610 3548 2844 3606 rationes
2890 3551 3168 3620 humanas,
3219 3557 3314 3612 sed
3361 3575 3546 3628 vanas,
3603 3569 3698 3633 pro

2135 3631 2425 3698 quantitate
2448 3633 2644 3690 laboris
2668 3637 2750 3691 sui
2771 3637 3048 3696 duodecim
3077 3643 3326 3702 denarios
3349 3651 3590 3719 accipere
3604 3631 3699 3708 de-

2133 3717 2381 3784 buerunt,
2423 3722 2633 3793 utrique
2661 3725 2712 3779 in
2743 3727 2883 3784 bono
2909 3733 3185 3802 coaequati,
3213 3751 3317 3790 non
3351 3738 3439 3792 alii
3464 3717 3693 3805 liberati,

2133 3809 2222 3862 alii
2250 3809 2484 3866 damnati
2510 3825 2631 3870 sunt
2659 3830 2675 3869 :
2706 3819 2830 3887 quia
2852 3828 2905 3874 et
2928 3821 3001 3876 illi
3029 3823 3116 3892 qui
3147 3826 3266 3894 plus
3291 3827 3691 3898 laboraverunt,

2133 3900 2351 3970 etquod
2379 3903 2456 3956 sic
2484 3906 2655 3960 vocati
2682 3917 2806 3980 sunt
2833 3919 2890 3964 ut
2915 3913 3189 3980 venirent,
3216 3925 3272 3971 et
3297 3919 3436 3986 quod
3460 3922 3539 3977 sic
3565 3925 3692 3990 pasti

2135 3999 2192 4044 ut
2219 4007 2324 4045 non
2362 3992 2681 4062 deﬁcerent,
2713 3999 2782 4053 ab
2823 4000 2937 4069 ipso
2967 4003 3338 4070 patrel‘amilias
3379 4009 3693 4070 habuerunt.

2136 4079 2234 4135 Ubi
2275 4092 2448 4139 autem
2478 4085 2691 4152 dicitur,
2723 4089 2857 4161 Ergo
2885 4093 2968 4146 cui
2998 4094 3103 4148 vult
3145 4098 3424 4168 miseretur,
3467 4115 3517 4157 et
3552 4122 3690 4177 quem

2133 4173 2237 4225 uult
2256 4172 2500 4240 obdurat;
2521 4177 2608 4244 qui
2639 4178 2780 4240 facit,
2807 4179 2952 4234 aliud
2979 4200 3065 4238 uas
3093 4185 3144 4238 in
3171 4187 3410 4244 honorent
3432 4232 3446 4255 ,
3477 4172 3619 4248 aliud
3643 4196 3692 4249 in

2133 4265 2485 4318 contumeliam
2513 4265 2621 4336 (Id.
2651 4285 2729 4335 ix,
2764 4271 2850 4336 l8,
2877 4272 2971 4344 21)
3003 4291 3018 4327 :
3051 4275 3243 4332 bonum
3265 4282 3476 4350 quidem
3507 4286 3690 4341 imme-

2133 4355 2236 4410 rito
2261 4366 2315 4411 et
2336 4357 2498 4426 gratis
2513 4359 2685 4426 datur,
2709 4364 2831 4432 quia
2858 4380 2921 4418 ex
2939 4366 3122 4422 eadem
3151 4385 3321 4425 massa
3341 4383 3424 4428 est
3446 4377 3531 4430 cui
3559 4378 3690 4430 nou’

2133 4445 2306 4512 datur,
2329 4449 2520 4503 malum
2545 4465 2668 4504 vero
2691 4453 2880 4509 merito
2899 4465 2952 4509 et
2974 4456 3205 4513 debitum
3231 4462 3482 4526 redditur,
3507 4467 3624 4535 quia
3641 4468 3688 4520 in

2133 4549 2304 4590 massa
2335 4537 2646 4606 perditionis
2673 4543 2868 4597 malum
2896 4546 3034 4600 malo
3057 4561 3161 4600 non
3192 4549 3330 4605 male
3349 4552 3614 4620 redditur;
3641 4562 3691 4610 et

2131 4624 2180 4680 ei
2207 4625 2290 4679 cui
2318 4626 2556 4682 redditur
2585 4631 2778 4685 malum
2808 4641 2922 4698 est,
2951 4635 3071 4702 quia
3097 4639 3410 4706 supplicium
3440 4643 3555 4712 ejus
3580 4653 3686 4708 est,

2133 4719 2181 4769 ei
2202 4731 2328 4770 vero
2349 4731 2380 4771 a
2407 4733 2512 4785 quo
2539 4719 2794 4793 redditur,
2827 4721 3022 4776 bonum
3051 4737 3154 4790 est,
3187 4729 3307 4792 quia
3334 4740 3480 4786 recte
3506 4734 3688 4787 fat-lum

2133 4805 2246 4874 ejus
2267 4815 2366 4860 est.
2397 4806 2506 4862 Nec
2538 4809 2640 4862 ulla
2671 4819 2754 4865 est
2774 4814 3012 4882 acceptio
3043 4829 3385 4883 personarum
3419 4821 3470 4875 in
3493 4822 3689 4878 duobus

2132 4893 2461 4952 debitoribus
2488 4900 2763 4968 aequaliter
2787 4903 2912 4965 reis,
2951 4904 2994 4956 si
3020 4904 3172 4959 alteri
3199 4905 3515 4976 dimittitur,
3560 4913 3690 4965 alter

2132 4985 2357 5055 exigitur
2383 4984 2407 5018 ’⁸
2423 5027 2440 5054 ,
2463 4987 2601 5056 quod
2629 4989 2824 5058 pariter
2845 4991 2913 5045 ab
2933 5001 3153 5062 utroque
3175 4994 3419 5055 debetur.

2204 5077 2292 5131 M.
2330 5074 2437 5132 Sed
2462 5085 2518 5132 ut
2541 5077 2592 5132 id
2617 5079 2759 5148 quod
2786 5079 3010 5136 dicimus
3028 5083 3250 5154 alicujus
3277 5089 3504 5158 exempli
3531 5089 3689 5144 mani-

2196 5270 2215 5340 ξ
2238 5267 2448 5340 signasti...
2460 5275 2514 5340 et
2531 5269 2672 5340 editi,
2693 5269 2825 5340 item,
2848 5285 2958 5336 qua:
2975 5275 3207 5340 acceptio.

2195 5329 2216 5402 ξ
2233 5328 2458 5402 gallicaui
2467 5337 2580 5402 pass.
2605 5328 2729 5383 alius
2749 5328 3036 5402 honoratur;
3263 5399 3271 5402 Α
3283 5338 3454 5402 gratis.

2195 5389 2320 5456 {Hic
2363 5391 2603 5456 particula
2634 5406 2822 5456 negans
2849 5389 3120 5448 restituitur
3161 5389 3500 5451 Gallicanorum
3536 5413 3690 5451 atauu-

2129 5450 2730 5511 satil‘ttorumaucwrilate'.

2195 5509 2363 5591 ‘Lovs
2381 5509 2521 5591 alteri
2539 5514 2766 5591 efﬁcitur.
2791 5518 2959 5591 caeteri
2984 5515 3112 5591 libri,
3133 5518 3253 5591 alter
3274 5519 3503 5591 erigitur.
3519 5521 3685 5572 Eodem

2131 5569 2358 5648 loquendi
2393 5573 2536 5648 modo
2556 5569 2678 5648 difit
2713 5590 2876 5639 supra,
2903 5593 2950 5627 ιι.
2986 5579 3063 5638 15,
3099 5569 3569 5648 haemi!

2134 5631 2362 5682 ab'altero
2382 5632 2594 5697 exigere.
