4010 6186
353 243 449 303 581

356 356 633 413 testatione
675 354 954 422 clarescat,
999 351 1381 409 constituamus
1426 352 1630 419 aliquos
1661 350 1727 403 ab
1754 350 1927 417 aliqua

352 447 633 504 meretrice
666 444 911 517 geminos
946 443 1139 509 editos,
1190 453 1349 514 atque
1379 453 1434 497 ιιι
1477 443 1544 497 ab
1569 442 1687 495 aliis
1712 442 1928 511 collige-

284 590 291 593 .
353 548 536 593 rentur
577 537 849 606 expositos
878 553 893 592 :
921 536 1110 589 horum
1159 534 1276 588 sine
1326 534 1596 601 Baptismo
1643 533 1929 601 exspiravit

321 642 512 691 ‘unus,
555 627 691 681 alius
720 625 1035 694 baptizatus.
1087 622 1241 691 Quod
1283 621 1369 676 hic
1408 622 1570 675 fatum
1596 620 1929 676 fortunamve

351 718 513 773 fuisse
533 717 792 781 dicamus,
817 730 935 785 quae
960 715 1177 769 omnino
1196 713 1338 768 nulla
1365 712 1528 768 sunt?
1552 712 1719 778 Quam
1747 726 1932 781 perso-

350 825 539 864 narum
577 808 961 878 acceptioncm,
999 821 1119 861 cum
1162 804 1301 874 apud
1344 804 1508 859 Deum
1553 805 1693 858 nulla
1736 812 1880 859 esset
1908 803 1925 836 ⁸

349 901 512 956 etiam
537 901 582 955 si
623 900 675 953 in
712 899 829 953 istis
866 898 973 953 ulla
1001 911 1121 952 esse
1147 895 1407 964 potuisset
1435 885 1465 948 ε’
1477 896 1565 965 qui
1592 896 1772 965 utique
1795 894 1928 950 nihil

347 991 632 1054 habebant,
674 989 819 1045 unde
867 974 1009 1044 alter
1042 988 1197 1043 alteri
1234 987 1591 1057 praeferretur,
1636 987 1927 1057 meritaque

349 1082 490 1136 nulla
514 1081 743 1151 propria,
774 1081 888 1136 sive
913 1079 1051 1134 bona
1072 1121 1088 1145 ,
1116 1077 1308 1149 quibus
1334 1086 1632 1133 mereretur
1669 1079 1804 1132 alius
1828 1079 1927 1133 ba-

349 1172 565 1240 ptizari;
613 1171 727 1225 sive
783 1171 943 1234 mala,
999 1170 1194 1240 quibus
1248 1167 1384 1224 alius
1434 1169 1551 1223 sine
1605 1168 1926 1238 Baptismate

348 1262 527 1315 mori?
554 1261 636 1316 An
685 1261 859 1331 aliqua
900 1268 1174 1329 parentum
1228 1259 1456 1325 fuerunt,
1503 1258 1591 1315 ubi
1638 1257 1927 1314 fornicator

347 1362 520 1420 pater,
551 1351 804 1406 meretrix
824 1350 1027 1405 mater?
1053 1349 1159 1407 Sed
1182 1350 1588 1420 qualiacumque
1609 1350 1693 1403 illa
1707 1348 1922 1413 fuerint,

350 1455 457 1494 non
497 1439 679 1509 utique
708 1440 824 1494 istis
852 1448 955 1493 tam
986 1439 1195 1495 diversa
1237 1440 1541 1495 conditione
1578 1439 1925 1494 morientibus

350 1530 456 1584 ulla
479 1529 709 1596 diversa,
738 1529 831 1585 sed
861 1531 1071 1600 utrique
1107 1530 1432 1587 communia.
1458 1532 1514 1588 Si
1554 1547 1683 1602 ergo
1716 1546 1814 1586 nec
1849 1531 1925 1586 fa-

347 1629 485 1684 tum,
509 1620 632 1687 quia
660 1619 820 1674 nulla:
845 1620 1015 1675 stellae
1044 1621 1143 1676 ista
1179 1622 1509 1687 decernunt;
1540 1638 1639 1678 nec
1677 1622 1882 1678 fortuna
1905 1664 1921 1690 ,

347 1710 470 1779 quia
495 1725 602 1764 non
632 1708 834 1765 fortuiti
859 1724 1016 1766 casus
1041 1710 1157 1766 haec
1180 1720 1371 1781 agunt;
1415 1727 1514 1767 nec
1540 1728 1884 1784 personarum
1905 1757 1921 1782 ,

348 1813 453 1854 nec
493 1799 799 1855 meritorum
827 1798 1109 1855 diversitas
1128 1799 1231 1854 hoc
1256 1798 1497 1858 fecerunt
1525 1819 1538 1855 :
1563 1803 1689 1871 quid
1724 1811 1918 1871 restat,

345 1899 604 1959 quantum
643 1889 710 1944 ad
744 1889 1063 1959 baptizatum
1087 1890 1310 1958 adtinet,
1342 1893 1444 1946 nisi
1470 1893 1639 1963 gratia
1679 1892 1774 1948 Dei
1800 1909 1919 1964 quae

346 1983 489 2037 vasis
519 1981 668 2036 factis
693 1982 745 2036 in
766 1981 1024 2037 honorem
1053 1983 1216 2053 gratis
1243 1983 1432 2049 datur;
1459 1992 1712 2053 quantum
1741 1994 1919 2040 autem

346 2071 413 2126 ad
440 2087 546 2124 non
576 2070 896 2141 baptizatum
914 2111 932 2139 ,
963 2072 1038 2126 ira
1068 2072 1184 2138 Dei,
1214 2087 1331 2142 qum
1360 2072 1502 2129 vasis
1528 2071 1679 2128 factis
1708 2074 1759 2127 in
1787 2088 1919 2128 con-

348 2163 622 2217 tumeliam
647 2178 746 2233 pro
769 2162 936 2233 ipsius
973 2180 1163 2220 massa:
1192 2165 1396 2220 meritis
1419 2164 1691 2221 redditur?
1732 2166 1835 2220 Sed
1866 2166 1920 2221 in

348 2257 441 2313 illo
465 2257 553 2327 qui
574 2256 867 2327 baptizatus
888 2265 989 2325 est,
1014 2258 1238 2329 gratiam
1266 2258 1360 2313 Dei
1384 2273 1481 2314 vos
1511 2258 1751 2313 confiteri
1774 2258 1922 2328 cogi-

348 2361 487 2413 mus,
534 2354 588 2401 et
633 2347 879 2402 meritum
926 2347 1043 2418 ejus
1081 2348 1283 2403 nullum
1328 2350 1664 2419 praecessisse
1699 2350 1921 2405 convin-

348 2438 554 2492 cimus:
583 2436 651 2492 de
676 2437 765 2491 illo
791 2447 968 2493 autem
997 2439 1114 2497 sine
1138 2439 1462 2508 Baptismate
1489 2450 1719 2505 mortuo,
1751 2455 1846 2494 cur
1871 2440 1921 2495 ei

348 2526 577 2581 defuerit
599 2527 1020 2594 Sacramentum,
1052 2528 1191 2598 quod
1213 2538 1266 2583 et
1293 2544 1388 2583 vos
1408 2528 1647 2586 fatemini
1672 2531 1922 2587 omnibus

348 2618 595 2671 aetatibus
615 2618 996 2685 necessarium,
1028 2618 1233 2688 etquid
1262 2618 1365 2673 isto
1400 2618 1559 2673 modo
1590 2618 1643 2672 in
1670 2633 1738 2674 eo
1766 2619 1924 2674 fuerit

348 2704 692 2771 vindicatum,
723 2719 820 2762 vos
842 2706 1079 2763 videritis
1098 2708 1187 2778 qui
1215 2722 1321 2762 non
1343 2708 1501 2763 vultis
1526 2722 1645 2763 esse
1666 2708 1926 2779 originale

345 2794 620 2851 delictum.

420 2889 510 2943 15.
550 2886 714 2944 Nobis
768 2890 822 2943 in
873 2888 1081 2944 duobus
1125 2888 1241 2945 istis
1288 2888 1514 2959 geminis
1551 2905 1710 2962 unam
1740 2890 1924 2960 procul

346 2975 510 3030 dubio
560 2977 876 3033 habentibus
922 2993 1159 3045 causam,
1212 2977 1577 3033 difficultatem
1614 2980 1924 3049 quaestionis

345 3084 446 3123 cnr
470 3068 608 3124 alius
636 3069 718 3124 sic
736 3110 751 3133 ,
793 3070 929 3123 alius
952 3084 1081 3123 vero
1117 3070 1195 3125 sic
1226 3078 1465 3125 mortuus
1489 3078 1573 3125 est
1592 3111 1605 3134 ,
1642 3071 1789 3125 velut
1818 3085 1921 3126 non

345 3158 605 3213 solvendo
634 3159 792 3213 solvit
823 3159 1112 3228 Apostolus
1144 3176 1159 3214 :
1189 3160 1281 3230 qui
1319 3176 1439 3215 cum
1469 3170 1524 3215 et
1552 3161 1665 3230 ipse
1692 3160 1760 3215 de
1782 3161 1922 3215 duo-

348 3248 447 3302 bus
472 3247 699 3318 geminis
728 3248 831 3303 tale
854 3248 1050 3319 aliquid
1076 3251 1475 3320 proposuisset,
1507 3258 1721 3320 propter
1739 3249 1880 3319 quod
1901 3251 1923 3283 ⁸

346 3354 455 3393 non
482 3355 546 3392 ex
572 3340 840 3407 cperibus,
867 3341 989 3410 quia
1014 3341 1247 3396 nondum
1264 3343 1465 3411 operati
1488 3341 1699 3397 fuerant
1723 3342 1922 3412 aliquid

348 3426 474 3481 boni
498 3423 583 3481 vel
612 3428 757 3492 mali,
791 3428 886 3483 sed
919 3445 986 3484 ex
1015 3439 1236 3485 vocante
1260 3429 1461 3485 dictum
1488 3440 1591 3497 est,
1618 3430 1795 3503 Major
1813 3448 1922 3485 scr-

346 3517 444 3570 eiet
486 3517 668 3571 minori
681 3530 704 3581 ;
729 3526 802 3585 ct,
827 3516 989 3572 Jacob
1025 3519 1200 3585 dilexi,
1227 3518 1367 3575 Esau
1392 3530 1557 3575 autem
1581 3521 1697 3575 odio
1723 3520 1874 3575 habui
1904 3537 1923 3576 :

348 3616 406 3662 et
430 3607 589 3678 hujus
628 3607 999 3678 profunditatis
1022 3608 1299 3665 horrorem
1345 3626 1514 3681 usque
1552 3611 1620 3665 ad
1660 3611 1763 3666 hoc
1807 3628 1926 3681 per-

347 3699 609 3767 duxisset,
630 3710 685 3754 ut
705 3701 926 3768 diceret,
954 3700 1094 3772 Ergo
1121 3702 1266 3771 cujus
1290 3704 1395 3757 uult
1414 3704 1694 3769 miseretur,
1715 3712 1760 3758 et
1778 3721 1925 3773 quem

347 3789 455 3843 vult
476 3787 690 3843 obdurat
717 3803 739 3845 :
763 3792 931 3846 sensit
969 3792 1222 3846 continuo
1264 3792 1389 3863 quid
1428 3803 1687 3858 moveret,
1727 3803 1782 3848 et
1822 3794 1923 3849 sibi

348 3879 510 3934 verba
576 3880 1013 3948 contradicentis,
1075 3897 1195 3952 qua:
1257 3882 1547 3952 apostolica
1607 3885 1923 3941 auctoritate

347 3977 644 4035 coerceret,
688 3974 955 4041 opposuit.
1008 3973 1094 4027 Ait
1146 3973 1289 4028 enim
1331 3990 1345 4027 :
1380 3972 1517 4028 Dicis
1562 3973 1731 4044 itaque
1774 3976 1919 4041 milii,

354 4058 491 4126 Quid
512 4060 677 4113 adhuc
704 4062 1063 4129 conqueritur?
1089 4079 1209 4116 nam
1237 4053 1482 4117 voluntati
1524 4063 1632 4134 ejus
1657 4065 1771 4135 quis
1796 4066 1923 4119 resi-

347 4151 433 4203 stit
451 4150 478 4203 ?
528 4150 921 4221 Responditque
959 4154 1057 4207 ista
1097 4153 1292 4208 dicenti
1326 4173 1340 4208 :
1371 4153 1416 4208 0
1444 4154 1593 4209 homo
1614 4195 1630 4220 ,
1658 4164 1710 4209 tu
1737 4158 1848 4226 quis
1874 4174 1926 4211 es

348 4242 436 4308 qui
455 4242 757 4311 respondeas
782 4242 888 4297 Deo
903 4243 930 4298 Ρ
959 4242 1221 4314 Numquid
1241 4246 1361 4299 dicit
1388 4247 1679 4317 figmentum
1701 4248 1751 4302 ei
1773 4249 1859 4319 qui
1875 4266 1929 4304 se

348 4330 520 4397 ﬁnxit,
552 4330 722 4397 Quare
744 4333 815 4386 sic
834 4350 913 4387 me
931 4335 1133 4406 fecisti?
1157 4334 1338 4391 Annon
1376 4338 1520 4392 habet
1549 4349 1839 4410 potestatem
1865 4342 1928 4411 ﬁ-

349 4421 499 4491 gulus
533 4420 628 4473 luti
657 4437 721 4476 ea:
750 4422 925 4477 eadem
960 4441 1127 4479 massa
1146 4425 1167 4457 ³
1192 4430 1358 4496 facere
1380 4430 1525 4482 aliud
1546 4430 1741 4499 quidem
1762 4447 1848 4486 vas
1875 4433 1928 4487 in

351 4512 613 4571 honorem,
644 4512 787 4565 aliud
815 4514 868 4567 in
907 4515 1300 4572 contumeliam?
1325 4517 1525 4574 Deinde
1547 4528 1788 4585 secutus,
1822 4531 1927 4576 tam

349 4616 603 4672 magnum
631 4602 975 4675 abditumque
1000 4618 1284 4675 secretum,
1303 4619 1556 4679 quantum
1585 4612 1926 4681 aperiendum

351 4705 471 4744 esse
521 4692 826 4747 hominibus
846 4694 1124 4761 judicavit,
1173 4697 1381 4767 aperuit
1415 4699 1723 4756 dicens:Si
1762 4713 1930 4756 autem

352 4783 521 4836 volens
546 4782 685 4837 Deus
722 4784 978 4847 ostendere
1019 4787 1166 4853 iram,
1209 4798 1255 4843 et
1280 4789 1624 4847 demonstrare
1660 4795 1931 4864 potentiam

350 4889 518 4939 suam,
548 4875 717 4928 attulit
754 4876 806 4929 in
831 4876 988 4931 multa
1009 4878 1252 4949 patientia
1277 4895 1397 4936 vasa
1420 4882 1527 4947 itte,
1566 4899 1678 4954 qua:
1712 4885 1932 4955 perfecta

350 4972 472 5016 sunt
502 4964 555 5016 in
582 4965 911 5031 perditionem
934 5007 952 5034 ,
993 4976 1039 5022 et
1077 4979 1131 5023 ut
1156 4979 1301 5025 notas
1326 4974 1509 5044 faceret
1534 4974 1732 5028 divitias
1756 4975 1934 5047 gloria:

350 5067 461 5106 sua:
486 5053 540 5106 in
583 5068 705 5106 vasa
746 5056 1122 5123 misericordia,
1152 5076 1267 5133 quae
1300 5065 1603 5133 prteparavit
1637 5066 1690 5118 in
1717 5066 1932 5135 gloriam

351 5142 534 5214 (Rom.
564 5159 643 5209 ix,
672 5145 884 5218 11-23).
908 5148 1019 5204 lloc
1042 5160 1125 5205 est
1144 5148 1363 5221 ‘gratia:
1375 5153 1488 5218 Dei,
1513 5170 1616 5210 non
1637 5157 1810 5210 solum
1834 5157 1932 5211 ad-

347 5234 631 5304 jutorium,
678 5250 866 5291 verum
917 5238 1078 5294 etiam
1127 5239 1507 5305 documentum
1550 5261 1564 5298 :
1609 5246 1930 5317 adjutorium

419 5411 439 5475 ξ
460 5405 595 5475 miti,
616 5409 873 5475 quieapud
899 5419 1048 5464 Deum
1069 5414 1205 5465 nulla
1225 5424 1313 5468 est.

420 5469 655 5540 {statuas}
682 5480 736 5523 At
762 5469 900 5540 aditi,
923 5482 1116 5538 propter
1138 5489 1273 5540 quos.

424 5528 513 5599 {tu
536 5538 748 5599 its-5.,”
766 5528 936 5599 eadem
955 5528 1312 5599 consistimus.

426 5589 451 5623 ⁸
473 5589 676 5644 Vaticani
694 5595 904 5657 calices,
922 5602 1002 5650 hic
1023 5589 1113 5649 cs't.

1685 234 1880 288 LIBER
1921 234 2296 291 JECUNDUS.

3497 251 3607 310 582

2039 350 2243 406 scilicet
2294 353 2345 406 in
2389 355 2527 408 vasis
2574 356 2989 420 miscricordizn;
3039 357 3091 412 in
3121 360 3261 415 vasis
3301 372 3476 418 autem
3508 371 3604 422 Ira:

2034 439 2407 497 documentum
2433 462 2446 497 :
2478 446 2529 498 in
2560 447 2637 500 cis
2665 448 2806 500 enim
2835 447 3066 502 ostendit
3093 449 3224 503 iram
3247 491 3262 515 ,
3287 460 3342 505 et
3375 451 3601 509 demon-

2032 542 2167 586 strat
2196 537 2484 601 potentiam
2527 552 2701 602 suam,
2739 541 2860 607 quia
2906 549 3010 592 tam
3054 547 3242 608 potens
3269 548 3353 595 est
3382 542 3603 599 bonitas

2032 622 2167 691 ejus,
2197 635 2253 678 ut
2274 626 2408 681 bene
2434 636 2609 682 utatur
2636 631 2793 683 etiam
2822 631 3003 689 malis:
3033 642 3087 685 ct
3128 632 3179 686 in
3204 633 3282 688 eis
3311 643 3461 689 notas
3484 637 3607 691 facit

2030 711 2239 768 divitias
2273 715 2457 785 gloria:
2498 731 2609 772 suae
2648 719 2700 772 in
2733 734 2857 773 vasa
2901 722 3312 789 misericordim,
3352 726 3602 793 quoniam

2030 803 2172 870 quod
2209 804 2277 857 ab
2303 806 2395 859 irae
2424 808 2563 862 vasis
2586 809 2751 878 exigit
2787 810 2991 878 justitia
3029 812 3310 879 punientis,
3344 812 3442 867 hoc
3464 815 3603 869 vasis

2030 893 2405 951 misericordia:
2424 897 2643 953 dimittit
2659 900 2826 968 gratia
2845 900 3116 955 Iiberantis
3136 916 3264 957 :nec
3284 902 3598 958 beneﬁcium

2028 983 2171 1052 quod
2195 986 2506 1051 quibusdam
2527 989 2690 1056 gratis
2712 989 2976 1056 tribuitur,
2998 1002 3300 1061 appareret,
3327 993 3429 1048 nisi
3460 994 3600 1049 Deus

2027 1071 2145 1126 aliis
2165 1088 2230 1127 ex
2253 1074 2436 1133 eadem
2468 1092 2640 1130 massa
2668 1079 2864 1146 pariter
2887 1080 2993 1133 rcis
3014 1080 3158 1149 justo
3186 1083 3444 1151 sUpplicio
3464 1099 3600 1138 con-

2027 1161 2310 1229 demnatis,
2338 1165 2463 1235 quid
2493 1168 2732 1236 utrisque
2767 1167 3080 1233 deberetur,
3109 1173 3434 1226 ostenderet.
3473 1172 3600 1238 Quis

1996 1323 2000 1327 .
2026 1253 2159 1305 enim
2178 1262 2226 1307 te
2249 1254 2485 1330 discernit
2505 1256 2531 1309 ?
2553 1257 2626 1310 ait
2647 1256 2784 1311 idem
2813 1259 3100 1326 apostolus,
3128 1257 3326 1313 homini
3351 1269 3597 1330 tanquam

2026 1341 2095 1397 de
2118 1326 2407 1414 semetipso
2431 1353 2487 1400 et
2512 1346 2582 1401 de
2609 1362 2708 1403 suo
2719 1348 2931 1416 pl‘Opl‘lO
2960 1342 3103 1403 bono
3118 1350 3360 1419 glorianti
3385 1353 3399 1382 ³
3428 1326 3600 1418 :Quis

2026 1433 2157 1485 enim
2177 1442 2225 1487 te
2244 1433 2529 1489 discernit?
2553 1437 2731 1505 utique
2757 1436 2826 1490 ab
2854 1437 2946 1491 ira:
2977 1440 3134 1502 vasis,
3158 1454 3188 1492 a
3220 1455 3391 1494 massa
3424 1442 3600 1510 perdi-

2026 1520 2205 1587 tionis,
2236 1538 2353 1591 quaa
2382 1538 2478 1592 per
2504 1540 2665 1579 unum
2697 1541 2885 1581 omnes
2912 1528 3053 1581 misit
3099 1529 3150 1581 in
3181 1530 3597 1585 damnationem.

2030 1608 2156 1675 Quis
2180 1618 2228 1664 te
2258 1612 2529 1667 discernit?
2549 1613 2615 1668 Et
2642 1624 2889 1684 tanquam
2921 1616 3302 1685 re5p0ndissct,
3334 1619 3600 1675 Discernit

2026 1715 2114 1755 me
2143 1699 2277 1756 fides
2306 1716 2444 1770 mea,
2484 1706 2811 1773 propositum
2856 1721 3029 1760 meum
3053 1749 3067 1771 ,
3097 1709 3342 1762 meritum
3373 1724 3548 1763 mcum
3578 1748 3593 1762 .

2029 1790 2164 1859 Quid
2183 1794 2313 1846 enim
2337 1793 2508 1859 habes,
2539 1797 2729 1866 inquit,
2756 1798 2889 1866 quod
2918 1815 3019 1853 non
3038 1801 3311 1869 accepisti?
3342 1801 3401 1855 Si
3429 1811 3597 1856 autem

2025 1889 2071 1933 et
2090 1882 2344 1951 accepisti,
2367 1884 2487 1952 quid
2507 1885 2739 1954 gloriaris
2758 1888 2900 1956 quasi
2929 1905 3028 1942 non
3052 1891 3299 1960 acceperis
3316 1888 3361 1959 (Ι
3384 1888 3499 1946 Cor.
3521 1906 3595 1959 tv,

2028 1967 2116 2041 7)?
2145 1969 2246 2024 hoc
2274 1979 2376 2038 est,
2410 1975 2561 2042 quasi
2587 1975 2653 2027 de
2682 1988 2772 2031 tuo
2802 1978 2891 2041 sit,
2918 1978 3056 2033 unde
3083 1978 3423 2035 discernaris.
3455 1982 3596 2051 Ergo

2024 2057 2116 2112 ille
2144 2058 2418 2128 discernit,
2447 2063 2535 2133 qui
2570 2063 2711 2118 unde
2742 2065 3059 2122 discernaris
3088 2069 3342 2139 impertit,
3383 2085 3595 2141 ptenam

2024 2150 2255 2206 debitam
2296 2155 2640 2221 removendo,
2685 2157 2969 2212 indebitam
3006 2162 3230 2230 gratiam
3268 2162 3542 2232 largiendo
3580 2183 3594 2218 :

2025 2241 2114 2296 ille
2137 2241 2411 2310 discernit,
2438 2247 2671 2315 quicum
2696 2248 2927 2303 tenebrze
2944 2261 3123 2306 essent
3151 2267 3309 2321 super
3322 2254 3597 2327 abyssum,

2023 2330 2175 2399 dixit,
2204 2332 2324 2387 Fiat
2346 2334 2453 2401 lux,
2477 2348 2522 2390 et
2543 2340 2680 2409 facta
2708 2348 2779 2393 est
2807 2337 2935 2394 lux.
2963 2350 3010 2394 et
3037 2342 3224 2407 divisit,
3257 2343 3359 2399 hoc
3380 2355 3464 2400 est
3486 2345 3602 2400 dis-

2023 2423 2208 2489 crevit,
2240 2424 2369 2479 inter
2386 2430 2547 2481 lucem
2576 2437 2625 2482 et
2664 2429 2887 2484 tenebras
2907 2428 3060 2500 (Gen.
3080 2448 3119 2498 ι,
3146 2433 3200 2499 3,
3221 2433 3301 2502 4).
3320 2432 3432 2489 Νοιι
3458 2435 3602 2490 enim

2024 2529 2148 2570 cum
2176 2516 2303 2571 sola:
2326 2528 2509 2574 essent
2546 2520 2778 2575 tenebrae
2796 2562 2812 2587 ,
2843 2521 2970 2591 quid
3000 2522 3328 2580 discerneret
3357 2525 3559 2581 invenit
3585 2542 3601 2579 :

2024 2605 2119 2660 sed
2148 2605 2316 2660 lucem
2339 2608 2581 2664 faciendo
2601 2609 2882 2676 discrevit;
2912 2624 2968 2667 ut
2989 2614 3288 2683 justificatis
3316 2616 3490 2686 impiis
3519 2617 3604 2672 di-

2026 2703 2195 2760 catur,
2229 2694 2422 2751 Fuistis
2453 2699 2584 2752 enim
2610 2700 2884 2768 aliquando
2905 2701 3143 2768 tenebrat,
3165 2721 3298 2758 nunc
3323 2715 3489 2758 autem
3516 2705 3607 2760 lux

2024 2784 2077 2837 in
2108 2784 2327 2841 Domino
2353 2785 2568 2859 (Ephes.
2592 2805 2646 2856 v,
2675 2790 2733 2862 8)
2761 2807 2775 2843 :
2802 2806 2866 2846 ac
2887 2793 2965 2847 sic
2994 2794 3082 2863 qui
3109 2794 3384 2863 gloriatur,
3414 2810 3520 2850 non
3549 2796 3601 2850 in

2027 2890 2087 2931 se
2117 2878 2253 2946 ipso,
2285 2879 2377 2934 sed
2401 2880 2453 2933 in
2483 2879 2707 2937 Domino
2733 2881 2993 2952 glorietur
3019 2883 3097 2955 (ll
3116 2883 3234 2939 Cor.
3261 2901 3315 2950 ι,
3348 2887 3413 2941 17
3438 2887 3477 2956 ).
3508 2888 3603 2944 Ille

2026 2966 2302 3038 discernit,
2353 2972 2442 3042 qui
2493 2972 2564 3027 de
2619 2974 2852 3029 nondum
2893 2977 3231 3047 natis,ueque
3272 2980 3361 3048 qui
3403 2980 3601 3050 aliquid

2026 3068 2251 3128 egerant
2278 3060 2402 3117 boni
2429 3072 2523 3117 aut
2561 3064 2705 3130 mali,
2737 3072 2796 3119 ut
2818 3066 3108 3121 secundum
3136 3068 3449 3125 electionem
3478 3086 3604 3140 pro-

2026 3152 2256 3220 positum
2298 3153 2414 3224 ejus
2446 3164 2724 3223 maneret,
2756 3173 2863 3211 non
2909 3172 2973 3212 cx
3017 3159 3302 3227 cperibns,
3332 3161 3426 3215 sed
3451 3178 3518 3217 ex
3545 3178 3605 3218 se

2028 3243 2144 3311 ipso
2171 3245 2192 3274 ²
2216 3254 2439 3301 vocante
2473 3246 2627 3314 dixit,
2656 3246 2829 3318 Major
2847 3250 3023 3303 serviet
3060 3250 3243 3304 minori
3271 3250 3291 3325 (
3319 3250 3446 3306 Gen.
3469 3268 3601 3319 xxv,

2024 3330 2096 3385 23
2120 3331 2140 3403 )
2165 3350 2181 3387 :
2205 3342 2365 3403 atque
2393 3334 2621 3404 idipsum
2648 3337 3027 3392 commendans
3051 3349 3231 3408 postea
3261 3355 3357 3409 per
3373 3340 3604 3411 prophe-

2027 3430 2163 3486 tam;
2202 3421 2384 3488 Jacob,
2428 3423 2619 3495 inquit,
2665 3425 2840 3491 dilexi,
2892 3425 3034 3481 Esau
3087 3438 3253 3483 autem
3303 3432 3420 3484 odio
3452 3431 3605 3485 habui

2028 3510 2048 3580 (
2076 3508 2302 3564 Malae/3.
2334 3527 2372 3574 ι,
2399 3511 2435 3565 2
2463 3514 2502 3583 ).
2539 3514 2866 3569 Electionem
2895 3514 2917 3546 ⁸
2945 3517 3139 3585 quippe
3166 3517 3318 3583 dixit,
3349 3520 3436 3574 ubi
3465 3520 3603 3575 Deus

2027 3615 2132 3654 non
2153 3600 2220 3656 ab
2244 3601 2350 3656 alio
2378 3601 2576 3658 factum
2606 3604 2748 3674 quod
2774 3605 2934 3675 eligat
2961 3606 3162 3661 invenit
3180 3650 3195 3674 ,
3226 3609 3318 3663 sed
3347 3612 3491 3680 quod
3518 3612 3600 3665 in-

2025 3693 2204 3747 veniat
2244 3694 2358 3763 ipse
2400 3693 2564 3749 facit:
2597 3697 2733 3750 sicut
2759 3695 2828 3751 de
2874 3697 3109 3766 reliquiis
3148 3698 3306 3755 Israel
3349 3704 3602 3772 scriptum

2026 3790 2127 3846 est,
2152 3782 2397 3854 Reliquia:
2415 3801 2506 3855 per
2524 3785 2810 3841 electionem
2830 3788 3009 3857 gratia:
3036 3787 3184 3857 facti:
3207 3799 3343 3845 sunt.
3364 3792 3425 3847 Si
3439 3803 3604 3848 autem

2026 3875 2210 3944 gratia,
2240 3876 2355 3946 jam
2392 3893 2493 3931 non
2532 3894 2596 3933 ea:
2620 3880 2884 3949 aper-ibus;
2912 3881 3133 3952 alioquin
3169 3886 3352 3954 gratia,
3366 3888 3479 3955 jam
3505 3903 3605 3942 non

2028 3974 2099 4019 est
2122 3967 2286 4036 gratia
2314 3965 2488 4040 (Rom.
2521 3985 2599 4033 χι,
2631 3970 2698 4037 5,
2732 3970 2809 4042 6).
2840 3972 3064 4042 Propter
3085 3974 3223 4043 quod
3253 3979 3486 4043 profecto
3509 3977 3605 4034 de-

2030 4054 2223 4124 sipitis,
2252 4058 2341 4126 qui
2382 4057 2595 4114 dicente
2629 4061 2873 4127 veritate,
2908 4061 3027 4116 Non
3055 4078 3117 4116 ea:
3141 4065 3370 4129 operibus
3388 4106 3402 4129 ,
3429 4066 3517 4121 sed
3542 4084 3607 4123 ea:

2027 4156 2235 4200 vocante
2266 4147 2455 4201 dictum
2485 4157 2591 4212 est;
2621 4165 2715 4204 vos
2753 4150 2961 4218 dicitis,
3004 4153 3079 4206 Ex
3119 4151 3306 4208 futuris
3332 4157 3601 4224 operibus,

2030 4251 2149 4305 qua:
2187 4236 2326 4291 Deus
2367 4238 2511 4292 illum
2561 4236 2829 4294 facturum
2873 4256 2993 4296 esse
3045 4244 3385 4314 praesciebat,
3436 4246 3602 4303 .lacob

2029 4327 2193 4384 fuisse
2219 4328 2508 4385 dilectum:
2542 4340 2702 4403 atque
2728 4334 2799 4389 ita
2826 4337 3187 4393 contradicitis
3226 4342 3480 4410 Apostolo
3516 4343 3602 4399 di-

2031 4421 2192 4485 centi,
2220 4419 2338 4475 Non
2368 4439 2430 4476 ex
2456 4424 2686 4493 operibus
2714 4441 2734 4480 :
2757 4428 2905 4496 quasi
2928 4443 3032 4483 non
3060 4441 3239 4500 posset
3266 4432 3463 4497 dicere,
3490 4435 3604 4491 Non

2032 4524 2097 4565 ex
2123 4511 2495 4579 prmscntibus,
2523 4513 2616 4568 sed
2638 4512 2830 4570 futuris
2858 4519 3126 4586 operibus.
3150 4519 3255 4576 Sed
3283 4523 3376 4586 ait,
3398 4523 3518 4579 Non
3544 4541 3607 4579 ea:

2033 4601 2283 4671 operibus,
2321 4610 2377 4657 ut
2420 4604 2641 4673 gratiam
2685 4608 3083 4664 commendaret
3110 4627 3125 4664 :
3148 4611 3211 4666 Si
3232 4623 3397 4667 autem
3419 4617 3603 4684 gratia,

2023 4692 2136 4762 jam
2167 4710 2264 4745 non
2286 4710 2348 4746 ex
2366 4703 2628 4763 apertbus;
2652 4696 2877 4764 alioquin
2897 4701 3060 4769 gratia
3077 4702 3191 4770 jam
3211 4718 3310 4755 non
3327 4714 3396 4755 est
3420 4705 3602 4773 gratia.

2034 4784 2292 4838 Praecedit
2324 4801 2570 4856 namque,
2598 4804 2704 4843 non
2730 4789 2929 4855 debita,
2950 4781 3043 4845 sed
3074 4793 3298 4861 gratuita
3327 4795 3514 4861 gratia,
3546 4803 3602 4849 ut

2034 4888 2129 4942 per
2159 4873 2298 4928 illam
2329 4875 2455 4929 fiant
2481 4875 2504 4907 ‘
2531 4876 2669 4931 bona
2695 4894 2855 4948 opera
2883 4896 2896 4931 :
2925 4894 2991 4933 ne
3012 4880 3055 4933 si
3080 4883 3445 4949 prmccsserint
3471 4883 3603 4940 bona

2036 4980 2220 5033 opera,
2253 4975 2500 5036 tanquam
2527 4968 2779 5038 operibus
2809 4967 3059 5023 reddatur
3084 4970 3272 5039 gratia,
3299 4984 3362 5024 ac
3386 4972 3464 5025 sic
3485 4987 3606 5042 gra.

2038 5055 2107 5109 tia
2129 5056 2239 5126 jam
2260 5072 2366 5110 non
2393 5057 2461 5112 sit
2484 5059 2675 5129 gratia.
2724 5070 2727 5071 '

2103 5189 2120 5221 ι
2144 5196 2348 5240 vaticam
2372 5200 2500 5254 Mss,
2515 5204 2564 5245 et
2584 5193 2647 5245 de
2664 5207 2752 5246 suo
2766 5191 2969 5258 proprio
2987 5192 3243 5259 glorianti;
3258 5197 3431 5247 omissa
3465 5210 3610 5259 voce,

2039 5248 2277 5421 ἓέῖὲρω
2292 5320 2426 5375 ww"
2447 5313 2535 5365 sed
2553 5327 2620 5367 ⁸³
2639 5320 2780 5380 ⁸7³Ψῖ
2811 5316 3009 5378 animi
3024 5328 3095 5368 εε-
3114 5318 3326 5369 IﬂIbetur
3348 5320 3397 5369 in
3417 5320 3615 5371 caeteris

2060 5373 2223 5496 'biiiic
2244 5446 2418 5485 omnes
2440 5444 2542 5486 Mss.
2564 5440 2698 5496 ann,
2722 5436 2965 5491 electione.

2104 5494 2126 5525 ⁸
2143 5497 2216 5545 sic
2241 5499 2441 5547 vatimni
2470 5508 2517 5547 et
2538 5494 2756 5549 Galliam
2804 5508 2906 5551 uss.
2934 5500 3051 5551 edin
3086 5508 3270 5554 autem.
3293 5503 3482 5554 omissis
3503 5514 3618 5553 ver-

2044 5556 2150 5629 Ιιὶε,Δ
2168 5558 2400 5629 Marcet/rt
2437 5574 2659 5629 nimique,
2685 5562 2973 5629 non‘debita,
2998 5564 3084 5616 scd
3105 5556 3347 5629 gratuita;
3371 5564 3611 5623 ferebam.

2043 5624 2200 5685 gratia
2224 5619 2401 5684 utique,
2427 5629 2475 5670 ιρι
2497 5619 2582 5686 per
2608 5622 2737 5673 .llum
2753 5620 2892 5686 ﬁunt.
