4034 6182
488 281 596 337 583

562 393 648 449 16.
679 387 784 447 Sed
822 395 879 442 ut
905 384 1055 439 vobis
1085 379 1386 435 auferretur
1409 376 1584 430 omnis
1611 384 1801 427 vestra:
1841 367 2083 438 caliginis

489 485 724 548 latebra,
754 487 1031 550 propterea
1053 470 1292 541 geminos
1323 466 1456 522 tales
1477 461 1725 534 prpposui
1751 502 1767 528 ,
1799 460 1887 530 qui
1913 471 2083 526 neque

490 582 768 648 parentum
799 567 1000 622 meritis
1020 563 1354 633 juvarentur,
1381 567 1436 612 et
1463 554 1624 648 ambo
1651 553 1886 608 infantia:
1913 551 2081 620 prim-

491 645 643 724 ordio
664 676 798 718 unus
825 657 1140 726 baptizatus,
1167 653 1302 707 alter
1322 649 1436 704 sine
1461 645 1784 716 Baptismate
1812 656 2085 698 moreren-

493 769 609 818 tur;
635 772 700 808 ue
729 749 978 807 diceretis
1005 745 1195 805 Deum,
1217 741 1354 796 sicut
1375 727 1442 793 de
1465 735 1632 792 Jacob
1655 744 1710 790 et
1740 733 1880 788 Esau
1899 739 2084 786 contra

492 845 806 914 Apostolum
857 838 1062 902 dicitis,
1111 847 1273 903 Opera
1323 843 1508 885 eorum
1559 826 1731 880 futura
1785 821 2082 894 pnuscisse.

491 937 772 1008 Quomodo
798 933 940 989 enim
971 927 1235 1001 prwscivit
1273 941 1336 980 ea
1379 921 1549 978 futura
1573 961 1588 984 ,
1619 933 1740 989 qua:
1770 917 1874 970 illis
1911 916 1964 970 in
2007 914 2089 968 in-

493 1035 656 1090 fantia
699 1027 1005 1089 morituris,
1047 1021 1169 1091 quia
1214 1015 1547 1090 pra-scicntia
1569 1014 1686 1082 ejus
1714 1009 1822 1066 falli
1853 1023 1960 1065 non
1987 1024 2087 1077 pu-

495 1133 632 1186 test,
681 1117 948 1190 prirscivit
993 1113 1166 1184 potius
1213 1123 1317 1162 non
1346 1105 1561 1162 futura?
1592 1101 1841 1173 Autqnid
1871 1099 2090 1169 prodest

493 1218 572 1272 eis
600 1214 688 1285 qui
720 1211 996 1280 rapiuntur
1017 1221 1082 1260 ex
1116 1203 1218 1256 hac
1243 1201 1345 1254 vita
1371 1241 1385 1264 ,
1417 1214 1486 1254 ne
1512 1196 1712 1251 malitia
1741 1200 1910 1248 mutet
1930 1191 2090 1246 intel-

495 1308 688 1362 lectum
718 1317 904 1357 eorum
925 1341 940 1364 ,
986 1306 1078 1351 aut
1105 1311 1173 1350 ne
1207 1293 1351 1348 ﬁctio
1376 1289 1608 1360 decipiat
1643 1287 1874 1380 anipxam
1903 1299 2088 1340 eorum

495 1398 646 1467 (Sap.
674 1410 742 1458 iv,
778 1391 887 1463 ll),
911 1390 955 1443 si
987 1393 1260 1458 peccatum
1286 1383 1447 1438 etiam
1467 1379 1608 1452 quod
1639 1375 1848 1433 non'est
1869 1375 2086 1442 factum,

491 1487 694 1542 dictum
719 1526 732 1546 ,
764 1483 1050 1551 cogitatum
1070 1520 1084 1542 ,
1113 1487 1362 1545 tanquam
1391 1470 1735 1528 commissum
1779 1469 1976 1526 fuerit.
2014 1468 2092 1521 sic

497 1578 748 1650 punitur?
777 1571 927 1640 Quod
953 1572 996 1626 si
1023 1567 1460 1624 absurdissimum
1485 1606 1499 1628 ,
1529 1561 1936 1618 insulsissimum
1955 1603 1968 1623 ,
1997 1559 2088 1614 de-

497 1667 886 1724 mentissimum
916 1670 1018 1727 est,
1047 1657 1311 1730 quoslibet
1340 1655 1584 1710 homines
1609 1671 1673 1708 ex
1707 1653 1790 1708 his
1817 1653 2052 1724 peccatis
2072 1695 2087 1718 ,

495 1774 722 1830 quorum
745 1770 844 1810 nec
866 1761 1068 1808 reatum
1089 1766 1153 1806 ex
1186 1747 1492 1819 parentibus
1522 1744 1733 1800 trahere
1753 1785 1767 1805 .
1795 1744 1931 1798 sicut
1956 1743 2090 1797 dici-

500 1849 590 1911 tis,
623 1862 722 1901 nec
741 1862 800 1898 ea
833 1858 939 1898 non
970 1841 1141 1895 solum
1165 1837 1519 1902 committere,
1551 1835 1642 1890 sed
1671 1849 1770 1889 nec
1790 1835 1978 1888 saltcm
2005 1848 2094 1886 c0-

499 1940 668 2009 gitare
705 1942 1007 2006 potui-runt,
1041 1945 1160 1986 csse
1187 1927 1546 1989 damnandos;
1577 1924 1714 2018 redit
1733 1924 1799 1978 ad
1826 1924 1957 1978 vos‘
1991 1923 2094 1976 fra-

425 2079 435 2091 ,
502 2041 586 2086 ter
623 2028 712 2081 ille
747 2024 993 2096 geminus
1033 2019 1278 2090 baptizati
1321 2033 1425 2072 non
1457 2013 1782 2088 baptizatus,
1813 2023 1868 2068 et
1905 2013 2095 2068 tacitus

501 2119 694 2190 quierit
730 2131 760 2170 a
789 2114 934 2168 vobis
959 2153 974 2176 ,
1009 2111 1146 2166 unde
1192 2108 1348 2164 fuerit
1387 2123 1416 2161 a
1458 2106 1688 2162 fraterna
1715 2104 1966 2161 lclicitatc
1989 2103 2097 2156 dis-

504 2219 716 2274 cretus,
761 2222 858 2262 cur
899 2205 984 2259 illa
1023 2201 1330 2256 infelicitate
1358 2199 1608 2270 punitus,
1633 2206 1690 2252 ut
1715 2197 1805 2250 illo
1835 2197 1886 2250 in
1920 2195 2009 2249 Dei
2035 2195 2097 2246 li-

505 2303 632 2357 lium
659 2299 909 2368 adoptato
929 2297 973 2360 ',
1016 2293 1129 2363 ipse
1157 2307 1261 2346 non
1292 2291 1557 2360 acciperet
1582 2289 1830 2344 omnibus
1855 2285 2099 2340 :etatibus

507 2391 864 2449 necessarium
885 2429 900 2451 ,
926 2387 1061 2441 sicut
1085 2383 1356 2450 fatemini,
1379 2381 1814 2442 Sacramentum;
1845 2379 1888 2432 si
1915 2393 2102 2446 quem-

507 2481 793 2538 admodum
819 2478 960 2533 nuila
991 2483 1075 2530 cst
1103 2473 1312 2528 fortuna
1335 2472 1418 2528 vel
1444 2473 1628 2538 fatum,
1658 2471 1744 2525 vel
1771 2469 1908 2540 apud
1933 2469 2099 2522 Deum

509 2572 749 2642 acceptio
777 2581 1123 2640 personarum
1141 2606 1154 2628 ,
1201 2565 1271 2618 ita
1301 2563 1502 2618 nullum
1527 2570 1610 2617 est
1634 2555 1818 2632 gratire
1846 2560 1962 2614 sine
1991 2573 2102 2613 mc-

509 2668 628 2722 ritis
652 2663 872 2724 donum;
901 2657 1101 2712 nullum
1127 2655 1386 2726 originale
1405 2663 1701 2725 peccatum.
1731 2652 1863 2706 Huic
1884 2663 2103 2720 prorsus

510 2753 697 2810 infanti
741 2751 977 2822 linguam
1002 2755 1235 2802 vestram
1274 2759 1568 2814 vocemque
1605 2740 1950 2808 submittitis,
1977 2739 2104 2796 huic

510 2861 618 2902 non
649 2841 881 2913 loquenti
907 2839 1032 2910 quid
1063 2836 1352 2908 loquamini
1383 2849 1486 2891 non
1517 2833 1744 2889 habetis.

583 2933 812 2994 CAPUT
838 2931 968 2987 Vill.
993 2961 1070 2972 —
1090 2932 1177 2985 Π.
1207 2928 1338 2984 Boni
1366 2931 1516 2983 etiam
1543 2927 1822 2999 imperfecti
1857 2925 2106 2997 cupiditas
2169 2971 2173 2975 .

515 3032 700 3085 donum
723 3025 899 3096 gratia
916 3032 1009 3088 est;
1035 3021 1258 3091 alioquin
1285 3019 1448 3090 gratia
1469 3017 1740 3072 secundum
1764 3015 1938 3069 nterim
1955 3017 2107 3069 (tarc-

518 3130 618 3172 tur.
649 3115 764 3170 lam
803 3127 944 3166 nunc
973 3111 1278 3173 videamus,
1324 3115 1382 3161 ut
1420 3121 1736 3176 possumus,
1783 3104 1886 3158 hoc
1933 3105 2107 3176 ipsum

518 3206 676 3278 quod
692 3205 875 3258 volunt
902 3199 1207 3270 prteccdere
1228 3199 1278 3252 in
1303 3197 1538 3261 homine,
1565 3206 1621 3251 ut
1639 3195 1902 3265 adjutorio
1926 3195 2108 3264 gratite

519 3298 710 3365 dignus
738 3293 994 3346 habeatur
1018 3331 1032 3353 ,
1061 3299 1116 3344 et
1139 3288 1225 3343 eui
1247 3288 1440 3342 merito
1463 3286 1580 3356 ejus
1605 3301 1711 3341 n0u
1735 3297 1984 3356 tanquam
2031 3285 2110 3339 in—

521 3387 698 3444 debita
741 3383 1000 3438 tribuatur
1023 3423 1036 3443 ,
1074 3378 1168 3434 sed
1195 3379 1370 3434 debita
1409 3377 1578 3448 gratia
1608 3376 1934 3432 rctribuatur
1961 3374 2016 3442 ⁸;
2048 3389 2112 3430 ac

472 3526 478 3534 ,
523 3480 602 3534 sic
629 3475 798 3548 gratia
821 3475 930 3543 jam
971 3487 1076 3527 non
1113 3471 1184 3526 sit
1224 3470 1391 3541 gratia
1427 3469 1744 3524 :videamus
1781 3476 1958 3523 tamen
1988 3467 2111 3536 quid

525 3569 652 3624 illud
684 3568 770 3620 sit.
795 3565 904 3620 Sub
930 3563 1130 3618 nomine
1149 3603 1163 3624 ,
1194 3560 1458 3631 inquiunt,
1489 3560 1669 3632 gratiae
1691 3559 1764 3613 ita
1787 3563 1948 3631 fatum
1973 3575 2112 3612 asse-

525 3671 665 3724 runt,
687 3668 742 3712 ut
767 3658 965 3720 dicunt,
991 3655 1110 3726 quia
1135 3653 1230 3708 nisi
1253 3653 1407 3706 invito
1432 3661 1479 3706 et
1516 3651 1786 3706 reluctanti
1809 3649 2000 3704 homini
2030 3649 2113 3701 iu-

526 3751 788 3825 spiraverit
815 3748 932 3802 boni
952 3790 967 3814 ,
995 3756 1041 3800 et
1069 3745 1228 3818 ipsius
1257 3745 1572 3817 imperfecti,
1605 3742 1933 3812 cupiditatem
1953 3741 1996 3810 ’⁸,
2025 3757 2116 3795 nec

529 3860 560 3895 α
591 3842 725 3895 man
755 3839 1007 3892 declinare
1029 3877 1041 3899 ,
1073 3853 1164 3890 nec
1189 3835 1374 3888 bonum
1413 3839 1570 3904 possit
1611 3835 1852 3902 arripere.
1893 3833 2010 3888 Jam
2047 3831 2116 3887 de

529 3933 640 3988 fato
687 3941 739 3988 et
785 3931 952 4000 gratia
1002 3943 1160 3998 quam
1208 3926 1382 3980 inania
1427 3927 1712 3996 loquantur
1739 3924 2114 3978 ostendimus:

531 4039 674 4081 nunc
702 4022 828 4078 illud
863 4028 947 4076 est
975 4019 1113 4090 quod
1141 4017 1400 4072 debemus
1417 4016 1694 4072 advertere
1714 4057 1727 4078 ,
1757 4025 1930 4068 utrum
1954 4015 2118 4068 invito

532 4131 585 4173 et
617 4115 892 4172 reluctanti
922 4111 1120 4166 homini
1150 4111 1290 4166 Deus
1315 4109 1539 4179 inspiret
1577 4108 1699 4162 boni
1737 4106 2116 4177 cupiditatem,

535 4220 592 4264 nt
617 4209 723 4280 jam
755 4223 859 4262 non
881 4207 950 4261 sit
979 4205 1266 4266 reluctans,
1299 4216 1404 4256 non
1431 4201 1502 4256 sit
1531 4201 1744 4264 invitus,
1776 4199 1870 4254 sed
1893 4214 2120 4253 consen-

535 4303 674 4356 tiens
701 4301 862 4364 hono,
885 4306 939 4352 et
965 4295 1147 4351 volens
1171 4293 1388 4348 bonum.
1419 4292 1506 4348 isti
1533 4292 1674 4348 enim
1703 4292 1904 4356 volunt,
1939 4292 1988 4344 in
2021 4289 2122 4344 ho-

539 4391 682 4445 mine
712 4389 780 4444 ah
807 4389 922 4456 ipso
951 4386 1163 4440 homine
1210 4385 1442 4454 incipere
1486 4383 1827 4452 cupiditatem
1873 4382 2033 4445 boni,
2065 4390 2123 4436 ut

541 4479 698 4550 hujus
723 4477 882 4546 coepti
911 4475 1156 4529 meritum
1187 4474 1346 4529 etiam
1391 4472 1694 4542 perﬁciendi
1737 4472 1903 4542 gratia
1943 4486 2125 4526 Consc-

540 4579 734 4641 quatur
765 4583 779 4620 :
809 4567 853 4619 si
884 4576 1058 4618 tamen
1085 4561 1188 4616 hoc
1228 4562 1413 4616 saltem
1455 4562 1658 4616 volunt.
1699 4562 1940 4629 Pelagius
1981 4561 2123 4616 cnim

542 4658 744 4716 facilius
773 4656 901 4711 dicit
925 4653 1130 4722 impleri
1155 4652 1294 4722 quod
1323 4652 1517 4706 bonum
1545 4659 1627 4706 est
1647 4693 1660 4714 ,
1697 4652 1738 4705 si
1771 4652 1977 4720 adjuvet
2008 4667 2128 4721 gra-

541 4755 634 4809 tia.
658 4751 774 4820 Quo
799 4748 1188 4812 additamenta,
1226 4745 1277 4800 id
1308 4754 1422 4809 cst,
1463 4743 1707 4799 addendo
1735 4744 1997 4808 Facilius,
2028 4742 2128 4794 uti-

542 4861 645 4914 quc
675 4842 937 4913 significat
965 4839 1066 4893 hoc
1087 4851 1148 4892 se
1181 4850 1400 4906 sapere,
1434 4835 1572 4906 quod
1599 4835 1802 4891 etiamsi
1827 4835 2010 4905 gratia:
2035 4833 2130 4888 de-

543 4935 697 4990 fuerit.
721 4929 1074 5003 adjutorium,
1107 4936 1300 4998 potest,
1323 4926 1566 4996 quamvis
1591 4923 1856 4980 difﬁcilius
1874 4963 1888 4988 ,
1922 4921 2128 4993 impleri

613 5107 630 5139 ι
657 5103 878 5154 Gallicani
902 5107 1010 5151 Mss.
1033 5100 1277 5153 omittunt.
1303 5094 1426 5147 redit
1451 5097 1517 5147 ad
1537 5108 1635 5146 uas.

611 5170 632 5200 ³
657 5165 862 5276 {ﬁngi
881 5171 932 5214 et
952 5161 1177 5274 gallicaui
1204 5167 1332 5218 Mss,
1357 5158 1409 5210 in
1434 5157 1520 5209 Dei
1539 5156 1665 5223 ﬁlios
1687 5157 1929 5221 adoptato.
1963 5157 2037 5206 Sic
2055 5157 2131 5205 iu-

611 5244 639 5276 l.
687 5244 697 5276 ι
845 5261 859 5276 ι
886 5239 936 5276 n.

547 5228 639 5283 Ira.
665 5228 790 5278 libro
813 5228 859 5283 4,
886 5239 936 5277 n.

613 5264 1108 5338 gt'u'e‘diii's-d'ee'rant
1124 5281 1205 5332 illa
1227 5283 1396 5341 verba,
1418 5285 1464 5332 et
1487 5278 1568 5342 cui
1587 5277 1760 5342 merito
1780 5277 1885 5342 ejus
1908 5289 2003 5342 non
2023 5284 2132 5329 tan-

549 5363 695 5416 quam
729 5346 944 5416 indebita
980 5345 1218 5416 tribuatur
1231 5378 1248 5402 ,
1295 5339 1391 5416 sed”
1423 5341 1582 5416 detrita
1619 5339 1778 5416 gratia
1800 5339 2130 5416 remittuntur.

555 5399 751 5462 sistant
793 5411 842 5459 in
895 5407 1132 5468 vaticanis
1173 5399 1281 5468 uss.
1338 5413 1388 5454 In
1437 5399 1688 5468 Gallicanis
1723 5415 1875 5468 vero
1907 5401 2017 5468 haec
2064 5399 2137 5452 le-

555 5460 753 5536 guntur,
776 5478 822 5521 et
843 5469 922 5520 cui
944 5465 1259 5536 meritaque,
1283 5479 1377 5517 non
1395 5473 1626 5530 tanquam
1645 5462 1878 5525 indebita,
1887 5460 2049 5528 gratia
2063 5475 2138 5514 re-

545 5528 822 5591 irtbttalttr;
843 5544 901 5582 tu:
923 5529 992 5582 Sic
1010 5528 1187 5596 ςΐαζξιέν
1207 5541 1305 5596 εωε
1367 5587 1380 5596 ,
1495 5528 1500 5530 7
1575 5585 1588 5596 .
1734 5588 1753 5596 _
1809 5585 1841 5596 _.
1993 5583 2006 5596 .
2030 5583 2062 5596 ..

617 5596 639 5624 δ
671 5596 741 5643 sic
789 5585 894 5642 sint.
943 5585 1212 5652 At'editi',
1260 5595 1308 5640 ct
1359 5587 1515 5653 ipsum
1565 5585 1841 5653 huperfecti
1891 5585 2134 5653 cupidita-

555 5659 664 5702 tem.
2081 5659 2085 5663 '

1119 261 1391 319 comas
1434 257 1611 314 DUAS
1653 251 2031 310 sptsroms
2072 245 2635 313 PELAGIANORUM,
2677 247 2733 302 s.
2775 203 3150 304 AUGiJSTlNl

3677 249 3775 305 ὅθι

2195 366 2390 422 bonum
2421 379 2513 433 per
2540 363 2764 418 liberum
2791 365 3088 421 arbitrium.
3113 367 3216 424 Sed
3249 369 3362 422 istis
3381 411 3395 434 ,
3437 368 3559 438 quid
3599 367 3782 424 in‘hac

2192 471 2252 510 re
2276 454 2540 520 sentiant,
2583 454 2782 508 nonde
2822 456 2914 510 illo
2941 468 3160 514 auctore
3199 459 3361 529 hujus
3400 459 3616 514 heresis
3647 474 3784 528 prae-

2191 548 2488 603 scribamus
2520 563 2533 599 :
2567 547 2935 616 permittamus
2959 564 3056 604 eos
3080 567 3202 606 cum
3241 567 3340 606 suo
3361 551 3530 606 libero
3557 541 3790 607 arbitrio»

2191 651 2310 692 esse
2338 636 2534 692 liberos
2555 643 2614 692 et
2641 637 2710 690 ab
2739 637 2856 706 ipso
2877 638 3125 708 Pelagio;
3151 652 3313 712 atque
3355 642 3454 696 ista
3493 642 3653 696 verba
3693 656 3782 696 eo-

2192 742 2344 794 rum,
2375 742 2497 796 quzc
2542 726 2594 780 in
2643 725 2743 782 hac
2767 729 2854 782 cui
2895 731 3283 799 respondemus
3310 731 3545 802 Epistula
3591 746 3783 802 posue-

2192 825 2350 881 runt,
2381 817 2555 886 potius
2580 816 2940 872 attendamus.

2265 907 2494 963 18.Iloc
2542 908 2685 962 enim
2736 908 2890 962 nobis
2915 909 3276 979 ohjiciendum
3325 918 3608 982 putarunt,
3646 912 3784 982 quod

2192 998 2346 1052 inuito
2365 1007 2413 1052 et
2437 997 2705 1052 reluctanti
2730 998 2921 1053 homini
2941 998 3106 1054 Deum
3128 999 3361 1056 dicamus
3383 1002 3655 1072 inspirare,
3681 1018 3782 1056 non

2193 1088 2603 1159 quanticumque
2628 1088 2747 1142 boni
2764 1129 2779 1154 ,
2820 1091 2915 1144 sed
2954 1099 3001 1144 ct
3034 1092 3196 1162 ipsius
3223 1092 3503 1162 imperfecti
3531 1093 3783 1163 cupidita-

2193 1190 2312 1234 tem.
2357 1179 2624 1235 Fortassis
2660 1196 2789 1250 ergo
2816 1181 2914 1251 ipsi
2955 1197 3023 1237 eo
3048 1183 3208 1238 modo
3241 1184 3432 1238 saltem
3461 1194 3681 1239 servant
3711 1185 3786 1238 lo-

2193 1286 2316 1325 cum
2356 1271 2576 1342 gratim,
2609 1281 2670 1328 ut
2697 1273 2812 1328 sine
2841 1273 2928 1338 illa
2974 1283 3158 1342 putent
3196 1274 3468 1330 hominem
3497 1291 3660 1348 posse
3697 1276 3787 1330 ha-

2195 1361 2322 1418 bere
2347 1362 2494 1427 boni,
2517 1362 2610 1423 sed
2636 1362 2940 1438 imperfecti
2962 1366 3330 1436 cupiditatem;
3362 1366 3580 1438 perfecti
3610 1377 3782 1422 autem

2195 1468 2300 1506 non
2332 1451 2538 1506 facilius
2565 1468 2660 1522 per
2690 1454 2835 1508 illam
2866 1471 3054 1523 posse,
3085 1455 3178 1512 sed
3211 1457 3312 1512 nisi
3354 1473 3448 1527 per
3491 1458 3637 1512 illam
3677 1474 3785 1512 om-

2197 1544 2324 1597 nino
2353 1559 2457 1599 non
2490 1559 2668 1613 posse.
2701 1543 2894 1598 Varum
2920 1555 2974 1600 et
3002 1548 3080 1601 sic
3101 1549 3327 1616 gratiam
3357 1549 3445 1603 Dei
3475 1548 3662 1603 dicunt
3698 1564 3780 1604 sc-

2197 1635 2428 1689 cundum
2450 1635 2639 1691 merita
2667 1643 2848 1690 nostra
2872 1635 2986 1691 dari
3017 1655 3032 1690 :
3062 1637 3202 1708 quod
3229 1638 3281 1692 in
3304 1637 3524 1694 Oriente
3549 1639 3784 1710 Pelagius

2195 1725 2572 1780 ecclesiasticis
2615 1725 2794 1780 Gestis
2839 1727 3080 1782 damnari
3132 1728 3366 1782 timendo
3403 1721 3702 1784 damnavit.
3731 1730 3780 1785 St

2195 1818 2338 1870 enim
2387 1816 2501 1872 sine
2531 1817 2619 1869 Dei
2661 1817 2826 1885 gratia
2865 1833 2958 1886 per
2988 1831 3085 1871 nos
3129 1817 3312 1888 incipit
3336 1819 3601 1888 cupiditas
3629 1819 3779 1884 boni;

2201 1910 2372 1980 ipsum
2403 1917 2634 1978 emptum
2665 1909 2766 1964 erit
2793 1911 3039 1964 meritum
3061 1952 3074 1975 ,
3115 1909 3200 1964 cui
3228 1921 3315 1964 tan
3339 1927 3476 1978 ;uam
3517 1927 3583 1965 ex
3613 1909 3783 1965 debito

2199 1999 2383 2068 gratia:
2406 1999 2586 2053 veniat
2609 1998 2932 2068 adjutorium
2977 2019 2990 2054 :
3020 2015 3083 2054 ac
3109 2001 3186 2054 sic
3213 2001 3380 2070 gratia
3419 2001 3510 2056 Dei
3539 2016 3648 2056 non
3676 2017 3782 2071 gra-

2201 2089 2270 2144 tis
2291 2087 2606 2155 donabitur,
2651 2088 2746 2144 sed
2775 2090 3069 2146 secundum
3101 2091 3348 2146 meritum
3375 2099 3621 2145 nostrum
3646 2090 3784 2145 dabi-

2202 2188 2308 2234 tur.
2343 2177 2599 2234 Dominus
2626 2191 2802 2235 autem
2844 2189 2901 2234 ut
2943 2181 3287 2252 responderet
3330 2181 3508 2238 futuro
3537 2181 3784 2253 Pelagio,

2200 2283 2308 2324 non
2336 2268 2411 2322 ait
2434 2309 2450 2334 ,
2477 2267 2604 2322 Sine
2629 2283 2716 2324 me
2743 2267 2960 2323 difficile
2987 2271 3208 2340 potestis
3234 2271 3431 2341 aliquid
3459 2273 3668 2338 facere;
3695 2273 3784 2328 scd

2203 2361 2316 2427 ait,
2352 2359 2480 2414 Sine
2505 2376 2584 2414 uie
2607 2360 2738 2414 nihil
2763 2361 2968 2432 potestis
2987 2366 3152 2434 facere
3176 2362 3353 2436 (Joan.
3386 2379 3490 2429 xv,
3533 2363 3614 2435 5).
3647 2365 3712 2420 Et
3735 2375 3791 2420 ut

2204 2450 2554 2521 resp-auderet
2575 2450 2766 2508 tuturis
2789 2453 2948 2508 etiam
2977 2455 3092 2509 istis
3119 2455 3169 2509 in
3197 2456 3382 2510 eadem
3423 2457 3535 2524 ipsa
3562 2472 3790 2530 evange-

2206 2541 2306 2597 lica
2327 2543 2612 2610 sententia,
2635 2559 2741 2598 non
2767 2545 2862 2610 ait,
2892 2543 3018 2600 Sine
3043 2563 3122 2600 nte
3147 2546 3278 2600 nihil
3292 2548 3496 2614 potestis
3518 2548 3787 2618 perﬁcere;

2206 2631 2334 2698 sed,
2365 2636 2548 2704 (acac.
2575 2633 2707 2688 Nam
2733 2633 2779 2688 si
2812 2633 3072 2690 Pcrl‘teerc
3097 2635 3338 2703 dixisset,
3372 2647 3590 2707 possent
3617 2638 3697 2694 isti
3716 2637 3800 2694 di-'

2206 2740 2354 2793 cete,
2380 2741 2488 2782 non
2513 2726 2580 2781 ad
2611 2726 2972 2796 incipiendum
3000 2728 3196 2783 bonum
3218 2772 3232 2795 ,
3263 2730 3404 2800 quod
3432 2746 3464 2785 a
3494 2731 3650 2786 nobis
3675 2741 3787 2797 est;

2209 2819 2303 2876 sed
2320 2818 2384 2875 ad
2407 2816 2808 2889 perficiendum,
2824 2833 2943 2871 esse
2966 2819 3056 2872 Dci
3071 2817 3392 2888 adjutorium
3415 2821 3789 2877 necessarium.

2210 2909 2410 2968 Verum
2439 2908 2652 2962 audiant
2675 2916 2732 2962 et
2753 2905 3367 2977 ApostolumcDominuS
3391 2909 3533 2964 enim
3556 2925 3682 2964 cum
3701 2911 3788 2975 ait,

2212 2999 2340 3054 Sine
2367 3014 2446 3052 me
2472 2997 2600 3050 nihil
2625 2997 2829 3066 potestis
2858 2997 3064 3066 facere;
3095 2997 3196 3052 hoc
3237 3014 3342 3052 uno
3381 2997 3548 3054 verbo
3595 2999 3790 3054 initium

2213 3088 2478 3158 {luctuque
2521 3085 2946 3156 comprehendit.
2997 3087 3284 3156 Apostolus
3328 3103 3490 3149 vero.
3545 3096 3792 3159 tanquam

2212 3178 2490 3234 sententia:
2515 3177 2796 3234 dominica:
2824 3177 3366 3246 expositor,apertius
3392 3185 3674 3249 utrumque
3701 3177 3794 3232 dis-

2215 3270 2369 3327 tinxit
2392 3311 2407 3334 ,
2433 3267 2618 3322 dicens
2651 3286 2665 3321 :
2701 3267 2951 3334 Quoniam
2974 3268 3062 3340 qui
3081 3267 3134 3321 in
3183 3267 3321 3322 vobis
3348 3284 3477 3339 opus
3502 3269 3686 3323 bonum
3705 3284 3796 3323 cte-

2213 3365 2319 3434 pit,
2349 3363 2571 3433 pcrﬁciot
2597 3377 2752 3430 usque
2773 3361 2826 3414 in
2852 3361 2983 3415 diem
3005 3359 3193 3415 Christi
3217 3359 3343 3414 Jesu
3372 3359 3626 3432 (Philipp.
3661 3377 3696 3425 ι,
3721 3362 3792 3430 6).

2213 3452 2316 3508 Sed
2365 3452 2418 3510 in
2457 3450 2748 3520 Saripturis
2771 3450 2972 3505 sanctis
3009 3449 3147 3519 apud
3194 3450 3439 3505 eumdem
3482 3452 3790 3520 apostolum,

2218 3543 2319 3598 isto
2365 3541 2506 3598 unde
2552 3541 2845 3612 loquimur,
2891 3542 3120 3611 amplius
3167 3543 3484 3598 invenimus.
3516 3543 3796 3614 Loquimur

2215 3636 2358 3692 enim
2383 3650 2523 3690 nunc
2545 3634 2616 3690 de
2645 3634 2768 3688 boui
2795 3634 3100 3705 cupiditate,
3128 3651 3284 3706 quam
3311 3637 3354 3690 si
3378 3637 3564 3691 volunt
3589 3653 3618 3690 a
3650 3638 3793 3692 nobis

2223 3727 2481 3796 incipere,
2509 3741 2538 3778 a
2569 3725 2794 3779 Domino
2824 3725 3030 3793 perlici,
3057 3724 3271 3780 videant
3295 3725 3419 3795 quid
3448 3725 3796 3796 respondeant

2218 3815 2417 3870 dicenti
2446 3815 2704 3884 Apostolo
2736 3832 2750 3869 :
2785 3813 2905 3868 Non
2930 3815 3049 3886 quia
3077 3815 3245 3869 idonei
3265 3833 3438 3870 sumus
3465 3818 3686 3885 cogitare
3702 3814 3794 3868 ali-

2218 3904 2342 3973 quid
2363 3905 2380 3938 ¹
2410 3903 2556 3974 quasi
2575 3918 2639 3957 ea:
2660 3902 3056 3974 nobismetipsis,
3083 3903 3171 3958 sed
3195 3904 3495 3974 sufﬁcientia
3538 3915 3707 3960 nostra
3739 3919 3797 3958 ea:

2221 3993 2334 4049 Deo
2366 4003 2440 4048 est
2469 3991 2548 4066 (ll
2573 3991 2691 4047 Cor.
2723 4007 2807 4059 tu,
2837 3993 2912 4064 5).
2942 3991 3207 4064 Cogitare,
3245 3995 3349 4060 ait,
3377 3994 3570 4064 aliquid
3588 4035 3604 4060 ,
3629 3995 3797 4063 utique

2221 4085 2418 4141 bonum
2443 4102 2458 4138 :
2490 4084 2669 4140 minus
2695 4093 2778 4140 est
2801 4094 2977 4139 autem
3003 4086 3236 4156 cogitare
3265 4101 3422 4154 quam
3452 4101 3667 4156 cupere.
3703 4082 3797 4137 Co-

2221 4177 2451 4246 gitamus
2474 4166 2672 4246 quippe
2696 4189 2856 4229 omne
2881 4175 3022 4244 quod
3045 4175 3310 4244 cupimus,
3333 4190 3434 4230 nec
3460 4186 3635 4230 tamen
3661 4174 3797 4243 cupi-

2225 4282 2342 4320 mus
2369 4279 2528 4320 omne
2549 4263 2691 4335 quod
2713 4264 3039 4334 cogitamus;
3071 4267 3320 4335 quoniam
3353 4281 3722 4337 nonnunqutun
3747 4273 3795 4317 ct

2225 4356 2364 4428 quod
2403 4371 2506 4410 non
2533 4355 2778 4425 cupimus
2824 4355 3140 4425 cogitamus.
3172 4355 3306 4411 Cum
3338 4357 3496 4426 igitur
3524 4358 3695 4410 minus
3735 4353 3798 4406 sit

2225 4451 2460 4518 cogitare
2495 4461 2654 4517 quam
2693 4461 2899 4527 cupere
2930 4463 2944 4500 :
2989 4453 3164 4516 potest
3201 4447 3342 4501 enim
3376 4446 3536 4500 homo
3581 4446 3798 4515 cogitare

2228 4541 2446 4603 bonum,
2473 4537 2614 4608 quod
2643 4537 2877 4592 nondum
2900 4539 3066 4606 cupit;
3089 4547 3140 4592 et
3172 4538 3499 4608 proliciendo
3520 4547 3696 4610 postea
3715 4552 3798 4591 cu-

2227 4645 2357 4702 pere
2378 4671 2394 4692 ,
2435 4627 2575 4696 quod
2619 4637 2774 4682 antea
2804 4642 2909 4681 non
2937 4627 3203 4697 cupiendo
3231 4629 3480 4698 cogitavit
3509 4647 3522 4682 :
3547 4625 3798 4699 quomodo

2229 4719 2295 4772 ad
2323 4718 2373 4772 id
2401 4715 2544 4788 quod
2567 4716 2742 4771 minus
2767 4725 2850 4772 est
2869 4756 2885 4782 ,
2919 4715 2970 4770 id
3009 4725 3092 4772 est
3114 4757 3130 4782 ,
3162 4717 3227 4771 ad
3254 4718 3588 4788 eOgitandum
3620 4713 3797 4785 aliquid

2229 4807 2356 4863 boni
2378 4822 2481 4860 non
2515 4820 2698 4860 smnus
2716 4806 2890 4861 idonei
2919 4815 3167 4876 tanquam
3188 4823 3250 4862 ex
3283 4809 3694 4877 nobismetipsis,
3715 4804 3799 4860 sed

2231 4896 2545 4954 sufﬁcientia
2575 4907 2754 4952 nostra
2779 4913 2844 4954 ex
2873 4899 2982 4954 Deo
3003 4910 3122 4964 est;
3151 4909 3205 4956 et
3241 4901 3305 4955 ad
3333 4901 3384 4955 id
3413 4901 3554 4973 quod
3582 4909 3664 4956 est
3700 4913 3804 4953 amo

2235 4991 2372 5062 plins
2393 5032 2406 5050 .
2434 4989 2487 5044 id
2532 4999 2648 5054 est,
2676 4989 2745 5045 ad
2770 4990 3091 5060 cupiendum
3117 4993 3317 5066 aliquid
3344 4993 3468 5049 boni
3498 4994 3612 5050 sine
3639 4992 3805 5047 divi..o

2235 5081 2498 5152 adjutorio
2551 5081 2728 5136 idonei
2775 5097 2960 5137 sumus
3005 5099 3073 5139 ex
3119 5084 3288 5140 libero
3336 5084 3591 5140 arbitrio?
3639 5083 3806 5152 Neque

2235 5173 2378 5229 enim
2403 5183 2456 5228 et
2480 5172 2567 5228 hic
2586 5173 2874 5242 Apostolus
2894 5176 2988 5239 ait,
3014 5174 3134 5230 Non
3153 5176 3270 5246 quia
3289 5176 3456 5230 idonei
3484 5191 3653 5230 sumus
3676 5171 3806 5242 cogi-

2239 5275 2346 5320 tare
2371 5265 2512 5336 quod
2543 5265 2834 5336 perfectum
2861 5277 2962 5332 est,
2995 5278 3246 5338 tanquam
3276 5284 3341 5324 ex
3383 5266 3806 5336 nobismetipsis:

2239 5358 2331 5412 sed
2373 5359 2626 5430 cogitare,
2659 5357 2761 5424 ait,
2803 5360 3028 5432 aliquid;
3070 5362 3152 5416 cui
3195 5363 3518 5418 contrarium
3557 5371 3638 5417 est
3665 5355 3805 5414 nihil.

2239 5447 2391 5504 Unde
2415 5458 2492 5501 est
2523 5447 2650 5503 illud
2693 5449 2901 5504 Domini
2933 5468 2946 5503 :
2990 5449 3117 5506 Sine
3144 5469 3223 5506 me
3260 5451 3389 5507 nihil
3414 5453 3613 5525 potestis
3636 5455 3807 5522 facere.

2309 5538 2536 5594 CAPUT
2568 5537 2656 5592 IX.
2683 5569 2754 5580 —
2781 5541 2867 5594 19.
2899 5540 3192 5612 Scriptores
3219 5543 3607 5615 interpretatur,
3645 5539 3809 5612 qui!!!”

2305 5651 2323 5682 ι
2351 5649 2552 5699 vatieaoi
2577 5649 2769 5700 codices
2783 5651 2862 5702 hic
2881 5649 3078 5708 addunt.
3103 5667 3134 5703 a
3151 5651 3299 5705 nobis.
