4034 6182
347 332 450 388 535

341 445 614 498 abutuntur
647 442 930 513 Pelagiani.
975 441 1078 495 Sed
1103 441 1350 494 nimirum
1377 439 1516 510 quod
1542 439 1795 507 scriptum
1824 447 1906 492 est
1925 481 1940 504 ,

347 536 584 590 [laminis
608 545 682 589 est
711 549 1000 606 pra'parare
1021 551 1108 588 cor
1128 573 1144 600 ,
1171 543 1218 588 et
1243 551 1274 586 a
1300 531 1520 586 Domino
1552 531 1812 602 responsio
1837 531 1941 585 lin-

339 641 458 698 gua
481 625 660 696 (Proo.
692 641 817 691 1m,
849 627 936 696 l),
966 640 1076 700 non
1102 625 1238 679 bene
1265 621 1610 694 intelligendo
1645 620 1903 676 falluntur
1923 661 1940 687 ,

343 727 403 772 ut
416 719 726 774 existiment
746 733 840 771 cor
857 731 1176 786 praeparare,
1205 715 1305 770 hoc
1325 723 1426 780 est,
1445 715 1640 769 bonum
1664 712 1937 777 inchoare,

343 811 462 866 sine
488 810 752 879 atljntorio
773 811 958 880 gratim
992 808 1083 861 Dei
1110 806 1176 861 ad
1211 807 1476 860 hominem
1519 807 1805 875 pertinere.
1831 803 1942 858 Ab-

344 902 416 956 sit
445 909 502 954 nt
525 901 603 956 sic
634 899 934 968 intelligant
975 897 1067 950 ﬁlii
1101 895 1503 966 promissionis,
1539 905 1789 965 tanquam
1819 908 1941 948 cum

345 993 616 1048 audierint
645 991 928 1045 Dominum
973 990 1240 1044 dicentem
1267 1029 1280 1052 ,
1316 987 1441 1043 Sine
1466 1003 1545 1039 me
1569 987 1702 1040 nihil
1738 985 1944 1059 potestis

345 1085 514 1156 facere
531 1099 550 1147 ;
576 1084 724 1154 quasi
753 1081 1078 1138 convincunt
1117 1095 1239 1136 eum
1269 1079 1538 1142 dicentes,
1585 1078 1722 1132 Ecce
1748 1078 1864 1132 sine
1895 1086 1946 1130 te

349 1192 760 1249 possumus-cor
785 1190 1086 1246 praeparare
1117 1191 1130 1226 :
1164 1183 1256 1228 aut
1283 1187 1406 1228 cum
1431 1171 1700 1226 audierint
1725 1185 1756 1223 a
1783 1169 1944 1224 Paulo

346 1271 616 1342 apes-talo,
645 1268 766 1323 Non
796 1270 914 1338 quia
935 1267 1104 1321 idonei
1123 1283 1296 1321 sumus
1320 1265 1542 1336 cogitare
1576 1263 1770 1333 aliquid
1803 1263 1946 1332 quasi

346 1381 410 1419 ea
433 1365 802 1434 nobismetipsis
820 1405 836 1432 ,
863 1365 953 1419 sed
972 1363 1263 1434 sufﬁcientia
1284 1373 1458 1416 nostra
1482 1377 1545 1415 ea:
1566 1359 1672 1413 Deo
1699 1367 1807 1422 est;
1829 1367 1946 1412 tan-

347 1473 510 1528 quam
544 1468 601 1514 et
627 1459 800 1527 ipsum
829 1457 1146 1513 convincunt
1174 1455 1416 1510 dicentes
1437 1493 1453 1520 ,
1482 1452 1623 1507 Ecce
1653 1450 1828 1505 idonei
1866 1465 1948 1503 su-

348 1568 468 1607 mus
493 1568 558 1607 ex
603 1550 1006 1620 nobismetipsis
1045 1561 1347 1618 prurparare
1372 1561 1500 1610 cor,
1529 1559 1592 1599 ac
1630 1559 1725 1614 per
1754 1542 1856 1597 hoc
1893 1552 1948 1596 et

349 1643 475 1698 boni
507 1643 706 1714 aliquid
749 1642 1004 1714 cogitare.
1033 1641 1161 1709 Quis
1198 1640 1342 1695 enim
1373 1646 1548 1709 potest
1597 1637 1712 1692 sine
1745 1637 1762 1668 ι
1807 1635 1946 1690 bona

349 1735 675 1804 cogitatione
700 1732 766 1788 ad
791 1733 988 1788 bonum
1017 1747 1110 1786 cor
1137 1729 1478 1800 praeparare?
1501 1727 1654 1783 Absit
1683 1733 1740 1781 ut
1766 1726 1946 1803 sicin-

353 1829 598 1898 telligant
619 1868 632 1890 ,
679 1826 780 1880 nisi
817 1825 1028 1895 superbi
1061 1824 1143 1878 sui
1173 1823 1374 1877 arbitrii
1405 1819 1715 1877 defensores
1739 1826 1794 1873 et
1825 1818 1944 1872 ﬁdei

349 1919 628 1974 catholica:
658 1917 983 1973 desertores.
1018 1916 1142 1972 Ideo
1169 1917 1365 1986 quippe
1408 1912 1662 1984 scriptum
1691 1921 1800 1976 est,
1835 1909 1946 1964 Ho-

350 2009 500 2063 minis
522 2019 595 2063 est
619 2024 909 2079 praeparare
938 2023 1045 2072 cor,
1070 2015 1114 2060 et
1138 2023 1170 2060 a
1201 2005 1416 2059 Domino
1442 2003 1701 2073 responsio
1723 2002 1946 2074 lingua;

349 2101 470 2169 quia
499 2100 660 2154 homo
688 2109 949 2169 prmparat
992 2113 1085 2153 cor
1108 2139 1123 2164 ,
1171 2111 1276 2152 non
1317 2105 1495 2150 tamen
1524 2095 1640 2149 sine
1679 2091 1946 2162 adjutorio

351 2191 480 2256 Dei,
513 2192 600 2261 qui
647 2192 725 2245 sic
764 2190 932 2260 tangit
957 2204 1083 2255 cor,
1113 2196 1171 2242 ut
1213 2181 1374 2241 h'omo
1401 2191 1664 2256 praeparet
1687 2197 1782 2238 cor
1810 2183 1852 2236 '.
1887 2181 1942 2235 In

349 2283 702 2353 responsione
722 2292 898 2336 autem
929 2283 1142 2352 linguas,
1166 2279 1218 2334 id
1245 2287 1360 2344 est,
1394 2279 1448 2334 in
1471 2291 1537 2332 eo
1565 2274 1706 2348 quod
1733 2287 1942 2345 prtepa-

351 2385 466 2428 rato
489 2373 639 2428 cordi
663 2374 838 2443 lingua
865 2372 1040 2427 divina
1067 2369 1391 2440 respondet,
1417 2367 1550 2422 nihil
1577 2367 1754 2438 operis
1783 2362 1945 2420 habet

351 2467 533 2531 homo,
556 2465 652 2521 sed
685 2475 850 2519 totum
879 2473 960 2519 est
985 2479 1013 2516 a
1043 2463 1268 2517 Domino
1299 2461 1425 2516 Deo.
1725 2457 1728 2460 ’

418 2559 508 2613 20.
537 2558 668 2613 Nam
697 2557 834 2611 sicut
856 2557 1054 2611 dictum
1094 2564 1196 2620 est,
1227 2551 1468 2607 Hominis
1505 2559 1596 2604 .est
1652 2564 1945 2618 pra-parare

351 2665 457 2716 cor,
487 2658 532 2703 et
555 2665 586 2701 α
615 2645 830 2701 Domino
864 2646 1124 2716 responsio
1155 2645 1378 2716 linguae;
1417 2643 1488 2696 ita
1532 2642 1692 2697 etiam
1743 2640 1941 2695 dictum

357 2750 460 2804 est,
511 2739 667 2809 Aperi
711 2756 788 2804 os,
833 2747 880 2792 et
927 2737 1208 2808 adimplebo
1257 2734 1389 2790 illud
1441 2732 1614 2806 (Psal.
1645 2729 1940 2802 angit).

349 2832 607 2902 Quamvis
636 2833 778 2888 enim
811 2832 910 2888 nisi
932 2831 1214 2901 adjuvante
1239 2829 1352 2896 illo,
1379 2829 1496 2884 sine
1525 2842 1632 2898 quo
1653 2825 1786 2882 nihil
1817 2839 1942 2895 pos-

351 2936 544 2978 sumus
569 2922 764 2989 facere,
794 2939 854 2978 os
883 2939 986 2978 non
1015 2937 1295 2992 possumus
1321 2920 1530 2991 aperire
1571 2936 1586 2972 :
1615 2925 1794 2974 tamen
1845 2931 1942 2972 nos

350 3017 626 3085 aperimus
648 3015 788 3069 illius
834 3015 1145 3084 adjumento
1187 3021 1242 3068 et
1273 3027 1438 3082 opere
1489 3018 1706 3075 nostro;
1759 3009 1946 3082 implut

349 3115 532 3160 autem
561 3106 686 3160 illud
715 3106 973 3160 Dominus
1023 3105 1141 3159 sine
1192 3118 1358 3174 opere
1387 3111 1588 3157 nostro.
1638 3101 1772 3156 Nam
1815 3099 1944 3170 quid

349 3206 436 3252 est
463 3213 764 3268 praeparare
789 3211 902 3263 cor,
935 3206 986 3251 et
1003 3211 1065 3251 os
1093 3196 1322 3266 aperire,
1365 3193 1464 3249 nisi
1497 3193 1822 3247 voluntatem
1855 3206 1946 3262 pa-

354 3291 518 3346 rare?
543 3289 610 3344 Et
629 3299 809 3345 tamen
839 3290 890 3344 in
921 3289 1122 3343 eisdem
1167 3285 1386 3343 Litteris
1425 3285 1636 3355 legitur,
1664 3282 1942 3354 Prcpara-

355 3393 438 3437 tur
477 3385 710 3438 voluntas
760 3399 792 3436 a
841 3379 1060 3435 Domino
1115 3378 1296 3450 (Prov.
1325 3393 1451 3442 ull,
1485 3393 1588 3432 sec.
1627 3375 1817 3446 LXX);
1867 3381 1942 3442 et,

353 3472 515 3526 Labia
545 3490 656 3526 mea
697 3471 912 3544 aperias,
961 3481 1008 3526 et
1053 3487 1110 3525 os
1151 3487 1317 3524 meum
1366 3467 1686 3523 annuntiabit
1742 3465 1945 3520 laudem

355 3575 494 3618 tuam
524 3563 694 3634 (Psat.
726 3581 777 3630 ι,
805 3562 916 3636 i7).
950 3563 1092 3618 Ecce
1123 3564 1258 3617 Dens
1287 3561 1560 3627 admonet,
1589 3569 1648 3614 ut
1676 3573 1945 3629 praepare-

355 3671 480 3710 mus
499 3655 824 3710 voluntatem
855 3656 904 3707 in
929 3669 997 3708 eo
1018 3653 1157 3724 quod
1179 3653 1424 3723 legimus,
1453 3649 1692 3706 Hominis
1715 3659 1788 3705 est
1809 3664 1944 3720 prte-

360 3760 545 3814 pararc
569 3761 656 3798 cor
687 3760 706 3798 :
733 3753 786 3800 et
825 3753 1000 3798 tanmn
1056 3753 1112 3797 ut
1161 3744 1262 3797 hoc
1309 3742 1462 3796 faciat
1507 3741 1690 3808 homo,
1729 3739 1946 3809 adjuvat

356 3834 529 3897 Deus;
558 3835 678 3902 quia
709 3843 1028 3904 prwparatur
1069 3833 1300 3887 uoluntas
1332 3848 1363 3886 a
1387 3831 1628 3886 Domino.
1676 3831 1762 3897 Et,
1789 3829 1945 3900 Aperi

356 3939 437 3990 οε,
469 3925 538 3978 ita
563 3923 688 3980 dicit
712 3925 950 3994 jubendo
981 3924 1022 3990 ⁸,
1051 3934 1107 3977 nt
1129 3939 1286 3977 nemo
1319 3923 1485 3992 possit
1509 3923 1611 3977 nisi
1638 3923 1754 3992 ipse
1783 3921 1834 3975 id
1869 3921 1948 3975 fa-

356 4017 464 4070 ciat
491 4015 814 4083 adjuvando,
845 4017 928 4071 cui
958 4016 1172 4080 dicitur,
1207 4015 1366 4069 Labia
1391 4029 1502 4066 mea
1539 4013 1751 4084 aperies.
1781 4011 1946 4067 Num-

359 4107 484 4177 quid
511 4108 731 4162 istorum
770 4107 935 4178 aliqui
961 4087 1032 4161 ita
1059 4107 1336 4176 desipiunt
1359 4104 1402 4170 δ,
1435 4113 1494 4159 ιιι
1515 4105 1659 4160 aliud
1689 4119 1771 4172 os,
1799 4105 1940 4160 aliud

357 4197 496 4251 labia
525 4213 644 4253 esse
669 4198 1014 4266 contendant,
1041 4207 1096 4252 et
1125 4197 1352 4252 mirabili
1395 4195 1630 4252 vanitate
1673 4195 1944 4252 hominem

357 4289 542 4344 dicant
582 4304 645 4344 os
671 4291 902 4359 aperire,
934 4289 1072 4344 labia
1107 4289 1338 4344 hominis
1384 4287 1589 4343 Deum?
1629 4287 1943 4360 Quanquam

358 4382 506 4438 Deus
534 4383 651 4436 illos
678 4393 732 4438 et
770 4383 838 4438 ab
876 4383 978 4438 hac
1018 4382 1346 4438 absurditate
1379 4381 1692 4449 compescit,
1735 4379 1822 4434 ubi
1879 4380 1948 4435 ad

357 4472 578 4544 Moysen
607 4471 856 4528 famulum
888 4489 1040 4528 suum
1069 4473 1216 4536 dicit,
1255 4471 1366 4542 Ego
1411 4473 1638 4543 aperiam
1680 4488 1736 4526 os
1783 4481 1944 4537 tuum,

355 4575 406 4618 et
437 4567 682 4620 instruant
704 4577 752 4620 te
776 4581 888 4637 qua:
908 4566 1086 4620 debeas
1108 4565 1246 4630 loqui
1269 4561 1464 4635 (Exod.
1487 4579 1560 4630 tv,
1596 4563 1703 4633 l2).
1735 4563 1790 4617 In
1819 4579 1948 4620 sen-

355 4659 526 4712 tentia
543 4673 670 4728 ergo
701 4659 789 4712 illa
811 4657 899 4712 ubi
929 4657 1143 4723 dicitur,
1193 4655 1348 4726 Aperi
1367 4671 1444 4722 os,
1485 4664 1530 4708 et
1555 4655 1842 4725 adimplebo
1879 4659 1948 4713 il—

356 4749 496 4814 lud;
559 4750 708 4820 quasi
777 4764 940 4804 unum
1022 4763 1208 4804 eorum
1271 4746 1482 4803 videtur
1536 4747 1612 4804 ad-
1675 4747 1944 4806 hominem

426 4990 442 5020 ί
473 4989 599 5050 Apud
627 4997 726 5038 Am.
765 4995 839 5039 Er.
861 4997 914 5042 et
950 4999 1060 5040 ιον.
1086 4990 1314 5040 omissum
1336 4995 1472 5049 erat,
1511 4987 1632 5040 sine.
1660 4993 1944 5042 Restitutum

353 5048 448 5098 fuit
470 5048 596 5116 apud
619 5053 915 5116 posteriores
935 5051 1120 5116 aliquot
1136 5051 1392 5112 editiones,
1419 5048 1598 5115 quibus
1617 5051 1944 5116 suffragantur

351 5117 466 5160 Mss.
485 5110 708 5162 Gallicani
727 5120 779 5162 et
794 5113 1015 5162 Vaticani.

427 5174 447 5203 ⁸
470 5182 570 5221 Am.
591 5186 614 5238 _:
642 5173 754 5238 ouis
775 5180 820 5224 te
843 5172 1033 5238 ungit?
1066 5185 1166 5224 cor.
1193 5182 1346 5223 Homo
1377 5180 1621 5238 praeparet
1642 5189 1742 5226 cor.
1765 5181 1851 5238 Er.
1890 5185 1944 5228 et

347 5240 489 5300 Low,
518 5233 773 5300 quitangit
811 5233 1077 5300 cor,'homo
1110 5241 1354 5300 pra'parat
1379 5233 1493 5285 ’corI
1520 5243 1568 5284 tn
1594 5237 1942 5300 posterioribus

347 5295 541 5366 aliquot
563 5295 858 5366 editiduibus
879 5299 950 5347 sic
971 5311 1036 5366 ex
1059 5295 1335 5357 eottjectura
1351 5295 1644 5366 correctum,
1670 5298 1752 5366 qui
1771 5297 1816 5366 _si
1833 5305 1934 5349 tan-

343 5356 421 5468 fit
441 5356 547 5430 sor,
569 5356 979 5432 hornoprazparat
1016 5371 1102 5430 ρον
1141 5356 1160 5407 .‘
1191 5366 1332 5408 recte
1364 5360 1589 5432 quidem,
1625 5356 1716 5410 sed
1739 5358 1943 5412 alteram

371 5427 618 5468 ectionem
641 5419 816 5468 idCII'CO
841 5419 1154 5468 nrtutuhmus.
1197 5419 1324 5468 quod
1358 5428 1645 5468 auctoritate
1670 5429 1942 5468 nostrorum

371 5421 618 5469 ectionem
641 5419 816 5482 idcirco
838 5419 1154 5482 praetulimus,
1197 5419 1324 5482 quod
1358 5419 1645 5470 auctoritate
1670 5429 1942 5472 nostrorum

342 5483 570 5531 omnium
593 5488 699 5532 Mss.
720 5481 1066 5530 Gallicanorum
1093 5487 1144 5529 et
1169 5481 1500 5530 Vaticanorum
1515 5482 1846 5532 conﬁrmetur.

418 5542 440 5652 ζ
457 5543 688 5652 ζει-ξι
703 5556 808 5606 ape)
823 5542 884 5592 iet
907 5555 974 5604 os,
1000 5541 1066 5592 ita
1075 5541 1292 5602 jubendo
1304 5555 1322 5604 ;
1335 5543 1527 5604 omisso,
1547 5543 1681 5593 dicit.
1698 5545 1942 5616 Castigan-

451 5619 476 5651 υ
543 5637 552 5651 ο
595 5619 604 5628 “
635 5639 648 5652 ο

343 5613 434 5654 tur
451 5611 512 5652 ad
543 5611 648 5652 MSS.
1736 5614 1738 5616 ’

417 5666 512 5731 (In
535 5666 696 5714 uallic.
732 5672 784 5716 et
797 5666 944 5731 t'atic.
968 5677 984 5731 _:
1011 5671 1136 5714 Mss:
1165 5676 1232 5716 ,ιη
1255 5665 1490 5731 nmnquid
1515 5665 1595 5717 isti
1644 5665 1764 5720 miro
1795 5681 1943 5731 usque

341 5727 615 5791 desipiunt.
643 5734 778 5777 μοι-ιθ
801 5725 1095 5790 legendum:
1130 5735 1218 5777 aut
1239 5725 1490 5790 numquid,
1518 5738 1612 5776 etc.

687 5835 954 5893 Parnon.
987 5830 1210 5892 XLIV.

1541 357 1544 360 -
1644 325 1844 381 LIBER
1905 323 2277 382 SECUNDUS.

3531 333 3634 386 586

2051 437 2336 508 pertinere,
2391 439 2614 493 alterum
2663 441 2728 494 ad
2789 425 2952 496 Deum
3003 461 3016 498 :
3061 444 3110 497 in
3163 443 3261 500 hac
3321 457 3498 502 autem
3549 454 3636 505 ubi

2049 529 2262 594 dicitur,
2297 529 2408 614 Ego
2448 533 2673 600 aperiam
2695 549 2750 586 οε
2771 547 2932 601 (num,
2958 545 3003 588 et
3043 535 3290 590 instruant
3337 519 3638 604 tonitrum?

2048 633 2152 688 que
2199 623 2265 674 ad
2315 621 2504 676 Deum.
2559 623 2735 690 Quare
2790 625 2908 692 hoc,
2963 628 3060 682 nisi
3079 630 3199 699 quia
3246 630 3297 684 in
3350 647 3458 688 uno
3512 633 3676 688 isto-'

2049 725 2166 764 rum
2192 721 2512 782 cooperator
2540 713 2742 769 homini
2773 717 3008 786 facienti,
3037 720 3261 776 alterum
3291 725 3440 779 solus
3469 725 3636 780 facit?

2119 803 2207 858 21.
2235 801 2572 876 Quapropter
2593 809 2757 864 multa
2787 810 2928 864 Deus
2954 811 3080 868 facit
3113 814 3163 868 in
3207 815 3424 872 homine
3467 817 3628 880 bona.

2047 907 2167 962 quae
2195 909 2296 948 non
2326 895 2448 951 facit
2478 897 2636 952 homo
2665 917 2678 952 :
2710 901 2850 954 nulla
2877 917 3002 956 vero
3018 902 3142 958 facit
3169 905 3348 973 homo,
3377 922 3499 977 quae
3521 925 3628 964 non

2048 984 2176 1040 facit
2205 985 2341 1040 Dens
2357 996 2416 1042 ut
2445 989 2602 1043 faciat
2629 989 2808 1046 homo.
2829 993 3061 1050 Proinde
3082 997 3343 1066 cupiditas
3368 1000 3493 1054 boni
3526 1015 3630 1054 non

2049 1075 2249 1131 homini
2277 1094 2305 1132 a
2349 1079 2573 1135 Domino
2611 1093 2772 1149 esset,
2808 1085 2852 1138 si
2877 1084 3071 1140 bonum
3105 1103 3209 1142 non
3253 1099 3399 1146 esset
3427 1107 3442 1144 :
3469 1093 3513 1147 si
3541 1109 3636 1145 an-

2051 1175 2157 1221 tem
2207 1168 2402 1223 bonum
2444 1181 2544 1234 est,
2589 1187 2693 1226 non
2754 1175 2854 1229 nisi
2915 1175 2983 1229 ah
3025 1178 3117 1231 illo
3173 1180 3329 1236 nobis
3391 1192 3494 1249 est,
3545 1187 3633 1254 qni

2050 1274 2262 1314 summe
2289 1272 2447 1346 atque
2473 1263 2979 1322 incommutabilitcr
3018 1268 3189 1324 bonus
3231 1281 3334 1326 est.
3365 1271 3500 1340 Quid
3555 1287 3638 1330 est

2049 1352 2192 1406 enim
2225 1353 2344 1406 boni
2368 1355 2649 1424 cupiditas,
2703 1357 2800 1411 nisi
2842 1357 3097 1427 Charitas,
3145 1361 3212 1417 de
3244 1378 3346 1433 qua
3402 1363 3639 1422 Joannes

2047 1447 2324 1516 apostolus
2345 1450 2462 1504 sine
2487 1451 2831 1522 ambiguitate
2872 1453 3106 1526 loquitur
3146 1456 3351 1526 dicens,
3408 1459 3638 1514 Charitas

2049 1539 2239 1596 exDeo
2265 1551 2337 1594 est
2367 1541 2411 1610 (Ι
2440 1541 2596 1596 Joan.
2627 1560 2697 1610 tv,
2731 1544 2814 1616 7)?
2841 1545 2948 1602 Nec
2979 1548 3185 1604 initium
3215 1551 3329 1621 ejus
3357 1568 3426 1608 ex
3459 1555 3632 1618 nobis,

2047 1638 2101 1684 et
2124 1631 2378 1700 perfectio
2407 1634 2521 1702 ejus
2551 1649 2619 1690 ex
2645 1635 2788 1702 Deo;
2814 1637 2906 1692 sed
2928 1639 2971 1692 si
2991 1639 3223 1696 charitas
3243 1658 3312 1697 ex
3347 1643 3478 1711 Deo,
3525 1655 3635 1704 tota
3703 1664 3706 1666 '

2049 1723 2201 1776 nobis
2228 1739 2294 1777 ex
2326 1725 2431 1778 Deo
2450 1733 2550 1779 est.
2581 1726 2798 1780 Avertat
2827 1727 2970 1783 enim
2997 1729 3135 1784 Deus
3163 1734 3298 1788 hanc
3322 1737 3632 1800 amentiam,

2050 1821 2106 1866 ut
2145 1809 2198 1866 in
2219 1813 2374 1868 donis
2403 1815 2520 1884 ejus
2565 1831 2662 1872 nos
2709 1818 2915 1886 priores
2955 1819 3233 1885 faciamus.
3281 1827 3630 1892 posteriorem

2048 1903 2220 1970 ipsum
2255 1919 2270 1955 :
2297 1908 2548 1975 quoniam
2581 1911 2922 1964 misericordia
2950 1915 3058 1982 ejus
3075 1918 3340 1986 praeveniet
3360 1935 3438 1973 me
3461 1918 3632 1994 (Psal.

2048 2009 2192 2059 LVIII,
2219 1996 2329 2067 1i);
2354 2007 2408 2052 et
2436 1998 2549 2070 ipse
2585 2009 2668 2055 cst
2706 2003 2790 2056 cui
2843 2001 3072 2059 ﬁdeliter
3096 2007 3462 2080 veraciterque
3502 2026 3632 2065 ran-

2051 2091 2206 2150 tatur,
2241 2085 2495 2153 Quoniam
2519 2093 2804 2159 prwvenisti
2848 2109 2960 2148 eum
3002 2095 3054 2150 in
3081 2096 3424 2154 benedictione
3457 2102 3630 2157 dulce-

2047 2176 2181 2232 dinis
2213 2179 2382 2251 (Psal.
2427 2197 2516 2248 xx,
2545 2182 2626 2256 4).
2667 2185 2736 2240 Ει
2771 2187 2898 2257 quid
2939 2187 3026 2244 hic
3073 2191 3247 2259 aptius
3295 2193 3628 2266 intelligitur,

2047 2285 2204 2341 quam
2249 2273 2361 2342 ipsa
2411 2273 2480 2330 de
2535 2291 2636 2346 qua
2664 2277 2934 2348 loquimur
2970 2283 3232 2352 cupiditas
3273 2285 3439 2339 boni?
3485 2287 3637 2342 Tunc

2047 2365 2192 2416 enim
2223 2361 2420 2417 bonum
2469 2369 2771 2436 concupisci
2821 2369 3024 2440 incipit,
3073 2375 3286 2442 quando
3329 2375 3636 2434 dulcescere

2045 2451 2289 2522 cmperit.
2323 2453 2548 2523 Quando
2573 2467 2750 2512 autem
2800 2459 2994 2516 timore
3049 2479 3242 2533 [)(Bllm,
3294 2481 3399 2522 non
3451 2484 3636 2524 amore

2039 2541 2262 2613 iustitiae
2283 2544 2340 2600 ﬁt
2359 2545 2573 2612 bonum,
2609 2549 2844 2605 nondum
2863 2551 2997 2608 bene
3021 2553 3080 2608 ﬁt
3109 2555 3338 2622 bonum;
3371 2575 3469 2614 nec
3499 2561 3558 2615 ﬁt
3582 2563 3634 2616 in

2047 2635 2209 2690 corde
2239 2637 2377 2707 quod
2402 2641 2514 2694 licri
2535 2641 2746 2696 videtur
2773 2642 2822 2696 in
2841 2660 3018 2714 opere,
3043 2649 3256 2716 quando
3277 2652 3455 2707 mallet
3475 2653 3635 2709 homo

2047 2745 2154 2783 non
2181 2729 2375 2795 facere,
2409 2733 2453 2785 si
2493 2743 2674 2802 posset
2721 2735 2956 2803 impune.
2997 2739 3134 2809 Ergo
3172 2741 3476 2800 benedictio
3518 2747 3634 2802 dul-

2045 2819 2270 2884 cedinis,
2296 2828 2379 2875 est
2407 2823 2574 2890 gratia
2619 2823 2733 2888 Dei,
2769 2840 2874 2895 qua
2901 2827 2958 2880 iit
2982 2827 3033 2881 in
3079 2830 3231 2886 nobis
3261 2842 3316 2886 ut
3355 2851 3452 2888 nos
3482 2836 3628 2892 dele-

2047 2917 2155 2964 ctet
2177 2919 2230 2966 et
2247 2910 2542 2982 cupiamus,
2577 2913 2678 2970 hoc
2703 2924 2806 2982 est,
2830 2932 3073 2974 amemus
3100 2922 3243 2991 quod
3275 2928 3515 2997 pra-cipit
3539 2946 3634 2984 no-

2045 3001 2159 3070 bis;
2185 3003 2240 3058 in
2267 3019 2369 3074 qua
2389 3005 2434 3059 si
2467 3019 2564 3059 nos
2593 3021 2698 3062 non
2723 3010 2982 3076 praevenit
3003 3009 3166 3078 Deus,
3199 3029 3306 3070 non
3327 3017 3500 3074 solum
3523 3037 3628 3075 non

2047 3087 2344 3157 perﬁcitur,
2377 3089 2472 3144 sed
2499 3105 2599 3146 nec
2627 3091 2906 3148 inchoatur
2944 3109 3008 3149 ex
3037 3096 3208 3151 nobis.
3249 3098 3306 3154 Si
3347 3101 3490 3157 enim
3518 3105 3637 3160 sine

2047 3177 2138 3232 illo
2164 3177 2297 3232 nihil
2325 3193 2606 3248 possumus
2632 3179 2831 3247 facere,
2863 3184 3108 3254 profecto
3131 3203 3229 3244 nec
3261 3190 3635 3262 incipere,ncc

2048 3271 2306 3340 perﬁcere
2345 3289 2360 3325 :
2400 3273 2523 3342 quia
2564 3282 2623 3326 ut
2647 3273 2985 3356 incipiamus,
3043 3277 3242 3334 dictum
3283 3291 3398 3348 est,
3433 3284 3636 3340 Miseri-

2047 3361 2224 3414 cordia
2243 3363 2353 3432 ejus
2380 3364 2647 3432 prtevsniet
2671 3381 2772 3430 me;
2802 3375 2857 3419 ut
2901 3366 3264 3438 perﬁciamus,
3297 3373 3497 3430 dictum
3528 3389 3632 3444 est,

2049 3451 2401 3507 Misericordia
2427 3456 2538 3526 ejus
2561 3456 2889 3528 subsequatur
2913 3477 2993 3514 me
3020 3461 3193 3532 (Psal.
3228 3481 3356 3532 un,
3386 3467 3466 3540 6).

2117 3543 2344 3601 CAPUT
2373 3544 2440 3600 Χ.
2467 3575 2538 3590 --
2561 3545 2654 3602 22.
2683 3548 2974 3606 Secundum
2993 3555 3139 3623 cujus
3177 3559 3494 3628 propositum
3539 3579 3629 3618 uo-

2048 3643 2223 3690 centur
2245 3635 2410 3690 electi.
2443 3637 2579 3716 Quid
2601 3647 2685 3694 est
2710 3655 2858 3712 ergo,
2890 3644 3030 3712 quod
3061 3645 3114 3700 in
3153 3655 3626 3720 consequentibus,

2051 3729 2138 3784 ubi
2181 3745 2242 3784 ea
2288 3745 2408 3800 qua:
2433 3731 2532 3802 ipsi
2577 3733 2814 3789 sentiunt
2855 3749 3298 3804 commemorant,
3347 3742 3532 3800 dicunt
3573 3765 3634 3801 se

2049 3822 2312 3892 conﬁteri,
2347 3841 2363 3875 ι
2400 3825 2623 3895 gratiam
2649 3842 2862 3900 quoque
2911 3828 3165 3900 adjuvare
3211 3835 3632 3909 uniuscujusque

2049 3911 2250 3968 bonum
2293 3916 2644 3984 propositum,
2689 3933 2796 3972 non
2839 3927 3016 3975 tamen
3065 3922 3346 3980 reluctanti
3398 3927 3631 3984 studium

2053 4004 2265 4058 virtutis
2282 4005 2590 4061 immittere?
2613 4025 2633 4058 ι
2655 4007 2766 4063 Hoc
2785 4009 2978 4079 quippe
2999 4011 3070 4065 ita
3087 4012 3288 4079 dicunt,
3314 4015 3458 4072 velut
3472 4017 3633 4074 homo

2049 4108 2080 4147 a
2102 4109 2162 4148 se
2188 4095 2302 4163 ipso
2332 4096 2448 4150 sine
2477 4095 2742 4166 adjutorio
2761 4098 2854 4153 Dei
2873 4099 3068 4156 habeat
3083 4105 3413 4173 propositum
3433 4109 3631 4166 bonum

2050 4186 2391 4257 studiumque
2415 4189 2645 4254 virtutis,
2695 4205 2800 4260 quo
2829 4192 3023 4247 merito
3063 4197 3400 4265 prarccdente
3442 4202 3634 4276 dignus

2051 4278 2122 4334 sit
2142 4279 2384 4348 adjuvari
2415 4281 2504 4336 Dei
2534 4281 2702 4350 gratia
2732 4285 3107 4355 subsequente.
3133 4287 3328 4345 Putant
3357 4295 3498 4350 enim
3521 4295 3631 4351 for-

2053 4381 2194 4428 tasse
2219 4375 2290 4429 ita
2316 4375 2516 4431 dixisse
2555 4378 2890 4446 Apostolum,
2926 4379 3128 4436 Scimus
3163 4385 3282 4454 quia
3311 4385 3632 4460 diligentibus

2052 4462 2218 4517 Deum
2245 4465 2414 4519 omnia
2441 4477 2741 4536 cooperatur
2761 4470 2778 4500 ί
2807 4470 2860 4524 in
2883 4471 3086 4536 bonum,
3135 4475 3198 4529 iis
3236 4479 3324 4548 qui
3361 4485 3636 4538 secundum
3695 4509 3706 4518 -

2052 4555 2366 4624 propositum
2395 4559 2558 4611 vocati
2587 4568 2736 4623 sunt;
2766 4568 2826 4614 ut
2851 4564 3181 4632 propositum
3215 4567 3448 4628 hominis
3477 4576 3635 4630 rcllet

2053 4645 2296 4718 intelligi,
2322 4649 2462 4718 quod
2492 4654 2827 4722 propositum
2857 4663 3106 4726 tanquam
3141 4659 3338 4716 bonum
3383 4667 3629 4722 meritum

2052 4747 2308 4806 sequatur
2326 4741 2692 4797 misericordia
2715 4746 2955 4801 vocantis
2985 4747 3076 4802 Dei
3110 4766 3123 4801 :
3165 4751 3470 4821 ignorantes
3515 4758 3635 4812 ideo

2052 4829 2252 4885 dictum
2278 4845 2420 4895 esse,
2452 4832 2540 4900 qui
2568 4834 2844 4888 secundum
2872 4838 3187 4907 propositum
3213 4844 3376 4897 uocati
3411 4859 3546 4908 sunt.
3579 4861 3636 4904 ut

2055 4920 2169 4986 Dei,
2216 4937 2322 4976 non
2369 4921 2600 4978 hominis
2647 4927 2980 4995 propositum
3031 4929 3376 5001 intelligatur,
3409 4951 3512 5005 quo
3541 4955 3637 4994 eos

2049 5029 2172 5083 quos
2236 5013 2484 5082 prasrioit
2529 5023 2577 5067 et
2632 5016 3004 5085 praedestinavit
3071 5025 3354 5091 confonnes
3401 5025 3637 5100 imaginis

2055 5103 2177 5159 Filii
2196 5107 2276 5159 sui
2305 5104 2479 5177 (Rom.
2511 5123 2622 5170 rm,
2649 5107 2740 5173 28,
2772 5108 2885 5178 29),
2916 5111 3074 5180 elegit
3095 5121 3220 5166 ante
3271 5117 3456 5172 mundi
3501 5133 3636 5176 con-

2051 5199 2382 5254 stitutionem
2410 5198 2622 5272 (Ephes.
2647 5217 2685 5264 ι,
2715 5201 2794 5274 4).
2815 5201 2926 5256 Non
2951 5205 3090 5257 enim
3110 5219 3298 5262 omnes
3323 5212 3520 5280 vocati,
3552 5231 3625 5270 se-

2050 5291 2279 5346 cundum
2311 5293 2640 5362 pr0positum
2671 5301 2798 5348 sunt
2827 5295 2998 5347 vocati
3031 5311 3044 5346 :
3075 5297 3326 5364 quoniam
3366 5304 3522 5360 multi
3549 5323 3634 5361 vo-

2049 5383 2174 5446 cati,
2206 5383 2354 5453 pauci
2379 5383 2530 5437 electi
2555 5381 2762 5450 (Matth.
2794 5399 2882 5445 xx.
2920 5383 3029 5456 16).
3061 5383 3164 5455 Ipsi
3187 5403 3315 5460 ergo
3339 5395 3632 5454 secundum

2053 5475 2382 5545 propositmn
2438 5474 2630 5538 vocati,
2688 5475 2778 5544 qui
2825 5477 2978 5532 electi
3025 5489 3150 5534 ante
3198 5487 3633 5546 constitutionem

2049 5689 2251 5800 "gn/11m.
2279 5693 2352 5736 Er.
2381 5696 2430 5739 et
2454 5689 2669 5739 nonnulli
2695 5690 2898 5742 ecalllc.
2925 5699 3029 5745 stas.
3073 5695 3151 5746 hic
3198 5708 3248 5750 et
3283 5701 3436 5763 infra,
3471 5717 3637 5768 coope-

2949 5845 3106 5920 {Dia
3119 5852 3353 5926 -nru[._}
