4014 6184
214 358 231 369 ’
282 344 379 399 δειι

279 451 588 517 inﬁrmitate
615 463 629 500 :
656 454 793 515 quos
831 448 1007 493 tamen
1045 432 1186 487 Deus
1209 442 1237 481 a
1266 425 1386 480 ﬁliis
1411 419 1605 478 diaboli
1634 431 1740 471 non
1768 425 1854 467 so-

284 511 393 600 ium
418 545 629 599 lavacro
655 511 1092 602 regenerationis,
1120 517 1211 574 sed
1243 515 1408 586 ipsius
1435 511 1592 566 etiam
1617 520 1738 578 qua:
1767 515 1862 572 per

287 593 622 692 iliiiiciiouun
668 593 917 692 operatur
967 610 1162 683 (Galat.
1205 622 1259 672 v,
1300 603 1380 674 6),
1427 598 1551 655 ﬁdei
1602 593 1863 692 probitate

597 683 720 787 quia
745 712 918 781 justus
944 721 1010 761 ex
1042 700 1143 781 ﬁde
1167 697 1297 752 vivit
1324 691 1500 766 (Rom.
1529 685 1707 787 1,.17).
1741 683 1864 738 Haec

292 828 466 873 autem
492 779 820 867 ittﬁrniitas‘,
843 812 963 853 cum
986 809 1088 865 qua
1111 802 1277 859 usque
1294 784 1363 840 ad
1383 779 1622 851 corporis
1640 784 1867 831 mortem

292 912 497 967 deiectu
545 912 597 956 et
640 864 879 969 proiectu
921 864 1216 942 alternante
1242 873 1632 937 contendimus,
1662 864 1872 938 magni-

293 1018 395 1073 que
436 958 658 1054 interesi
693 986 817 1060 quid
845 984 1020 1039 vincat
1045 978 1100 1036 iu
1128 974 1302 1038 nobis,
1342 963 1745 1039 regeneratione
1768 958 1872 1014 alia

295 1055 673 1152 :onsumetur;
715 1083 782 1138 de
805 1095 908 1150 qua
935 1076 1187 1130 Dominus
1212 1067 1360 1133 dicit,
1389 1063 1457 1119 In
1478 1055 1872 1131 regeneratione,

297 1149 412 1242 cum
455 1149 735 1239 sederitvF
738 1149 856 1228 ilius
905 1166 1121 1223 hominis
1165 1163 1219 1215 in
1265 1159 1380 1213 sede
1427 1149 1706 1223 majestatis
1747 1159 1874 1210 sunt,

298 1239 529 1332 sedebitis
579 1279 626 1323 et
678 1281 763 1321 vos
808 1275 960 1330 super
1008 1254 1148 1309 sedes
1199 1247 1460 1303 duodecim
1503 1239 1715 1315 (Matth.
1765 1249 1881 1332 aia,

300 1324 565 1439 idiom.
613 1324 1089 1427 Regenerationem
1135 1342 1330 1439 quippe
1376 1336 1481 1391 hoc
1532 1332 1671 1396 loco,
1708 1324 1881 1381 ambi-

304 1427 462 1527 gente
488 1433 650 1515 nullo,
676 1443 1015 1502 novissimam
1042 1429 1483 1490 resurrectionem
1507 1427 1691 1476 vocat:
1722 1428 1881 1485 quam

1235 1520 1249 1527 -
1349 1519 1360 1527 .
1606 1519 1619 1527 ,
1670 1505 1849 1527 “Lm

532 1505 743 1613 quoque
776 1530 1048 1603 apOstolus
1088 1534 1143 1580 et
1187 1519 1525 1589 adoptionem
1572 1519 1628 1567 et
1669 1505 1883 1565 redem-

311 1598 564 1712 ptionem.
589 1598 875 1696 nuncupat,
903 1622 1107 1685 dicens,
1133 1614 1235 1671 Sed
1265 1612 1415 1668 etiam
1442 1623 1533 1664 nos
1575 1603 1674 1675 ipsi
1712 1598 1889 1702 primi-

309 1687 404 1785 iirts
433 1726 640 1798 spiritus
670 1687 928 1777 habentes,
952 1720 998 1766 et
1019 1708 1115 1780 ipsi
1140 1709 1194 1759 in
1214 1696 1580 1768 nobismetipsis
1605 1687 1890 1763 ingemisci-

311 1836 446 1884 mus,
461 1778 796 1885 radoptionem
833 1778 1198 1870 exspectantes,
1240 1787 1634 1859 redemptionem
1669 1778 1893 1850 corporis

204 1952 211 1953 κ
314 1874 470 1966 nostri
509 1874 685 1977 (Rom.
715 1914 823 1960 vui.
872 1894 988 1966 23).
1033 1884 1297 1957 Numquid
1340 1897 1444 1937 non
1622 1874 1899 1977 lavacrum

316 1962 557 2059 sanciunt
588 1990 905 2066 regenerati,
925 1962 1169 2052 adoittati
1197 1985 1252 2033 ct
1275 1970 1533 2042 redempti
1560 1963 1787 2024 sumus?
1830 1962 1899 2016 Et

320 2057 495 2149 tamen
535 2057 707 2151 restat
748 2076 1100 2151 regeneratio,
1122 2067 1365 2135 adoptio,
1393 2057 1710 2129 redemptio,
1738 2067 1899 2125 quam

321 2190 373 2243 iu
400 2186 502 2238 ﬁne
528 2149 801 2234 venturam
816 2149 969 2226 nunc
986 2165 1263 2237 ,patienter
1289 2162 1601 2226 exspectare
1619 2149 1897 2243 debemus,

572 2267 663 2324 ﬁlii
684 2234 1073 2333 .imjus-smeuli
1109 2268 1176 2308 ex
1204 2248 1347 2305 nulla
1389 2241 1684 2333 parteiam
1712 2234 1900 2333 simus.

326 2326 574 2434 wQuis—quis
609 2326 1107 2428 igitur-Baptismati
1140 2341 1395 2434 derogat,
1418 2331 1564 2434 quod
1606 2326 1766 2433 modo
1812 2339 1907 2396 per

328 2420 455 2512 διιιά
477 2420 845 2522 'porci'pimus,
887 2432 1181 2522 corrumpit
1206 2428 1375 2522 ﬁdem
1403 2442 1421 2481 :
1446 2420 1686 2522 quisquis
1729 2424 1907 2522 aptent

464 2505 605 2596 nine
633 2505 684 2592 ei
710 2530 910 2595 tribuit,
932 2523 1075 2597 quod
1100 2518 1312 2592 quidem
1350 2529 1444 2586 per
1470 2513 1662 2582 ipsum,
1690 2505 1908 2616 sednta-

334 2594 684 2701 inenpostea
725 2594 1024 2693 percepturi
1062 2624 1269 2676 sumus,
1305 2610 1543 2676 amputat
1576 2613 1748 2672 spem.
1777 2594 1912 2651 Nam

334 2728 378 2782 si
418 2742 447 2780 a
480 2691 565 2778 me
603 2691 880 2789 quisquam
921 2705 1214 2780 quiesierit,
1244 2709 1421 2757 utrum
1464 2710 1561 2767 per
1586 2691 1914 2763 Baptismum

335 2780 464 2870 salvi
526 2780 646 2866 iacti
703 2780 993 2866 fuerimus;
1043 2808 1239 2864 negare
1294 2803 1403 2846 non
1445 2792 1664 2857 potero,
1707 2780 1918 2870 dicente

336 2868 613 2978 ﬁpostolo,
657 2897 840 2953 Salvos
866 2907 956 2946 nos
979 2887 1093 2961 fecit
1125 2900 1215 2955 per
1242 2882 1499 2938 lauacrum
1527 2868 1917 2978 regenafﬁpms

337 2956 758 3052 eirrenovationis
806 2956 1030 3051 Spiritus
1076 2972 1239 3030 sancti
1288 2969 1414 3043 (Tit.
1469 2981 1552 3030 nt,
1597 2961 1676 3036 ν).
1722 2958 1829 3016 Sed
1872 2956 1920 3012 sl

340 3080 637 3155 quaesierit,
683 3084 858 3128 utrum
907 3082 1000 3138 per
1046 3064 1185 3118 idem
1215 3061 1481 3115 lavacrum
1516 3052 1665 3110 omni
1700 3061 1921 3121 prorsus

344 3140 503 3229 modo
520 3140 631 3239 jam
658 3158 965 3220 nosiceerit
987 3154 1192 3217 salvos;
1224 3144 1577 3218 respondebo,
1594 3141 1709 3198 Non
1731 3140 1800 3193 ita
1814 3145 1921 3193 est.

229 3291 236 3297 ~
345 3266 488 3321 idem
518 3229 711 3331 quippe
735 3255 862 3308 item
884 3248 1014 3305 dicit
1031 3242 1304 3315 apostolus
1329 3257 1343 3295 ε
1365 3237 1471 3311 Spe
1497 3237 1627 3290 enim
1653 3232 1780 3288 satos
1805 3229 1927 3300 facti
1980 3304 1986 3311 ⁸

345 3320 550 3413 sumus:
583 3320 713 3421 Spes
749 3355 915 3399 autem
953 3353 1070 3413 quia
1110 3336 1323 3397 videtur,
1353 3346 1455 3387 non
1496 3336 1566 3384 est
1594 3339 1745 3398 spes;
1790 3320 1929 3397 quod

346 3450 480 3504 enim
504 3414 640 3505 videt
664 3438 798 3511 quis,
819 3431 947 3508 quid
973 3438 1141 3503 sperat
1158 3427 1185 3482 ἵ
1227 3424 1289 3481 Si
1313 3432 1480 3479 autem
1504 3419 1647 3492 quod.
1665 3414 1932 3473 non-ride-

348 3518 459 3594 mus
483 3507 766 3606 speramus,
923 3520 1587 3593 patientiammpectomu
1612 3507 1787 3580 (Rom.
1814 3520 1929 3571 vui,

351 3630 423 3685 94
444 3640 492 3684 et
509 3600 626 3696 ὲὸ).
651 3621 806 3677 Salus
829 3631 958 3687 ergo
981 3610 1212 3669 hominis
1236 3608 1291 3664 in
1312 3605 1633 3677 Baptismste
1669 3600 1804 3656 facta
1826 3606 1930 3667 est,

353 3719 477 3790 quia
505 3691 782 3771 dimissum
806 3716 890 3764 est
918 3699 1387 3790 quodrpeccatiia
1420 3694 1728 3767 parentibus
1752 3691 1932 3758 traxit,

356 3785 443 3865 vel
467 3802 719 3879 quidquid
747 3800 906 3856 etiam
931 3793 1150 3868 pr0prie
1164 3787 1642 3859 anteﬁaptismum
1664 3785 1779 3855 ipse
1809 3796 1936 3853 pee-

358 3877 537 3959 cavit:
564 3900 711 3954 salus
743 3907 873 3949 vero
918 3888 1035 3960 ejus
1073 3894 1218 3942 tanta
1263 3888 1385 3953 post
1427 3877 1582 3945 erit',
1619 3886 1680 3933 ut
1716 3888 1941 3947 peciare

358 3992 577 4050 omnino
603 4002 708 4042 non
734 3980 923 4056 possit.

433 4078 662 4141 CAPUT
702 4073 791 4132 IV.
818 4102 891 4115 —
916 4069 970 4127 6.
1003 4065 1270 4124 Caiumnia
1297 4062 1360 4118 de
1376 4060 1527 4117 veteri
1558 4057 1871 4115 Testamento
1893 4063 1940 4110 et

361 4167 769 4244 mitiquisjustis.
807 4161 959 4220 Vetus
994 4159 1361 4214 Testamentum
1399 4154 1567 4226 ﬁgura
1592 4151 1727 4207 novi.
1758 4148 1941 4206 Sancti

363 4240 537 4320 veteris
567 4253 866 4314 Testamenti
905 4250 974 4305 ad
1020 4263 1204 4304 novum
1248 4246 1514 4317 pertinent.
1545 4241 1747 4311 Quibus
1775 4240 1847 4294 ita
1882 4253 1944 4295 se

370 4350 704 4414 habentibus,
733 4362 799 4402 ex
820 4344 904 4398 his
923 4343 1082 4397 etiam
1103 4340 1188 4394 illa
1213 4353 1334 4409 quas
1360 4336 1614 4405 deinceps
1632 4332 1786 4389 nobis
1809 4330 1947 4401 obji-

366 4447 515 4500 ciunt
541 4440 870 4497 refelluntur.
909 4433 1037 4500 Quis
1080 4430 1220 4487 enim
1251 4426 1545 4483 catholicus
1579 4424 1759 4490 dicat,
1801 4420 1947 4492 quod

369 4550 470 4590 nos
494 4532 672 4588 dicere
695 4526 937 4597 iactitant
961 4565 977 4592 ,
1010 4540 1042 4574 -s
1068 4518 1327 4590 Spiritum
1359 4528 1600 4572 sanctum
1644 4514 1944 4585 adjutorcm

371 4621 584 4680 virtutis
623 4618 675 4673 in
706 4614 869 4670 veteri
899 4612 1240 4668 Testamento
1269 4622 1374 4663 non
1394 4607 1597 4671 fuisse;
1639 4625 1659 4659 ι
1697 4605 1798 4660 nisi
1825 4620 1944 4660 cum

372 4725 523 4775 vetus
547 4712 945 4768 Testamentum
979 4704 1057 4759 sic
1085 4700 1460 4772 intelligimus,
1501 4696 1946 4768 quemadmodum

372 4804 662 4878 Apostolus
690 4798 856 4863 dixit,
897 4795 940 4850 Α
974 4801 1141 4851 monte
1166 4791 1294 4847 Sina
1316 4790 1369 4843 iu
1397 4789 1678 4843 servitutem
1704 4803 1949 4858 generum

373 4897 570 4970 (Colat.
612 4908 666 4948 tv
686 4935 701 4957 ,
728 4886 859 4962 25)?
887 4883 995 4943 Sed
1033 4884 1157 4954 quia
1201 4881 1254 4937 in
1282 4895 1348 4936 eo
1393 4878 1828 4951 praiﬁgurabatur
1855 4892 1951 4931 no-

375 4968 521 5054 vum,
548 4984 636 5055 qui
656 4982 765 5038 .boc
793 4973 1158 5046 intelligebant
1186 4980 1312 5027 tunc
1338 4969 1581 5026 homines
1607 4968 1721 5034 Dei,
1753 4982 1948 5023 secun-

374 5080 500 5135 dum
525 5070 951 5135 distributionem
972 5077 1290 5135 temporum,
1316 5058 1511 5116 veteris
1529 5057 1743 5129 quidem
1764 5056 1953 5112 Testa-

380 5168 542 5224 menti
583 5165 977 5234 dispensatores
1003 5165 1060 5211 et
1082 5162 1408 5227 gestatores,
1450 5149 1545 5206 sed
1572 5149 1697 5205 novi
1723 5148 1948 5204 demon-

443 5348 459 5379 ἱ
486 5342 636 5392 liditi:
689 5346 804 5389 meo
849 5339 919 5385 est
966 5337 1124 5393 agitem
1169 5325 1423 5393 iii/inuitas
1472 5338 1490 5376 :
1529 5322 1769 5393 patuitque
1816 5332 1955 5387 post,

381 5387 908 5465 noningeme
939 5392 1064 5465 atia_
1077 5387 1396 5465 constituetur.
1419 5387 1541 5465 ‘Mss.’
1572 5387 1866 5465 agcugritate
1879 5398 1960 5437 re-

383 5447 744 5521 Enniam,
764 5465 834 5518 et,
858 5455 1026 5521 donec.
1042 5460 1100 5521 _ln
1133 5452 1307 5521 eadem
1327 5450 1573 5502 sententia
1602 5447 1813 5497 Vaticani
1851 5454 1956 5496 Mss.

384 5511 705 5585 ierunt,qu
723 5511 852 5585 nunc
858 5515 1019 5585 tinent
1036 5513 1088 5565 in
1099 5511 1253 5585 nobis.

448 5591 470 5622 ¹
486 5578 564 5636 ste
582 5578 687 5632 tias.
716 5586 772 5628 Αι
793 5578 931 5633 editi.
946 5580 1209 5636 peceatum.

449 5651 472 5681 a
490 5632 632 5702 iam,
653 5637 783 5702 salus
804 5632 1140 5702 rerqfiorninis
1155 5639 1286 5684 tanta
1308 5644 1412 5682 esse
1429 5632 1614 5694 poterit.
1641 5632 1962 5681 Emendantur

396 5716 421 5752 a
444 5708 588 5756 vatio.
605 5695 749 5752 simul
772 5705 824 5748 et
843 5695 1001 5749 Gallic.
1028 5700 1133 5743 stas.

906 319 1175 381 CONTRA
1216 312 1394 372 DUAS
1431 301 1805 368 EPISTULAS
1843 298 1914 354 PE

2021 289 2393 358 GIANORUM,
2428 291 2488 346 S‘.
2531 279 2894 344 AUGUSTINI

3438 266 3534 320 59?.

1964 416 2199 463 strantur
2225 401 2483 461 hatredes.
2507 400 2588 454 An
2616 410 2744 453 vero
2766 393 2911 449 illum
2931 386 2999 444 ad
3024 384 3421 441 Testamentum
3444 392 3535 431 no-

1967 512 2087 552 vum
2116 494 2422 565 uegabimus
2450 489 2735 562 pertinere,
2761 483 2850 555 qui
2877 479 3025 546 dicit,
3046 477 3144 533 Cor
3167 472 3407 529 mundum
3426 484 3537 524 creo

1967 589 2023 643 in
2049 605 2155 652 me,
2184 561 2325 643 Deus
2347 625 2363 652 ,
2404 561 2462 639 et
2478 582 2710 654 spiritum
2730 586 2920 632 rectum
2952 573 3137 627 iunova
3182 569 3234 621 in
3275 561 3540 619 uisceribus

1970 682 2094 736 meis
2118 679 2286 754 (Psat.
2317 694 2381 745 ι,
2418 674 2550 745 i2)?
2574 680 2667 728 aut
2698 670 2845 727 illum
2868 667 2963 739 qui
2988 663 3144 735 dicit,
3187 659 3366 715 Posuit
3391 672 3542 727 super

1974 749 2165 845 petram
2193 774 2341 843 pedes
2366 783 2502 822 meos
2523 806 2540 834 ,
2568 773 2615 819 et
2636 761 2817 818 direxit
2843 773 3045 832 gressus
3067 770 3202 811 meos
3224 792 3240 818 ,
3272 761 3318 805 et
3341 749 3545 803 immisit

1973 843 2029 922 in
2073 882 2130 921 os
2169 879 2334 918 meum
2378 861 2625 914 canticum
2672 869 2876 916 novum,
2927 850 3169 921 hymnum
3213 843 3320 898 Deo
3372 850 3547 895 nostra

1981 955 2151 1027 (Psal.
2184 966 2391 1016 xxxix,
2423 951 2458 1006 ὅ
2480 990 2494 1011 .
2525 947 2627 1017 4)?
2662 945 2748 1000 vel
2788 943 2937 998 illum
2982 948 3107 994 ante
3149 935 3548 990 Testamentum

1978 1023 2133 1106 vetus
2150 1089 2166 1115 ,
2192 1044 2333 1117 quod
2357 1052 2438 1098 est
2464 1057 2493 1097 a
2522 1047 2703 1098 monte
2726 1037 2852 1093 Sina
2874 1075 2891 1102 ,
2931 1040 3137 1104 patrem
3171 1027 3405 1083 ﬁdelium
3429 1065 3443 1088 ,
3484 1023 3554 1078 de

1981 1155 2086 1210 quo
2109 1114 2236 1193 dicit
2256 1133 2565 1204 Apostolus,
2592 1129 2822 1192 Fratres,
2848 1123 3125 1180 secundum
3148 1120 3399 1174 hominem
3419 1114 3558 1177 dico,

1985 1206 2150 1281 tamen
2178 1225 2394 1280 hominis
2417 1221 2766 1295 conﬁrmatum
2804 1220 3151 1270 testamentum
3182 1223 3327 1263 nemo
3360 1206 3564 1259 irritum

1987 1319 2108 1391 facit
2131 1326 2218 1371 aut
2245 1315 2615 1388 superordinat.
2642 1308 2861 1365 Abrahae
2882 1305 3032 1360 dictat
3052 1310 3168 1357 sunt
3202 1298 3563 1370 promissiones

1988 1386 2033 1464 et
2058 1408 2237 1465 semini
2264 1386 2394 1478 ejus.
2426 1403 2548 1458 Non
2571 1401 2726 1464 dicit,
2776 1396 2843 1452 Et
2879 1394 3148 1451 seminibus
3170 1433 3187 1458 ,
3224 1400 3464 1459 tanquam
3505 1386 3563 1439 in

1990 1501 2195 1567 multis;
2236 1477 2325 1555 sed
2351 1508 2591 1566 tanquam
2619 1494 2670 1547 in
2698 1507 2800 1546 uno
2822 1529 2839 1555 ,
2868 1487 2934 1543 Et
2960 1484 3139 1542 semini
3165 1492 3251 1538 tuo
3275 1523 3293 1549 ,
3322 1477 3458 1550 quod
3492 1487 3570 1532 est

1991 1592 2241 1650 Christus.
2271 1584 2383 1643 Hoc
2408 1596 2576 1641 autem
2598 1583 2731 1645 dico,
2762 1579 2951 1651 inquit,
2980 1575 3350 1630 Testamentum
3379 1569 3571 1641 conﬁr-

1995 1692 2186 1737 matum
2207 1696 2246 1734 u
2270 1678 2379 1734 Deo
2398 1717 2415 1744 ,
2447 1691 2560 1749 quae
2590 1682 2704 1743 post
2740 1667 3133 1740 quadringentos
3161 1672 3208 1716 et
3236 1660 3442 1732 triginta
3477 1674 3575 1711 an-

1996 1788 2088 1827 nos
2124 1774 2261 1842 [acta
2293 1777 2367 1823 est
2392 1765 2598 1836 [senon
2625 1760 2848 1830 inﬁrmat
2884 1755 2952 1810 ad
2980 1749 3322 1808 evacuandam
3359 1748 3577 1818 promis-

1998 1861 2208 1923 sionem.
2238 1858 2299 1914 Si
2327 1855 2461 1912 enim
2501 1869 2564 1909 ea:
2588 1852 2698 1923 tege
2736 1846 3031 1913 hereditas,
3062 1844 3177 1916 jam
3218 1857 3318 1895 non
3356 1856 3418 1893 ea:
3455 1854 3580 1908 pro-

2000 1950 2235 2008 missione
2276 1962 2296 2003 :
2334 1943 2553 2001 Abrahae
2596 1950 2765 1996 autem
2810 1953 2899 2009 per
2943 1932 3325 2007 promissionem
3368 1928 3577 1984 donavit

2002 2040 2161 2097 Deus.

2074 2134 2128 2189 7.
2164 2132 2261 2189 ilic
2284 2139 2431 2187 certe
2457 2128 2501 2184 si
2528 2138 2860 2199 quies-anius,
2904 2128 3082 2176 utrum
3122 2115 3227 2172 hoc
3262 2114 3583 2170 Testamen-

2009 2236 2155 2293 tum,
2183 2221 2326 2295 quod
2352 2219 2482 2276 dicit
2502 2216 2874 2275 conﬁrmatum
2903 2226 2935 2267 a
2964 2211 3074 2266 Deo
3103 2222 3211 2263 non
3254 2200 3510 2261 inﬁrmari
3552 2214 3586 2254 a

2010 2317 2128 2387 lege
2151 2293 2271 2386 quae
2295 2321 2416 2383 post
2446 2307 2863 2382 quadringentos
2894 2311 2952 2358 et
2988 2301 3202 2371 triginta
3242 2310 3413 2352 annos
3448 2293 3591 2349 facta

2010 2385 2116 2475 est,
2144 2385 2324 2461 utrum
2349 2416 2549 2458 novum
2570 2441 2586 2466 ,
2617 2414 2688 2454 an
2716 2404 2870 2452 vetus
2899 2389 3297 2463 intelligendum
3327 2388 3398 2444 sit
3428 2404 3442 2440 :
3470 2385 3594 2457 quis

2013 2494 2337 2567 respondere
2359 2491 2598 2557 dubitet,
2622 2487 2827 2545 Novum
2846 2527 2862 2552 ,
2892 2484 2986 2540 sed
3012 2484 3065 2539 in
3092 2478 3419 2553 propheticis
3453 2477 3594 2533 late-

2016 2588 2130 2645 bris
2148 2585 2495 2649 oecultatum,
2515 2579 2698 2637 donec
2725 2578 2932 2633 veniret
2955 2585 3166 2645 tempus
3189 2584 3296 2642 quo
3320 2568 3596 2624 revelare-

2019 2687 2106 2735 tur
2130 2679 2186 2733 in
2208 2673 2462 2734 Christo?
2489 2671 2622 2728 Nam
2647 2670 2694 2726 si
2720 2669 3013 2726 dixerimus
3035 2705 3051 2732 ,
3082 2664 3283 2728 Vetus;
3323 2658 3452 2731 quid
3493 2658 3598 2715 erit

2021 2767 2151 2824 illud
2174 2782 2208 2821 ta
2232 2760 2569 2822 monteﬁina
2598 2761 2651 2816 in
2679 2758 2989 2815 servitutem
3018 2750 3324 2827 generans?
3349 2750 3425 2806 lbi
3451 2748 3597 2805 enim

2022 2858 2160 2915 facta
2176 2865 2255 2913 est
2274 2857 2364 2913 lex
2387 2864 2507 2926 post
2524 2852 3001 2924 quadringentoset
3022 2847 3234 2919 triginta
3257 2859 3426 2901 annos
3454 2860 3468 2897 :
3495 2857 3601 2913 qua

2025 2950 2142 3022 lege
2167 2947 2270 3005 hoc
2286 2946 2685 3003 Testamentum
2710 2938 3077 3012 promissionis
3098 2935 3325 2992 Abi-alta:
3343 2932 3605 2989 inﬁrmari

1982 3084 1993 3095 .
2027 3020 2137 3096 non
2180 3052 2338 3109 posse
2379 3032 2700 3097 conﬁrmat;
2750 3038 2808 3086 et
2853 3030 2955 3085 hoc
2993 3026 3137 3098 quod
3181 3026 3375 3080 factum
3414 3030 3500 3077 est
3534 3020 3606 3076 ab

2028 3128 2318 3195 Abraham,
2340 3125 2453 3181 vult
2476 3123 2652 3195 potius
2669 3120 2738 3177 ad
2761 3135 2859 3176 nos
2884 3118 3172 3191 pertinere,
3198 3130 3332 3186 quos
3352 3112 3464 3167 vult
3485 3124 3609 3167 esse

2032 3219 2170 3275 ﬁlios
2196 3218 2400 3285 liberie,
2439 3229 2545 3271 non
2570 3212 2811 3277 ancillae;
2843 3208 3083 3265 heredes
3123 3222 3191 3262 ex
3219 3202 3605 3276 promissione,

2033 3326 2141 3367 non
2170 3310 2315 3382 lege;
2349 3322 2473 3364 eum
2508 3306 2674 3372 dicit,
2706 3303 2768 3360 Si
2790 3302 2921 3357 enim
2945 3316 3008 3355 ea:
3031 3300 3138 3370 tege
3158 3295 3458 3360 hareditas,
3489 3293 3608 3364 jam

2036 3417 2139 3455 non
2172 3416 2236 3455 ea:
2259 3396 2588 3471 promissione
2613 3410 2633 3449 :
2660 3392 2877 3448 Abrahte
2906 3398 3072 3444 autem
3112 3402 3202 3457 per
3231 3382 3610 3455 promissionem

2036 3490 2237 3547 donavit
2257 3487 2393 3544 Deus
2414 3487 2454 3541 ί.
2482 3483 2555 3542 Ut
2574 3481 2717 3554 quod
2738 3481 2873 3537 facta
2896 3480 2984 3536 lea
3002 3484 3087 3533 est
3108 3483 3229 3547 post
3249 3472 3609 3545 quadringen—

2038 3589 2122 3637 tos
2146 3588 2202 3636 et
2226 3578 2439 3650 triginta
2462 3590 2630 3632 annos
2653 3616 2669 3643 ,
2695 3572 2762 3629 ad
2792 3571 2895 3626 hoc
2921 3565 3334 3631 subintraverit,
3363 3571 3425 3617 ut
3445 3561 3614 3616 abun-

2038 3671 2192 3728 daret
2226 3638 2516 3736 deiictum;
2555 3638 2676 3723 cum
2720 3680 2816 3736 per
2861 3669 3135 3734 peccatum
3165 3652 3615 3730 praevaricationis
3672 3638 3676 3643 ’

2040 3761 2372 3820 convincitur
2404 3757 2635 3815 hominis
2667 3753 2915 3825 superbia
2943 3750 3011 3807 de
3038 3763 3133 3805 sua
3166 3745 3372 3818 justitia
3414 3738 3618 3814 praesin-

2041 3852 2237 3909 mentis
2268 3867 2284 3907 :
2315 3858 2371 3907 et
2396 3848 2485 3905 ubi
2511 3845 2801 3903 abundavit
2839 3843 3092 3898 delictum
3114 3880 3130 3906 ,
3166 3834 3618 3908 superabundavit

2041 3942 2210 4014 gratia
2239 3940 2415 4015 (Rom.
2441 3953 2478 3995 v
2496 3978 2513 4004 ,
2540 3937 2666 4009 20);
2699 3950 2794 4006 per
2820 3932 2977 3988 ﬁdem
3002 3930 3110 4001 jam
3140 3927 3357 3984 humilis
3385 3923 3618 3981 hominis

2044 4036 2100 4093 in
2126 4036 2241 4107 lege
2264 4031 2557 4090 deﬁcientis
2574 4032 2597 4064 ³
2621 4036 2678 4085 et
2697 4026 2766 4082 ad
2789 4024 2884 4081 Dei
2904 4019 3323 4079 misericordiam
3350 4016 3617 4088 fugientis.

2046 4128 2170 4185 Ideo
2197 4142 2318 4183 cum
2341 4124 2588 4187 dixisset,
2617 4121 2678 4176 Si
2704 4119 2838 4176 enim
2861 4133 2924 4172 ea
2945 4116 3054 4186 lege
3078 4111 3367 4175 hereditas,
3381 4109 3497 4179 jam
3520 4122 3620 4160 mu

2050 4237 2113 4277 ea:
2131 4217 2499 4291 promissione;
2526 4212 2739 4269 Abrahc
2761 4218 2928 4266 autem
2952 4224 3043 4280 per
3066 4202 3447 4277 promissionem
3471 4198 3621 4252 donu-

2050 4287 2301 4367 nit'Deus
2348 4318 2372 4361 :
2420 4315 2666 4375 tanquam
2710 4301 2761 4357 ei
2798 4299 3083 4360 diceretur,
3114 4292 3311 4363 thuid
3357 4303 3486 4359 ergo
3538 4287 3620 4342 les

2050 4412 2236 4473 postea
2264 4399 2400 4454 facta
2427 4396 2552 4452 est?
2575 4392 2846 4465 subiunxit
2863 4399 3024 4461 atque
3048 4387 3149 4454 ait,
3176 4383 3313 4452 Quid
3347 4396 3466 4451 ergo
3503 4378 3625 4433 ter!

2050 4492 2147 4550 Cui
2171 4507 2292 4549 mox
2320 4486 2717 4559 interrogationi
2745 4474 3478 4547 reddidit,.Pr¢oaricationis
3505 4488 3623 4545 gra-

2052 4585 2122 4639 tia
2151 4583 2504 4654 propositaest
2525 4578 2546 4610 ³
2565 4619 2579 4642 ,
2609 4578 2767 4631 donec
2796 4573 2982 4627 ueniret
3007 4585 3173 4625 semen
3203 4566 3286 4620 cui
3322 4566 3555 4636 promissi
3574 4578 3624 4614 in

2053 4685 2124 4730 est
2152 4652 2369 4744 (Galae.
2399 4687 2491 4738 Ill,
2524 4668 2747 4738 ista).
2789 4665 2901 4720 lloc
2932 4660 3219 4718 identidem
3260 4658 3331 4711 ita
3365 4654 3496 4711 dicit
3523 4669 3537 4706 ε
3567 4652 3627 4707 Si
3737 4711 3746 4719 ,

2054 4766 2187 4822 enim
2214 4765 2301 4837 qui
2330 4780 2394 4819 ea:
2415 4764 2542 4835 tege,
2572 4758 2795 4816 heredes
2822 4765 2978 4822 sunt;
3009 4752 3268 4809 exinanita
3294 4760 3367 4804 est
3392 4749 3538 4817 ﬁdes,
3578 4755 3625 4800 st

2055 4836 2295 4910 evacuata
2319 4863 2392 4908 est
2430 4850 2714 4923 promissio.
2752 4847 2863 4903 Leo:
2899 4846 3032 4901 enim
3067 4844 3196 4897 iram
3236 4848 3519 4911 operatur:
3545 4836 3628 4892 ubi

2057 4946 2188 5001 enini
2218 4962 2317 4999 non
2346 4953 2419 4999 est
2448 4942 2551 5008 lex,
2582 4957 2673 4995 nec
2702 4937 3048 5009 pravarieatio
3074 4933 3248 5004 (Rom.
3278 4947 3356 4997 tv,
3387 4932 3455 4986 u
3476 4973 3490 4995 ,
3518 4929 3627 4998 15).

2057 5037 2209 5105 Quod
2235 5037 2310 5095 ait
2333 5035 2385 5091 in
2410 5035 2500 5089 illo
2525 5032 2848 5095 testimonio,
2879 5028 2939 5085 Si
2968 5028 3188 5082 enimex
3207 5027 3316 5097 tege
3344 5023 3628 5086 hereditas,

2050 5132 2166 5203 jam
2186 5146 2285 5185 non
2306 5144 2369 5183 es
2391 5126 2717 5196 promissione
2738 5139 2757 5187 ;
2798 5120 3013 5176 Abralue
3031 5129 3203 5174 autem
3230 5132 3319 5187 per
3335 5115 3631 5187 promissio-

2062 5238 2175 5280 nem
2198 5218 2402 5274 donauit
2431 5214 2608 5281 Deus;
2638 5214 2739 5268 hoc
2766 5212 2819 5266 in
2847 5212 2950 5266 isto
2975 5210 3070 5276 ait,
3098 5208 3158 5265 Si
3176 5208 3312 5261 enim
3338 5205 3425 5277 qui
3451 5220 3539 5275 per
3559 5205 3630 5257 te-

2062 5330 2194 5386 gent,
2219 5310 2439 5367 hteredes
2458 5317 2611 5374 sunt;
2639 5305 2895 5360 exinanita
2917 5313 2988 5358 est
3014 5301 3160 5373 ﬁdes,
3184 5309 3235 5355 et
3260 5307 3499 5354 euacuata
3522 5311 3636 5368 pro-

2130 5450 2143 5476 ι
2175 5443 2379 5530 Vaticani
2403 5447 2509 5488 uss.
2535 5443 2813 5487 constanter
2838 5433 3059 5491 tbahent,
3100 5444 3187 5495 per
3226 5444 3309 5491 rep
3334 5431 3467 5480 emi.
3488 5438 3635 5476 iit‘tt'm

2067 5507 2256 5558 donarit
2284 5512 2426 5554 Deus.

2076 5628 2087 5632 _
2129 5569 2150 5599 ¹
2171 5565 2393 5632 gallicani
2414 5568 2641 5632 tu.,‘per
2833 5555 2972 5619 :jam
2992 5554 3073 5605 hic
3094 5558 3387 5605 inonstrcuur
3403 5550 3635 5603 ἀωυιτιω

2067 5625 2267 5679 hominis
2280 5624 2330 5675 in
2345 5624 2447 5688 tege
2460 5621 2740 5688 item,
2767 5627 2865 5688 etc.

2136 5691 2157 5722 ⁸
2180 5678 2616 5737 t'aticani'aiss.'hic
2637 5690 2688 5734 et
2714 5681 2850 5737 infra.
2876 5678 3027 5743 posita
3045 5684 3134 5728 est.
