4014 6184
403 359 510 415 593

401 477 573 531 missio
598 489 620 530 .'
646 444 776 530 satis
801 471 1089 529 ostendens
1127 470 1192 526 ad
1213 469 1392 554 ﬁdem
1437 477 1669 524 nostram
1717 465 1988 537 pertinere

403 568 560 641 (quas
597 567 720 622 novi
751 575 930 635 utique
959 575 1042 619 est
1069 561 1436 632 Testamenti)
1467 559 1604 628 quod
1643 575 1738 630 per
1769 559 1992 629 promis-

401 659 610 713 sionem
639 657 854 713 donavit
885 655 1025 710 Deus
1054 654 1300 709 Abrahae.
1333 653 1401 707 Et
1441 651 1578 721 quod
1607 652 1680 705 ait
1707 651 1758 704 in
1787 651 1878 704 illo
1911 660 1991 703 te-

405 750 677 810 stimonio,
710 747 846 816 Quid
867 763 984 817 ergo
1011 745 1092 800 lex
1110 746 1136 800 γ
1161 753 1320 816 atque
1349 741 1644 812 respondit,
1677 739 1992 794 Prwvarica-

405 841 558 894 tionis
581 840 746 910 gratia
767 839 1030 908 proposita
1053 845 1127 890 est
1156 851 1176 890 .°
1202 837 1303 890 hoc
1333 834 1384 887 in
1412 835 1516 889 isto
1541 831 1776 888 subdidit
1799 832 1990 886 simili-

407 939 506 994 ter,
543 929 646 983 Lex
669 929 800 982 enim
827 929 957 981 iram
983 935 1219 998 aperatur
1248 941 1267 979 :
1293 925 1380 980 ubi
1404 924 1536 978 enim
1563 940 1664 978 non
1690 933 1761 977 est
1784 921 1884 992 lex,
1905 939 1994 976 nec

357 1077 364 1082 ,
407 1021 774 1091 ρναιυατίεαιίο.

475 1111 529 1166 8.
560 1110 682 1166 Sive
707 1110 865 1180 igitur
897 1107 1160 1163 Abraham
1181 1150 1195 1174 ,
1224 1106 1338 1162 sive
1372 1114 1496 1161 ante
1522 1105 1667 1160 illum
1693 1104 1844 1175 justi,
1877 1102 1990 1158 sive

400 1213 524 1276 post
553 1219 674 1258 eum
702 1219 867 1272 usque
893 1202 959 1256 ad
989 1203 1160 1270 ipsum
1185 1199 1401 1272 Moysen
1427 1239 1444 1266 ,
1488 1215 1583 1269 per
1619 1213 1778 1270 quem
1808 1196 1992 1252 datum

401 1305 484 1351 est
513 1295 912 1350 Testamentum
943 1307 973 1347 a
1003 1301 1186 1347 monte
1221 1290 1348 1347 Sina
1387 1290 1442 1345 in
1472 1290 1786 1344 servitutem
1828 1301 1994 1357 gene-

401 1399 548 1446 rans.
573 1385 685 1439 sive
713 1383 890 1450 caeteri
925 1381 1205 1452 Propheta:
1234 1389 1353 1450 post
1381 1395 1503 1436 eum
1533 1387 1588 1434 et
1615 1377 1783 1433 sancti
1815 1375 1990 1431 homi-

407 1491 506 1530 nes
537 1475 629 1530 Dei
663 1489 827 1544 usque
852 1473 918 1528 ad
943 1472 1204 1528 Joannem
1230 1472 1520 1541 Baptistam
1540 1511 1554 1536 ,
1600 1469 1691 1524 ﬁlii
1720 1478 1843 1523 sunt
1869 1481 1992 1538 pro—

401 1568 675 1624 missionis
699 1575 754 1622 et
778 1565 959 1636 gratia:
981 1562 1274 1636 secundum
1295 1562 1443 1617 Isaac
1465 1559 1631 1616 ﬁlium
1655 1557 1860 1623 liberte,
1883 1571 1988 1612 non

402 1677 468 1718 ex
500 1661 635 1732 lege,
666 1659 760 1716 sed
783 1633 850 1715 ex
881 1633 1234 1729 promis'sione
1261 1654 1503 1710 hteredes
1533 1651 1649 1720 Dei,
1682 1649 1990 1708 cohaeredes

400 1763 580 1808 autem
607 1752 825 1807 Christi.
872 1750 1026 1806 Absit
1051 1749 1195 1805 cnim
1227 1757 1282 1802 ut
1307 1745 1421 1803 Noe
1444 1746 1646 1817 justum
1669 1786 1683 1812 ,
1711 1755 1764 1800 et
1797 1745 1989 1815 prioris

405 1843 662 1914 temporis
685 1843 878 1914 justos,
911 1851 966 1898 et
991 1843 1311 1912 quicumque
1333 1839 1400 1895 ab
1429 1839 1518 1894 illo
1538 1853 1706 1909 usque
1727 1836 1794 1892 ad
1819 1837 1988 1892 Abra-

402 1935 526 1990 ham
553 1936 681 2004 justi
707 1949 826 1990 esse
859 1943 1145 2004 potuerunt
1165 1934 1246 1988 vel
1268 1931 1540 2002 conspicui
1563 1931 1644 1985 vel
1667 1931 1882 1997 occulti,
1904 1947 1990 1986 ne-

399 2039 590 2094 gemus
616 2023 682 2079 ad
701 2039 986 2095 supernam
1007 2023 1323 2090 Jerusalem,
1347 2037 1465 2092 qua:
1485 2029 1658 2076 mater
1681 2029 1864 2076 nostra
1883 2030 1985 2086 est,

411 2117 716 2186 pertinere;
743 2117 984 2187 quamvis
1010 2115 1306 2170 anteriores
1337 2123 1576 2186 tempore
1607 2115 1624 2146 ²
1653 2115 1990 2170 inveniantur

399 2224 520 2264 esse
561 2224 718 2280 quam
761 2209 926 2275 Sara,
966 2223 1084 2278 qua:
1110 2207 1278 2278 ipsius
1307 2206 1490 2261 liberas
1531 2206 1717 2260 matris
1759 2203 1989 2276 prepbe-

402 2303 528 2354 tiam
571 2301 898 2370 ﬁguramque
937 2298 1175 2370 gestabat
1215 2299 1258 2350 '.
1289 2296 1499 2365 Quanto
1525 2296 1825 2353 evidentius
1859 2311 1987 2367 ergo

404 2399 525 2459 post
550 2390 840 2454 Abraham,
867 2391 949 2444 cui
973 2390 1048 2444 sic
1073 2389 1340 2444 declarata
1362 2396 1444 2443 est
1466 2389 1578 2457 ipsa
1603 2387 1916 2458 promissio,
1932 2395 1988 2440 ut

403 2491 554 2550 pater
582 2481 864 2535 multarum
892 2479 1127 2551 gentium
1157 2478 1426 2533 diceretur
1455 2475 1608 2550 (Gen.
1640 2492 1752 2532 xvtt
1777 2518 1792 2542 ,
1824 2477 1876 2544 4,
1903 2477 1986 2548 5);

403 2573 726 2641 quicumque
769 2571 878 2625 Deo
933 2571 1282 2640 placuerunt,
1335 2567 1426 2622 ﬁlii
1483 2567 1851 2637 promissionis
1895 2567 1988 2622 ha-

402 2665 560 2719 bendi
605 2664 764 2718 sunt?
806 2663 922 2719 Non
953 2663 1094 2718 enim
1136 2679 1202 2718 ex
1243 2660 1508 2716 Abraham
1547 2669 1602 2716 et
1626 2661 1879 2731 deinceps
1904 2659 1988 2732 jus

401 2770 602 2810 storum
633 2757 910 2828 generatio
939 2756 1148 2822 verior,
1190 2753 1283 2811 sed
1327 2755 1606 2826 prophetia
1647 2754 1987 2812 manifesuor

399 2849 680 2916 reperitur.

468 2939 524 2994 9.
552 2939 632 2992 Ad
653 2938 1054 2993 Testamentum
1081 2945 1258 2993 autem
1281 2945 1455 3002 vetus,
1479 2937 1620 3008 quod
1647 2947 1730 2993 est
1751 2953 1780 2993 a
1805 2947 1988 2994 monte

399 3031 522 3085 Sina
555 3031 606 3084 in
637 3031 946 3086 servitutem
973 3045 1258 3101 generans,
1290 3030 1433 3102 quod
1461 3039 1544 3086 est
1566 3031 1731 3102 Agar,
1760 3031 1832 3086 illi
1867 3045 1988 3101 per-

400 3113 612 3190 tinent,
639 3124 726 3193 qui
758 3139 880 3178 cum
911 3124 1218 3193 acceperint
1242 3123 1412 3194 legem
1441 3131 1678 3178 sanctam
1703 3132 1759 3180 et
1783 3123 1984 3195 justam

401 3223 455 3267 et
481 3212 698 3278 bonum,
729 3215 919 3283 putant
941 3213 1040 3267 sibi
1065 3211 1132 3267 ad
1161 3213 1346 3278 vitam,
1375 3211 1605 3267 litteram
1646 3227 1806 3284 posse
1832 3211 1983 3267 sufﬁ-

398 3317 524 3356 ccre
552 3321 566 3356 :
595 3311 650 3357 et
678 3302 800 3358 ideo
827 3318 929 3373 qua
958 3301 1086 3356 ﬁant
1113 3302 1340 3358 factores
1368 3302 1524 3373 legis,
1561 3301 1793 3357 divinam
1819 3303 1985 3358 mise-

400 3397 683 3451 ricordiam
715 3413 820 3452 non
863 3397 1187 3466 requirunt;
1225 3395 1322 3452 sed
1358 3397 1666 3466 ignorantes
1704 3395 1799 3452 Dei
1825 3395 1988 3467 justl-

401 3488 550 3552 tiam,
581 3495 636 3542 et
657 3502 808 3542 suam
827 3487 1093 3556 justitiam
1120 3486 1364 3542 volentes
1387 3487 1738 3553 constituere,
1763 3487 1986 3556 justitiac

402 3577 494 3631 Dei
537 3595 640 3632 non
681 3588 804 3632 sunt
839 3577 1063 3647 subjecti
1097 3577 1275 3648 (Rom.
1304 3593 1336 3632 χ
1359 3617 1373 3642 ,
1399 3575 1478 3650 5).
1523 3575 1600 3630 Ex
1645 3575 1748 3632 hoc
1789 3593 1987 3648 genere

403 3669 498 3721 fuit
542 3669 629 3722 illa
670 3668 956 3722 multitudo
982 3709 996 3734 ,
1039 3684 1158 3737 quae
1194 3668 1449 3725 adversus
1497 3669 1662 3723 Deum
1703 3669 1755 3723 in
1802 3685 1987 3724 eremo

402 3757 768 3821 nmrmuravit,
803 3765 859 3813 et
888 3759 1084 3813 idolum
1113 3759 1276 3824 fecit,
1305 3768 1360 3814 et
1388 3759 1477 3814 illa
1507 3775 1624 3830 qua:
1651 3761 1758 3828 jam
1791 3759 1844 3813 in
1875 3760 1986 3830 ipsa

401 3857 540 3903 terra
566 3850 934 3919 promissionis
959 3851 1216 3904 fornicata
1238 3859 1322 3906 est
1338 3859 1461 3922 post
1481 3850 1610 3906 deos
1630 3853 1854 3908 alienos.
1879 3851 1986 3907 Sed

405 3937 518 3993 [nec
550 3941 600 3993 in
644 3939 760 4009 ipso
796 3957 1004 4011 quoque
1031 3951 1214 3996 vetere
1243 3941 1589 3996 Testamento
1615 3943 1768 3998 valde
1805 3960 1992 4013 repro-

404 4030 523 4084 bata
554 4039 638 4085 est
664 4031 962 4085 multitudo.
1009 4031 1087 4086 llli
1116 4031 1275 4086 etiam
1297 4073 1312 4098 ,
1344 4033 1665 4103 quicumque
1695 4034 1763 4088 ibi
1804 4045 1988 4102 erant,

401 4122 512 4175 sola
539 4138 658 4191 quae
687 4123 756 4176 ibi
787 4123 925 4178 Deus
953 4125 1233 4198 lelicetur
1257 4134 1466 4178 terrena
1491 4125 1756 4194 promissa
1780 4136 1990 4182 sectan-

404 4217 483 4264 tes
505 4252 517 4273 ,
549 4221 602 4265 et
632 4212 754 4281 quid
787 4229 884 4282 pro
915 4229 1053 4269 novo
1081 4213 1430 4269 Testamento
1457 4229 1518 4268 ea
1547 4215 1660 4286 ipsa
1687 4217 1992 4286 significent

402 4302 726 4371 ignorantes,
750 4321 933 4360 eorum
960 4307 1424 4378 adipiscendorum
1448 4325 1633 4365 amore
1659 4321 1714 4365 et
1737 4312 1991 4368 amitten-

399 4391 589 4446 dorum
623 4395 829 4460 timore,
861 4397 950 4451 Dei
981 4407 1244 4468 praecepta
1267 4400 1585 4467 servabant;
1617 4401 1723 4455 imo
1751 4419 1855 4458 non
1877 4421 1991 4460 ser-

401 4484 620 4550 vabant,
649 4485 742 4539 sed
763 4487 864 4540 sibi
889 4501 1104 4542 servare
1130 4489 1462 4544 videbantur.
1487 4489 1671 4560 Neque
1693 4493 1834 4546 enim
1856 4493 1989 4550 ﬁdes

401 4575 452 4628 in
482 4577 561 4630 eis
592 4591 685 4644 per
711 4577 1050 4632 dilectionem
1093 4581 1416 4649 Operabatur
1443 4580 1634 4655 (Galat.
1670 4599 1732 4649 v,
1764 4584 1856 4655 6),
1884 4586 1980 4640 sed

402 4674 614 4720 terrena
641 4667 903 4736 cupiditas
934 4680 1212 4740 metusque
1241 4673 1489 4726 carnalis.
1518 4671 1607 4728 Sic
1636 4683 1812 4728 autem
1845 4691 1987 4744 prze-

400 4769 552 4823 cepta
584 4761 672 4828 qui
705 4761 848 4825 facit,
875 4763 1064 4832 procul
1094 4763 1255 4818 dubio
1282 4765 1479 4820 invitus
1505 4765 1658 4828 facit;
1682 4783 1744 4821 ac
1767 4783 1860 4837 per
1881 4769 1985 4825 huc

404 4852 454 4904 in
490 4852 669 4904 animo
711 4869 814 4906 non
843 4853 1014 4909 facit:
1049 4856 1216 4926 magis
1254 4857 1367 4911 vult
1393 4857 1414 4888 ³
1443 4859 1585 4912 enim
1621 4860 1840 4913 omnino
1879 4877 1986 4915 non

399 4939 597 5004 facere,
645 4943 688 4996 si
716 4945 1008 4998 secundum
1039 4962 1100 5000 ea
1127 4962 1245 5016 qua:
1269 4948 1413 5018 Cupit
1443 4957 1498 5002 et
1527 4951 1735 5014 metuit,
1773 4953 1989 5018 permit-

403 5043 543 5086 tatur
575 5035 812 5103 impune.
853 5041 931 5092 Ac
966 5053 1062 5107 per
1089 5039 1190 5093 hoc
1219 5041 1270 5092 in
1299 5040 1408 5109 ipsa
1437 5041 1708 5096 voluntate
1740 5041 1880 5096 intus
1907 5053 1990 5098 est

399 5139 544 5186 reus,
581 5125 666 5178 ubi
695 5126 805 5195 ipse
829 5128 918 5196 qui
949 5127 1186 5198 przrcipit
1217 5117 1422 5200 inspicit
1457 5132 1616 5188 Deus.
1656 5133 1812 5188 Tales
1836 5147 1990 5191 erant

403 5213 494 5264 lilii
529 5222 754 5270 terrena:
783 5217 1113 5284 Jerusalem,
1143 5220 1211 5274 de
1235 5235 1335 5289 qua
1363 5220 1491 5275 dicit
1517 5223 1803 5290 Apostolus
1823 5266 1837 5290 ,
1865 5225 1987 5280 Ser-

401 5305 465 5354 vit
493 5305 625 5357 enim
653 5321 764 5358 cum
793 5309 912 5375 ﬁliis
942 5311 1060 5371 suis,
1093 5311 1362 5378 pertinens
1383 5314 1449 5368 ad
1470 5313 1868 5371 Testamentum
1901 5334 1990 5374 ve-

404 5401 487 5447 tus
513 5410 541 5445 α
569 5405 736 5449 monte
763 5397 892 5452 Sina
919 5399 968 5452 in
995 5400 1277 5454 servitutem
1296 5419 1561 5472 generatis,
1592 5407 1726 5474 quod
1751 5417 1821 5461 est
1850 5409 1988 5470 Λαυρ·

467 5567 641 5647 :ffliti,
664 5574 880 5630 quamvis
923 5573 1163 5626 teneriore
1210 5583 1436 5641 tempore.
1480 5589 1604 5642 Mss,
1651 5584 1865 5647 φαίνω-εδ
1905 5601 1990 5636 αη-

399 5635 600 5679 teriores
615 5639 842 5690 trmpore.

464 5692 485 5759 ξ
504 5692 724 5759 Gallimni
748 5703 878 5759 Mss,
893 5703 1062 5759 gestat.

467 5753 486 5784 ³
510 5757 580 5802 sic
599 5759 738 5806 Vatic.
767 5753 869 5806 Mss."
893 5753 1031 5815 illiti.
1053 5759 1246 5810 nstruit.

1756 350 1958 408 usus
1997 337 2316 409 manus.

3580 363 3686 416 593

2103 464 2296 538 (Gatat.
2322 483 2397 532 IV,
2423 466 2513 531 ‘25,
2539 467 2646 538 24).
2681 469 2752 524 Ex
2782 470 2897 539 ipso
2921 485 3116 539 genere
3135 469 3370 536 fuerunt,
3393 474 3484 545 qui
3509 475 3683 530 Domi-

2103 571 2228 610 nu-m
2255 557 2677 624 cruciﬁxcrunt,
2711 569 2766 614 et
2809 560 2859 614 in
2898 561 3085 616 eadem
3119 561 3432 620 inﬁdelitate
3473 581 3685 620 manse-

2101 655 2243 700 runt.
2295 647 2420 704 lude
2463 659 2586 703 sunt
2625 649 2799 705 adhuc
2829 652 2988 706 etiam
3034 653 3127 708 lilii
3157 669 3344 710 eorum
3392 655 3443 710 in
3485 657 3685 726 ingenti

2101 738 2444 796 multitudine
2491 742 2820 809 Judarorum,
2871 745 3114 813 quamvis
3153 747 3262 816 jam
3311 763 3450 802 novo
3498 750 3686 804 Testa-

2099 835 2302 894 mento,
2335 830 2470 884 sicut
2499 835 2868 900 pmpbetatum
2893 845 2994 898 est,
3023 850 3117 904 per
3144 837 3340 891 Christi
3371 841 3684 908 sanguinem

2099 922 2362 988 patefacto
2401 932 2560 993 atque
2587 925 2797 979 firmato
2817 968 2830 992 ,
2874 935 2929 981 et
2953 942 2984 981 a
3015 927 3233 983 ﬁumine
3263 929 3350 984 ubi
3392 931 3686 999 baptizatus

2097 1013 2571 1082 magisteriumquc
2611 1015 2880 1084 professus
2914 1028 2992 1072 est
3037 1017 3249 1090 (Matth.
3289 1038 3381 1081 Ill.
3425 1022 3514 1087 l6,
3556 1025 3642 1095 l7)
3669 1067 3682 1088 ,

2099 1115 2269 1170 usque
2304 1103 2370 1156 ad
2413 1105 2668 1160 terminos
2708 1115 2865 1161 terra:
2911 1108 3198 1180 Evangelio
3242 1110 3534 1166 dilfamato.
3585 1117 3683 1180 Qui

2097 1189 2268 1246 Judaei
2299 1235 2314 1259 ,
2383 1195 2677 1248 secundum
2739 1196 3046 1266 prophetias
3103 1215 3235 1270 quas
3299 1203 3518 1272 legunt,
3593 1221 3686 1274 per

2098 1297 2285 1339 omnes
2329 1295 2455 1340 sunt
2503 1297 2675 1341 terras
2719 1287 2916 1358 ubique
2965 1289 3236 1360 dispersi,
3286 1304 3342 1346 ut
3389 1310 3454 1348 ex
3499 1311 3684 1350 eorum

2096 1393 2309 1449 quoque
2335 1379 2609 1438 codicibus
2647 1379 2962 1439 Christiana)
3001 1398 3109 1439 non
3152 1385 3292 1440 desit
3321 1387 3681 1442 testimonium

2095 1470 2330 1525 veritati.

2167 1561 2254 1617 lO.
2287 1563 2356 1617 Et
2394 1572 2544 1622 vetus
2581 1565 2740 1638 igitur
2779 1567 3178 1625 Testamentum
3225 1570 3365 1625 Deus
3406 1569 3684 1626 condidit:

2093 1653 2218 1724 quia
2250 1655 2360 1711 Dco
2398 1657 2624 1726 placuit,
2675 1674 2841 1728 usque
2885 1659 2954 1714 ad
3002 1647 3382 1730 plenitudinem
3429 1661 3684 1730 temporis

2095 1745 2374 1814 promissis
2403 1749 2626 1802 terrenis
2653 1757 2900 1820 tanquam
2929 1751 2980 1804 in
3007 1751 3224 1820 praemio
3248 1751 3546 1806 constitutis
3573 1767 3681 1821 pro-

2095 1836 2256 1890 missa
2299 1838 2476 1894 velare
2518 1839 2792 1906 coelestia;
2837 1849 2892 1895 ct
2932 1843 3128 1911 populo
3164 1843 3388 1896 terrenis
3417 1841 3569 1897 bonis
3599 1845 3682 1896 in-

2095 1927 2291 1995 bianti,
2334 1939 2389 1984 et
2437 1941 2716 2002 propterea
2764 1933 2955 1988 durum
3000 1950 3096 1988 cor
3147 1935 3393 2001 babenti,
3445 1937 3684 2006 quamvis

2093 2021 2452 2090 spiritualem,
2505 2032 2680 2078 tamen
2731 2025 2786 2079 in
2832 2025 3026 2080 tabulis
3064 2025 3285 2096 lapideis
3325 2027 3494 2096 legem
3531 2027 3678 2082 dare.

2093 2109 2344 2180 Exceptis
2373 2114 2566 2182 quippe
2593 2113 2872 2169 Librorum
2903 2125 3140 2170 veterum
3170 2117 3535 2184 sacramentis,
3564 2135 3682 2189 qua:

2091 2203 2204 2257 sola
2234 2203 2568 2273 signiﬁcandi
2599 2207 2802 2262 ratione
2835 2217 3095 2278 princepta
3124 2219 3247 2263 sunt
3279 2209 3600 2281 (quanquam
3628 2223 3683 2266 ct

2091 2292 2146 2348 in
2173 2294 2281 2358 eis,
2316 2296 2566 2366 quoniam
2597 2297 2944 2366 spiritualiter
2973 2299 3311 2370 intelligenda
3347 2311 3505 2366 sunt,
3539 2313 3683 2358 recte

2093 2383 2178 2438 lex
2206 2383 2401 2440 dicitur
2427 2385 2772 2458 spiritualis);
2799 2399 2991 2444 caetera
3021 2402 3167 2444 certe
3196 2407 3313 2460 qua:
3339 2391 3410 2446 ad
3432 2393 3681 2462 pietatem

2091 2473 2368 2546 bonosque
2397 2491 2575 2533 mores
2605 2479 2950 2548 pertinentia,
2988 2496 3098 2534 non
3126 2481 3191 2535 ad
3222 2483 3450 2552 aliquam
3481 2485 3682 2554 signifi-

2090 2566 2353 2622 cationem
2394 2568 2500 2623 ulla
2539 2569 2976 2639 interpretatione
3005 2571 3312 2635 referenda,
3345 2572 3440 2627 sed
3465 2589 3684 2642 prorsus

2091 2665 2151 2712 ut
2169 2667 2295 2712 sunt
2313 2658 2474 2724 dicta,
2497 2657 2740 2715 facienda
2761 2668 2919 2715 sunt:
2943 2658 3188 2731 profecto
3205 2663 3346 2716 illam
3370 2663 3457 2718 Dei
3487 2665 3680 2734 legem,

2091 2763 2198 2805 non
2228 2750 2398 2805 solum
2429 2751 2659 2806 illi.tunc
2687 2752 2880 2822 popqu
2899 2792 2917 2820 ,
2947 2767 3129 2807 verum
3159 2753 3318 2808 etiam
3358 2769 3500 2810 nunc
3529 2756 3684 2810 nobis

2090 2841 2159 2897 ad
2187 2832 2560 2898 instituendam
2591 2853 2738 2898 recte
2767 2845 2926 2898 vitam
2956 2847 3312 2900 necessariam
3344 2862 3502 2902 nemo
3531 2847 3684 2902 dubi-

2092 2932 2302 2988 taverit.
2333 2931 2400 2988 Si
2416 2933 2560 2988 enim
2583 2931 2826 2990 Christus
2851 2935 3006 2990 nobis
3029 2935 3248 2991 abstulit
3271 2937 3400 2992 illud
3423 2940 3682 3008 gravissi-

2091 3035 2240 3076 mum
2266 3022 2550 3078 multarum
2587 3024 3038 3082 Observationum
3055 3027 3240 3098 jugum
3259 3069 3276 3095 ,
3307 3044 3372 3084 ne
3399 3031 3700 3102 carnaliter

2090 3109 2558 3181 circumcidamur,
2589 3131 2657 3170 ne
2684 3129 2936 3184 pecorum
2963 3117 3206 3172 victimas
3235 3118 3588 3186 immolemus,
3617 3138 3684 3178 ne

2093 3201 2316 3257 sabbato
2342 3214 2562 3276 septeno
2588 3205 2795 3261 dierum
2827 3207 3096 3265 volumine
3125 3209 3382 3266 redeunte
3411 3211 3478 3266 ab
3501 3215 3683 3284 Operi—

2092 3289 2193 3346 bus
2221 3293 2380 3348 etiam
2410 3296 2726 3350 necessariis
2763 3297 3136 3368 quiescamus,
3178 3310 3232 3356 et
3273 3311 3464 3357 caetera
3506 3304 3686 3374 hujus-

2093 3383 2270 3452 modi,
2296 3385 2390 3441 sed
2417 3401 2480 3440 ea
2511 3387 2856 3458 spiritualiter
2883 3390 3148 3446 intellecta
3179 3399 3480 3456 teneamus,
3511 3409 3681 3450 remo-

2093 3473 2265 3545 tisque
2293 3475 2494 3531 umbris
2530 3475 2952 3547 signiﬁcantibus
2989 3481 3043 3535 in
3083 3497 3258 3538 rerum
3297 3479 3532 3552 ipsarum
3567 3502 3686 3556 qua:

2093 3565 2457 3636 signiﬁcantur
2493 3567 2612 3624 luce
2643 3568 2921 3639 vigilemus
2951 3589 2965 3626 :
2998 3571 3253 3643 numquid
3285 3584 3564 3646 propterea
3602 3579 3685 3634 di.-

2093 3658 2230 3713 cturi
2258 3673 2462 3724 sumus,
2491 3676 2597 3716 non
2626 3661 2692 3716 ad
2719 3676 2817 3716 nos
2841 3664 3108 3732 pertinere
3133 3665 3272 3735 quod
3299 3668 3682 3737 scriptumest,

2095 3757 2152 3802 ut
2178 3749 2409 3804 alienum
2439 3751 2810 3823 quodcumque
2841 3753 3104 3822 perditum
3135 3755 3373 3825 quisquis
3402 3759 3679 3822 invenerit,

2094 3841 2282 3898 reddat
2309 3843 2356 3899 ei
2397 3845 2484 3914 qui
2515 3845 2748 3916 perdidit
2773 3845 2955 3917 (Leuit.
2983 3863 3036 3902 vi
3056 3889 3071 3913 ,
3100 3848 3155 3914 5,
3182 3848 3276 3918 4);
3306 3849 3502 3906 ctalia.
3521 3854 3682 3906 multa

2094 3935 2308 4002 similia,
2339 3938 2528 4006 quibus
2555 3939 2640 4008 pie
2667 3949 2917 4009 recteque
2946 3941 3125 3996 vivere
3154 3943 3396 4008 discitur,
3427 3945 3684 3998 maxime-

2094 4042 2198 4096 que
2225 4028 2394 4096 ipsum
2419 4031 2758 4100 Dccalogum,
2779 4034 2870 4100 qui
2897 4032 3103 4088 duabus
3126 4033 3231 4088 illis
3249 4035 3470 4104 lapideis
3493 4037 3702 4106 tabulis,

2093 4121 2416 4188 Continetur,
2446 4133 2674 4194 excepta.
2689 4127 2892 4180 sabbati
2919 4127 3294 4183 observatione
3319 4130 3540 4196 carnali,
3564 4145 3684 4200 qua:

2095 4214 2422 4280 spiritualem
2471 4215 2944 4272 sanctiﬁcationem
2997 4220 3338 4290 quietemque
3387 4223 3684 4292 signiﬁcat?

2095 4303 2224 4374 Quis
2248 4304 2389 4359 enim
2415 4304 2558 4360 dicat
2583 4321 2687 4360 non
2715 4307 2911 4364 debere
2937 4310 3221 4367 observare
3244 4311 3598 4382 Christianos,
3629 4329 3686 4370 ut

2097 4397 2186 4450 uui
2218 4397 2326 4451 Deo
2356 4398 2625 4468 religionis
2651 4398 2906 4468 obsequio
2934 4402 3228 4471 serviatur,
3262 4416 3318 4458 ut
3347 4405 3545 4461 idolum
3580 4423 3683 4462 non

2095 4487 2334 4552 colatur,
2363 4498 2419 4542 ut
2457 4503 2651 4544 nomen
2684 4491 2890 4546 Domini
2921 4508 3026 4548 non
3056 4495 3348 4566 accipiatur
3387 4499 3437 4552 in
3469 4515 3681 4560 νιιιιιηιι,

2097 4586 2153 4631 ut
2181 4589 2425 4646 parentes
2453 4578 2802 4648 honorentur,
2832 4599 2901 4638 ne
2927 4585 3210 4649 adulteria,
3242 4590 3545 4651 homicidia,
3576 4591 3684 4644 fur-

2097 4680 2170 4734 ta,
2196 4669 2323 4723 falsa
2352 4670 2652 4726 testimonia
2679 4685 3071 4743 perpetrentur,
3099 4693 3167 4732 ne
3193 4693 3348 4742 uxor,
3377 4695 3444 4732 ne
3467 4683 3684 4734 omnino

2095 4775 2181 4813 res
2225 4761 2327 4812 ulla
2367 4763 2772 4831 concupiscatur
2817 4765 2988 4820 aliena
3033 4765 3229 4835 (Exod.
3259 4769 3392 4839 1x)?
3431 4769 3560 4836 Quis
3602 4781 3685 4824 est

2097 4857 2201 4902 tam
2231 4849 2444 4917 impius,
2474 4853 2562 4919 qui
2589 4852 2730 4908 dicat
2757 4853 2878 4909 ideo
2907 4869 2966 4910 se
2995 4856 3092 4910 ista
3125 4857 3253 4926 legis
3282 4873 3386 4911 non
3417 4860 3684 4912 Custodit-tt

2096 4951 2381 5012 praecepta,
2409 4944 2530 5012 quia
2561 4955 2642 4999 est
2669 4946 2781 5015 ipse
2809 4946 3150 5012 Christianus,
3181 4963 3277 5002 nec
3301 4949 3400 5004 sub
3425 4950 3559 5022 lege,
3587 4955 3680 5006 sed

2095 5034 2194 5087 sub
2221 5035 2386 5103 gratia
2415 5037 2769 5092 constitutus?

2167 5128 2252 5180 ll.
2289 5126 2481 5182 Verum
2527 5129 2642 5184 lucc
2687 5130 2842 5200 plane
2883 5145 3068 5201 magna
3108 5131 3356 5187 distantia
3395 5143 3509 5201 est,
3543 5140 3681 5206 quod

2096 5213 2294 5272 faciunt
2321 5219 2420 5272 ista
2446 5219 2548 5274 sub
2573 5220 2690 5290 lege
2717 5222 2892 5290 positi,
2917 5237 3051 5291 quos
3077 5223 3251 5278 littera
3273 5225 3486 5289 occidit.
3517 5235 3684 5282 terre-

2099 5325 2218 5364 nam
2259 5310 2560 5366 felicitatem
2598 5313 2680 5367 vel
2711 5312 2998 5382 cupiditate
3023 5313 3349 5385 adipiscendi
3377 5319 3462 5374 vel
3491 5322 3684 5377 timore

2096 5399 2366 5454 amittendi
2401 5419 2412 5454 :
2444 5411 2497 5456 et
2537 5401 2654 5455 ideo
2701 5418 2804 5456 non
2844 5419 2969 5457 vere
3009 5405 3238 5473 faciunt;
3277 5411 3528 5476 quoniam
3567 5427 3683 5466 car—

2099 5492 2231 5544 nalis
2251 5491 2530 5558 t'Upiditas,
2553 5509 2652 5562 qua
2675 5505 2950 5564 peccatum
2973 5508 3333 5555 commutatur
3359 5503 3536 5570 potius
3559 5505 3638 5558 vel
3663 5505 3680 5536 '

2098 5592 2336 5650 augetur.
2367 5583 2652 5652 cupiditate
2676 5586 2778 5638 alia
2809 5605 2911 5642 non
2937 5600 3172 5644 sanatur.
3212 5593 3268 5646 lli
3297 5595 3360 5648 ad
3392 5607 3540 5649 vetus
3565 5611 3685 5665 pei-
3751 5623 3756 5628 ι

2102 5715 2178 5825 re;
2221 5715 2299 5764 llic
2361 5722 2462 5765 Mss.
2520 5722 2804 5772 auctoritate
2861 5723 3110 5786 addimus,
3159 5737 3472 5780 commutatur
3525 5745 3552 5788 ,πρ
3604 5731 3678 5788 ius

3705 1495 3752 1552 εη,
