4014 6184
537 229 566 259 κ

313 328 416 386 ωε

317 455 485 504 tinent
497 446 916 512 Testamentum,
940 447 1080 517 quod
1106 447 1157 501 in
1177 448 1484 501 servitutem
1505 454 1750 513 generat;
1773 442 1894 510 quia

317 538 442 595 facit
467 554 562 596 eos
585 540 814 594 carnalis
837 539 999 594 timor
1022 547 1076 592 et
1097 536 1358 608 cupiditas
1382 550 1584 591 servos.
1611 549 1714 587 non
1736 547 1900 586 cvan-

315 631 484 701 geliea
507 631 638 686 iich
661 640 718 687 et
737 645 860 700 spes
883 639 940 687 et
959 629 1189 684 Charitas
1209 629 1427 684 liberos.
1453 625 1562 681 Sub
1581 623 1748 693 gratia
1772 637 1898 676 Vt‘l'o

319 723 512 790 positi,
545 737 682 794 quos
710 721 944 778 viviﬁcat
971 721 1234 792 Spiritus,
1265 735 1329 774 ex
1360 718 1463 773 iide
1485 719 1502 749 ⁸
1535 717 1633 771 ista
1677 714 1896 780 iaciunt,

319 829 440 884 quae
470 829 565 884 per
591 813 929 870 dilectionem
957 823 1238 884 operatur,
1268 810 1322 867 in
1349 826 1444 880 spe
1471 810 1758 869 bonorum,
1793 818 1899 861 non

319 903 634 967 carnalium,
656 902 750 958 sed
770 903 1144 974 spiritualium,
1171 917 1276 955 non
1299 909 1650 962 terrenornm,
1669 895 1767 954 sed
1786 908 1900 950 cm-

322 991 557 1058 icstium,
583 1007 690 1048 non
717 993 1110 1063 temporalium,
1137 991 1229 1049 sed
1255 997 1610 1050 aeternorum;
1638 984 1902 1055 prtecipue

323 1083 606 1140 credentes
627 1084 680 1138 in
701 1082 1068 1146 illediatorem,
1092 1097 1186 1152 per
1203 1095 1362 1152 quem
1381 1078 1482 1135 sibi
1506 1091 1613 1132 non
1639 1075 1900 1142 dubitant,

327 1182 378 1228 et
401 1173 646 1243 spiritum
671 1173 856 1245 gratia:
883 1172 1296 1235 subministrari,
1322 1178 1380 1224 ut
1403 1169 1540 1224 bene
1565 1168 1661 1222 ista
1688 1165 1900 1232 iaciant,

325 1273 380 1318 et
408 1265 609 1335 ignosci
636 1279 794 1334 posse
819 1278 940 1319 cum
970 1271 1209 1333 peccant.
1241 1261 1302 1316 ili
1335 1259 1598 1330 pertinent
1625 1255 1692 1313 ad
1715 1255 1905 1310 Testa-

326 1363 561 1411 mentum
592 1369 786 1410 novum
805 1395 822 1423 ,
853 1354 949 1410 lilii
987 1351 1352 1424 promissionis
1371 1391 1386 1414 ,
1429 1350 1726 1420 regenerati
1747 1348 1768 1378 ⁸
1798 1345 1906 1400 Deo

329 1452 478 1512 patre
505 1453 558 1497 et
585 1442 750 1498 libera
779 1452 966 1498 matre.
996 1441 1162 1512 Hujus
1197 1441 1408 1511 generis
1448 1438 1662 1493 luerunt
1703 1434 1904 1504 antiqui

327 1546 515 1588 omnes
538 1532 667 1602 justi
687 1573 703 1598 ,
735 1541 792 1586 et
813 1533 927 1603 ipse
950 1532 1155 1604 Moyses
1181 1531 1505 1586 Testamenti
1545 1529 1784 1584 minister
1813 1541 1906 1581 ve-

331 1622 474 1689 teris,
505 1619 680 1678 hacres
706 1624 862 1690 novi;
893 1623 1017 1695 quia
1041 1639 1108 1681 ex
1137 1621 1241 1680 lide
1263 1637 1368 1694 qua
1396 1637 1494 1678 nos
1515 1621 1772 1684 vivimus,
1802 1634 1906 1674 una

329 1713 625 1784 eademque
655 1713 935 1783 vixerunt,
971 1713 1423 1776 incarnationem,
1455 1712 1790 1782 passionem,
1820 1725 1908 1762 re-

329 1803 822 1874 surrectionemque
840 1803 1038 1859 Christi
1057 1802 1335 1858 credentes
1356 1799 1606 1864 futuram,
1629 1814 1784 1870 quam
1812 1813 1910 1853 nos

331 1895 598 1950 credimus
625 1893 814 1950 iactam
838 1913 852 1952 :
877 1906 1042 1965 usque
1060 1895 1128 1950 ad
1149 1895 1318 1964 ipsum
1339 1893 1597 1948 Joannem
1617 1889 1688 1946 Ba
1698 1889 1908 1960 ptistam

331 1986 484 2057 quasi
511 1985 792 2057 praeteritae
816 1985 1226 2057 dispensationis
1249 1984 1472 2040 limitem
1496 1981 1799 2052 quemdam,
1821 1979 1908 2050 qui

331 2075 678 2132 Mediatorem
707 2074 880 2146 ipsum
908 2090 1013 2129 non
1041 2074 1214 2144 aliqua
1241 2073 1425 2128 umbra
1451 2069 1610 2126 futuri
1631 2112 1646 2135 ,
1676 2069 1758 2122 vel
1783 2067 1910 2124 alle-

331 2164 513 2234 gorica
549 2163 962 2236 signiﬁcatione,
1002 2163 1087 2219 vel
1125 2161 1228 2217 ulla
1258 2157 1561 2232 prophetica
1595 2157 1912 2230 prtenuntia-

335 2253 482 2308 tione
517 2261 800 2308 venturum
836 2268 956 2309 esse
991 2253 1328 2324 signiﬁcans;
1367 2250 1460 2306 sed
1499 2250 1662 2320 digito
1687 2249 1910 2305 demon-

336 2353 511 2398 Stratis
549 2343 654 2409 ait,
696 2342 826 2398 Ecce
856 2345 1029 2414 Agnus
1071 2341 1195 2410 Dei,
1226 2359 1338 2396 ecce
1363 2339 1449 2412 qui
1486 2340 1615 2394 tollit
1655 2348 1913 2409 peccatum

337 2431 515 2484 mundi
557 2417 737 2503 (Joan.
763 2447 818 2498 ι,
842 2429 980 2500 9.9):
1022 2441 1268 2501 tanquam
1306 2429 1521 2490 dicens.
1553 2427 1720 2497 Quem
1763 2425 1914 2482 multi

333 2521 464 2594 justi
486 2521 666 2578 videre
683 2524 1087 2592 concupierunt,
1111 2522 1162 2576 in
1184 2537 1339 2590 quem
1360 2529 1637 2575 venturum
1663 2517 1730 2572 ab
1750 2517 1914 2588 ipsius

335 2613 554 2672 humani
592 2613 806 2686 generis
841 2613 994 2668 initio
1031 2612 1404 2680 crediderunt,
1446 2611 1514 2668 de
1551 2624 1658 2680 quo
1685 2607 1915 2664 Abrabaé

334 2705 492 2764 dicite
519 2715 642 2760 sunt
669 2704 1046 2777 promissiones
1065 2747 1080 2773 ,
1110 2699 1177 2760 de
1205 2719 1310 2776 quo
1338 2703 1550 2772 scripsit
1579 2701 1816 2774 Moyses.
1847 2699 1914 2758 de

334 2809 442 2867 quo
476 2794 584 2850 Lex
621 2803 676 2850 et
713 2793 990 2864 Prophetas
1033 2802 1159 2849 sunt
1193 2801 1390 2860 testes;
1418 2789 1554 2848 Ecce
1587 2789 1759 2864 Agnus
1796 2788 1912 2857 Dei,

333 2901 448 2943 ecce
467 2885 557 2957 qui
579 2886 707 2942 tollit
731 2893 992 2958 peccatum
1017 2884 1212 2940 mundi.
1240 2883 1322 2940 Ab
1346 2884 1448 2940 hoc
1463 2883 1668 2938 Joanne
1689 2893 1742 2938 et
1766 2882 1918 2938 dein-

333 2989 462 3047 ceps
489 2986 766 3048 coeperunt
804 2976 871 3032 de
896 2973 1111 3030 Christo
1139 2975 1252 3031 ﬁeri
1278 2973 1540 3046 prmterita
1567 2973 1650 3028 vel
1677 2986 1912 3042 praesen-

334 3066 442 3132 tia,
467 3081 587 3137 qua:
623 3064 692 3122 ab
729 3064 837 3122 illis
873 3066 1123 3120 omnibus
1154 3064 1436 3120 anterioris
1475 3063 1726 3133 temporis
1758 3059 1917 3132 iustis

334 3155 714 3223 credebantur,
735 3156 1108 3226 sperabantur,
1132 3154 1574 3211 desiderabantur
1597 3151 1788 3210 futura.
1814 3148 1919 3209 Ea-

337 3247 462 3303 dem
501 3247 663 3318 igitur
693 3245 826 3302 iidcs
862 3253 972 3311 est,
1003 3254 1060 3300 et
1087 3245 1140 3300 in
1168 3244 1273 3300 illis
1297 3244 1386 3315 qui
1417 3243 1648 3298 nondum
1679 3241 1914 3311 nomine,

335 3337 439 3394 sed
459 3337 630 3410 reipsa
662 3337 874 3393 luerunt
897 3345 1052 3391 antea
1075 3335 1372 3402 christiani,
1397 3335 1530 3391 etin
1557 3335 1672 3392 istis
1695 3335 1782 3406 qui
1807 3349 1914 3389 non

337 3429 510 3484 solum
552 3437 715 3496 sunt,
754 3442 938 3484 verum
975 3427 1138 3483 etiam
1175 3435 1457 3490 vocantur,
1499 3433 1556 3482 et
1593 3425 1646 3481 in
1681 3426 1918 3496 uiristh

337 3517 527 3575 eadem
558 3519 722 3588 gratia
749 3529 846 3588 per
869 3515 1124 3588 Spiritum
1155 3525 1419 3573 sanctum.
1448 3515 1599 3576 Unde
1622 3515 1750 3572 dicit
1772 3519 1913 3587 Apo-

337 3607 513 3663 stolus
537 3625 550 3662 :
586 3605 838 3683 Habentes
865 3617 1033 3663 autem
1059 3605 1288 3662 eumdem
1312 3605 1546 3678 spiritum
1570 3605 1708 3678 ﬁdei,
1735 3622 1914 3660 secun-

337 3697 462 3752 dum
498 3697 634 3768 quod
663 3698 908 3769 scriptum
942 3705 1052 3764 est,
1092 3695 1294 3752 Credidi
1313 3738 1328 3761 ,
1367 3705 1572 3769 propter
1604 3699 1738 3769 quod
1774 3697 1918 3751 locu-

337 3798 420 3844 tus
445 3803 596 3857 sum;
631 3797 683 3844 et
715 3803 807 3843 nos
841 3771 1122 3855 credimus,
1151 3799 1359 3861 propter
1398 3788 1536 3861 quod
1577 3797 1623 3842 et
1665 3786 1918 3857 loquimur

337 3879 408 3950 (ll
435 3877 552 3936 Cor.
579 3895 652 3948 ιν,
686 3881 796 3951 ιδ).

409 3970 497 4025 42.
530 3969 698 4025 Aliter
743 3969 920 4040 itaque
964 3965 1160 4024 dicitur
1197 3967 1306 4039 jam
1353 3967 1625 4024 obtinente
1669 3967 1914 4039 loquendi

336 4059 718 4123 consuetudine
759 4067 909 4114 vetus
945 4053 1375 4124 Testamentum,
1407 4059 1512 4113 Lex
1553 4067 1606 4113 et
1638 4057 1916 4126 Propheta:

335 4159 545 4216 omnes,
575 4151 666 4219 qui
696 4163 864 4221 usque
889 4148 955 4204 ad
979 4148 1235 4204 Joannem
1267 4147 1745 4220 prophetaverunt;
1775 4149 1914 4218 quod

335 4241 652 4296 distinctius
685 4251 836 4296 vetns
882 4238 1325 4306 lnsta‘ttmentum,
1362 4251 1518 4308 quam
1548 4248 1699 4295 vetus
1728 4237 1912 4294 Testa~

340 4343 574 4386 mentum
613 4340 834 4385 vocatur
863 4346 876 4384 :
909 4329 1065 4384 aliter
1097 4337 1276 4384 autem
1317 4327 1453 4384 sicut
1488 4329 1776 4398 apostolica
1817 4343 1912 4398 ap-

340 4422 500 4492 pellat
541 4422 862 4486 auctoritas,
903 4421 1015 4474 sive
1056 4420 1158 4476 hoc
1199 4435 1393 4476 nomen
1435 4421 1773 4491 exprimens,
1804 4421 1916 4476 sive

338 4509 662 4580 signiﬁcans.
691 4509 952 4579 Exprimit
975 4508 1138 4572 enim,
1162 4508 1250 4563 tibi
1275 4509 1420 4573 dicit,
1451 4507 1620 4578 Usque
1641 4509 1694 4562 in
1714 4509 1916 4564 hodier-

340 4618 461 4654 num
483 4601 635 4664 diem,
660 4599 902 4668 quamdiu
924 4600 1106 4671 legitur
1127 4598 1350 4671 Moyses,
1375 4598 1594 4670 idipsum
1615 4601 1838 4654 velamen
1861 4601 1914 4654 in

338 4691 546 4746 lectione
581 4690 759 4744 ueteris
787 4688 1094 4744 Testamenti
1118 4698 1285 4742 metm
1312 4703 1332 4742 :
1356 4688 1492 4760 quod
1519 4705 1619 4742 non
1647 4689 1909 4766 revelatur,

337 4785 456 4855 quia
474 4783 528 4838 in
546 4780 746 4839 Christo
764 4791 1032 4837 evacuatur
1057 4780 1165 4854 (ια.
1193 4796 1270 4848 ιιι,
1294 4780 1381 4844 M,
1406 4780 1512 4850 15).
1539 4777 1624 4835 Sic
1649 4780 1788 4834 enim
1815 4781 1915 4836 uti-

337 4888 442 4943 que
461 4881 616 4930 vetus
637 4871 1032 4928 Testamentum
1059 4871 1124 4925 ad
1149 4871 1311 4940 Moysi
1336 4871 1516 4926 retulit
1539 4871 1911 4926 ministerium.

341 4964 468 5018 Item
493 4963 653 5028 dicit,
685 4959 752 5018 Ut
779 4963 1052 5018 serviamus
1079 4963 1130 5016 in
1155 4962 1370 5016 nouitate
1394 4961 1600 5031 spiritus
1617 5002 1630 5028 ,
1657 4971 1706 5015 et
1733 4978 1832 5016 non
1861 4961 1914 5014 in

337 5065 576 5112 uetustate
597 5055 778 5112 littera
809 5053 981 5128 (Rom.
1004 5070 1094 5116 vn,
1120 5055 1172 5124 6)
1199 5072 1213 5108 :
1239 5053 1464 5122 idipsum
1491 5052 1793 5124 signiﬁcans
1811 5052 1912 5108 Τε-

337 5157 655 5201 stamentum
684 5147 899 5201 nomine
920 5146 1114 5199 littera.
1144 5144 1271 5199 item
1299 5143 1403 5197 alio
1430 5141 1546 5197 loco
1571 5161 1582 5194 :
1615 5141 1714 5206 Qui
1737 5151 1784 5194 et
1804 5141 1926 5196 ido-~

340 5252 457 5290 neos
497 5251 587 5290 nos
626 5236 744 5308 fecit
780 5236 1032 5290 ministros
1071 5235 1182 5290 novi
1211 5231 1548 5304 Testamenti,
1581 5249 1680 5286 non
1711 5234 1912 5296 littera,

339 5342 375 5379 ιε
391 5325 425 5378 d
449 5313 654 5396 spiritus
673 5325 694 5357 ³
717 5344 733 5380 :
762 5326 925 5380 littera
951 5327 1088 5380 enim
1109 5325 1541 5396 occidit,.spiritus
1565 5336 1728 5378 autem
1753 5325 1913 5393 viviﬁ—

405 5503 418 5564 ξ
441 5501 514 5564 ste
535 5506 642 5564 ius.
668 5506 724 5551 Αι
742 5499 879 5558 editi,
895 5506 940 5564 et
953 5497 1071 5564 ﬁde.

401 5563 418 5624 ξ
445 5562 578 5615 miti.
601 5568 646 5610 et
673 5561 963 5624 regeneratii
978 5569 1226 5614 narremus
1245 5569 1350 5614 Mss.

385 5622 420 5726 ‘3
446 5624 516 5668 si:
550 5627 652 5670 uss.
685 5621 1087 5681 juxta-gratum.
1125 5632 1178 5670 At
1213 5625 1358 5683 editi,
1380 5636 1468 5671 non
1505 5623 1676 5682 littera,
1712 5625 1794 5674 sed
1819 5627 1911 5687 sgi-

339 5693 376 5728 r.
407 5696 454 5728 ιι.

950 326 1220 384 comm
1264 325 1441 381 oms
1481 290 1856 381 [artsroms-
1886 321 2442 389 ιιεωιςιιηοιιιιιι,
2481 321 2540 378 s.
2580 322 2947 380 .wcosrtst

3465 333 3572 390 5'96

1996 449 2076 494 cut
2106 437 2169 508 (li
2197 439 2315 495 Cor.
2338 455 2425 504 in,
2451 439 2528 512 6).
2561 439 2628 495 Et
2657 439 2740 494 hic
2769 455 2864 508 per
2887 441 3450 500 commemorationem
3478 461 3576 500 no-

2000 531 2089 596 vi,
2129 531 2256 586 illati
2294 533 2474 600 utique
2509 541 2662 587 vetus
2702 531 2916 603 intelligi
2963 532 3146 588 voluit.
3189 532 3358 589 Multo
3397 546 3582 590 autem

1999 620 2328 686 evidentius,
2356 620 2602 690 quamvis
2631 635 2736 674 non
2759 619 2986 688 dixerit,
3017 632 3109 677 aut
3135 633 3323 690 vetus,
3353 638 3444 677 aut
3475 640 3578 678 no-

2003 724 2153 772 vum,
2179 708 2285 762 duo
2313 710 2424 778 ipsa
2450 708 2786 764 Testamenta
2824 709 3096 777 distinxit,
3137 727 3232 782 per
3267 713 3402 768 duos
3442 715 3578 769 lilios

2001 799 2248 866 Abrahir,
2275 815 2436 856 unum
2461 799 2531 855 de
2554 801 2768 866 ancilla,
2791 802 2952 858 alium
2978 803 3044 858 de
3070 804 3232 860 libera
3261 822 3274 858 :
3302 805 3441 875 quod
3464 805 3578 874 jam

2002 891 2247 960 superius
2289 891 2840 947 commemoravimus.
2890 892 3028 959 Quid
3071 895 3212 949 enim
3252 897 3580 963 expressius,

2004 993 2162 1047 quam
2194 987 2251 1032 ut
2273 979 2508 1044 diceret,
2555 978 2716 1034 Dicite
2751 981 2906 1045 mihi,
2935 981 3028 1036 sub
3056 983 3164 1052 lege
3197 984 3415 1038 uolentes
3450 1000 3578 1048 esse,
3619 1043 3636 1058 .

2007 1067 2164 1139 legem
2192 1085 2292 1122 non
2318 1068 2572 1124 audistis?
2603 1067 2864 1142 Scriptum
2891 1081 2962 1124 est
2989 1072 3121 1126 enim
3148 1075 3384 1144 quoidam
3415 1073 3578 1128 Abra-

2006 1163 2125 1215 ham
2161 1161 2290 1216 duos
2328 1161 2462 1230 ﬁlios
2499 1161 2704 1228 habuit,
2731 1179 2887 1216 unum
2915 1163 2978 1217 de
3003 1165 3190 1220 ancilla
3207 1204 3224 1230 ,
3253 1176 3298 1218 et
3327 1182 3484 1218 unum
3519 1165 3586 1220 de

2007 1250 2162 1306 libera
2187 1266 2208 1305 :
2229 1251 2317 1305 sed
2339 1252 2426 1306 ille
2445 1253 2646 1322 quidem
2664 1253 2751 1324 qui
2774 1253 2838 1307 de
2855 1255 3063 1317 ancilla,
3087 1255 3360 1309 secundum
3381 1271 3588 1311 carnem

2007 1352 2158 1398 natus
2176 1351 2283 1408 est;
2301 1343 2387 1413 qui
2403 1355 2568 1398 autent
2587 1343 2650 1398 de
2671 1343 2848 1412 libera,
2870 1361 2958 1416 per
2975 1347 3412 1414 repromissione»:
3432 1361 3450 1399 :
3470 1361 3586 1418 qua

2007 1444 2124 1490 sunt
2147 1435 2198 1489 in
2223 1435 2485 1507 allegoria.
2513 1433 2640 1490 Hoc
2657 1437 2788 1490 enim
2809 1445 2928 1491 sunt
2945 1435 3048 1492 duo
3071 1435 3406 1505 Testamenta,
3431 1453 3585 1492 unum

2008 1527 2210 1600 quidem
2234 1529 2288 1584 in
2314 1538 2482 1583 monte
2505 1528 2636 1586 Sina
2659 1530 2714 1584 ia
2742 1531 3026 1586 seruitutem
3051 1546 3326 1602 generatis,
3355 1531 3488 1600 quod
3513 1539 3588 1585 est

2010 1617 2168 1689 Agar.
2198 1617 2328 1674 Sina
2353 1619 2486 1673 enim
2511 1635 2654 1676 utens
2678 1629 2750 1676 est
2777 1621 2831 1676 in
2851 1612 3062 1686 habia,
3091 1637 3202 1692 qua:
3224 1622 3489 1693 conjuncta
3513 1630 3588 1676 cst

2011 1707 2127 1762 huic
2143 1723 2256 1780 qua
2277 1724 2411 1763 nunc
2433 1718 2507 1766 est
2522 1708 2810 1766 Jerusalem
2831 1727 2852 1766 :
2869 1711 3017 1766 servit
3039 1713 3168 1766 enim
3189 1727 3304 1765 cum
3322 1712 3444 1780 ﬁliis
3461 1712 3586 1767 suis.

2015 1798 2143 1867 Qua
2167 1808 2336 1854 autent
2363 1816 2564 1856 sursum
2589 1811 2660 1856 est
2686 1800 2971 1858 Jerusalem
2987 1843 3004 1866 ,
3036 1802 3192 1858 libera
3225 1812 3326 1867 est,
3365 1819 3480 1871 qua
3515 1812 3588 1856 est

2011 1899 2170 1944 mater
2193 1899 2384 1944 nostra.
2409 1891 2545 1959 Quid
2568 1892 2785 1957 clarius,
2811 1893 2938 1963 quid
2966 1895 3186 1959 certius,
3210 1893 3336 1964 quid
3357 1893 3426 1947 ab
3445 1893 3588 1947 omni

2012 1979 2333 2035 obscuritate
2359 1991 2520 2051 atque
2543 1983 2887 2053 ambiguitate
2926 1985 3182 2039 remotius
3223 1984 3591 2054 promissionis

2015 2069 2171 2124 ﬁliis?
2197 2069 2264 2124 Et
2297 2070 2454 2140 paulo
2481 2080 2600 2140 post
2626 2089 2640 2126 :
2672 2071 2782 2127 Nos
2813 2083 3004 2129 autem.
3021 2077 3238 2146 fratres,
3280 2074 3484 2144 inquit,
3512 2091 3590 2128 se-

2012 2159 2233 2215 cundum
2246 2158 2397 2214 Isaac
2415 2163 2762 2231 promissionis
2781 2163 2879 2233 ﬁlii
2896 2180 3086 2217 sumus.
3111 2163 3240 2219 item
3265 2165 3420 2234 paulo
3441 2175 3586 2234 post:

2016 2248 2129 2304 Nos
2153 2258 2318 2305 autem
2345 2255 2550 2322 fratres,
2572 2269 2672 2306 non
2697 2269 2868 2308 sumus
2891 2255 3092 2310 ancilla
3125 2255 3214 2308 lilii
3233 2296 3248 2322 ,
3277 2254 3366 2310 sed
3390 2255 3589 2320 liberte;

2013 2355 2114 2409 qua
2147 2341 2372 2394 libertate
2401 2337 2630 2397 Christus
2667 2359 2758 2396 nos
2797 2343 3021 2398 liberavit
3051 2343 3244 2417 (Colat.
3272 2361 3345 2408 tv,
3372 2343 3592 2415 2i-3l).

2017 2431 2284 2502 Eligamus
2315 2432 2472 2502 igitur
2507 2444 2684 2488 utrum
2719 2436 2964 2504 antiquos
2999 2435 3174 2506 justos
3213 2437 3419 2492 ancillis
3455 2435 3594 2492 ﬁlios

2015 2519 2285 2586 dicamus,
2312 2537 2379 2576 an
2407 2521 2610 2578 liberte.
2639 2523 2790 2579 Absit
2823 2533 3002 2580 autem
3037 2535 3094 2580 ut
3121 2527 3326 2582 ancillis
3353 2543 3368 2581 :
3395 2541 3522 2597 ergo
3545 2527 3594 2582 si

2016 2613 2196 2670 liberm
2219 2613 2257 2680 ί,
2287 2613 2350 2667 ad
2379 2629 2571 2668 novum
2601 2614 2871 2686 pertinent
2895 2617 3290 2673 Testamentum
3319 2619 3370 2673 in
3395 2617 3596 2686 Spiritu

2016 2713 2230 2768 saneto,
2270 2721 2427 2775 quem
2461 2705 2812 2760 viviﬁcantem
2852 2706 3040 2762 littera:
3075 2707 3338 2763 occidenti
3377 2708 3598 2777 opponit

2017 2793 2322 2863 Apostolus.
2361 2791 2495 2848 Nam
2532 2809 2638 2864 quo
2678 2806 2831 2864 pacto
2871 2795 2938 2849 ad
2979 2797 3203 2866 gratiam
3247 2797 3366 2851 novi
3408 2797 3593 2851 Testa-

2018 2883 2180 2936 mcnti
2221 2897 2326 2936 non
2367 2883 2633 2953 pertinent
2672 2883 2722 2937 lii
2745 2923 2762 2950 ,
2797 2883 2865 2939 de
2899 2900 3124 2956 quorum
3159 2886 3317 2942 dictis
3342 2895 3398 2941 et
3427 2886 3596 2940 Libris

2019 2970 2148 3027 istos
2172 2972 2408 3042 ejusdem
2437 2973 2621 3044 gratia:
2658 2973 3090 3030 dementissimos
3130 2987 3185 3032 et
3211 2978 3596 3048 ingratissimos

2019 3062 2261 3119 inimicos
2301 3062 2590 3120 refellendo
2610 3067 2632 3098 ²
2659 3067 3060 3123 convincimus?

2092 3153 2178 3210 i3.
2210 3153 2314 3210 Sed
2347 3153 2487 3210 dicet
2515 3156 2707 3227 aliquis
2737 3174 2750 3208 :
2780 3155 3058 3227 Quomodo
3095 3169 3246 3216 vetus
3279 3163 3594 3232 appellatur,

2019 3245 2160 3316 quod
2190 3255 2311 3316 post
2337 3247 2748 3318 quadringentos
2777 3260 2828 3304 et
2857 3249 3068 3322 triginta
3097 3267 3266 3306 annos
3295 3250 3490 3307 factum
3517 3263 3600 3308 est

2022 3352 2116 3407 per
2135 3334 2352 3410 Moysen
2379 3333 2488 3409 (Id.
2511 3353 2588 3402 tu,
2619 3338 2706 3411 i7)
2730 3355 2746 3406 ;
2773 3347 2827 3394 et
2854 3355 3046 3395 novum
3073 3340 3286 3402 dicitur,
3313 3341 3452 3413 quod
3475 3351 3598 3398 ante

2021 3436 2099 3482 tot
2136 3443 2305 3483 annos
2343 3425 2537 3484 factum
2576 3439 2659 3484 est
2695 3428 2762 3484 ad
2801 3431 3107 3486 Abraham?
3142 3431 3242 3499 Qui
3269 3447 3334 3487 ex
3365 3431 3465 3487 hoc
3493 3447 3594 3488 non

2023 3519 2281 3590 litigiosa,
2328 3520 2422 3576 sed
2465 3521 2703 3578 studiose
2747 3532 3016 3589 movetur,
3059 3522 3314 3592 intelligat
3349 3523 3596 3593 primum,

2018 3609 2138 3679 quia
2163 3624 2285 3664 cmn
2305 3608 2327 3642 ³
2350 3626 2417 3664 ex
2443 3612 2709 3668 anteriore
2737 3621 2980 3684 tempore
3005 3615 3198 3669 dicitur
3225 3625 3392 3678 vetus,
3415 3631 3478 3670 ex
3502 3630 3595 3684 po-

2018 3699 2246 3754 steriore
2281 3709 2456 3754 autem
2495 3716 2724 3768 novum;
2757 3703 3108 3758 revelationes
3142 3719 3322 3758 eorum
3349 3703 3595 3758 conside-

2021 3796 2205 3843 rantur
2233 3789 2282 3843 in
2315 3787 2396 3844 his
2422 3791 2744 3856 nominibus,
2779 3808 2882 3846 non
2911 3793 3288 3848 institutiones.
3317 3793 3420 3848 Per
3445 3793 3594 3864 Moy-

2019 3893 2115 3933 sen
2159 3878 2356 3951 quippe
2401 3880 2692 3936 revelatum
2736 3894 2818 3938 est
2859 3884 3254 3938 Testamentum
3293 3895 3473 3948 vetus,
3507 3899 3596 3954 per

2019 3984 2176 4039 quem
2203 3970 2323 4024 data
2350 3982 2429 4024 est
2456 3971 2537 4024 lex
2567 3981 2771 4040 sancta,
2800 3983 2853 4028 et
2875 3973 3036 4043 justa,
3058 3985 3120 4054 et
3147 3975 3279 4030 bona
3309 3973 3482 4044 (Rom.
3507 3991 3594 4037 vn,

2022 4059 2112 4131 l2)
2135 4103 2150 4122 ,
2181 4076 2276 4130 per
2303 4077 2460 4132 quam
2493 4063 2642 4118 iieret
2669 4079 2774 4118 non
2803 4062 3051 4129 abolitio,
3083 4064 3176 4120 sed
3212 4063 3446 4134 cognitio
3475 4081 3591 4134 pec-

2020 4150 2158 4215 cati;
2187 4167 2288 4222 qua
2313 4152 2759 4208 convincerentur
2787 4155 3004 4224 superbi
3034 4170 3183 4209 suam
3208 4156 3467 4224 justitiam
3501 4172 3588 4208 vo-

2021 4241 2190 4296 lentes
2209 4241 2553 4308 constituere,
2577 4243 2728 4314 quasi
2751 4243 2932 4299 divino
2953 4245 3214 4315 adjutorio
3237 4259 3340 4299 non
3361 4255 3591 4316 egentes,

2019 4341 2070 4385 et
2093 4331 2168 4386 rei
2191 4329 2314 4386 lacti
2338 4332 2526 4387 litterae
2545 4332 2886 4404 confugerent
2909 4334 2974 4389 ad
2998 4335 3178 4404 gratirc
3200 4335 3466 4404 spiritum,
3492 4348 3591 4387 non

2019 4439 2111 4477 sua
2145 4423 2344 4493 justitia
2381 4423 2736 4492 justillcandi,
2768 4425 2860 4480 sed
2895 4426 3018 4491 Dei,
3054 4427 3154 4480 line
3193 4435 3304 4490 est,
3345 4443 3464 4494 qua:
3495 4426 3591 4486 illis

2019 4525 2158 4571 cs<et
2183 4533 2248 4570 ex
2275 4517 2404 4570 Deo.
2433 4514 2563 4570 Nam
2589 4515 2726 4570 sicut
2753 4512 2891 4570 idem
2918 4517 3187 4584 apostolus
3215 4515 3464 4584 loquitur.
3496 4513 3592 4566 Per

2020 4605 2175 4675 legem
2195 4605 2411 4672 cognitio
2432 4605 2661 4673 peccati:
2681 4620 2814 4658 nunc
2836 4613 3000 4658 autent
3024 4604 3132 4657 sine
3154 4603 3262 4674 lege
3275 4603 3479 4673 justitia
3505 4601 3592 4654 Dei

2020 4691 2339 4760 manifestata
2363 4702 2468 4758 est,
2496 4692 2759 4761 testiﬁcata
2787 4709 2876 4763 per
2909 4690 3086 4762 Legem
3114 4702 3159 4744 cl
3189 4693 3456 4762 prophetas
3484 4687 3588 4759 (Id.

2021 4797 2110 4848 ιιι,
2137 4781 2228 4845 20,
2253 4781 2366 4854 2i).
2396 4781 2502 4837 Lex
2530 4781 2754 4850 quippe,
2781 4797 2845 4834 eo
2872 4781 2987 4848 ipso
3015 4796 3122 4851 quo
3153 4781 3202 4834 in
3234 4796 3294 4834 ea
3323 4795 3482 4834 nemo
3505 4779 3588 4847 ju-

2020 4874 2309 4938 stiiicatur,
2351 4873 2712 4928 testimonium
2759 4871 3001 4940 perhibet
3037 4871 3257 4940 justit‘ne
3301 4871 3412 4926 ltei.
3448 4866 3592 4937 Quod

2018 4964 2159 5019 enim
2185 4965 2237 5017 in
2263 4964 2372 5034 lege
2392 4979 2538 5019 nemo
2556 4962 2868 5033 iustiﬁcetur
2891 4961 3029 5032 apud
3057 4961 3211 5015 Deum
3233 5005 3247 5027 ,
3275 4962 3590 5032 manifestum

2017 5064 2092 5110 est
2156 5055 2274 5124 quia
2293 5055 2464 5126 justus
2492 5069 2554 5108 es
2580 5052 2682 5122 ﬁde
2705 5053 2821 5106 vivit
2848 5051 3041 5122 (Galat.
3071 5068 3124 5107 ιιι
3145 5093 3160 5116 ,
3193 5053 3300 5122 il).
3331 5051 3422 5106 Sic
3446 5064 3591 5120 ergo,

2019 5161 2138 5199 eum
2165 5145 2246 5199 lex
2276 5159 2380 5198 non
2403 5143 2654 5212 jusﬁlieat
2681 5143 2898 5212 impluat
2922 5142 2989 5197 de
3011 5141 3446 5214 praevaricatione
3465 5154 3590 5195 cono

2021 5235 2235 5299 victum,
2265 5234 2424 5289 mittit
2447 5233 2512 5289 ad
2538 5232 2916 5304 justiiicantem
2949 5234 3132 5295 lli-um,
3160 5241 3318 5302 atque
3349 5231 3414 5285 ita
3437 5229 3590 5301 justi.

2021 5329 2107 5382 tia:
2127 5328 2216 5384 Dei
2240 5325 2484 5397 perhibet
2507 5325 2887 5381 testimOnium.
2913 5323 3191 5395 Pmpltetm
3218 5339 3343 5378 vero
3366 5324 3590 5376 testimo-

2084 5506 2190 5576 ἰιι
2235 5503 2439 5552 Vaticani
2486 5509 2590 5551 uss.
2638 5509 2689 5551 At
2731 5503 2880 5561 editi,
2927 5514 3042 5564 crqo
3083 5498 3175 5562 ﬁlii
3209 5498 3404 5559 liberer,
3445 5500 3589 5550 omis-

2025 5579 2040 5589 .
2154 5580 2180 5610 ι,

2021 5580 2100 5658 ωδ
2127 5579 2172 5675 in
2195 5633 2318 5678 νεε..
2343 5621 2643 5684 refellendam

2088 5689 2106 5717 ³
2135 5688 2333 5733 Vaticani
2355 5692 2479 5742 1155.,
2503 5697 2560 5730 st.
