4014 6184
352 310 459 366 597

320 427 498 501 _nium
524 426 806 497 perhibent
825 426 1041 498 iustitia
1071 425 1182 491 Dei,
1209 425 1612 496 prmnuntiando
1638 423 1932 493 Christum,

350 535 437 586 an
474 520 642 591 factus
684 528 759 572 est
803 519 945 575 nobis
976 518 1224 591 sapientia
1251 534 1283 571 a
1316 516 1418 571 Deo
1444 528 1495 571 et
1519 518 1718 587 iustitia
1740 530 1788 574 et
1812 537 1935 577 san-
1960 552 1967 555 -

347 609 587 679 ctiﬁcatio
615 618 665 666 et
693 609 970 679 redemptio
1000 626 1017 664 :
1043 620 1097 665 ut
1124 610 1545 680 quemadmodum
1567 611 1811 681 scriptum
1839 622 1932 680 est,

351 701 452 771 Qui
490 703 773 774 gloriatur,
812 704 865 757 in
894 700 1114 757 Domino
1139 702 1381 777 glorietur
1409 701 1454 772 (l
1478 700 1599 758 Cor.
1626 718 1675 769 t,
1700 702 1789 769 50,
1817 704 1932 775 51).

350 790 482 846 Erat
521 802 698 848 autem
735 792 945 847 occulta
981 791 1080 846 ista
1111 790 1196 847 lex
1225 774 1292 847 ab
1323 791 1508 855 initio,
1546 806 1667 847 cum
1695 774 1935 851 homines

345 882 558 952 iniquos
585 892 772 937 natura
811 882 923 952 ipsa
959 883 1331 951 convinceret,
1370 883 1489 939 aliis
1517 881 1771 938 facientes
1793 882 1934 953 quod

344 974 447 1028 sibi
478 974 593 1028 ﬁeri
622 973 935 1029 noluissent.
963 974 1235 1029 Rcvelatio
1260 983 1435 1029 autem
1462 976 1587 1030 novi
1607 972 1935 1032 Testamenti

345 1064 397 1116 in
433 1063 647 1119 Christo
684 1063 820 1118 facta
852 1073 965 1130 est,
996 1080 1117 1118 cum
1147 1074 1231 1120 est
1263 1063 1633 1121 manifestatus
1658 1064 1712 1120 in
1736 1078 1931 1131 carne;

342 1152 398 1208 in
429 1168 535 1223 quo
575 1152 823 1223 apparuit
856 1152 1062 1222 iustitia
1104 1152 1229 1217 Dei,
1259 1152 1311 1208 id
1340 1163 1456 1218 est,
1485 1170 1603 1223 qua:
1630 1154 1934 1213 hominibus

341 1258 408 1295 ex
440 1242 548 1295 Deo
576 1251 679 1296 est.
709 1241 842 1295 llinc
865 1242 882 1272 ¹
910 1242 1053 1297 enim
1080 1241 1152 1296 ait
1184 1259 1198 1296 :
1230 1239 1384 1298 Nunc
1402 1246 1568 1298 autem
1589 1244 1697 1299 sine
1721 1244 1826 1315 lege
1849 1245 1934 1312 iu-

340 1334 480 1387 stitia
512 1332 607 1388 Dei
634 1332 955 1403 manifestata
979 1341 1069 1388 est.
1101 1329 1239 1388 Ecce
1277 1347 1379 1403 qua
1411 1348 1568 1388 causa
1595 1333 1720 1389 illud
1743 1334 1934 1390 dicitur

343 1433 495 1478 vetus
525 1424 923 1479 Testamentum
944 1466 960 1489 ,
988 1425 1111 1497 quia
1137 1424 1346 1495 priore;
1377 1424 1477 1480 hoc
1506 1434 1682 1480 autem
1712 1441 1929 1493 novum,

340 1514 463 1584 quia
498 1515 795 1583 posteriore
837 1523 1075 1583 tempore
1102 1514 1391 1570 revelatum
1421 1522 1520 1570 est.
1548 1515 1749 1572 Deinde
1768 1557 1781 1581 ,
1808 1518 1930 1586 quia

340 1602 747 1659 Testamentum
787 1613 937 1658 vetus
981 1603 1208 1674 pertinet
1251 1604 1317 1659 ad
1362 1603 1633 1662 hominem
1668 1615 1926 1675 veterem,

338 1710 368 1748 a
388 1709 499 1772 quo
519 1709 742 1750 necesse
760 1703 842 1750 est
864 1693 1134 1749 hominem
1158 1694 1423 1765 incipere;
1451 1711 1644 1751 novum
1666 1704 1842 1752 autem
1860 1698 1930 1753 ad

333 1786 610 1840 hominem
637 1801 854 1853 novum,
883 1801 987 1855 quo
1013 1784 1173 1845 debet
1196 1784 1356 1840 homo
1381 1800 1449 1841 ex
1471 1793 1734 1842 vetustate
1758 1795 1930 1843 trans-

340 1876 437 1930 ire.
460 1874 585 1931 ideo
607 1874 660 1930 in
682 1876 772 1933 illo
792 1883 915 1931 sunt
935 1876 1191 1945 promissa
1214 1883 1444 1941 terrena,
1469 1877 1521 1930 in
1543 1877 1647 1931 isto
1668 1877 1928 1946 promissa

338 1965 578 2021 coelestia
603 1983 619 2021 :
647 1966 768 2034 q‘nia
794 1974 848 2019 et
873 1965 973 2021 hoc
997 1966 1063 2021 ad
1087 1964 1181 2021 Dei
1209 1965 1625 2023 misericordiam
1653 1968 1923 2037 pertinuit,

339 2072 404 2110 ne
428 2057 707 2127 quisquam
736 2056 818 2110 vel
850 2056 1016 2127 ipsam
1049 2065 1315 2112 terrenam
1340 2056 1780 2128 qualemcumque
1806 2056 1926 2113 feli-

337 2148 550 2201 citatem
573 2188 589 2211 ,
630 2146 733 2201 nisi
770 2161 799 2200 a
836 2128 1339 2202 Dominoereatore
1378 2144 1737 2202 universitatis
1779 2155 1927 2216 putet

335 2235 583 2305 cuiquam
616 2249 772 2305 posse
796 2234 1048 2290 conferri.
1078 2234 1185 2292 Sed
1218 2234 1264 2291 si
1300 2246 1517 2305 propter
1549 2234 1692 2291 illam
1718 2237 1925 2295 colatur

338 2328 475 2381 licus
494 2367 510 2393 ,
538 2326 750 2380 servilis
779 2336 860 2381 est
889 2326 1061 2381 cultus
1080 2367 1096 2393 ,
1124 2326 1399 2397 pertinens
1428 2324 1495 2381 ad
1523 2326 1658 2381 ﬁlios
1680 2326 1919 2383 ancillae:

333 2418 376 2471 si
406 2424 584 2471 autem
618 2428 830 2486 propter
860 2416 1031 2486 ipsum
1061 2416 1227 2470 Deum
1247 2456 1262 2481 ,
1293 2423 1352 2470 ut
1390 2415 1440 2470 in
1480 2429 1678 2472 acterna
1710 2417 1814 2471 vita
1855 2417 1925 2471 sit

336 2508 477 2562 Deus
505 2506 684 2560 omnia
716 2506 770 2561 in
805 2506 1084 2571 euntibus,
1114 2505 1350 2576 liberalis
1389 2513 1471 2561 est
1507 2505 1767 2572 servitus,
1795 2521 1920 2576 per-

335 2600 508 2653 tinens
537 2599 603 2652 ad
636 2599 770 2653 ﬁlios
807 2599 1024 2665 liberte,
1064 2613 1182 2668 quae
1211 2605 1294 2652 est
1319 2604 1490 2653 mater
1518 2607 1695 2653 nostra
1724 2608 1923 2654 aeterna

332 2692 384 2745 in
404 2689 594 2755 culis;
622 2704 740 2759 qua:
765 2690 911 2759 prius
937 2698 1185 2759 tanquam
1208 2688 1404 2744 sterilis
1424 2689 1731 2759 apparebat,
1754 2703 1922 2759 quan-

331 2780 403 2836 do
432 2780 743 2851 perspicuos
781 2778 915 2834 filios
944 2794 1048 2833 non
1084 2778 1345 2846 habebat;
1378 2794 1519 2833 nunc
1552 2789 1728 2833 autem
1769 2778 1918 2835 vide-

332 2885 451 2925 mus
470 2870 612 2941 quod
633 2870 700 2925 de
719 2870 807 2926 illa
829 2869 1199 2945 proiihetatum
1222 2877 1325 2939 est,
1348 2869 1561 2936 La'tare,
1583 2871 1785 2939 sterilis,
1807 2886 1922 2943 qua:

331 2978 433 3016 non
458 2961 635 3032 paris;
659 2976 862 3031 erumpe
883 2969 932 3015 et
953 2959 1180 3015 exclama
1198 3000 1214 3027 ,
1243 2975 1356 3031 qua
1382 2976 1481 3013 non
1510 2960 1731 3028 parturis
1757 2975 1776 3015 :
1800 2961 1920 3030 quia

330 3052 478 3108 multi
505 3053 604 3123 filii
630 3051 871 3119 deserta,
902 3051 1065 3123 magis
1090 3066 1242 3122 quam
1269 3051 1381 3122 ejus
1417 3065 1532 3120 qua:
1570 3047 1715 3105 habet
1756 3050 1919 3106 uirum

282 3194 285 3205 ,
331 3140 483 3211 (Isei.
513 3156 619 3209 ur,
653 3142 710 3213 l)
740 3157 757 3196 :
787 3140 842 3197 id
869 3152 985 3207 est,
1027 3141 1194 3210 magis
1230 3153 1387 3210 quam
1433 3138 1568 3194 illius
1594 3137 1916 3209 Jerusalem,

330 3249 451 3306 quae
475 3233 608 3304 legis
635 3231 1027 3305 quodammodo
1052 3230 1265 3285 vinculo
1287 3229 1531 3284 maritata
1552 3237 1654 3295 est,
1676 3241 1727 3285 et
1754 3229 1919 3285 servit

330 3342 450 3383 cum
497 3326 621 3382 ﬁliis
661 3327 792 3381 suis.
841 3325 1105 3394 Tempore
1153 3323 1313 3393 igitur
1357 3323 1553 3377 veteris
1592 3321 1918 3377 Testamentl

331 3419 586 3490 Spiritum
614 3426 856 3473 sanctum
885 3417 936 3471 in
965 3414 1079 3483 eis,
1120 3415 1212 3486 qui
1252 3414 1413 3470 etiam
1461 3424 1585 3469 tunc
1626 3414 1917 3471 secundum

333 3512 475 3567 lsaac
511 3510 880 3583 promissionis
909 3507 1000 3563 filii
1030 3517 1213 3573 erant,
1247 3523 1352 3562 non
1380 3507 1555 3562 solum
1595 3507 1914 3578 adiutorem,

329 3602 469 3672 quod
512 3602 597 3656 isti
642 3616 740 3656 suo
778 3598 1012 3670 dogmati
1053 3598 1302 3656 sufﬁcere
1346 3599 1686 3667 existimant;
1730 3615 1915 3656 verum

329 3694 491 3751 etiam
519 3692 822 3765 largitorem
848 3691 1076 3749 dicimus
1102 3691 1265 3749 fuisse
1287 3692 1517 3759 virtutis,
1543 3691 1684 3762 quod
1711 3693 1795 3747 isti
1823 3708 1914 3748 nec

329 3793 490 3857 gant,
521 3784 690 3841 libero
718 3798 835 3839 eam
867 3783 1042 3856 potius
1073 3781 1293 3838 arbitrio
1333 3782 1658 3848 tribuentes,
1699 3794 1916 3840 contra-

328 3873 629 3934 dicentibus
662 3874 766 3930 illis
804 3873 1040 3947 patribus
1074 3872 1164 3945 qui
1200 3872 1438 3928 sciebant
1473 3872 1540 3929 ad
1574 3872 1739 3929 Deum
1764 3888 1916 3929 vera-

329 3968 378 4022 ci
397 3969 420 4000 ¹
451 3968 649 4038 pietate
676 3967 907 4022 clamare
928 4007 943 4034 ,
979 3961 1199 4037 Diligam
1228 3970 1304 4030 te,
1336 3961 1582 4030 Domine,
1614 3962 1767 4018 uirtus
1805 3981 1916 4020 mea

334 4056 501 4132 (Ρωι.
529 4073 670 4123 ινιι,
701 4058 783 4128 2).

400 4148 627 4206 CAPUT
662 4147 726 4205 V.
772 4177 843 4189 —
886 4147 973 4205 14.
1019 4144 1288 4202 Calumnia
1333 4143 1398 4200 de
1445 4143 1818 4213 Prophetarum
1863 4155 1915 4201 et

329 4240 687 4312 Apostolorum
733 4236 960 4308 iustitia.
1005 4237 1172 4291 Aiunt
1216 4235 1419 4300 etiam,
1476 4252 1496 4287 ι
1530 4234 1673 4305 quod
1723 4248 1914 4291 omnes

331 4330 573 4401 Apostoli
600 4330 684 4385 vel
713 4329 995 4399 Prophetas
1024 4341 1128 4382 non
1154 4325 1313 4397 plene
1335 4326 1507 4381 sancti
1531 4326 1855 4381 deﬁniantur
1880 4341 1912 4382 a

331 4423 489 4477 nobis
506 4461 523 4487 ,
554 4420 649 4476 sed
674 4420 728 4475 in
748 4419 1147 4489 comparatione
1167 4416 1408 4487 peiorum
1435 4417 1609 4470 minus
1631 4416 1800 4471 malos
1819 4431 1913 4472 eos

330 4512 495 4569 fuisse
520 4511 794 4577 dicamus;
825 4518 881 4566 et
908 4512 1047 4564 hanc
1068 4523 1188 4564 esse
1208 4506 1465 4577 iustitiam
1491 4506 1575 4561 cui
1599 4506 1740 4563 Dens
1765 4508 1914 4563 testi-

330 4602 567 4657 monium
595 4601 839 4671 perhibet
860 4642 877 4668 ,
905 4607 962 4655 ut
983 4596 1251 4670 quomodo
1278 4595 1409 4652 dicit
1433 4596 1688 4666 propheta
1712 4638 1728 4662 ,
1752 4597 1912 4666 insti-

330 4696 540 4749 ticatam
579 4692 868 4748 Sodomam
909 4688 1308 4760 comparatione
1335 4686 1641 4743 Judteorum
1673 4687 1693 4760 (
1722 4687 1910 4742 Ezech.

332 4800 453 4848 xvi,
482 4784 649 4841 46-57
669 4782 715 4855 ),
742 4783 821 4838 sic
844 4782 1004 4837 etiam
1046 4794 1147 4836 nos
1180 4779 1590 4834 criminosorum
1632 4793 1912 4848 compara-

329 4876 475 4930 tione
493 4874 732 4929 dicamus
750 4880 965 4928 sanctos
983 4871 1213 4939 aliquam
1235 4869 1257 4902 ⁸
1281 4869 1581 4925 exercuisse
1603 4868 1871 4923 virtutem.
1887 4887 1907 4921 ν

328 4965 484 5020 Absit
503 4974 564 5019 ut
590 4964 689 5019 ista
709 4963 950 5019 dicamus
979 4980 992 5017 :
1020 4960 1115 5017 sed
1142 4969 1233 5016 aut
1253 4954 1360 5014 non
1381 4959 1560 5015 valent
1579 4958 1908 5030 intelligere,

329 5063 422 5108 aut
448 5055 633 5109 nolunt
656 5053 935 5108 advertere
957 5095 971 5115 ,
1003 5062 1094 5107 aut
1135 5049 1492 5106 calumniandi
1533 5049 1711 5105 studio
1751 5049 1913 5106 dissi-

330 5143 538 5199 mulant
586 5159 647 5200 se
686 5145 825 5200 scire
869 5143 1010 5215 quod
1041 5143 1289 5199 dicimus.
1337 5142 1569 5197 Audiant
1615 5157 1775 5213 ergo,
1828 5144 1910 5198 vel

331 5234 430 5303 ipsi
456 5274 472 5299 ,
500 5234 584 5289 vel
616 5235 790 5303 potius
820 5234 854 5288 ii
879 5249 1014 5305 quos
1042 5234 1232 5289 idiotas
1262 5243 1315 5288 et
1348 5234 1640 5288 ineruditos
1668 5233 1913 5304 decipere

330 5326 639 5381 moliuntur.
672 5325 859 5381 Nostra
892 5326 1022 5380 ﬁdes
1044 5367 1058 5392 ,
1093 5325 1194 5380 hoc
1219 5336 1300 5380 cst
1320 5324 1580 5381 catholica
1603 5325 1736 5383 ﬁdes
1764 5368 1778 5390 ,
1814 5325 1907 5395 iu-

396 5580 412 5614 ⁸
437 5580 576 5639 Fditl,
600 5583 689 5633 sic.
710 5589 766 5633 At
785 5589 914 5638 uss,
932 5583 1061 5633 hinc.

394 5644 414 5673 τ
440 5643 643 5692 Vaticani
668 5650 797 5693 Mss.
819 5657 947 5693 rem.

394 5703 411 5731 ³
439 5678 631 5753 tum;
662 5678 952 5763 Αίῖδιῦῖῶὶ
968 5718 1071 5767 ,υοε
1087 5711 1290 5755 sanctos.

1715 313 1915 370 LIBER
1955 313 2271 375 TERTIUS.

3506 335 3609 390 598

2045 439 2158 484 stos
2183 430 2251 484 ab
2281 431 2486 501 iniustis
2507 473 2525 501 ,
2553 447 2658 490 non
2686 448 2925 504 operum,
2949 437 3044 494 Sed
3065 438 3182 507 ipsa
3212 440 3334 496 ﬁdei
3366 442 3482 512 lege
3508 443 3620 499 dis—

2044 522 2215 576 cernit
2242 540 2269 597 ;
2287 523 2408 594 quia
2434 522 2607 594 iustus
2632 540 2695 582 ex
2728 527 2832 584 ﬁde
2860 530 3006 585 vivit.
3036 529 3139 586 Per
3155 546 3315 603 quam
3341 531 3613 590 discretio-

2043 626 2165 667 nem
2195 611 2253 667 ﬁt
2271 653 2288 677 ,
2316 623 2372 668 ut
2401 613 2562 671 homo
2589 616 2789 673 ducens
2819 620 2979 675 vitam
3006 621 3122 677 sine
3151 620 3473 691 homicidio,
3505 626 3622 681 sine

2044 699 2183 755 furto
2208 743 2223 768 ,
2251 704 2366 759 sine
2394 703 2526 759 falso
2557 707 2858 763 testimonio
2881 750 2895 776 ,
2920 709 3038 766 sine
3076 713 3311 782 appetitu
3350 714 3426 768 rei
3465 714 3623 770 ullius

2040 790 2229 846 alienae
2250 831 2267 859 ,
2290 796 2597 862 parentibus
2618 798 2872 855 honorem
2884 800 3124 857 debitum
3151 803 3382 862 reddens
3402 845 3419 870 ,
3442 816 3622 861 castus

1998 956 2005 961 ι
2042 896 2209 952 usque
2237 885 2302 938 ad
2326 887 2705 944 continentiam
2748 889 2816 944 ab
2851 893 2993 946 omni
3035 894 3253 949 omnino
3291 896 3576 951 concubitu
3601 937 3617 959 ,

2041 974 2199 1028 etiam
2229 976 2527 1047 coniugali,
2566 978 3027 1053 eleemosynarum
3067 985 3431 1055 largissimus,
3478 987 3617 1057 iniu-

2042 1063 2242 1118 riarum
2287 1068 2736 1136 patientissimus,
2776 1071 2864 1141 qui
2908 1086 3013 1127 non
3060 1074 3229 1129 solum
3271 1090 3374 1130 non
3415 1076 3619 1131 auferat

2039 1152 2211 1208 aliena
2237 1194 2251 1219 ,
2280 1155 2370 1210 scd
2404 1171 2501 1212 nec
2527 1171 2621 1212 sua
2661 1168 2905 1228 reposcat
2940 1161 3112 1217 ablata
3135 1205 3152 1229 ,
3186 1164 3266 1218 vel
3296 1164 3455 1220 etiam
3485 1182 3617 1221 ven-

2038 1241 2164 1297 ditis
2205 1244 2450 1301 omuibns
2494 1247 2605 1302 suis
2651 1248 2985 1319 erogatisque
3029 1248 3083 1306 in
3133 1266 3431 1320 pauperes,
3485 1254 3639 1315 nihil.

2038 1346 2191 1386 suum
2223 1336 2599 1406 propriumque
2632 1337 2975 1408 possideat‘;
3007 1356 3130 1396 cum
3157 1343 3269 1398 suis
3301 1352 3475 1398 tamen
3504 1346 3617 1400 istis

2037 1423 2183 1477 velut
2225 1423 2576 1481 laudabilibus
2619 1429 2892 1493 moribus,
2934 1430 3117 1485 sinon
3160 1431 3213 1484 in
3256 1432 3418 1487 Deum
3459 1433 3616 1491 ﬁdem

2037 1520 2233 1565 rectam
2262 1521 2314 1567 et
2342 1514 2657 1570 catholicam
2686 1526 2896 1586 teneat,
2932 1517 2999 1574 de
3024 1517 3126 1575 hac
3157 1520 3262 1575 vita
3288 1521 3616 1579 damnandus

2033 1601 2302 1657 abscedat.
2336 1604 2484 1659 Alius
2523 1614 2700 1661 autem
2729 1648 2745 1675 ,
2789 1606 2992 1663 habens
3025 1609 3239 1678 quidem
3277 1625 3437 1681 opera
3477 1612 3614 1669 bona

2033 1707 2097 1747 ex
2145 1692 2248 1749 ﬁde
2291 1704 2439 1750 recta
2487 1712 2606 1767 quae
2655 1712 2750 1768 per
2793 1699 3135 1756 dilectionem
3179 1711 3462 1773 operatur,
3509 1721 3612 1762 no.1

2036 1790 2211 1837 tamen
2268 1784 2337 1839 ita
2390 1793 2447 1839 ut
2496 1787 2583 1842 ille
2637 1788 2773 1844 bene
2826 1792 3126 1859 moratus',
3180 1791 3611 1850 incontinentiam

2032 1888 2181 1928 suam
2205 1885 2469 1933 sustentat
2496 1877 2772 1937 honestate
2801 1882 3100 1951 nuptiarum
3123 1925 3137 1950 ,
3170 1885 3398 1957 coniugii
3426 1901 3608 1942 carna-

2031 1964 2095 2020 lis
2121 1964 2169 2021 do
2191 1966 2356 2023 bitum
2386 1969 2405 2000 ⁸
2435 1978 2488 2025 et
2514 1971 2685 2027 reddit
2709 1982 2763 2028 et
2789 1973 2983 2044 repetit
3004 2016 3020 2039 ,
3056 1990 3157 2031 nec
3198 1977 3311 2032 sola
3351 1992 3611 2048 propaga—

2032 2058 2189 2113 tionis
2218 2074 2375 2115 causa
2398 2103 2411 2126 ,
2441 2076 2625 2116 verum
2669 2063 2828 2119 etiam
2874 2065 3155 2134 voluptatis
3178 2107 3194 2133 ,
3225 2062 3467 2137 quamvis
3488 2082 3609 2124 eum

2028 2148 2139 2204 sola
2169 2163 2333 2204 uxore
2357 2192 2373 2217 ,
2419 2151 2757 2218 concumbit,
2802 2152 2945 2223 quod
2982 2154 3280 2226 coniugatis
3319 2157 3608 2215 secundum

2029 2239 2233 2293 veniam
2262 2239 2505 2296 concedit
2529 2241 2819 2311 Apostolus
2855 2243 2875 2317 (
2904 2242 2923 2297 l
2950 2242 3066 2299 Cor.
3107 2259 3182 2301 vn
3205 2285 3222 2313 ,
3249 2245 3282 2301 6
3309 2246 3352 2315 );
3393 2246 3612 2317 injurias

2029 2344 2132 2384 non
2160 2339 2264 2384 tam
2297 2333 2557 2400 patienter
2582 2333 2773 2405 accipit
2795 2331 2839 2402 ⁸,
2883 2335 2978 2391 sed
3009 2335 3299 2397 ulciscendi
3324 2338 3611 2406 cupiditate

2026 2418 2194 2476 fertur
2223 2421 2425 2488 iratus;
2457 2423 2731 2495 quamvis,
2760 2433 2818 2480 ut
2842 2425 3013 2495 possit
3035 2425 3215 2481 dicere
3235 2467 3251 2493 ,
3278 2424 3421 2482 Sicut
3444 2436 3494 2483 et
3520 2445 3613 2482 nos

2027 2511 2323 2568 dimittimus
2351 2512 2658 2570 debitoribus
2699 2516 2883 2571 nostris
2924 2514 3219 2588 (Hatthm
3245 2557 3263 2585 ,
3291 2516 3361 2575 12
3387 2516 3429 2588 ),
3456 2532 3611 2588 roga-

2029 2610 2111 2658 tus
2138 2601 2415 2673 ignoscat:
2447 2603 2685 2674 possidet
2712 2620 2827 2661 rem
2854 2604 3168 2662 familiarem
3190 2646 3209 2673 ,
3249 2605 3450 2664 faciens
3488 2607 3612 2663 inde

2024 2690 2237 2761 quidem
2265 2692 2632 2766 cleemosynas
2657 2733 2674 2759 ,
2706 2709 2814 2749 non
2852 2702 3028 2751 tamen
3069 2710 3225 2764 quam
3257 2696 3346 2752 ille
3376 2706 3483 2752 tam
3509 2699 3612 2755 lar-

2022 2796 2116 2852 gas
2142 2781 2163 2813 ⁸
2195 2800 2207 2835 :
2240 2797 2344 2843 non
2372 2783 2543 2839 aufert
2569 2783 2783 2851 aliena;
2825 2784 2920 2841 sed
2966 2785 3211 2856 quamvis
3251 2787 3609 2844 ecclesiastico

2015 2873 2253 2951 iudicio,
2285 2890 2390 2930 non
2418 2875 2652 2942 forensi,
2683 2884 2858 2932 tamen
2881 2876 3075 2947 repetit
3101 2890 3194 2932 sua
3224 2894 3243 2932 :
3279 2893 3471 2949 nempe
3506 2877 3608 2934 iste

2020 2966 2112 3035 qui
2155 2966 2390 3025 moribus
2441 2966 2532 3021 illo
2579 2965 2790 3029 videtur
2836 2965 3092 3034 inferior,
3147 2975 3365 3039 propter
3405 2978 3605 3024 rectam

2022 3054 2180 3112 ﬁdem
2210 3071 2330 3129 quae
2359 3056 2431 3110 illi
2462 3064 2547 3112 est
2574 3056 2626 3112 in
2657 3056 2822 3113 Deum
2845 3097 2864 3125 ,
2895 3072 2962 3114 ex
2993 3072 3097 3130 qua
3139 3058 3300 3125 vivit,
3330 3068 3386 3115 et
3413 3074 3605 3116 sectiu-

2021 3146 2149 3205 dum
2176 3164 2334 3217 quam
2358 3148 2419 3205 in
2459 3148 2706 3207 omnibus
2747 3148 2957 3206 delictis
3005 3150 3116 3206 suis
3160 3164 3222 3208 se
3265 3160 3521 3218 accusat,
3550 3152 3605 3208 in

2020 3239 2268 3295 omnibus
2298 3239 2450 3295 bonis
2475 3239 2725 3310 operibus
2752 3240 2922 3315 Deum
2960 3240 3145 3297 laudat
3165 3280 3184 3306 ,
3219 3241 3320 3298 sibi
3371 3242 3605 3301 tribuens

2022 3329 2363 3400 ignominiam
2387 3371 2404 3396 ,
2449 3329 2525 3385 illi
2563 3329 2822 3400 gloriam,
2859 3338 3019 3400 atque
3064 3329 3131 3386 ab
3169 3329 3286 3401 ipso
3310 3345 3525 3386 sumens
3553 3341 3607 3387 et

2020 3418 2399 3488 indulgentiam
2428 3429 2766 3489 peccatorum
2819 3427 2874 3475 et
2905 3418 3243 3476 dilectionem
3286 3418 3475 3477 recte“
3517 3418 3598 3474 fa-

2020 3519 2250 3578 ctorum,
2269 3509 2341 3566 de
2370 3508 2471 3565 hac
2500 3509 2604 3563 vita
2633 3507 2941 3565 liberandus
2970 3517 3025 3565 et
3050 3509 3102 3564 in
3130 3509 3455 3565 consortium
3483 3523 3603 3565 cum

2020 3600 2232 3657 Christo
2281 3608 2686 3670 regnaturorum
2722 3598 3056 3669 recipiendus
3103 3600 3349 3672 emigrat.
3386 3600 3603 3671 Quarc'.

2020 3690 2122 3747 nisi
2151 3700 2368 3763 propter
2396 3689 2553 3747 ﬁdem
2572 3690 2596 3745 ?
2615 3678 2744 3758 Qtue
2769 3689 2895 3745 licet
2921 3690 3037 3747 sine
3061 3688 3313 3761 Operibus
3338 3690 3603 3747 neminem

2019 3780 2191 3839 salvat
2228 3781 2381 3854 (ipsa
2408 3780 2549 3837 enim
2583 3789 2666 3838 est
2707 3795 2811 3837 non
2854 3779 3081 3850 reproba
3127 3780 3293 3845 ﬁdes,
3336 3796 3456 3851 qua:
3509 3796 3605 3852 per

2019 3872 2361 3929 dilectionem
2389 3881 2640 3942 operatur
2659 3870 2703 3946 );
2746 3884 2924 3929 tamen
2961 3886 3056 3942 per
3090 3872 3257 3943 ipsam
3294 3871 3455 3926 etiam
3484 3885 3606 3941 pec-

2017 3974 2134 4021 cata
2165 3965 2475 4032 solvuntur,
2502 3965 2625 4035 quia
2648 3964 2823 4035 iustus
2847 3980 2913 4020 ex
2955 3963 3061 4020 ﬁde
3105 3964 3276 4019 vivit:
3328 3961 3446 4018 sine
3490 3961 3603 4031 ipsa

2018 4073 2148 4114 vero
2175 4060 2335 4114 etiam
2365 4074 2483 4129 qua:
2506 4057 2755 4115 videntur
2779 4057 2915 4113 bona
2940 4072 3103 4127 Opera
3127 4098 3144 4124 ,
3174 4056 3225 4109 in
3247 4063 3460 4127 peccata
3488 4069 3607 4111 ver--

2019 4155 2233 4211 tnntnr;
2265 4162 2424 4204 onme
2453 4147 2594 4201 enim
2622 4146 2763 4215 quod
2791 4160 2897 4203 non
2935 4155 3019 4200 est
3057 4161 3123 4200 ex
3160 4145 3297 4211 tlde,
3328 4153 3601 4215 peceatum

2017 4253 2097 4299 est
2130 4240 2150 4315 (
2176 4241 2326 4296 Rom.
2350 4255 2444 4295 xw
2467 4281 2484 4307 ,
2520 4238 2592 4294 23
2615 4238 2655 4310 ).
2686 4237 2753 4293 Et
2795 4235 2854 4290 ﬁt
2889 4245 3105 4306 propter
3144 4235 3283 4292 hanc
3316 4236 3602 4295 maximam

2017 4334 2369 4391 diﬁcrentiam
2394 4372 2410 4395 ,
2439 4340 2497 4386 ut
2519 4345 2642 4386 cum
2663 4371 2678 4393 ,
2708 4326 2986 4385 dubitante
3021 4326 3165 4382 nullo
3187 4367 3205 4393 ,
3254 4341 3604 4398 perseverans

2019 4424 2289 4496 virginalis
2342 4421 2618 4493 integritas
2669 4419 2934 4492 coniugali
2977 4419 3225 4477 castitate
3269 4419 3341 4474 sit
3388 4418 3599 4489 potior;

2019 4525 2198 4573 tamen
2226 4514 2416 4570 mulier
2443 4514 2602 4570 etiam
2631 4513 2713 4569 bis
2742 4523 2904 4585 nupta
2933 4512 3190 4568 catholica
3219 4510 3474 4584 professa:
3499 4510 3604 4566 vir-

2017 4607 2126 4679 gini
2155 4605 2416 4662 luereticae
2442 4603 2756 4676 prteferatur
2780 4621 2795 4660 :
2829 4619 2927 4660 nec
2953 4605 3023 4659 ita
3050 4603 3391 4675 prmferatur,
3423 4612 3480 4659 ut
3503 4604 3603 4659 ista

2018 4699 2209 4755 melior
2233 4698 2304 4752 sit
2329 4698 2383 4753 in
2411 4696 2505 4752 Dei
2533 4711 2700 4767 regno
2723 4737 2739 4763 ,
2766 4695 2859 4755 sed
2906 4704 2963 4750 ut
3010 4697 3095 4751 illa
3141 4696 3214 4751 ibi
3257 4710 3360 4751 non
3391 4695 3459 4750 sit
3485 4709 3593 4750 om-

2018 4791 2163 4845 nino.
2191 4789 2323 4845 Nam
2351 4797 2405 4844 et
2430 4788 2519 4843 ille
2543 4803 2701 4858 quem
2729 4787 2873 4842 velut
2896 4787 3202 4843 melioribus
3222 4785 3607 4857 descripsimus

2018 4879 2256 4934 moribus
2279 4919 2296 4944 ,
2323 4877 2369 4932 si
2393 4877 2532 4933 adsit
2559 4877 2607 4932 ei
2636 4875 2766 4933 ﬁdes
2790 4885 2939 4933 recta
2963 4917 2981 4943 ,
3024 4883 3238 4947 superat
3286 4874 3433 4930 illum
3469 4873 3606 4932 alte-

2018 4986 2132 5025 rum
2159 5012 2174 5037 ,
2204 4970 2296 5024 sed
2324 4969 2483 5024 ambo
2506 4968 2526 5000 '
2555 4967 2663 5023 illic
2683 4975 2837 5022 erunt
2866 4985 2880 5023 :
2911 4967 2955 5023 si
2980 4974 3162 5023 autem
3188 4964 3319 5022 ﬁdes
3344 4965 3393 5021 ei
3422 4964 3588 5031 desit,

2082 5204 2098 5235 ι
2123 5204 2195 5253 sic
2237 5208 2347 5252 Mss.
2389 5202 2507 5254 [idid
2525 5234 2542 5261 ,
2748 5212 2888 5263 suum
2933 5197 3180 5263 proprium
3220 5198 3475 5263 possideat.

2080 5265 2100 5328 ξ
2126 5265 2332 5328 t'aticani
2354 5270 2482 5322 διες»,
2509 5259 2563 5328 ut
2575 5259 2660 5328 ille
2675 5260 3009 5328 maligeratus.

2082 5327 2103 5388 ἓ
2128 5326 2275 5375 Vatic.
2297 5334 2437 5388 mss,
2455 5320 2648 5385 conjugi
2668 5320 2864 5375 cumdie
2886 5320 3115 5388 debitum.
3167 5381 3173 5388 .

2082 5386 2103 5417 ⁸
2123 5388 2258 5444 Editi,
2289 5385 2493 5448 injurias
2518 5381 2676 5433 tamen
2696 5395 2790 5432 non
2812 5381 3045 5447 patienter
3070 5381 3260 5444 accipit.
3280 5386 3599 5433 Ptuutnlaumr

2021 5448 2078 5496 ad
2103 5455 2210 5495 Mss.

2081 5510 2103 5540 ⁸
2126 5510 2199 5558 sic
2231 5514 2333 5570 Mss.
2377 5504 2523 5562 miti,
2565 5503 2748 5570 faciens
2786 5501 2899 5556 inde
2938 5504 3131 5570 quidem
3155 5505 3491 5570 elermosymts,
3513 5509 3597 5555 seu

2020 5581 2112 5635 non
2134 5577 2229 5635 tam
2254 5565 2418 5635 htrgus
2437 5565 2687 5635 quantillo
2711 5578 2728 5615 :
2750 5578 2845 5616 non
2858 5565 3032 5629 στερη.

2084 5630 2104 5660 ⁸
2133 5628 2339 5676 Vaticani
2361 5628 2488 5683 Mss.,
2513 5628 2566 5676 (Ii
2585 5628 2823 5677 ‘crtiotu'm
2846 5628 2991 5678 recte.

2084 5690 2102 5720 ⁷
2124 5691 2194 5737 sic
2221 5698 2322 5737 \zss.
2352 5697 2400 5737 At
2428 5690 2558 5749 editi,
2649 5693 2784 5740 umbo
2812 5702 2827 5739 .·
2852 5692 3008 5739 minus
3032 5689 3179 5738 bene.
