4038 6182
361 293 466 349 599

359 410 439 464 sic
466 406 534 462 ab
564 405 655 460 illo
683 413 964 476 superatur
985 445 1000 471 ,
1031 414 1088 458 ut
1115 405 1228 472 ipse
1253 402 1324 457 ibi
1352 417 1458 456 non
1484 403 1572 457 sit.

430 499 519 556 15.
559 496 691 552 Cum
721 497 897 566 itaque
919 495 1045 564 justi
1073 507 1262 548 omnes
1285 501 1339 548 et
1365 491 1692 561 antiquiores
1719 497 1769 544 et
1797 486 1941 556 Apo-

359 591 482 645 stoli
508 605 574 644 ex
603 588 706 642 ﬁde
735 586 962 642 vixerint
987 593 1128 641 recta
1153 627 1168 652 ,
1197 598 1316 655 qua:
1355 591 1438 639 est
1471 582 1524 637 in
1564 580 1780 636 Christo
1816 578 1944 634 Jesu

366 680 588 735 Domino
618 686 800 732 nostro
825 693 841 742 ;
882 691 1164 746 moresque
1193 685 1298 729 tam
1330 683 1544 729 sanctos
1569 687 1690 727 cum
1717 670 1818 725 ﬁde
1847 670 1943 723 ba-

364 771 575 826 buerint
601 809 618 837 ,
650 778 709 824 ut
748 769 870 823 licet
913 784 1019 822 non
1070 777 1176 821 tam
1225 767 1474 836 perfectae
1523 761 1732 818 uirtutis
1761 762 1812 816 in
1844 759 1945 814 hac

365 863 468 916 vita
490 877 611 918 esse
631 861 935 932 potuerint,
965 875 1121 928 quam
1143 874 1261 929 qua:
1285 867 1404 927 post
1431 857 1568 910 hanc
1588 855 1749 909 vitam
1771 853 1944 906 futura

359 963 478 1019 est,
519 964 695 1009 tamen
735 951 989 1024 quidquid
1030 951 1228 1021 peccati
1261 966 1326 1005 ex
1371 950 1596 1004 humana
1637 945 1945 1002 inﬁrmitate

361 1045 676 1114 subreperet
699 1046 738 1107 ¹,
782 1045 976 1114 pietate
1002 1043 1168 1113 ipsius
1197 1041 1319 1096 ﬁdei
1346 1041 1597 1096 coatinno
1625 1038 1898 1092 deleretur
1926 1052 1942 1090 :

364 1136 504 1192 unde
553 1138 665 1192 fieri
724 1145 897 1206 potest
945 1145 1002 1190 ut
1054 1137 1106 1190 in
1153 1135 1550 1204 comparatione
1604 1130 1943 1200 iniquorum,

367 1245 498 1298 quos
524 1228 868 1283 damnaturus
892 1236 974 1282 est
1002 1228 1140 1281 Deus
1163 1265 1177 1289 ,
1205 1225 1379 1295 justos
1422 1239 1514 1278 cos
1561 1221 1723 1277 fuisse
1761 1220 1944 1275 dicen-

369 1319 491 1372 dum
523 1319 631 1384 sit;
661 1333 777 1372 enm
805 1333 903 1388 per
925 1317 1064 1387 piam
1096 1316 1252 1369 fidem
1297 1324 1404 1369 tam
1445 1314 1496 1368 in
1527 1309 1854 1368 contrarium
1881 1307 1947 1363 ab

365 1411 470 1465 illis
495 1409 670 1479 impiis
714 1409 820 1464 sint
857 1408 1087 1472 remoti,
1143 1415 1199 1461 ut
1243 1406 1434 1460 clamet
1479 1402 1791 1474 Apostolus,
1823 1398 1950 1464 Quae

369 1517 488 1570 pars
517 1501 658 1568 ﬁdeli
682 1515 795 1552 cum
825 1497 1019 1565 infideli
1068 1496 1144 1569 (ll
1167 1495 1283 1550 Cor.
1313 1512 1362 1549 γι
1385 1537 1397 1558 ,
1432 1496 1498 1550 15
1526 1493 1543 1565 )
1575 1493 1599 1546 ?
1624 1493 1728 1548 Sed
1760 1489 1949 1546 videli-

367 1597 455 1643 cet
491 1588 759 1657 Pelagiani
805 1587 925 1641 novi
969 1585 1242 1652 haeretici,
1278 1585 1504 1654 religiosi
1531 1585 1555 1615 ’
1589 1593 1856 1637 amatores
1898 1590 1952 1636 et

371 1679 674 1734 laudatores
699 1678 946 1732 videntur
971 1677 1070 1732 sibi
1099 1691 1220 1732 esse
1248 1685 1554 1730 sanctorum
1576 1716 1588 1736 ,
1624 1673 1666 1727 si
1705 1687 1808 1727 non
1854 1686 1954 1725 au-

366 1769 528 1823 deant
571 1767 750 1823 dicere
795 1767 1120 1837 imperfecta:
1165 1767 1283 1821 illos
1333 1765 1494 1820 fuisse
1541 1763 1784 1828 virtutis,
1830 1777 1950 1817 cum

371 1863 470 1917 hoc
499 1862 816 1916 conﬁteatur
845 1861 948 1915 Vas
987 1859 1262 1916 electionis
1287 1901 1300 1923 ,
1347 1858 1434 1928 qui
1477 1856 1822 1912 considerans
1863 1853 1950 1908 ubi

369 1951 542 2005 adhuc
562 1961 732 2015 esset,
755 1962 808 2005 et
828 1951 948 2022 quia
975 1965 1169 2020 corpus
1195 1949 1334 2020 quod
1355 1947 1712 2016 corrumpitur
1730 1987 1743 2008 ,
1766 1959 1953 2015 aggra-

370 2052 457 2096 vat
483 2043 712 2096 animum
743 2043 761 2113 (
785 2042 912 2113 Sap.
946 2059 995 2097 Ix
1021 2084 1034 2105 ,
1069 2043 1136 2097 15
1161 2044 1200 2112 ),
1227 2039 1346 2095 Νοιι
1373 2041 1491 2110 quia
1511 2040 1624 2112 jam
1645 2037 1950 2109 acceperim,

369 2134 480 2200 ait,
510 2144 597 2186 aut
618 2135 730 2206 jam
757 2139 1004 2205 perfectus
1029 2134 1122 2187 sint
1146 2149 1164 2187 :
1197 2135 1376 2202 fratres
1398 2173 1412 2196 ,
1442 2147 1532 2202 ego
1553 2147 1631 2183 me
1659 2131 1824 2202 ipsum
1853 2143 1954 2182 non

369 2226 586 2279 arbitror
609 2225 1021 2295 appreltcndisse.
1057 2225 1121 2279 Et
1149 2225 1304 2294 paulo
1343 2231 1462 2293 post
1501 2232 1677 2277 tamen
1703 2261 1717 2285 ,
1763 2219 1854 2290 qui
1897 2234 1956 2275 se

374 2325 659 2386 negaverat
697 2331 817 2372 esse
859 2316 1151 2386 perfectum
1177 2357 1192 2378 ,
1242 2316 1494 2385 Quotquot
1537 2329 1653 2384 ergo
1701 2311 1951 2383 perfecti,

373 2407 541 2474 inquit
567 2447 580 2469 ,
613 2409 706 2461 hoc
732 2409 990 2478 sapiamus
1021 2407 1039 2477 (
1062 2405 1293 2478 Philipp.
1325 2421 1378 2460 ιιι
1401 2447 1415 2470 ,
1446 2404 1513 2460 12
1537 2448 1551 2472 ,
1585 2405 1651 2460 13
1677 2445 1693 2473 ,
1725 2400 1833 2476 15)
1860 2421 1872 2456 :
1899 2412 1958 2458 ut

371 2499 678 2554 ostenderet
701 2498 991 2554 secundmn
1017 2499 1175 2569 istius
1215 2499 1338 2552 vita:
1379 2496 1594 2551 modum
1621 2509 1742 2550 esse
1766 2509 1956 2564 quam-

371 2590 493 2644 dam
525 2591 905 2659 perfectionem
925 2633 939 2658 ,
972 2591 1126 2660 eique
1157 2589 1464 2660 perfectioni
1493 2587 1596 2644 hoc
1619 2603 1831 2658 quoque
1855 2585 1956 2643 de-

373 2682 543 2750 putari
569 2725 582 2745 ,
611 2683 657 2736 si
685 2697 744 2737 se
770 2683 993 2752 quisque
1014 2681 1219 2737 noverit
1240 2679 1474 2734 nondum
1497 2694 1616 2735 esse
1637 2677 1953 2749 perfectum.

371 2774 512 2842 Quid
537 2776 680 2829 enim
711 2773 996 2844 perfectius
1015 2816 1028 2837 ,
1061 2773 1254 2844 quidve
1279 2771 1300 2804 ⁸
1327 2771 1676 2828 excellentius
1706 2770 1758 2824 in
1788 2769 1955 2824 veteri

375 2865 568 2934 popqu
592 2864 958 2920 sacerdotibus
985 2864 1221 2918 sanctis?
1251 2863 1314 2917 Et
1357 2871 1533 2918 tamen
1577 2861 1656 2916 eis
1703 2857 1958 2932 prwcepit

376 2959 515 3013 Deus
542 2959 860 3013 sacriﬁcium
915 2958 1158 3028 primitus
1189 2971 1284 3027 pro
1329 2956 1442 3011 suis
1481 2953 1674 3010 offerre
1724 2954 1960 3024 peccatis

376 3049 582 3118 (Leuit.
611 3064 662 3102 ix
685 3090 699 3115 ,
734 3050 786 3114 7,
816 3057 864 3101 et
889 3063 1010 3114 xvr,
1033 3047 1128 3118 6).
1185 3047 1248 3102 Et
1293 3045 1418 3118 quid
1455 3045 1690 3100 sanctius
1729 3045 1782 3099 in
1819 3057 1958 3098 novo

376 3141 570 3210 populo
600 3139 913 3208 Apostolis?
944 3139 1006 3192 Et
1037 3147 1212 3192 tamen
1239 3137 1490 3209 praecepit
1516 3137 1594 3193 eis
1621 3137 1874 3191 Dominus
1904 3136 1958 3190 in

368 3231 614 3286 oratione
644 3231 820 3285 dicere
844 3271 858 3293 ,
889 3229 1096 3284 Dimitte
1122 3231 1264 3285 nobis
1291 3231 1458 3284 debita
1486 3239 1676 3285 nostra.
1709 3228 1957 3284 Omnium

375 3321 534 3391 igitur
563 3323 767 3390 piorum
795 3319 894 3374 sub
921 3319 1020 3374 hoc
1045 3335 1210 3374 onere
1237 3320 1594 3389 corruptibilis
1621 3320 1798 3374 carnis
1826 3328 1872 3373 et
1904 3319 1959 3373 in

378 3412 528 3466 istius
558 3411 678 3465 vita:
709 3411 1014 3465 inﬁrmitate
1041 3409 1365 3481 gementium
1395 3425 1516 3479 spes
1545 3426 1650 3464 una
1677 3419 1788 3473 est,
1817 3409 1960 3480 quod

376 3503 690 3557 advocatum
745 3502 1001 3557 habemus
1051 3502 1115 3556 ad
1161 3501 1371 3556 Patrem
1397 3499 1419 3532 ⁵
1463 3501 1646 3556 Jesum
1686 3501 1958 3556 Christum

374 3597 575 3664 justum
602 3638 615 3659 ,
649 3606 698 3648 et
738 3596 850 3664 ipse
884 3603 966 3650 est
995 3594 1235 3650 cxoratio
1280 3603 1617 3665 peccatorum
1660 3605 1959 3650 uostrormn

379 3685 949 3758 (lloan.lt,l,2).
1024 3691 1048 3716 '

447 3777 673 3831 CAPUT
708 3777 790 3830 \‘l.
811 3806 884 3816 —
910 3777 995 3830 16.
1019 3775 1288 3830 Calumnia
1317 3776 1379 3830 de
1408 3787 1610 3846 peccato
1645 3777 1696 3829 in
1738 3775 1958 3831 Christo.

377 3867 584 3921 .lustutn
616 3869 637 3900 ⁸
664 3867 977 3922 advocatum
1001 3883 1104 3920 non
1133 3867 1327 3921 habent
1353 3867 1455 3930 illi,
1484 3867 1570 3937 qui
1601 3876 1724 3921 sunt
1749 3882 1777 3919 a
1804 3866 1964 3936 justis

382 3956 630 4027 (etiamsi
660 3953 772 4012 Sola
817 3959 914 4010 ista
947 3967 1106 4011 esset
1149 3956 1490 4027 differentia)
1540 3959 1590 4011 in
1637 3959 1962 4012 contrarium

382 4050 642 4118 longeque
667 4049 905 4103 discreti.
937 4048 1104 4116 Quem
1131 4049 1332 4120 justum
1373 4050 1686 4105 advocatum
1736 4050 1872 4104 absit
1909 4060 1966 4104 ut

379 4139 618 4192 dicamus
643 4180 657 4204 ,
687 4140 824 4194 sicut
854 4132 952 4209 ipsi
996 4140 1384 4195 calumniantur
1404 4181 1419 4206 ,
1469 4159 1488 4192 ι
1515 4141 1692 4195 carnis
1734 4141 1963 4195 necessi'

381 4237 487 4283 tate
516 4230 793 4283 mentitum
828 4247 842 4285 ε
879 4250 897 4282 ι
944 4231 1038 4286 sed
1095 4231 1324 4285 dicimus
1357 4249 1476 4285 cum
1527 4232 1578 4286 in
1620 4232 1968 4288 similitudine

381 4320 556 4372 carnis
587 4320 787 4389 peccati
818 4319 884 4374 tle
911 4331 1128 4390 peccato
1148 4321 1432 4377 damnasse
1456 4334 1727 4394 peccatum
1768 4323 1786 4395 (
1811 4323 1962 4384 liam.

384 4427 471 4463 vm
500 4452 513 4473 ,
541 4412 574 4464 5
597 4410 636 4479 ).
665 4413 816 4475 Quod
842 4411 1063 4468 fortasse
1105 4414 1189 4467 isti
1227 4430 1330 4468 non
1378 4417 1734 4485 intelligentes
1757 4425 1809 4470 et
1831 4417 1967 4470 calu-

387 4502 619 4555 mniandi
643 4504 1142 4569 cupiditatecmcati.
1158 4521 1314 4574 quam
1337 4507 1560 4561 diversis
1577 4509 1746 4561 modis
1767 4509 1966 4578 peccati

387 4609 579 4649 nomen
607 4598 657 4648 in
689 4593 976 4664 Scripturis
1006 4599 1202 4650 sanctis
1250 4600 1372 4666 puni
1413 4599 1581 4652 soleat
1620 4601 1924 4670 ignorantes
1947 4643 1963 4668 ,

385 4695 660 4757 peceatum
685 4684 880 4739 Christi
907 4687 1174 4742 afﬁrmare
1218 4703 1315 4741 nos
1351 4688 1569 4756 jactant.
1602 4690 1833 4744 Dicimus
1863 4691 1966 4745 ita-

385 4795 488 4847 que
516 4778 784 4833 Christum
813 4819 826 4841 ,
854 4788 907 4832 et
937 4780 1137 4832 nullmn
1173 4780 1420 4834 habuisse
1453 4792 1723 4850 [necatum
1750 4825 1765 4847 ,
1796 4798 1893 4836 nec
1918 4783 1968 4837 itt

385 4872 562 4923 anima
588 4913 600 4935 ,
627 4887 724 4926 nec
753 4871 800 4923 in
825 4886 982 4925 carne
1009 4888 1022 4933 ;
1056 4881 1108 4924 ct
1137 4872 1473 4941 suscipiendo
1495 4889 1708 4927 carnem
1743 4875 1792 4927 in
1823 4874 1970 4928 simi-

389 4962 614 5015 litudine
635 4964 813 5015 carnis
844 4965 1044 5032 peccati
1091 4963 1157 5017 de
1205 4977 1419 5032 peccato
1456 4965 1736 5020 damnasse
1786 4981 1972 5034 pecca-

389 5065 519 5106 tum.
551 5055 702 5122 Quod
735 5055 1061 5110 subobscure
1107 5057 1174 5109 ab
1219 5059 1471 5126 Apustnlo
1518 5059 1717 5113 dictum
1765 5060 1972 5134 duolms

390 5145 562 5199 modis
590 5145 850 5201 Solvitur:
899 5148 1010 5201 sive
1035 5148 1153 5215 quia
1185 5164 1360 5200 rerum
1391 5148 1765 5203 similituditnrs
1796 5151 1970 5203 solent

390 5252 572 5291 (-atnm
604 5253 778 5293 rerum
813 5238 1111 5292 muniuibns
1145 5239 1476 5308 nuncupari,
1508 5256 1730 5308 quat-mn
1773 5241 1974 5296 similes

453 5457 466 5485 ¹
493 5456 562 5502 sic
587 5461 692 5502 Mss.
720 5455 856 5510 Editi,
883 5452 1188 5515 snbrepserit.

453 5517 471 5547 ¹
498 5516 632 5569 ωιιι,
659 5515 915 5578 religionis.
941 5523 1242 5578 Casltgantttt'
1269 5531 1328 5563 ev
1359 5522 1462 5566 Mss.

457 5579 557 5638 iis
718 5578 1003 5634 addidimus,
1023 5577 1223 5637 perfecti
1243 5593 1300 5633 ts,
1327 5579 1515 5638 qi;i..‘r.‘.

453 5636 476 5668 δ
497 5639 570 5686 sic
589 5647 693 5686 \tss.
722 5640 853 5687 illiti.
878 5636 1100 5687 habemus
1127 5640 1254 5695 utro!
1285 5636 1485 5687 non-rm.

447 5701 466 5732 ⁵
499 5700 634 5758 mia,
679 5698 819 5748 istum
854 5712 864 5745 .'
894 5700 1122 5748 nunriis-3
1175 5709 1221 5748 rt
1269 5701 1666 5752 lil.‘.".‘ill|t‘2!lll."?§
1710 5710 1809 5752 μτς.

979 288 1249 345 CONTRA
1293 287 1471 345 DUAS
1510 284 1882 344 EPISTOLAS
1921 281 2480 350 PELAGIANORUM,
2521 283 2578 338 S.
2621 283 2984 341 AUGUSTINI

3538 283 3642 338 61ιο

2051 405 2212 463 sunt,
2245 407 2300 451 ut
2329 397 2495 467 ipsam
2526 397 2922 452 similitudinem
2949 396 3128 452 carnis
3162 398 3367 467 peccati
3409 399 3640 455 voluisse

2050 487 2373 558 intelligatur
2401 488 2688 557 Apostolus
2712 488 2982 559 appellare
3011 499 3288 558 peccaturo
3322 506 3336 542 :
3379 490 3492 545 sire
3519 491 3640 560 quia

2051 579 2308 635 sacriﬁcia
2337 595 2433 650 pro
2464 581 2694 650 peccatis
2720 591 2935 650 peccata
2962 581 3372 653 appellabantur
3399 581 3450 636 in
3480 584 3596 654 lege
3621 625 3638 651 ,

2051 687 2169 742 quae
2194 673 2371 727 omnia
2408 674 2589 743 ﬁgura:
2635 671 2846 729 fuerunt
2886 678 3064 732 carnis
3104 676 3336 742 Christi,
3378 677 3522 747 quod
3561 687 3645 734 cst

2051 778 2235 818 verum
2265 773 2322 820 et
2349 765 2564 819 unicum
2593 764 2908 821 sacriﬁcimn
2934 781 3028 834 pro
3051 767 3284 836 peccatis
3304 807 3321 834 ,
3339 781 3447 822 non
3468 769 3642 822 solum

2054 852 2138 908 his
2179 870 2297 924 qua:
2339 854 2590 912 universa
2635 855 2687 910 in
2732 854 3058 924 Daptismate
3099 855 3410 923 diluuntur,
3455 873 3642 913 verum

2053 945 2212 999 etiam
2246 946 2327 999 his
2356 962 2475 1016 quae
2502 957 2620 1017 post
2644 963 2710 1001 ex
2752 946 2910 1016 hujus
2943 947 3063 1001 vitae
3108 947 3416 1003 inﬁrmitate
3452 949 3640 1004 subre~

2055 1045 2219 1104 punt;
2247 1048 2470 1106 propter
2498 1053 2616 1107 quae
2651 1038 2889 1108 quotidie
2933 1039 3179 1093 universa
3217 1039 3269 1093 in
3308 1040 3548 1094 oratione
3573 1039 3640 1093 ad

2057 1125 2223 1180 Deum
2253 1125 2446 1180 clamat
2487 1126 2722 1182 Ecclesia
2747 1169 2760 1193 ,
2803 1127 3014 1182 Dimitte
3049 1129 3188 1183 nobis
3225 1128 3391 1183 debita
3430 1140 3640 1196 nostra;

2055 1225 2110 1271 et
2136 1216 2478 1272 dimittuntur
2524 1219 2678 1274 nobis
2719 1235 2808 1290 per
2861 1221 3130 1290 singulare
3181 1222 3499 1276 sacrificium
3546 1237 3642 1290 pro

2056 1309 2318 1376 peccatis,
2352 1309 2494 1379 quod
2527 1310 2813 1380 Apostolus
2842 1312 3131 1366 secundum
3177 1313 3343 1382 legem
3383 1313 3639 1383 loquens,

2056 1414 2164 1454 non
2193 1399 2449 1453 dubitavit
2494 1401 2766 1469 appellare
2813 1410 3109 1470 peccatum.
3158 1401 3308 1456 Unde
3351 1411 3434 1456 est
3481 1403 3638 1458 etiam

2058 1489 2187 1544 illud
2216 1487 2333 1560 ejus
2360 1491 2526 1546 multo
2553 1491 2850 1548 evidentius
2871 1533 2888 1560 ,
2919 1509 3018 1548 nec
3056 1495 3236 1564 aliquo
3280 1494 3420 1550 bivio
3461 1495 3639 1564 cujus-

2057 1594 2215 1649 quam
2246 1579 2603 1651 ambiguitatis
2634 1581 2893 1637 inccrtum
2927 1601 2940 1638 :
2976 1583 3308 1639 Obsecremus
3329 1601 3422 1656 pro
3446 1584 3644 1640 Christo

2057 1669 2373 1724 reconciliari
2401 1669 2510 1726 Deo
2532 1687 2551 1725 :
2575 1687 2690 1726 eum
2728 1673 2815 1742 qui
2853 1689 2954 1727 non
2988 1685 3190 1728 noverat
3223 1685 3482 1746 peccatum
3505 1717 3521 1742 ,
3553 1693 3644 1746 pro

2059 1759 2201 1814 nobis
2230 1771 2485 1830 peccatum
2514 1764 2632 1833 fecit
2656 1804 2671 1827 ,
2704 1773 2759 1817 ut
2788 1779 2880 1818 nos
2906 1765 3062 1819 simus
3082 1766 3285 1838 justitia
3310 1765 3406 1820 Dei
3431 1767 3484 1820 in
3513 1767 3642 1838 ipso.

2061 1853 2126 1924 (ll
2151 1851 2271 1909 Cor.
2299 1870 2350 1920 ν,
2379 1854 2452 1910 20
2485 1865 2530 1909 et
2555 1855 2669 1926 2|).
2710 1855 2840 1912 Nam
2879 1857 3018 1926 quod
3044 1858 3292 1927 superius
3317 1874 3644 1914 commemo-

2062 1943 2176 2000 rari
2198 1987 2212 2010 ,
2245 1944 2324 2000 De
2350 1956 2551 2016 peccato
2572 1946 2833 2002 damnauit
2849 1958 3141 2019 peccatum;
3165 1950 3288 2019 quia
3315 1965 3420 2006 non
3446 1951 3644 2006 dictum

2059 2044 2143 2090 est
2165 2076 2181 2101 ,
2214 2035 2290 2090 De
2313 2047 2533 2106 peccato
2563 2051 2660 2091 suo
2683 2079 2697 2104 ,
2726 2046 2901 2106 potest
2925 2038 3186 2108 quispiam
3212 2041 3291 2094 sic
3313 2040 3608 2112 intelligere
3628 2084 3644 2109 ,

2060 2135 2121 2180 ut
2147 2125 2291 2182 dicat
2314 2142 2436 2182 eum
2463 2127 2532 2184 de
2561 2137 2781 2198 peccato
2805 2128 3111 2184 intimorum
3148 2130 3430 2187 damnasse
3459 2147 3646 2202 pecca-
3723 2191 3730 2196 ,

2063 2227 2205 2284 tum;
2238 2219 2359 2290 quia
2387 2218 2454 2274 de
2480 2230 2698 2291 peccato
2722 2236 2908 2276 eorum
2933 2263 2952 2288 ,
2972 2223 3065 2293 qui
3085 2237 3205 2278 eum
3232 2223 3606 2281 cruciﬁxernnt
3631 2267 3646 2289 ,

2063 2311 2256 2366 factum
2283 2320 2366 2366 est
2393 2321 2450 2366 ut
2475 2313 2788 2384 sanguinem
2812 2328 2964 2368 suum
2989 2315 3040 2368 in
3064 2315 3433 2371 remissionem
3463 2316 3650 2373 funde-

2062 2413 2145 2457 ret
2171 2411 2510 2472 peccatorum
2539 2421 2554 2458 :
2583 2403 2687 2458 hoc
2717 2418 2844 2459 vero
2869 2405 2908 2472 ί,
2941 2403 3032 2458 ubi
3059 2404 3252 2460 dicitur
3295 2405 3440 2462 Deus
3480 2407 3648 2476 ipsum

2061 2492 2334 2547 Christum
2360 2535 2376 2560 ,
2409 2493 2499 2564 qui
2529 2509 2634 2548 non
2665 2503 2886 2548 noverat
2909 2505 3185 2563 peccatum
3207 2537 3222 2562 ,
3252 2495 3440 2551 fecisse
3465 2512 3652 2567 pecca-

2063 2592 2177 2639 tum
2200 2625 2214 2648 ,
2245 2599 2350 2638 non
2379 2583 2508 2638 mihi
2537 2585 2943 2640 convcnientius
2967 2584 3180 2641 videtur
3208 2587 3464 2657 intelligi,
3495 2603 3652 2658 quam

2061 2674 2332 2732 Christum
2361 2677 2556 2732 factum
2585 2677 2905 2734 sacriﬁcium
2937 2692 3036 2749 pro
3058 2677 3297 2750 peccatis
3322 2721 3336 2746 ,
3371 2688 3424 2734 et
3455 2681 3524 2734 ob
3555 2679 3653 2734 hoc

2062 2769 2387 2840 appellatum
2419 2785 2539 2826 esse
2566 2780 2864 2842 peccatum.

2134 2879 2361 2940 CAPUT
2387 2882 2496 2938 νιι.
2518 2912 2592 2925 -ι
2612 2883 2698 2940 17.
2725 2883 2993 2940 Calumnia
3019 2886 3084 2941 de
3123 2886 3412 2958 impletione
3465 2905 3654 2959 prece-

2065 2984 2269 3046 ptorum
2294 2975 2349 3030 in
2401 2977 2574 3048 futura
2618 2976 2742 3032 uita.
2792 2975 2924 3045 Quis
2975 2986 3154 3034 autem
3196 2978 3334 3034 ferat
3379 2994 3473 3034 eos
3515 2979 3653 3049 obji-

2063 3082 2188 3124 cere
2237 3067 2430 3136 nobis,
2465 3087 2484 3122 ι
2512 3069 2652 3140 quod
2702 3079 2822 3140 post.
2861 3069 3312 3126 resurrectionem
3350 3071 3482 3127 tales
3538 3087 3657 3142 pro-

2065 3175 2248 3216 cessus
2269 3159 2475 3216 futuros
2491 3176 2611 3218 esse
2631 3161 2870 3218 dicamus
2888 3203 2904 3229 ,
2929 3171 2988 3217 ut
3010 3161 3082 3217 ibi
3107 3163 3363 3234 incipiant
3382 3163 3621 3219 homines
3636 3206 3653 3230 ,

2065 3265 2186 3322 quae
2225 3249 2313 3306 hic
2353 3250 2658 3318 noluerint,
2701 3252 2797 3307 Dei
2831 3253 3079 3308 mandata
3119 3253 3433 3324 complere:
3470 3274 3490 3308 ι
3528 3270 3660 3325 quo-

2066 3341 2208 3395 niam
2233 3340 2461 3396 dicimns
2483 3382 2499 3407 ,
2531 3341 2602 3398 ibi
2629 3342 2846 3398 omnino
2873 3343 3076 3398 nullum
3122 3343 3358 3400 futurum
3383 3359 3502 3400 esse
3535 3360 3659 3414 pee-

2066 3439 2244 3486 catum
2271 3473 2286 3498 ,
2317 3447 2416 3486 nec
2440 3447 2559 3486 cum
2586 3433 2760 3504 aliqua
2785 3434 2984 3503 peccati
3005 3433 3298 3504 cupiditate
3317 3435 3656 3499 conflictum;

2069 3533 2318 3596 tanquam
2343 3526 2444 3596 ipsi
2467 3526 2698 3582 audeant
2719 3527 2819 3582 hoc
2844 3528 3076 3598 negare?
3093 3527 3418 3597 Sapientiam
3447 3543 3661 3600 quoque

2067 3624 2120 3669 et
2145 3616 2504 3684 cognitionem
2533 3617 2627 3672 Dei
2655 3625 2777 3672 tunc
2797 3618 2981 3689 perﬁci
3001 3619 3055 3672 in
3076 3619 3230 3673 nobis
3247 3661 3262 3685 ,
3285 3628 3342 3674 et
3358 3619 3410 3674 in
3437 3620 3661 3675 Domino

2071 3717 2269 3764 tantam
2297 3710 2734 3775 exsultationem,
2761 3720 2816 3764 ut
2844 3725 2906 3765 ea
2937 3710 3005 3765 sit
3033 3711 3187 3782 plena
3219 3723 3273 3767 et
3299 3727 3423 3766 vera
3455 3712 3662 3766 securi-

2072 3809 2152 3855 tas
2176 3842 2192 3866 ,
2221 3802 2341 3871 quis
2373 3803 2586 3873 negabit
2609 3843 2624 3866 ,
2651 3803 2750 3857 nisi
2779 3811 2884 3856 tam
2913 3817 3132 3859 aversus
3159 3804 3227 3858 sit
3256 3820 3286 3858 a
3313 3820 3440 3860 vero
3463 3845 3480 3871 ,
3509 3813 3566 3859 ut
3593 3804 3663 3860 ob

2073 3891 2172 3945 hoc
2195 3890 2262 3945 ad
2295 3907 2412 3945 eam
2459 3894 2736 3961 pervenire
2772 3909 2878 3948 non
2925 3895 3132 3963 possit?
3171 3894 3368 3950 Verum
3408 3896 3522 3950 hare
3557 3912 3662 3951 non

2071 3991 2226 4037 erunt
2253 3981 2302 4036 in
2336 3985 2616 4053 pneceptis
2641 4026 2655 4046 ,
2680 3984 2772 4039 sed
2797 3985 2848 4038 in
2871 4000 3054 4040 eorum
3082 4001 3201 4055 qua:
3223 3986 3311 4041 hic
3330 3987 3662 4042 observanda

2071 4085 2195 4130 sunt
2224 4077 2441 4145 prmmio
2472 4087 2879 4148 praeceptorum.
2911 4078 3147 4148 Quorum
3197 4080 3412 4150 quidem
3462 4097 3665 4150 praece-

2072 4177 2285 4236 ptorntn
2315 4177 2654 4236 contemptus
2697 4169 2788 4223 illo
2818 4185 2923 4224 non
2965 4170 3206 4239 perducit
3239 4171 3305 4226 ad
3349 4173 3621 4242 prmntium
3644 4214 3660 4238 ,

2073 4256 2168 4311 sed
2198 4256 2286 4311 hic
2314 4257 2547 4313 studium
2576 4267 2838 4328 prmcepta
2869 4260 3114 4315 servandi
3140 4262 3308 4332 gratia
3338 4263 3432 4317 Dei
3461 4264 3664 4318 tribuit.

2074 4346 2202 4414 Qua:
2230 4347 2271 4401 si
2303 4346 2429 4418 quid
2461 4347 2620 4401 etiam
2651 4348 2702 4402 in
2732 4349 2812 4404 eis
2850 4351 3130 4420 praeceptis
3168 4353 3343 4407 minus
3381 4365 3625 4410 servatur
3645 4394 3663 4419 ,

2075 4437 2299 4507 ignoscit
2326 4479 2340 4501 ,
2374 4447 2589 4508 propter
2617 4439 2759 4509 quod
2787 4441 2988 4495 orando
3012 4441 3239 4497 dicimus
3261 4484 3275 4509 ,
3303 4453 3395 4507 et,
3432 4444 3547 4497 Fiat
3574 4461 3664 4498 vo-

2076 4527 2241 4582 luntas
2269 4537 2389 4592 tua;
2417 4538 2510 4593 et,
2561 4529 2770 4586 Dimitte
2815 4532 2956 4587 nobis
2994 4534 3162 4588 debita
3209 4546 3380 4589 nostra
3433 4536 3664 4608 (Matth.

2077 4634 2126 4673 vt
2157 4661 2172 4683 ,
2203 4619 2269 4674 10
2289 4629 2332 4673 et
2369 4622 2432 4674 12
2453 4619 2496 4691 ).
2527 4622 2621 4676 llic
2641 4639 2770 4694 ergo
2791 4635 3110 4695 prmceptum
3138 4635 3240 4689 est.
3262 4637 3317 4682 ιιι
3350 4644 3456 4682 non
3484 4645 3671 4699 pecce-

2078 4726 2197 4765 mus
2227 4729 2239 4764 :
2275 4711 2342 4764 ibi
2373 4713 2644 4780 przcmium
2671 4756 2684 4778 ,
2717 4731 2818 4770 non
2847 4732 3001 4784 posse
3031 4734 3272 4787 peccare.
3318 4719 3416 4774 llic
3460 4734 3664 4790 prame-

2079 4813 2225 4872 ptum
2271 4813 2386 4868 est,
2433 4804 2787 4860 utdesideriis
2832 4810 3031 4876 peccati
3077 4829 3180 4864 non
3212 4811 3525 4867 obediamus
3553 4831 3566 4867 :
3598 4813 3668 4867 ibi

2080 4895 2394 4965 prmmium,
2425 4904 2484 4949 ut
2521 4895 2784 4952 desideria
2829 4901 3028 4966 peccati
3074 4917 3181 4955 non
3228 4902 3540 4958 habeamus.
3576 4905 3672 4958 llic

2081 4995 2405 5056 praeceptum
2431 4996 2514 5041 est
2532 5028 2546 5052 ,
2578 4985 2853 5057 Intelligite
2873 5007 2990 5060 ergo
3011 5033 3024 5054 ,
3053 4993 3137 5061 qui
3163 4993 3454 5063 insipientes
3479 4995 3596 5047 estis
3619 4996 3669 5048 in

2082 5077 2300 5146 papula;
2327 5087 2375 5130 et
2403 5077 2546 5130 stulti
2566 5119 2580 5140 ,
2627 5078 2903 5147 aliquando
2932 5084 3094 5150 sapite
3139 5084 3157 5155 (
3181 5083 3328 5138 Psal.
3357 5100 3480 5140 xcm
3501 5127 3517 5150 ,
3548 5086 3582 5140 8
3611 5086 3626 5154 )
3656 5103 3669 5138 :

2084 5167 2152 5220 ibi
2187 5169 2460 5237 prazmimn
2483 5179 2562 5224 est
2586 5210 2602 5234 ,
2627 5170 2783 5239 plena
2814 5174 3068 5240 sapientia
3091 5189 3146 5230 et
3169 5176 3395 5242 perfecta
3417 5179 3671 5246 cognitio.

2095 5257 2333 5312 Videmus
2370 5260 2513 5314 enim
2549 5277 2679 5314 nunc
2725 5278 2812 5329 per
2855 5263 3114 5325 speculum
3154 5267 3204 5318 in
3247 5268 3515 5337 amigmnte
3539 5310 3553 5330 ,
3601 5268 3675 5320 ait

2085 5351 2405 5416 Apostolus;
2437 5361 2552 5404 tunc
2581 5361 2747 5404 autem
2781 5353 2910 5422 facie
2935 5353 3005 5406 ad
3038 5356 3240 5424 faciem.
3285 5354 3435 5408 Nunc
3475 5359 3578 5409 ει·ἱο
3613 5371 3669 5409 c1

2085 5449 2224 5504 parte
2247 5457 2262 5504 ;
2295 5449 2410 5492 tunc
2441 5452 2605 5494 autem
2632 5458 2930 5513 cognoscam
2961 5447 3089 5499 sicut
3119 5457 3164 5501 et
3191 5449 3417 5517 cognitus
3448 5467 3556 5501 sunt
3615 5455 3659 5505 (1

2083 5529 2198 5582 Cor.
2233 5547 2323 5584 xm
2347 5573 2359 5591 ,
2391 5530 2452 5585 l9.
2479 5533 2514 5597 ).
2543 5532 2637 5586 llic
2663 5547 2981 5603 praeceptum
3007 5547 3082 5587 est
3115 5580 3124 5602 ,
3157 5536 3419 5591 lirsnltutc
3450 5537 3555 5593 Doro
3582 5539 3660 5592 ad-

2152 5713 2253 5756 ‘Sic
2276 5717 2378 5758 .‘tss.
2410 5716 2462 5757 Αι
2487 5709 2616 5765 edin,
2647 5709 2729 5759 hoc
2759 5724 2807 5760 re
2840 5713 2906 5759 tm.
