4038 6182
392 361 488 425 601

384 488 539 552 jutort
553 494 723 541 nostra
740 478 906 561 (Psal.
924 500 1082 556 ιιη,
1101 484 1179 558 2);
1198 497 1258 548 et
1272 535 1287 557 ,
1305 485 1574 548 Exsultale
1590 537 1603 557 ,
1614 494 1745 563 justi
1761 537 1775 559 ,
1794 497 1845 548 in
1862 488 1957 549 Do-

385 574 521 628 mino
539 568 708 642 (Psal.
727 568 905 642 xxxn,
925 578 1010 651 l):
1037 581 1107 636 ibi
1129 582 1402 651 prtrmium
1422 592 1537 649 est,
1557 582 1824 639 exsultare
1837 597 1961 657 pcr-

383 661 522 719 feeto
536 673 590 719 et
606 665 854 721 ineli’abili
874 669 1363 739 gandio.Postremo
1383 672 1434 727 in
1453 684 1716 743 praecepto
1733 677 1955 744 positum

381 762 497 820 est,
515 751 659 809 Beati
672 757 758 826 qui
773 759 997 813 esuriant
1011 769 1057 815 et
1070 761 1243 817 sitiunt
1253 762 1503 833 justitiam
1525 781 1544 819 :
1567 766 1617 819 in
1636 768 1852 834 prmmio
1872 782 1958 822 an-

380 846 486 896 tem
519 884 536 911 ,
584 840 834 912 Quoniam
882 843 983 917 ipsi
1040 849 1399 907 saturahuntur
1443 848 1673 924 (Matth.
1736 870 1805 920 v,
1853 853 1952 927 6).

381 926 563 997 Unde,
604 947 822 1004 quaso,
856 940 1263 1005 saturabuntur,
1307 943 1405 996 nisi
1451 940 1592 1011 quod
1630 945 1871 1001 esuriant
1900 926 1956 1002 et

375 1020 606 1076 sitiunt?
627 1018 758 1092 Quis
786 1022 942 1095 igitur
970 1026 1038 1081 ita
1061 1069 1077 1095 ,
1117 1043 1223 1084 non
1265 1032 1436 1085 solum
1478 1048 1508 1087 a
1550 1032 1730 1089 divino
1753 1075 1769 1099 ,
1797 1036 1890 1090 sed
1921 1052 1953 1092 a

375 1125 533 1167 sensu
563 1129 772 1184 quoque
796 1116 1050 1172 abhorret
1080 1119 1313 1176 humano
1337 1165 1351 1185 ,
1374 1123 1463 1193 qui
1489 1124 1631 1180 dicat
1655 1126 1710 1181 in
1735 1126 1951 1199 homine

375 1210 573 1256 tantam
601 1219 722 1260 esse
752 1222 909 1276 posse
928 1209 1188 1278 justitiam
1213 1252 1228 1277 ,
1258 1227 1378 1267 cum
1414 1215 1482 1268 ab
1522 1215 1614 1270 illo
1642 1217 1873 1272 esuritor
1897 1228 1952 1274 et

368 1291 581 1357 sititur,
610 1303 806 1363 quanta
829 1296 932 1350 erit
954 1338 968 1360 ,
993 1313 1113 1352 cum
1140 1314 1205 1354 ex
1229 1300 1316 1356 illa
1342 1304 1665 1360 saturabitur
1683 1307 1707 1361 i
1725 1306 1949 1377 Quando

369 1389 545 1436 autem
575 1384 840 1439 esurimus
868 1388 1182 1460 sitimusque
1203 1391 1462 1459 justitiam
1486 1436 1503 1463 ,
1524 1397 1569 1451 si
1592 1396 1723 1454 fides
1752 1400 1946 1456 Christi

367 1471 549 1541 vigilat
574 1473 626 1527 in
657 1475 849 1543 nobis,
878 1478 1004 1548 quid
1042 1495 1139 1534 nos
1179 1481 1277 1536 nisi
1323 1482 1594 1540 Christum
1635 1488 1841 1546 esurire
1882 1505 1946 1545 ac

368 1564 518 1618 sitire
545 1565 865 1622 credendum
894 1570 1014 1626 est?
1056 1569 1157 1637 Qui
1180 1576 1345 1644 factus
1372 1585 1444 1630 est
1470 1577 1612 1633 nobis
1635 1580 1886 1649 sapientia
1911 1598 1945 1635 a

370 1656 477 1712 Deo
502 1668 546 1712 et
566 1661 768 1728 justitia
793 1672 840 1714 et
864 1664 1195 1733 sanctiﬁcatio
1238 1677 1287 1721 et
1313 1668 1632 1741 redemptio;
1660 1682 1733 1737 ut,
1764 1688 1940 1742 quem-

363 1748 641 1806 admodum
683 1755 925 1822 scriptum
964 1765 1038 1810 est
1059 1788 1079 1822 σ
1122 1757 1225 1825 Qui
1281 1759 1564 1838 gloriatur‘,
1607 1763 1660 1816 in
1720 1762 1942 1819 Domino

361 1842 608 1912 glorietur
635 1844 655 1914 (
679 1844 700 1899 i
728 1842 847 1899 Cor.
877 1861 896 1900 ι
919 1887 934 1911 ,
981 1847 1049 1902 50
1072 1888 1088 1915 ,
1117 1849 1177 1904 3|
1213 1848 1252 1920 ).
1286 1850 1352 1904 Et
1377 1851 1497 1921 quia
1541 1853 1700 1908 modo
1741 1855 1792 1909 in
1818 1871 1938 1910 eum

364 1948 472 1987 non
523 1935 763 1990 videntes
807 1938 1107 2004 credimus,
1155 1940 1276 1995 ideo
1321 1942 1530 1998 sitimus
1572 1945 1939 2017 esui-imusque

358 2023 637 2093 justitiam.
681 2027 940 2096 Quamdiu
968 2031 1107 2085 enim
1133 2047 1316 2087 sumus
1339 2034 1392 2088 in
1417 2049 1642 2104 corpore
1660 2079 1674 2101 ,
1696 2039 1938 2108 peregri-

363 2129 553 2168 namur
579 2132 606 2169 a
642 2117 863 2172 Domino
894 2137 908 2172 :
948 2136 1045 2191 per
1074 2120 1231 2175 fidem
1259 2124 1401 2177 enim
1429 2126 1761 2182 ambulamus
1783 2170 1800 2195 ,
1827 2145 1935 2184 non

364 2218 458 2270 [er
483 2206 714 2274 speciem
772 2208 795 2281 (
820 2208 861 2263 ll
889 2208 1006 2263 Cor.
1035 2226 1086 2275 v,
1116 2209 1150 2266 6
1173 2253 1187 2276 ,
1216 2211 1310 2280 7).
1357 2212 1524 2279 Quem
1564 2230 1683 2270 cum
1736 2218 1935 2273 videri-

360 2310 478 2347 mus
504 2297 543 2356 ⁸,
569 2299 937 2365 pervenientes
964 2301 1142 2369 utique
1162 2302 1227 2356 ad
1253 2304 1487 2372 speciem
1511 2348 1526 2371 ,
1551 2307 1934 2365 exsultabimus

358 2387 550 2453 gaudio
576 2389 913 2446 inenarrabili
944 2391 964 2461 (
992 2392 1008 2446 Ι
1043 2392 1183 2448 Petr.
1229 2411 1285 2461 ι,
1316 2395 1349 2451 8
1375 2394 1394 2466 )
1425 2415 1441 2452 :
1474 2406 1529 2452 et
1569 2407 1693 2453 tunc
1727 2401 1933 2470 iustitia

358 2478 747 2543 siturabimur;
774 2482 893 2549 quia
921 2498 1060 2538 nunc
1082 2483 1130 2537 ei
1160 2485 1246 2553 pio
1268 2485 1532 2542 desiderio
1551 2488 1795 2555 dicimus,
1825 2490 1931 2546 Sa-

357 2567 566 2620 :urabor
590 2584 705 2623 cum
727 2570 1132 2642 manifestabitur
1156 2574 1319 2645 gloria
1344 2587 1431 2630 tua
1465 2576 1641 2648 (Psal.
1673 2595 1758 2636 va
1776 2623 1790 2644 ,
1814 2582 1927 2655 15).

434 2657 511 2711 18.
553 2657 720 2726 Quam
749 2675 878 2715 vero
903 2671 1005 2728 est,
1034 2678 1137 2717 non
1167 2664 1286 2719 dico
1307 2666 1604 2736 impudens,
1626 2671 1720 2724 sed
1743 2672 1928 2727 insana

354 2751 624 2819 superbia,
648 2752 878 2807 nendum
908 2769 1027 2810 esse
1050 2757 1280 2826 aequales
1303 2758 1519 2830 Angelis
1549 2760 1661 2826 Dei,
1691 2771 1746 2818 et
1774 2776 1929 2833 puta-

355 2856 414 2893 re
460 2855 519 2895 se
554 2840 663 2909 jam
708 2858 863 2911 posse
906 2843 1100 2901 habere
1121 2847 1377 2917 justitiam
1420 2850 1675 2922 aequalem
1715 2854 1929 2924 Angelis

356 2927 485 2993 Dei;
515 2945 616 2984 nec
654 2931 843 2986 intueri
874 2943 976 2988 tam
1019 2951 1263 3007 magnum
1307 2946 1361 2993 et
1400 2949 1643 2995 sanctum
1683 2942 1924 3012 virum',

350 3018 444 3088 qui
489 3023 670 3091 utique
701 3024 866 3093 ipsam
900 3025 1121 3095 justitia:
1153 3029 1526 3098 perfectionem
1553 3034 1816 3090 esuriebat
1840 3043 1927 3090 at-

351 3127 457 3180 que
489 3105 728 3177 sitiebat,
761 3116 970 3185 quando
996 3121 1355 3189 magnitudine
1374 3124 1753 3194 revelationum
1781 3128 1930 3183 nole-

352 3200 671 3269 hatextolli;
714 3220 810 3260 nec
842 3215 1037 3272 tamen,
1067 3217 1125 3263 ut
1172 3226 1274 3264 non
1315 3212 1676 3277 extolleretur,
1708 3216 1927 3273 arbitrio

350 3307 449 3347 suo
474 3295 834 3367 Voluntatique
858 3300 1172 3356 commissus
1199 3301 1335 3367 est',
1377 3304 1469 3359 sed
1498 3306 1699 3375 accepit
1735 3309 1926 3363 stimu-

352 3385 457 3438 lum
484 3389 660 3442 carnis
684 3430 696 3450 ,
725 3390 969 3459 angelum
997 3402 1195 3447 satana:
1215 3435 1230 3459 ,
1273 3396 1360 3465 qui
1385 3412 1506 3451 eum
1532 3398 1922 3473 colaphizaret;

351 3488 569 3547 propter
594 3480 732 3548 quod
773 3480 1051 3537 Dominum
1083 3492 1164 3539 ter
1189 3488 1419 3556 rogavit,
1447 3499 1505 3543 ut
1531 3490 1831 3549 discederet
1858 3495 1926 3549 ab

351 3584 456 3633 eo;
485 3569 721 3639 dixitque
742 3572 789 3627 ei
815 3574 1088 3640 Dominus,
1120 3577 1314 3647 Suﬁicit
1339 3580 1427 3633 tibi
1453 3583 1617 3652 gratia
1644 3601 1923 3650 mea;uam

347 3660 503 3713 virtus
528 3661 579 3713 iu
608 3661 901 3727 infirmitate
929 3667 1188 3734 perﬁcitur
1212 3667 1289 3738 (ll
1322 3666 1440 3724 Cor.
1467 3688 1536 3726 stt
1559 3715 1573 3736 ,
1599 3674 1762 3746 7-9
1794 3674 1924 3743 Quae

348 3751 533 3816 virtus,
568 3753 670 3807 nisi
696 3755 761 3808 ad
788 3772 944 3825 quam
974 3759 1203 3824 pertinet
1229 3777 1333 3815 non
1360 3765 1575 3819 extolli?
1601 3766 1664 3821 Et
1691 3769 1807 3836 quis
1827 3769 1926 3824 du-

345 3840 476 3895 bitat
505 3842 608 3897 hoe
635 3844 699 3897 ad
717 3845 975 3914 justitiam
1006 3851 1307 3923 pertinere?
1335 3852 1500 3921 ilujns
1533 3856 1691 3926 igitur
1703 3858 1924 3928 justitiaa

347 3931 675 3997 perfectione
696 3946 815 3989 sunt
835 3938 1036 4004 prmditi
1064 3942 1245 4009 Angeli
1271 3943 1383 4009 Dei,
1406 3947 1492 4015 qui
1514 3961 1726 4018 semper
1745 3950 1925 4007 vident

350 4021 540 4078 faciem
586 4025 755 4081 Patris
798 4022 1017 4099 (Matth.
1050 4046 1208 4098 xvnt,
1244 4032 1380 4103 l0),
1411 4051 1474 4089 ac
1500 4052 1596 4106 per
1636 4037 1737 4094 hoc
1764 4043 1924 4098 totius

346 4112 622 4168 Trinitatis
641 4158 656 4180 ,
685 4116 803 4185 quia
845 4133 940 4187 per
967 4119 1157 4174 Filium
1190 4123 1368 4178 vident
1410 4126 1460 4178 in
1488 4124 1685 4197 Spiritu
1714 4140 1920 4189 sancto.

342 4200 482 4257 Nihil
508 4213 590 4258 est
612 4214 784 4259 autem
813 4208 909 4261 ista
932 4210 1255 4267 revelatione
1280 4214 1555 4271 sublimius
1579 4234 1593 4273 :
1619 4235 1718 4275 nec
1745 4232 1920 4280 tamen

343 4297 669 4367 Angelorum
716 4299 992 4369 quisquam
1032 4302 1116 4356 illa
1161 4308 1602 4375 contemplatione
1631 4312 1920 4370 ltetantium

343 4390 703 4444 necessarium
731 4389 885 4444 habet
914 4392 1158 4462 angelum
1189 4405 1407 4459 satanm,
1431 4413 1459 4452 a
1486 4415 1591 4469 quo
1618 4403 1921 4471 colaphize-

344 4486 464 4544 tur,
495 4496 561 4533 ne
588 4480 735 4534 illum
776 4490 915 4536 tanta
960 4485 1265 4553 magnitudo
1309 4489 1647 4546 revelationis
1675 4495 1916 4550 extollat.

345 4568 496 4626 Hanc
538 4569 919 4640 perfectionem
952 4577 1161 4633 virtutis
1205 4578 1384 4647 utique
1426 4582 1659 4637 nondum
1691 4584 1920 4644 habebat

340 4662 619 4728 apostolus
648 4662 869 4730 Paulus,
899 4666 1131 4720 nondum
1163 4670 1382 4738 mqualis
1411 4672 1623 4742 Angelis
1656 4675 1750 4730 Dei
1780 4695 1792 4731 :
1826 4679 1920 4734 sed

340 4752 516 4806 inerat
560 4753 629 4807 illi
659 4756 948 4811 extollendi
980 4773 1040 4813 se
1071 4760 1374 4825 inﬁrmitas,
1406 4779 1522 4832 qua:
1554 4781 1646 4835 per
1674 4770 1919 4838 angelum

337 4842 503 4895 etiam
531 4856 730 4898 satana:
772 4846 937 4901 fuerat
966 4851 1362 4919 comprimenda
1385 4892 1399 4917 ,
1433 4869 1498 4908 ne
1537 4857 1919 4913 revelationum

338 4933 703 5000 magnitudine
730 4938 1091 4993 extollerctur.
1115 4939 1422 5009 Quanquam
1452 4943 1625 5013 itaque
1647 4946 1814 5014 ipsum
1838 4965 1925 5002 sa-

258 5050 265 5057 -
341 5031 519 5073 lauant
551 5022 709 5075 elatio
735 5025 899 5092 prima
923 5026 1171 5096 dejecerit
1200 5048 1213 5084 :
1242 5041 1414 5085 tamen
1442 5050 1681 5088 summus
1702 5037 1790 5091 ille
1812 5055 1922 5094 me-

337 5113 495 5168 dicus
517 5156 531 5179 ,
558 5116 647 5184 qui
679 5116 811 5172 bene
843 5119 913 5171 nti
944 5121 1086 5175 novit
1111 5122 1270 5176 etiam
1298 5124 1449 5178 malis
1470 5166 1483 5189 ,
1515 5126 1581 5179 tle
1611 5129 1798 5197 angelo
1837 5145 1922 5184 sa-

339 5213 484 5258 tanm
512 5206 749 5260 adhibuit
770 5219 951 5263 contra
979 5212 1220 5265 elationis
1245 5213 1449 5280 vitium,
1479 5215 1707 5283 salubre,
1734 5234 1921 5288 quaut-

338 5295 420 5348 vis
444 5295 722 5350 molestum
747 5300 1186 5355 medicamentum
1208 5318 1221 5366 ;
1243 5303 1376 5358 sicut
1401 5305 1508 5358 lieri
1532 5311 1804 5362 Consuevit
1825 5328 1921 5364 an-

337 5384 587 5447 tidotum,
619 5389 777 5441 etiam
802 5388 869 5443 de
897 5392 1231 5459 serpentibus
1260 5405 1442 5449 contra
1471 5413 1667 5451 venena
1701 5418 1918 5470 serpen-

409 5563 523 5609 ’δίς
563 5564 819 5641 διωηξωίυιὶ
848 5567 1338 5641 ςᾳνρφὶιηιεηειῆυιυδ.
1380 5579 1429 5622 Et
1469 5575 1607 5635 {aulo
1649 5585 1770 5637 post,
1805 5579 1918 5641 quia

333 5634 465 5667 mm'
490 5637 554 5674 ex
576 5624 819 5675 desiderio
840 5626 1063 5680 dicimus.

407 5684 425 5748 ξ
454 5687 587 5739 ιιιήιί,
616 5693 659 5733 rt
685 5685 983 5748 spi.'itm.lem
1005 5691 1173 5739 i‘ll‘itill.

410 5744 431 5773 ³
451 5748 654 5795 Humani
675 5744 760 5796 ἰιὲδ
786 5782 805 5807 μ
823 5768 837 5797 ‹
850 5764 878 5797 0
896 5750 1125 5802 amissum
1141 5760 1223 5803 est.

1739 377 1937 436 [ABER
1977 380 2299 442 TERTIUS.

3539 409 3643 464 60‘!

2074 507 2203 551 tum.
2246 500 2380 568 Quid
2420 512 2499 558 est
2527 519 2673 576 ergo,
2706 505 2900 580 Sufﬁcit
2928 510 3017 566 tibi
3056 514 3219 584 gratia
3247 533 3388 582 mea,
3423 519 3544 583 nist,
3575 537 3644 577 ne

2068 582 2362 645 defieiendo
2399 596 2711 649 suecumbas
2735 599 2834 652 sub
2857 582 3081 671 colapho
3105 606 3277 674 angeli
3303 582 3541 664 satanas?
3572 611 3640 665 Et

2065 678 2189 748 quid
2216 690 2317 747 est,
2356 680 2523 739 Virtus
2548 685 2599 739 in
2634 687 2927 755 inﬁrmitate
2954 693 3250 761 perﬁcitur;
3297 698 3396 753 nisi
3435 701 3554 769 quia
3582 701 3636 756 in

2063 768 2167 823 isto
2211 770 2331 827 loco
2371 773 2690 831 infirmitatis
2721 777 2975 836 hactenus
3020 785 3272 852 perfectio
3309 768 3479 857 potest
3516 806 3637 846 esse

2061 860 2288 929 virtutis,
2321 874 2376 918 ut
2401 864 2512 933 ipsa
2534 867 2838 925 infirmitate
2860 872 2877 904 ί
2906 883 3167 943 praesente
3196 878 3354 933 elatio
3381 883 3633 950 reprima—

2061 954 2183 1007 tur?
2210 956 2338 1023 Qua:
2367 959 2545 1028 utique
2588 962 2888 1033 infirmitas,
2921 967 3092 1025 futura
3120 971 3512 1033 immortalitate
3541 995 3598 1033 sa
3616 1008 3629 1016 ~

2058 1044 2285 1099 nabitur.
2317 1046 2590 1113 Quomodo
2618 1065 2699 1108 est
2735 1058 2876 1110 enim
2921 1059 3141 1116 dicenda
3193 1065 3392 1121 sanitas
3439 1068 3624 1137 plena,

2056 1133 2143 1188 ubi
2174 1136 2332 1190 ctiam
2358 1138 2423 1192 de
2446 1142 2617 1210 angeli
2645 1152 2843 1200 satana:
2871 1148 3093 1219 colapho
3131 1152 3306 1210 adhuc
3334 1165 3417 1212 est
3439 1133 3628 1215 neces;

2052 1225 2189 1277 saria
2222 1226 2518 1282 medicina?

2128 1313 2214 1368 19.
2256 1315 2330 1370 Ex
2360 1315 2461 1371 hoc
2492 1318 2683 1375 factum
2710 1332 2811 1391 est,
2840 1325 3112 1394 virtutem,
3144 1346 3263 1402 qure
3294 1351 3435 1390 nunc
3464 1346 3544 1392 est
3573 1339 3623 1393 ia

2052 1400 2268 1460 homine
2307 1406 2478 1476 justo,
2511 1411 2795 1489 perfectam
2837 1416 3092 1474 hactenus
3122 1400 3417 1492 nominari,
3458 1437 3514 1483 ut
3556 1430 3623 1484 ad

2048 1492 2166 1561 ejus
2193 1494 2571 1561 perfectionem
2601 1506 2862 1571 pertineat
2889 1508 3047 1563 etiam
3076 1512 3240 1581 ipsius
3270 1515 3626 1585 imperfectio-

2048 1583 2132 1638 nis
2154 1594 2207 1638 et
2234 1585 2285 1639 in
2317 1589 2537 1645 veritate
2563 1594 2818 1662 cognitio,
2847 1606 2900 1651 et
2930 1598 2980 1653 in
3011 1600 3302 1657 humilitate
3330 1583 3617 1663 confessio.

2046 1670 2194 1727 Tunc
2229 1676 2368 1730 enim
2400 1689 2478 1732 est
2509 1682 2797 1737 secundum
2839 1688 2974 1743 hanc
3010 1690 3365 1747 infirmitatem
3395 1692 3491 1763 pro
3519 1710 3618 1752 suo

2044 1761 2259 1816 modulo
2287 1767 2518 1832 perfecta
2542 1770 2637 1823 ista
2663 1787 2817 1840 parva
2834 1774 3059 1843 justitia,
3082 1780 3293 1846 quando
3312 1761 3468 1837 etiam
3489 1784 3615 1853 quid

2044 1850 2143 1905 sibi
2168 1852 2306 1908 desit
2330 1856 2593 1929 intelligit.
2620 1861 2847 1933 Ideoque
2869 1869 3152 1936 Apostolus
3176 1881 3228 1925 et
3250 1850 3614 1938 imperfectum

2040 1950 2091 1996 et
2121 1943 2405 2011 perfectum
2433 1961 2492 2003 se
2514 1949 2641 2004 dicit
2672 1951 2924 2024 (Philipp.
2947 1973 3021 2022 In,
3045 1958 3111 2013 12
3135 1971 3181 2014 et
3210 1960 3299 2032 15)
3328 1981 3340 2016 :
3371 1964 3618 2033 imperfe-

2039 2037 2182 2085 ctum
2209 2034 2429 2101 scilicet,
2458 2039 2738 2107 cogitando
2760 2054 3010 2111 quantum
3038 2048 3111 2102 illi
3142 2051 3206 2103 ad
3234 2050 3490 2120 justitiam
3516 2055 3613 2110 de-

2040 2119 2148 2185 sit,
2175 2122 2327 2188 cujus
2371 2125 2748 2193 plenitudinem
2778 2134 2952 2190 adhuc
2979 2139 3143 2193 eSnrit
3172 2119 3245 2196 ac
3262 2143 3406 2207 sitit;
3436 2145 3609 2211 perfe-

2037 2216 2180 2293 etum
2210 2222 2408 2280 autem,
2438 2219 2577 2286 quod
2621 2230 2675 2275 et
2700 2237 2851 2276 suam
2883 2223 3336 2293 imperfectionem
3366 2234 3609 2290 confiteri

2036 2312 2141 2352 non
2170 2292 2470 2369 erubescit,
2500 2316 2553 2362 et
2578 2318 2632 2363 ut
2675 2292 3119 2380 perveniatibcne
3159 2322 3414 2389 procedit.
3463 2323 3612 2381 Sicut

2037 2402 2318 2457 possumus
2342 2394 2519 2451 dicere
2548 2400 2833 2467 perfectum
2864 2419 2982 2461 esse
3001 2406 3278 2475 viatorem,
3306 2411 3454 2481 cujus
3475 2415 3609 2471 bene

2036 2492 2376 2547 promovetur
2397 2490 2635 2544 accessio
2658 2532 2673 2557 ,
2705 2495 2944 2562 quamvis
2970 2511 3074 2550 non
3104 2499 3405 2567 perficiatur
3432 2503 3604 2560 inten-

2034 2568 2129 2635 tio,
2152 2572 2252 2626 nisi
2276 2573 2430 2629 fuerit
2454 2575 2589 2632 facta
2613 2584 2905 2648 perventio.
2926 2584 3208 2656 Pmpterea
3227 2605 3344 2643 cum
3368 2592 3604 2660 dixisset,

2033 2658 2323 2716 Secundum
2339 2666 2595 2732 justitiam
2614 2711 2628 2731 ,
2656 2686 2766 2743 quce
2796 2672 2847 2726 iu
2885 2674 2991 2743 lege
3030 2685 3135 2741 est,
3172 2680 3259 2749 qui
3285 2683 3465 2751 fuerim
3501 2658 3610 2739 sine

2030 2751 2232 2817 querela
2261 2767 2281 2806 :
2320 2769 2441 2808 mox
2480 2756 2710 2826 addidit,
2741 2760 2868 2826 Qua:
2895 2764 3020 2818 mihi
3055 2766 3195 2820 lucra
3222 2773 3456 2839 fuerunt,
3501 2773 3607 2828 ha'c

2031 2848 2235 2910 propter
2257 2840 2509 2898 Christum
2537 2848 2721 2902 damna
2746 2867 2853 2906 esse
2877 2852 3002 2908 duxi
3032 2871 3051 2908 :
3088 2868 3425 2915 verumtamen
3452 2873 3499 2916 et
3522 2881 3607 2917 ar-

2030 2927 2187 2982 bitror
2210 2933 2378 2986 omnia
2402 2934 2643 2990 damnum
2669 2954 2776 2994 esse
2805 2953 3009 3011 propter
3031 2946 3322 3001 eminentem
3350 2951 3605 3007 scientiam

2029 3016 2214 3073 Christi
2238 3020 2362 3075 Iesu
2387 3021 2594 3079 Domini
2618 3029 2801 3094 nostri;
2824 3042 3028 3102 propter
3050 3049 3193 3110 quem
3214 3039 3381 3091 omnia
3406 3057 3505 3094 non
3524 3059 3607 3096 so-

2029 3105 2135 3186 lum
2160 3110 2456 3165 detrimenta
2479 3114 2691 3182 credidi,
2718 3133 2889 3173 verum
2916 3121 3063 3176 etiam
3088 3105 3306 3180 stercora
3326 3130 3604 3186 existimavi

2028 3182 2154 3265 esse,
2176 3210 2230 3253 ut
2256 3200 2509 3258 Christum
2525 3206 2862 3279 lucrifaciam,
2894 3221 2942 3265 et
2967 3213 3191 3271 inveniar
3210 3218 3262 3272 in
3282 3219 3371 3273 illo
3395 3237 3493 3275 non
3514 3223 3608 3277 ha-

2029 3286 2146 3342 bens
2171 3306 2332 3343 meam
2352 3293 2606 3364 justitiam
2633 3313 2745 3365 qua:
2779 3316 2840 3354 ex
2864 3302 2971 3373 lege
2993 3316 3067 3357 est
3086 3347 3100 3371 ,
3131 3306 3218 3360 sed
3250 3325 3358 3362 eam
3395 3326 3507 3378 qua
3533 3325 3608 3368 cst

2030 3395 2118 3447 per
2144 3381 2295 3449 ﬁdem
2321 3382 2526 3449 Christi,
2545 3403 2658 3455 qua:
2675 3400 2747 3443 est
2773 3407 2838 3446 ea:
2868 3392 3180 3463 Deojustitia
3205 3399 3256 3451 in
3282 3401 3382 3467 ﬁde
3407 3401 3601 3473 (Ibid.,

2029 3467 2159 3538 6-9).
2188 3470 2327 3527 Ecce
2349 3473 2634 3542 Apostolus
2659 3481 2949 3536 secundum
2969 3485 3224 3551 justitiam
3253 3507 3370 3559 quze
3398 3467 3460 3547 ex
3480 3467 3607 3564 iege

2027 3568 2131 3624 est,
2161 3561 2279 3617 sine
2298 3564 2512 3632 querela
2543 3581 2602 3620 se
2627 3566 2806 3634 fuisse,
2840 3587 2942 3625 non
2972 3575 3149 3643 utique
3179 3580 3503 3638 mendaciter
3521 3561 3606 3639 di-

2026 3648 2130 3713 cit;
2157 3659 2211 3703 et
2241 3658 2414 3705 tamen
2455 3651 2569 3708 haec
2593 3671 2710 3722 qua:
2744 3657 2815 3712 illi
2856 3659 2999 3713 lucra
3027 3662 3257 3731 fuerunt,
3281 3669 3458 3737 ahjieit
3485 3687 3608 3740 pro-

2027 3745 2146 3806 pter
2168 3739 2460 3805 Christum,
2483 3753 2537 3797 et
2563 3744 2779 3811 danma,
2807 3747 3144 3818 detrimenta,
3168 3765 3399 3812 stercora
3425 3739 3607 3817 existi-

2028 3838 2155 3893 mat,
2185 3846 2290 3885 non
2320 3832 2492 3888 solum
2521 3834 2657 3901 haec,
2688 3838 2782 3892 sed
2804 3848 2858 3894 et
2880 3853 3069 3896 cetera
3100 3845 3276 3901 omnia
3301 3863 3419 3918 qum
3445 3866 3605 3920 supra

2025 3925 2493 3991 commemoravit;
2541 3940 2759 3997 propter
2788 3947 2891 3985 non
2931 3935 3310 4003 qualenilihet,
3340 3941 3434 3995 sed
3475 3945 3605 3997 emi-

2027 4022 2246 4079 nentem,
2272 4014 2409 4068 sicut
2433 4016 2546 4086 ipse
2569 4017 2716 4085 dicit,
2742 4020 2997 4075 scientiam
3027 4023 3213 4081 Christi
3241 4028 3363 4083 Iesu
3396 4029 3603 4086 Domini

2026 4103 2207 4168 nostri,
2233 4119 2391 4173 quam
2417 4109 2595 4175 procul
2624 4108 2786 4164 dubio
2807 4113 2977 4168 adhuc
3000 4117 3050 4169 in
3076 4117 3178 4172 fide
3203 4120 3447 4186 habebat,
3469 4139 3606 4178 uou-

2026 4192 2151 4246 dum
2174 4193 2229 4247 in
2255 4196 2452 4263 specie.
2479 4196 2628 4252 Tune
2648 4201 2789 4254 enim
2817 4203 2918 4256 erit
2943 4206 3185 4261 eminens
3209 4209 3402 4265 Christi
3428 4215 3606 4269 scien-

2028 4282 2122 4348 tia,
2146 4283 2359 4352 quando
2389 4284 2546 4340 fuerit
2578 4287 2650 4342 ita
2682 4291 2942 4346 revelatus
2962 4334 2976 4356 ,
3010 4302 3066 4347 ut
3093 4297 3231 4362 quod
3262 4301 3495 4355 creditur
3523 4304 3604 4356 vi-

2027 4373 2235 4429 deatur.
2263 4374 2415 4431 Unde
2442 4379 2549 4433 alio
2568 4379 2685 4434 loco
2711 4383 2782 4436 ita
2812 4383 2941 4439 dicit
2968 4405 2984 4442 :
3013 4387 3207 4444 Μογιυὶ
3239 4393 3368 4447 enim
3396 4397 3533 4461 estis,
3557 4408 3604 4453 et

2025 4467 2128 4519 uita
2159 4476 2319 4521 vestra
2339 4468 2629 4525 abscondita
2654 4483 2724 4527 est
2747 4491 2858 4528 cum
2881 4477 3075 4533 Christo
3090 4481 3142 4534 in
3162 4478 3291 4537 Deo.
3306 4482 3430 4540 Cum
3452 4487 3602 4543 Citri-

2026 4567 2134 4611 stus
2161 4563 2454 4626 apparuerit
2478 4564 2580 4616 vita
2613 4575 2793 4630 vestra,
2823 4577 2942 4622 tunc
2969 4580 3015 4624 et
3042 4588 3128 4626 vos
3155 4577 3461 4646 appari‘bitis
3488 4596 3602 4635 cum

2025 4647 2117 4701 illo
2146 4650 2197 4702 in
2228 4651 2388 4720 gloria
2418 4652 2632 4724 (Coloss.
2659 4673 2733 4721 Ill,
2756 4658 2810 4723 5,
2828 4660 2903 4728 4).
2933 4661 3066 4716 Hinc
3090 4673 3143 4719 et
3173 4666 3284 4733 ipse
3304 4667 3561 4726 Dominus
3586 4690 3599 4724 :

2031 4736 2129 4802 Qui
2156 4740 2318 4811 diligit
2339 4759 2417 4796 me
2433 4784 2448 4809 ,
2479 4745 2663 4814 inquit,
2696 4747 2935 4817 diligetur
2951 4768 2984 4804 a
3014 4752 3167 4808 Patre
3190 4772 3316 4819 meo,
3342 4770 3386 4811 et
3412 4776 3499 4829 ego
3525 4762 3602 4813 di-

2028 4827 2183 4897 ligam
2221 4846 2364 4898 eum,
2395 4842 2459 4906 et_
2483 4836 2808 4905 manifestaho
2848 4856 2926 4893 me
2950 4842 3113 4910 ipsum
3156 4845 3233 4897 illi
3264 4827 3451 4914 (Joan.
3493 4867 3600 4915 xw,

2026 4920 2087 4972 2|
2122 4920 2163 4990 ).
2196 4921 2328 4976 llinc
2371 4923 2604 4978 Joannes
2631 4932 2951 4995 evangelista
2986 4949 2999 4984 :
3036 4933 3376 4999 Dilectissimi,
3407 4939 3595 5007 inquit,

2027 5008 2123 5076 ﬁlii
2147 5008 2239 5062 Dei
2265 5028 2452 5073 sumus,
2489 5023 2533 5066 et
2555 5016 2776 5079 nondum
2813 5022 3050 5086 apparuit
3078 5024 3212 5092 quod
3240 5026 3442 5080 erimus.
3482 5027 3600 5082 Stt-

2027 5116 2140 5151 mus
2165 5112 2328 5154 autem
2355 5105 2472 5171 quia
2499 5116 2611 5157 cum
2634 5110 2947 5175 apparuerit,
2977 5112 3162 5165 similes
3187 5114 3231 5165 ei
3250 5116 3454 5180 erimus,
3480 5136 3597 5187 quo-

2028 5192 2161 5244 niam
2184 5194 2454 5248 ridebimus
2479 5212 2588 5249 eum
2611 5198 2755 5250 sicuti
2775 5210 2843 5251 est
2868 5200 2906 5270 (1
2930 5199 3084 5255 Joan.
3120 5220 3195 5267 Ill,
3224 5204 3303 5275 2).
3332 5207 3480 5263 Tunc
3504 5229 3549 5260 et
3567 5214 3603 5264 it

2026 5270 2269 5337 eminens
2298 5286 2488 5339 Christi
2508 5288 2746 5342 scientia.
2780 5290 2925 5345 Nunc
2955 5297 3096 5348 enim
3124 5307 3205 5350 est
3243 5298 3455 5367 quidem
3482 5303 3603 5354 alis-

2025 5374 2235 5427 condita
2284 5375 2334 5429 in
2385 5376 2519 5443 lide,
2569 5378 2661 5430 sed
2707 5381 2938 5435 nondum
2984 5385 3228 5441 eminens
3272 5401 3488 5458 apparet
3545 5393 3598 5447 in

2026 5463 2224 5531 specie.

2096 5557 2185 5608 ἆυ.
2228 5556 2420 5625 Ahjit-il
2449 5574 2578 5628 ergo
2620 5560 2743 5614 illa‘
2773 5562 2956 5618 beatus
2988 5565 3179 5620 l‘anltts
3221 5571 3481 5635 pra~terita
3517 5573 3599 5639 jar

2093 5713 2111 5799 ;
2137 5708 2268 5809 t‘wliti.
2292 5717 2339 5818 tt:
2362 5711 2408 5759 in
2433 5711 2843 5777 ipgainﬁvuitarc.
2866 5719 3028 5778 Αὺεδί,
3051 5734 3118 5780 ιη,
3144 5737 3167 5771 a
3194 5733 3299 5773 "ss.

2141 5778 2267 5818 λδ».
2288 5784 2316 5818 ι.
2341 5786 2384 5818 e.
2980 5813 2991 5818 -

2141 5778 2267 5829 λῖθ’.)
2288 5778 2384 5822 μισ.
