4038 6182
457 321 563 381 603

457 439 618 494 stitia:
663 447 774 492 sua:
813 441 1063 503 tanquam
1091 429 1407 484 detrimenta
1429 435 1486 482 et
1509 434 1767 488 stercora,
1796 428 1857 478 ut
1878 418 2036 476 Chri-

459 541 600 585 stum
618 524 931 592 lucrifaciat,
950 530 1006 577 et
1024 521 1322 578 inveniatur
1338 519 1391 573 in
1419 517 1510 572 illo
1537 531 1643 570 non
1667 513 1868 569 habens
1885 525 2035 566 suam

454 621 736 694 justitiam,
781 631 899 687 qua:
937 630 1006 670 ex
1032 615 1149 684 lege
1179 622 1278 667 est.
1311 611 1486 678 Quare
1512 623 1660 664 suam
1684 650 1700 674 ,
1729 607 1774 661 si
1811 621 1878 662 ex
1920 603 2039 672 lege

457 711 614 769 est“!
641 709 823 778 Neque
851 706 993 762 enim
1020 706 1104 760 les
1135 704 1220 759 illa
1253 703 1348 759 Dei
1374 717 1478 756 non
1499 708 1583 756 est
1609 714 1626 754 :
1658 699 1777 769 quis
1803 697 1905 751 hoc
1935 695 2038 750 nisi

456 803 688 858 Marcion
712 810 762 856 ει
790 797 1112 854 Manichacus
1133 806 1188 850 et
1210 795 1326 850 alia:
1343 793 1546 848 similes
1568 802 1744 862 pcsues
1761 785 2038 846 dixerunt?

450 893 591 948 Cum
627 905 754 962 ergo
791 889 875 945 les
917 887 1006 943 illa
1044 875 1136 941 Dei
1174 887 1264 951 sit,
1290 885 1548 954 justitiam
1579 896 1728 936 suam
1753 879 1880 962 dicit
1916 891 2037 935 esse

384 1028 407 1055 χ
457 1001 578 1054 qua:
619 999 684 1038 es
723 984 838 1052 lege
879 990 962 1035 εει
995 998 1007 1033 :
1039 995 1195 1050 quam
1230 978 1487 1047 justitiam
1533 990 1684 1038 suam
1731 972 1896 1028 noluit
1945 969 2038 1023 ha-

461 1074 587 1128 bere
608 1115 624 1139 ,
652 1071 745 1126 sed
775 1069 994 1140 projecit
1021 1079 1081 1122 ut
1108 1076 1364 1122 stercora.
1393 1066 1496 1119 Cur
1525 1064 1617 1128 ita,
1653 1063 1752 1116 nisi
1781 1061 1902 1132 quia
1939 1059 2042 1114 hoc

460 1169 572 1224 est,
603 1161 744 1230 quod
785 1159 942 1214 etiam
970 1157 1212 1226 superius
1253 1153 1734 1209 demonstravimus
1757 1191 1772 1216 ,
1798 1164 1895 1205 eos
1923 1161 2042 1203 esse

462 1251 564 1305 sub
587 1249 723 1318 iege,
753 1249 839 1319 qui
864 1249 1165 1316 ignorantes
1189 1245 1282 1300 Dei
1306 1243 1590 1314 justitiam,
1613 1251 1666 1296 et
1689 1255 1838 1294 suam
1862 1238 2044 1293 volen-

463 1350 544 1394 tes
569 1339 924 1402 constituere,
952 1337 1171 1406 justitia:
1201 1335 1292 1388 Dei
1323 1349 1426 1388 non
1461 1344 1583 1388 sunt
1610 1329 1832 1398 subjecti
1861 1328 2038 1396 (Rom.

461 1445 518 1494 ι,
549 1427 638 1500 3)?
670 1427 864 1483 Putant
889 1427 1032 1482 enim
1062 1440 1120 1480 se
1143 1425 1346 1479 arbitrii
1373 1423 1453 1478 sui
1483 1421 1683 1476 viribus
1712 1419 1938 1489 implere
1967 1419 2043 1474 le-

465 1535 584 1588 gem
607 1518 906 1588 jubentcm,
944 1525 999 1571 et
1025 1516 1122 1570 ista
1149 1513 1400 1583 implicati
1427 1511 1694 1582 superbia,
1727 1509 1792 1564 ad
1819 1510 2041 1580 gratiam

461 1625 571 1668 non
601 1617 984 1664 convertuntur
1020 1607 1316 1676 juvantem.
1359 1605 1450 1661 Sic
1484 1619 1578 1658 eos
1608 1603 1780 1658 littera
1808 1601 2040 1669 occidit,

463 1709 556 1756 aut
583 1711 766 1770 aperte
787 1701 944 1754 etiam
977 1699 1074 1753 sibi
1102 1713 1244 1763 rens,
1283 1712 1386 1752 non
1417 1695 1656 1750 iaciendo
1682 1693 1820 1763 quod
1853 1693 2042 1763 ιιι-τεεί-

464 1794 576 1860 pit;
601 1799 692 1844 aut
720 1789 954 1859 putando
997 1803 1057 1844 se
1087 1789 1261 1844 facere
1281 1831 1295 1851 ,
1327 1787 1467 1856 quod
1499 1784 1794 1853 spirituali,
1831 1799 1949 1855 qua:
1975 1799 2043 1839 ex

466 1881 575 1935 Deo
621 1891 740 1943 est,
801 1895 908 1933 non
952 1879 1150 1934 iaciunt
1192 1877 1469 1931 charitate.
1518 1875 1592 1930 ιω
1634 1881 1912 1930 remanent
1953 1881 2045 1929 aut

464 1981 648 2040 aperte
677 1971 861 2041 iniqui,
891 1980 983 2024 aut
1013 1969 1268 2024 fallaciter
1287 1967 1446 2039 justi;
1479 1967 1530 2022 in
1561 1975 1744 2037 aperta
1771 1966 2044 2036 iniquitate

464 2063 742 2120 evidenter
765 2064 913 2129 elisi,
943 2065 993 2119 in
1020 2063 1192 2120 fallaci
1217 2064 1420 2134 justitia
1451 2063 1763 2134 insipienter
1790 2061 1936 2118 elati.
1965 2061 2071 2115 Ac-

466 2169 562 2222 per
589 2155 690 2209 hoc
715 2155 850 2210 miro
878 2155 1090 2224 quidem
1113 2155 1135 2186 ²
1167 2153 1347 2218 modo,
1377 2153 1471 2209 sed
1499 2164 1672 2208 tamen
1701 2165 1848 2216 vero,
1882 2148 2043 2220 justi-

466 2244 592 2297 tiam
605 2243 736 2312 legis
751 2259 854 2298 non
873 2244 1267 2314 impletjustitia
1283 2260 1402 2314 quae
1417 2245 1468 2298 in
1485 2245 1598 2312 lege
1613 2250 1716 2310 est,
1727 2241 1808 2298 vel
1821 2257 1885 2296 ex
1903 2241 2041 2309 lege,

466 2330 560 2386 sed
586 2347 704 2400 quas
727 2333 778 2386 in
804 2333 991 2402 spiritu
1016 2333 1220 2402 gratias.
1241 2332 1454 2388 iustitia
1480 2333 1675 2403 quippe
1695 2331 1826 2401 legis
1852 2330 2044 2400 imple-

469 2431 555 2476 tur
579 2421 632 2475 in
663 2421 762 2487 eis,
789 2422 927 2476 sicut
957 2423 1212 2492 scriptum
1245 2431 1346 2488 est,
1377 2424 1464 2492 qui
1489 2438 1596 2477 non
1621 2421 1914 2477 secundum
1933 2436 2044 2476 caro

469 2495 592 2564 nem
617 2511 908 2574 ambulant,
936 2511 1029 2566 sed
1067 2511 1360 2568 secundum
1387 2513 1628 2582 spiritum
1657 2511 1785 2586 (Id.
1810 2527 1920 2576 vui,
1949 2507 2044 2583 4).

463 2600 770 2656 Secundum
805 2601 1065 2672 justitiam
1103 2617 1231 2658 vero
1257 2617 1374 2672 qum
1401 2603 1454 2656 in
1483 2602 1600 2674 lege
1627 2612 1744 2668 est,
1782 2616 1842 2658 se
1880 2600 2047 2658 fuisse

460 2691 588 2748 sine
615 2693 831 2763 querela
862 2693 914 2748 in
944 2707 1127 2758 carne,
1148 2709 1253 2748 nun
1271 2693 1328 2749 in
1355 2693 1568 2764 spiritu,
1589 2693 1716 2749 dicit
1734 2692 2044 2763 Apostolus;

466 2793 522 2837 et
541 2783 798 2852 justitiam
827 2800 948 2856 quae
970 2800 1034 2840 es
1067 2785 1184 2856 lege
1219 2793 1334 2852 est,
1367 2801 1517 2841 suam
1543 2785 1672 2841 dicit
1708 2785 1870 2842 fuisse
1891 2825 1908 2852 ,
1938 2801 2048 2842 non

472 2874 584 2928 Dei.
616 2873 1020 2945 intelligendum
1048 2885 1132 2931 est
1163 2877 1322 2948 igitur
1340 2877 1602 2946 justitiam
1640 2877 1773 2948 legis
1808 2891 1914 2932 non
1943 2877 2046 2932 im-

473 2963 603 3030 pleri
643 2966 936 3020 secundum
959 2966 1239 3036 justitiam,
1267 2984 1385 3038 quae
1412 2969 1468 3022 in
1495 2968 1612 3039 lege
1636 2979 1738 3033 est,
1770 2969 1855 3025 vel
1876 2984 1941 3026 ex
1967 2969 2049 3024 lc-

467 3067 554 3122 ge,
577 3053 629 3107 id
651 3064 753 3119 est,
773 3056 1062 3110 secundum
1077 3056 1342 3126 justitiam
1361 3057 1620 3122 hominis;
1643 3058 1737 3112 sed
1756 3059 2048 3116 secundum

461 3143 726 3212 justitiam
772 3161 894 3213 qua:
919 3155 1000 3200 est
1025 3146 1080 3200 in
1121 3147 1310 3216 spiritu
1347 3148 1569 3217 gratiae:
1597 3163 1726 3219 ergo
1756 3149 2048 3206 secundum

463 3234 722 3304 justitiam
753 3235 862 3298 Dei,
893 3235 995 3290 hoc
1017 3245 1096 3290 est
1114 3277 1132 3304 ,
1157 3251 1276 3307 quae
1302 3237 1500 3292 homini
1533 3253 1600 3292 es
1628 3238 1738 3292 Deo
1761 3249 1864 3296 est.
1895 3238 2049 3308 Quod

473 3323 676 3391 planius
703 3335 759 3380 et
786 3325 999 3380 brevius
1023 3325 1094 3381 ita
1119 3326 1224 3381 dici
1251 3327 1741 3396 potestdustitiam
1763 3329 1926 3400 legis'
1943 3345 2048 3388 nan

467 3415 676 3484 impleri
703 3431 823 3470 cum
855 3417 941 3472 lex
965 3417 1136 3486 jubet,
1167 3423 1222 3472 et
1246 3417 1406 3474 homo
1433 3419 1587 3488 quasi
1605 3420 1718 3474 suis
1739 3419 1942 3476 viribus
1967 3420 2049 3478 fa-

462 3505 572 3570 rit;
602 3504 695 3560 sed
721 3519 843 3560 cum
869 3507 1086 3574 spiritus
1108 3506 1341 3577 adjuvat,
1363 3519 1417 3563 et
1445 3507 1678 3564 hominis
1702 3509 1866 3566 libera
1887 3508 1930 3578 ⁵,
1953 3508 2050 3568 sed

469 3598 564 3652 Dei
586 3597 750 3668 gratia
779 3597 999 3654 liberata
1025 3599 1270 3654 voluntas
1300 3599 1442 3655 facit.
1467 3599 1626 3672 Legis
1651 3601 1831 3672 itaque
1845 3601 2050 3672 justitia

458 3697 573 3754 est,
597 3688 787 3756 jubere
812 3689 952 3759 quod
981 3689 1091 3746 Deo
1111 3690 1302 3759 placet,
1323 3700 1506 3747 vetare
1524 3690 1666 3760 quod
1685 3691 1930 3762 displicet
1953 3707 1969 3746 :
1995 3692 2048 3748 in

462 3778 587 3846 lege
609 3787 786 3832 autem
819 3779 1016 3848 justitia
1054 3789 1158 3846 est,
1197 3781 1399 3836 servire
1437 3781 1647 3848 litterze,
1675 3792 1732 3837 et
1752 3793 1901 3840 extra
1929 3798 2048 3840 eam

463 3865 672 3920 nullum
703 3866 796 3921 Dei
827 3867 1150 3938 adjutorium
1179 3869 1246 3923 ad
1281 3879 1426 3926 recte
1449 3871 1729 3926 vivendum
1755 3873 2046 3942 requirere.

441 3955 600 4026 gCum
630 3957 774 4012 enim
803 3957 1045 4021 dixisset,
1081 3957 1201 4014 Non
1243 3959 1431 4015 habens
1461 3977 1623 4015 meam
1639 3962 1914 4032 justitiam,
1937 3980 2052 4028 qua

460 4063 532 4100 ea:
551 4046 661 4118 lege
683 4058 776 4112 est,
793 4050 882 4101 sed
903 4065 1014 4103 eam
1031 4065 1145 4119 qua
1168 4059 1239 4104 est
1263 4067 1353 4122 per
1380 4051 1532 4120 [idem
1553 4049 1740 4108 Cltristi
1760 4069 1781 4108 .°
1806 4053 2045 4120 addidit,

456 4154 582 4208 qua:
603 4149 675 4194 est
703 4155 766 4194 ea:
807 4138 935 4195 Deo.
971 4139 1087 4210 Ipsa
1115 4151 1197 4198 est
1224 4157 1352 4212 ergo
1369 4141 1573 4214 justitia
1603 4144 1729 4209 Dei,
1768 4159 1928 4215 quam
1953 4160 2046 4202 su-

462 4229 616 4297 perbi
649 4233 970 4300 ignorantes,
995 4247 1147 4288 suam
1179 4233 1366 4289 volunt
1388 4235 1736 4298 constituere.
1761 4235 1876 4290 Non
1899 4235 2047 4292 enim

463 4329 750 4389 propterea
780 4319 984 4390 justitia
1019 4323 1108 4378 Dei
1135 4322 1358 4390 dicitur,
1384 4325 1634 4396 quoniam
1667 4325 1810 4382 Deus
1834 4340 1897 4382 ea
1919 4325 1940 4358 '
1961 4325 2048 4397 ju-

459 4417 584 4462 stus
610 4419 725 4470 est;
755 4409 850 4464 sed
869 4413 991 4480 quia
1013 4412 1214 4468 homini
1243 4430 1309 4470 ex
1337 4416 1444 4470 Deo
1465 4425 1571 4472 est.

540 4498 629 4554 21.
661 4497 960 4556 Secundum
988 4501 1126 4558 hanc
1149 4515 1327 4560 autem
1350 4505 1731 4576 justitiamDei
1753 4549 1769 4572 ,
1803 4508 1903 4564 hoc
1927 4519 2042 4576 est,

459 4605 589 4660 quae
618 4605 688 4644 ex
723 4591 832 4646 Deo
851 4593 1010 4666 nobis
1033 4603 1146 4662 est,
1169 4611 1312 4650 nunc
1345 4597 1480 4652 lidee
1499 4607 1755 4667 (speratur
1779 4615 1876 4670 per
1906 4600 2046 4658 dile-

457 4681 698 4736 ctionem
727 4679 924 4751 (Colat.
955 4700 1008 4750 v,
1037 4685 1115 4757 6).
1143 4685 1196 4741 Id
1220 4695 1398 4742 autem
1427 4699 1681 4758 operatur
1706 4690 1749 4758 ⁸,
1777 4692 2046 4761 quomodo

469 4771 744 4839 perveniat
782 4771 940 4828 homo
971 4775 1038 4831 ad
1063 4791 1188 4832 eum
1207 4818 1222 4842 ,
1252 4776 1305 4832 in
1334 4794 1492 4850 quem
1522 4781 1682 4836 modo
1711 4796 1818 4838 non
1855 4783 2047 4840 videns

459 4863 670 4928 credit;
695 4879 854 4934 quem
884 4881 1005 4922 cum
1029 4867 1237 4935 viderit,
1273 4879 1400 4926 tunc
1425 4871 1568 4942 quod
1593 4881 1711 4927 erat
1737 4874 1790 4928 in
1823 4875 1926 4928 lide
1948 4890 2048 4945 per

457 4951 742 5018 speculum
773 4953 825 5008 in
865 4957 1182 5026 aenigmate,
1205 4957 1316 5029 jam
1345 4961 1450 5016 erit
1486 4961 1538 5016 in
1580 4964 1764 5032 specie
1803 4963 1936 5022 faeie
1977 4967 2042 5021 ad

461 5039 654 5098 facient
709 5043 764 5115 (Ι
798 5043 915 5101 Cor.
960 5063 1081 5112 sm,
1128 5047 1220 5119 l2)
1263 5066 1280 5104 :
1321 5059 1445 5106 tunc
1481 5054 1783 5122 perﬁcietur
1838 5064 1892 5112 et
1933 5055 2044 5126 ipsa

529 5258 550 5336 ξ
573 5261 654 5336 ttic
677 5267 864 5336 estus.
883 5266 1201 5336 restituimus,
1227 5277 1383 5331 Quare
1398 5281 1552 5328 stum,
1569 5272 1611 5322 si
1632 5284 1696 5324 ex
1713 5271 1816 5336 lege
1839 5279 1908 5324 est
1936 5271 1963 5324 7

529 5322 552 5386 ξ
573 5321 824 5386 ιιιβιιίιῑεν,
839 5328 1066 5386 quodam-

529 5382 551 5451 ξ
574 5381 706 5451 ﬁdit),
732 5381 979 5451 legis‘nei.
1017 5389 1181 5448 Abest,
1213 5391 1315 5451 Dei,
1333 5405 1361 5440 ει
1389 5401 1494 5442 itss.
1866 5439 1870 5446 .

526 5441 721 5516 ‘i'diti',
773 5441 1085 5516 iton___libera.
1136 5441 1192 5502 ινὶ
1216 5441 1608 5516 θεέὶιιιηεειίιιυε,
1663 5469 1789 5515 non,
1845 5441 2044 5509 nitimur

459 5507 753 5613 :::c|:.oritate
811 5507 1158 5562 Gallicanorum
1231 5507 1448 5566 animum
1503 5507 1608 5568 uss:
1671 5507 1720 5568 et
1777 5507 2041 5570 \‘aticanoQ

528 5627 548 5688 ξ
574 5628 654 5674 Hie
677 5628 907 5687 additum,
926 5644 1000 5688 ra,
1024 5647 1085 5682 ex
1112 5643 1212 5685 νεεδ.

521 5687 547 5715 ⁴
572 5690 642 5738 sic
667 5698 766 5738 uss.
797 5700 844 5739 Αι
873 5687 1004 5750 editi,
1030 5693 1082 5743 id
1107 5707 1192 5756 cst,
1217 5707 1456 5760 operatur.

1061 311 1334 372 CONTRA
1373 309 1554 367 DUAS
1593 303 1966 364 EPISTOLAS
2005 303 2559 374 PELAGIANORUM,
2701 305 3068 366 AUGUSTINI

3613 307 3714 364 6οε

2142 417 2378 474 dilectio.
2428 417 2596 476 Nimis
2647 421 2841 492 quippe
2887 421 3200 491 insipienter
3244 419 3469 486 dicitur,
3513 429 3716 476 tantum

2142 512 2309 564 amari
2350 511 2514 566 Deum
2547 521 2832 582 antequam
2863 511 3136 574 videatur,
3169 521 3425 581 quantum
3455 511 3719 566 amabitur

2141 613 2262 654 cum
2291 599 2574 667 videbitur.
2605 599 2770 656 Porro
2798 600 2846 657 si
2873 601 2925 656 in
2966 601 3066 656 hac
3091 601 3195 654 vita
3217 641 3232 665 ,
3273 601 3358 670 pio
3385 601 3596 658 nemine
3621 601 3712 656 du-

2112 691 2380 758 Jtitante,
2412 701 2610 763 quanto
2643 693 2871 762 amplius
2907 693 3177 763 diligimus
3217 692 3383 748 Deum
3405 735 3420 759 ,
3447 701 3595 749 tanto
3624 707 3710 746 su-

2144 797 2260 836 mus-
2302 784 2486 853 utique
2520 783 2808 854 justiores;
2835 783 2954 853 quis
2983 783 3221 848 dubitet,
3262 783 3398 850 piam
3434 797 3719 853 veramque

2139 871 2419 942 juS'itiam,
2451 889 2570 930 cum
2597 873 2752 929 fuerit
2779 873 2994 928 dilectio
3029 873 3120 929 Dei
3148 864 3377 944 perfecta
3399 916 3414 940 ,
3447 883 3570 928 tunc
3594 890 3719 944 per-

2148 962 2230 1016 lici
2251 963 2276 1015 ?
2300 959 2449 1017 Tunc
2476 979 2603 1033 ergo
2631 963 2738 1030 lex,
2771 961 2840 1018 ita
2869 971 2924 1016 ut
2949 963 3079 1017 nihil
3099 964 3318 1018 omnino
3343 962 3502 1030 desit,
3531 964 3724 1033 impie-

2147 1049 2320 1118 bitur;
2365 1052 2515 1122 cujus
2552 1054 2710 1125 legis,
2755 1054 3046 1109 secundum
3085 1055 3428 1126 Apostolum,
3461 1055 3722 1126 plenitudo

2146 1141 2345 1196 dilectio
2365 1153 2436 1197 est
2467 1141 2641 1213 (Rom.
2671 1159 2761 1198 stu
2782 1185 2798 1208 ,
2823 1141 2932 1216 10).
2965 1145 3042 1198 Ac
3072 1159 3166 1213 per
3191 1143 3293 1200 hoc
3315 1161 3435 1199 cum
3463 1144 3720 1214 dixisset,

2148 1230 2268 1286 Non
2299 1232 2484 1286 habens
2506 1249 2554 1286 m
2575 1250 2664 1286 ‘am
2691 1234 2936 1298 iustitiam
2953 1277 2966 1297 ,
2991 1249 3104 1304 qua:
3135 1251 3198 1289 ex
3229 1235 3339 1305 lege
3364 1243 3462 1302 est,
3490 1235 3578 1289 sed
3610 1252 3722 1289 eam

2145 1339 2257 1392 qua:
2297 1333 2368 1376 est
2399 1339 2490 1395 per
2526 1323 2680 1392 ﬁdem
2710 1321 2899 1380 Christi
2917 1363 2934 1390 ,
2963 1339 3076 1394 qua:
3099 1331 3175 1378 est
3195 1341 3258 1378 ea:
3286 1322 3394 1378 Deo
3427 1325 3630 1394 justitia
3667 1324 3726 1380 in

2147 1413 2279 1486 (ide;
2306 1413 2496 1468 deinde
2523 1413 2794 1482 subjunxit
2811 1457 2826 1479 ,
2853 1415 2936 1468 Ad
2953 1415 3348 1485 cognoscendum
3369 1432 3484 1468 eum
3506 1458 3524 1482 ,
3548 1425 3594 1469 et
3623 1415 3724 1469 vir-

2147 1513 2298 1556 tutem
2330 1504 2706 1558 resurrectionis
2736 1505 2876 1574 ejus,
2908 1514 2956 1558 et
2984 1505 3484 1559 communicationem
3525 1506 3722 1574 passio-

2147 1611 2268 1648 num
2310 1595 2440 1664 ejus.
2483 1593 2608 1650 Hmc
2643 1596 2820 1650 omnia
2858 1597 3092 1652 nondum
3137 1597 3288 1665 plena
3319 1608 3373 1652 et
3413 1597 3640 1667 perfecta
3669 1597 3723 1654 in

2147 1687 2402 1758 Apostolo
2427 1697 2598 1755 erant,
2627 1687 2720 1742 sed
2749 1697 2994 1756 tanquam
3019 1687 3072 1742 in
3095 1687 3176 1742 via
3215 1689 3421 1757 positus
3441 1682 3507 1742 ad
3536 1703 3722 1743 eorum

2149 1777 2532 1850 plenitudinem
2582 1767 3064 1848 perfectionemque
3104 1777 3373 1832 currebat.
3417 1776 3548 1832 Nam
3591 1793 3727 1848 quo-

2149 1867 2309 1924 modo
2345 1868 2457 1940 jam
2503 1867 2736 1936 perfecte
2775 1877 3096 1940 cognoverat
3131 1866 3432 1932 Christum,
3463 1869 3552 1938 qui
3594 1870 3726 1924 dicit

2146 1961 2252 2016 alio
2277 1961 2393 2016 loco
2414 2002 2429 2024 ,
2460 1957 2616 2014 Nunc
2637 1961 2741 2014 scio
2779 1976 2840 2013 ea:
2873 1969 3044 2029 parte,
3076 1968 3194 2012 tunc
3231 1967 3396 2013 autem
3423 1973 3724 2030 cognoscam

2147 2053 2275 2106 sicut
2301 2061 2350 2108 et
2371 2053 2600 2124 cognitus
2636 2068 2748 2106 sum
2777 2051 2832 2124 (Ι
2857 2049 2976 2107 Cor.
3017 2065 3138 2115 xm,
3183 2048 3310 2124 12)?
3350 2049 3413 2104 Et
3455 2050 3726 2121 quomodo

2143 2145 2254 2216 jam
2280 2141 2513 2215 perfecte
2533 2151 2856 2212 Cognoverat
2879 2142 3129 2196 virtutem
3150 2142 3266 2209 ejus
3292 2141 3721 2204 resurrectionis,

2148 2235 2232 2290 cui
2281 2235 2512 2290 restabat
2555 2235 2571 2267 ⁸
2616 2250 2732 2289 eam
2779 2233 2984 2302 plenius
3031 2243 3271 2302 tempore
3317 2232 3727 2287 resurrectionis

2149 2327 2326 2382 carnis
2353 2325 2676 2396 experiendo
2704 2324 3068 2396 cognoscere?
3093 2324 3156 2378 Et
3176 2321 3445 2394 quomodo
3465 2323 3574 2392 jam
3605 2337 3731 2391 per-

2150 2415 2288 2473 fecte
2316 2425 2638 2487 cognoverat
2663 2415 3198 2472 communicationem
3229 2413 3534 2482 passionum
3571 2412 3689 2482 ejus
3709 2453 3728 2477 ,

2151 2507 2384 2562 nondum
2411 2523 2504 2576 pro
2529 2507 2622 2562 illo
2649 2506 2946 2576 passionem
2977 2505 3161 2559 mortis
3181 2501 3462 2574 expertus?
3489 2501 3733 2571 Denique

2149 2597 2296 2652 addit
2320 2605 2374 2653 et
2393 2597 2518 2652 dicit
2542 2615 2556 2653 :
2582 2596 2642 2654 Si
2665 2614 2762 2669 quo
2786 2596 2933 2650 modo
2954 2611 3213 2650 occurram
3237 2595 3288 2648 in
3317 2593 3732 2648 resurrectionem

2151 2700 2480 2742 mortuorum.
2521 2688 2598 2742 Ac
2631 2686 2824 2742 deinde
2849 2687 2952 2740 ait‘
2991 2685 3111 2742 Non
3147 2685 3264 2754 quia
3279 2683 3393 2755 jam
3417 2682 3730 2752 acceperim,

2151 2789 2240 2834 aut
2250 2783 2364 2852 jam
2390 2785 2636 2854 perfectus
2661 2779 2930 2850 sim..Quid
2953 2795 3080 2852 ergo
3099 2794 3158 2834 se
3184 2777 3466 2834 confitetur
3493 2776 3729 2832 nondum

2151 2871 2422 2942 accepisse
2444 2912 2457 2935 ,
2489 2881 2543 2927 et
2568 2871 2621 2926 in
2651 2886 2754 2942 quo
2781 2870 3019 2927 nondum
3054 2885 3176 2926 esse
3200 2869 3514 2941 perfectum,
3546 2869 3646 2924 nisi
3671 2869 3730 2925 in

2152 2977 2217 3017 ea
2242 2962 2264 2994 ¹
2287 2961 2492 3032 justitia
2517 3003 2534 3030 ,
2570 2978 2689 3032 qua:
2729 2977 2795 3016 ex
2838 2962 2948 3016 Deo
2989 2970 3106 3028 est,
3149 2975 3304 3031 quam
3343 2961 3732 3030 concupiscens

2153 3052 2326 3110 noluit
2365 3068 2514 3108 suam
2553 3052 2786 3120 habere,
2830 3068 2950 3123 qua:
2985 3067 3052 3107 ex
3091 3051 3208 3122 lege
3245 3051 3367 3106 est?
3411 3051 3544 3106 Hinc
3581 3051 3729 3106 enim

2154 3143 2489 3217 loquebatur,
2509 3153 2564 3198 et
2589 3137 2687 3200 i'sta
2707 3141 2804 3197 fuit
2825 3157 2984 3197 causa
3006 3153 3061 3198 ut
3083 3141 3198 3199 huic
3222 3141 3444 3208 diceret,
3475 3143 3732 3198 resistens

2156 3217 2588 3308 inimicisgratizn
2617 3235 2710 3292 Dei
2737 3235 2778 3304 ³,
2803 3251 2899 3307 pro
2921 3251 3026 3308 qua
3051 3235 3321 3308 largiendo
3343 3235 3626 3291 cruciﬁxus
3643 3245 3734 3292 est

2154 3305 2439 3384 Christus}
2467 3344 2534 3384 ex
2557 3344 2782 3400 quorum
2809 3327 2832 3358 ⁸
2857 3344 3053 3400 genere
3080 3329 3240 3384 etiam
3269 3329 3356 3384 isti
3385 3337 3528 3384 sunt.

2223 3417 2315 3472 22.
2343 3418 2474 3474 Nam
2499 3434 2563 3472 ex
2593 3417 2835 3489 qquoco
2854 3418 3084 3490 suscepit
3112 3417 3225 3472 lucc
3243 3416 3442 3482 dicere,
3465 3417 3543 3474 sic
3566 3433 3734 3474 exor-

2155 3521 2246 3562 sus
2269 3516 2353 3562 est
2385 3525 2398 3562 :
2439 3507 2610 3562 Videte
2637 3523 2814 3580 canes,
2847 3507 3006 3562 videte
3039 3507 3202 3562 malos
3241 3507 3534 3580 operarios,
3570 3508 3736 3562 videte

2155 3599 2507 3653 concisionem.
2530 3597 2640 3653 Nos
2659 3578 2792 3654 enim
2807 3615 2978 3654 sumus
2993 3599 3309 3653 circumcisio
3322 3598 3410 3668 qui
3423 3599 3602 3670 spiritu
3622 3597 3735 3656 Deo

2153 3691 2416 3757 servimus;
2433 3691 2514 3745 vel
2540 3691 2674 3745 sicut
2698 3691 2935 3746 nonnulli
2953 3691 3165 3746 codices
3183 3690 3400 3758 habent,
3417 3691 3507 3758 qui
3528 3690 3736 3761 spiritui

2157 3779 2265 3836 Deo
2284 3822 2300 3849 ,
2325 3782 2406 3836 vel
2430 3781 2632 3853 spiritui
2659 3779 2752 3836 Dei
2771 3781 3048 3848 servimus;
3075 3790 3122 3835 et
3147 3781 3430 3852 gloriamur
3452 3781 3506 3835 in
3531 3780 3736 3837 Christo

2152 3867 2312 3935 Iesu,
2345 3879 2393 3925 et
2417 3887 2517 3924 non
2555 3871 2608 3924 in
2645 3885 2798 3925 carne
2839 3871 3066 3940 ﬁdentes.
3109 3869 3245 3925 llinc
3287 3870 3620 3926 manifestum
3647 3881 3736 3926 est

2153 3961 2410 4017 adversus
2433 3960 2647 4017 Judaeos
2667 3977 2788 4017 eum
2811 3976 2987 4032 agere,
3012 3961 3102 4032 qui
3129 3963 3416 4018 carnaliter
3438 3962 3735 4018 observan-

2156 4060 2236 4106 tes
2265 4053 2433 4122 legem
2457 4092 2473 4118 ,
2516 4062 2571 4107 ct
2604 4065 2754 4106 suam
2785 4051 3044 4122 justitiam
3089 4051 3328 4108 volentes
3367 4054 3693 4108 constituere
3713 4093 3731 4118 .

2153 4140 2534 4196 occidebantur
2562 4140 2756 4206 littera,
2789 4156 2898 4196 non
2923 4140 3323 4197 vivilicabantur
3349 4143 3570 4212 spiritu;
3596 4151 3648 4196 et
3674 4141 3733 4197 in

2154 4247 2212 4286 se
2241 4231 2618 4303 gloriabantur,
2649 4247 2768 4286 cum
2795 4233 3037 4302 Apostoli
3068 4244 3124 4290 et
3146 4249 3332 4290 onmes
3362 4234 3736 4304 promissionis

2156 4323 2246 4376 lilii
2275 4320 2630 4394 gloriarentur
2657 4324 2708 4378 in
2735 4323 2971 4381 Christo.
3005 4325 3204 4380 Deinde
3241 4326 3468 4394 subjecit
3497 4343 3510 4380 :
3547 4325 3736 4392 Quan-

2153 4430 2304 4482 quam
2331 4431 2422 4486 ego
2460 4415 2670 4470 habeam
2701 4415 2942 4486 ﬁduciam
2974 4417 3026 4471 in
3053 4433 3204 4472 carne
3235 4433 3256 4472 :
3284 4419 3330 4472 si
3365 4419 3477 4490 quis
3514 4418 3648 4472 alius
3677 4419 3737 4472 in

2152 4519 2306 4557 carne
2335 4513 2548 4572 putatse
2571 4507 2812 4575 ﬁduciam
2833 4506 3033 4572 habere,
3065 4508 3226 4580 magis
3254 4523 3366 4578 ego.
3401 4508 3470 4562 Et
3503 4523 3736 4564 enume-

2155 4607 2279 4647 rans
2305 4595 2482 4648 omnia
2511 4611 2630 4666 quae
2669 4596 2964 4653 secundum
3003 4613 3220 4652 carnem
3249 4599 3444 4654 habent
3469 4599 3736 4668 gloriam,

2153 4685 2220 4738 ad
2248 4685 2376 4740 illud
2407 4687 2728 4754 terminavit,
2753 4687 2840 4742 ubi
2875 4689 2951 4742 ait
2981 4705 2995 4742 :
3029 4687 3322 4743 Secundum
3338 4691 3595 4763 justitiam
3617 4707 3742 4762 qua

2153 4774 2206 4830 in
2241 4774 2349 4848 lege
2373 4787 2444 4832 est
2463 4817 2480 4846 ,
2511 4777 2599 4849 qui
2634 4779 2817 4849 fuerint
2841 4779 2950 4834 sine
2976 4781 3198 4850 querela.
3241 4780 3310 4836 Et
3339 4798 3458 4835 cum
3481 4781 3601 4839 lucc
3630 4783 3739 4837 sibi

2154 4868 2372 4922 omnino
2398 4867 2592 4923 damna
2619 4877 2676 4924 et
2701 4869 3020 4926 detrimenta
3040 4881 3094 4926 et
3120 4871 3354 4926 stercora
3381 4873 3542 4927 fuisse
3566 4873 3736 4928 dixisv

2153 4969 2268 5027 set,
2299 4967 2359 5014 ut
2381 4959 2654 5015 Christum
2683 4960 3019 5018 lucrifaceret
3041 5001 3055 5024 ,
3083 4961 3278 5032 adjecit
3303 4963 3444 5018 unde
3465 4966 3635 5034 agitur
3657 4964 3680 4996 ⁸
3722 4985 3741 5019 :

2157 5047 2221 5102 Et
2250 5049 2476 5103 inveniar
2507 5049 2562 5102 in
2589 5050 2678 5104 illo
2705 5066 2806 5104 non
2833 5049 3020 5105 habens
3041 5051 3293 5122 justitiam
3321 5069 3516 5118 meam,
3538 5069 3650 5123 qua
3671 5071 3743 5108 ex

2151 5141 2262 5212 lege
2287 5150 2360 5194 cst
2381 5181 2398 5206 ,
2423 5141 2510 5196 sed
2529 5157 2642 5195 eam
2672 5157 2786 5213 quae
2807 5151 2881 5196 est
2910 5159 3001 5212 per
3025 5141 3180 5214 [idem
3201 5143 3418 5208 Christi,
3445 5159 3557 5214 quae
3577 5155 3650 5199 est
3669 5160 3746 5198 ex

2154 5231 2283 5286 Deo.
2309 5233 2470 5303 Ilujus
2500 5249 2629 5304 ergo
2651 5233 2872 5304 justitia:
2900 5233 3276 5304 perfectionem
3297 5277 3312 5302 ,
3346 5252 3464 5307 qua:
3491 5250 3596 5290 non
3629 5237 3745 5290 erit

2217 5456 2233 5524 ξ
2259 5453 2480 5524 galliam
2505 5460 2632 5513 uss,
2651 5459 2820 5524 restat.
2847 5511 2859 5524 θ

2213 5517 2234 5584 ξ
2259 5517 2394 5584 rem.
2414 5526 2481 5584 ea;
2508 5527 2592 5584 es.
2611 5522 2669 5564 At
2691 5523 2816 5575 uss.
2839 5517 2892 5565 in
2912 5527 2988 5584 ερ-

2214 5577 2235 5608 ³
2259 5578 2394 5635 aliti,
2413 5575 2608 5626 ebriati.
2626 5583 2681 5626 Αι
2703 5584 2829 5637 stes,
2858 5575 2962 5626 Dei.

2216 5639 2232 5702 ε
2263 5647 2389 5702 3185.,
2400 5650 2476 5702 rex
2498 5651 2590 5700 quo
2611 5651 2802 5702 genere.

2214 5701 2232 5729 ³
2259 5709 2306 5749 tu
2332 5700 2474 5748 editis
2490 5696 2718 5750 iniussum
2744 5707 2865 5758 erat,
2888 5697 3013 5748 unde
3051 5696 3226 5760 agitur.
3248 5699 3459 5747 Hal‘utur
3482 5698 3529 5746 in
3560 5703 3662 5744 uss.
