4014 6184
157 393 270 451 605

160 505 269 560 nisi
313 505 367 559 in
398 502 485 556 illa
528 498 783 557 eminenti
824 495 1043 551 scientia
1070 494 1302 558 Christi,
1338 503 1552 565 propter
1588 507 1744 562 quam

160 580 269 650 sibi
301 593 436 649 dixit
464 592 640 646 omnia
664 589 914 643 damnum
938 601 1078 650 esse,
1112 584 1344 639 nondum
1369 598 1428 639 se
1451 585 1744 650 accepisse,

160 686 447 744 confessus
476 694 585 746 est,
616 693 667 737 et
697 689 980 752 propterea
1009 677 1245 732 nondum
1273 692 1393 731 esse
1432 676 1745 743 perlectum.
1774 744 1782 752 _

169 777 372 849 Sequor
389 785 574 840 autem,
604 772 791 843 inquit,
814 772 859 825 si
878 768 1274 842 apprehendam,
1302 770 1355 821 in
1380 784 1477 837 quo
1498 777 1542 820 et
1561 782 1746 836 appre-

166 868 355 921 hensus
384 882 498 919 sum
524 881 555 917 a
587 864 787 917 Christo
819 860 960 916 Iesu.
996 860 1124 913 Tale
1147 867 1229 913 est
1248 898 1261 921 ,
1290 855 1664 928 apprehendam
1698 855 1751 908 in

160 973 265 1026 quo
294 965 343 1010 et
366 955 711 1023 apprehensus
751 968 900 1016 sum;
938 950 1094 1020 quale
1135 958 1215 1003 est
1238 990 1252 1013 ,
1296 963 1593 1019 cognoscam
1622 947 1752 998 sicut

162 1058 211 1098 et
238 1045 472 1115 cognitus
511 1060 640 1097 sum.
683 1041 922 1106 Fratres,
958 1040 1153 1109 inquit,
1199 1055 1292 1108 ego
1332 1037 1409 1091 uie
1446 1039 1613 1104 ipsum
1651 1053 1752 1089 non

165 1137 390 1192 arbitror
413 1133 804 1207 apprehendisse
832 1147 851 1186 :
877 1147 1029 1185 unum
1052 1140 1216 1183 autem
1236 1171 1251 1195 ,
1291 1144 1403 1197 quia
1437 1137 1571 1180 retro
1595 1135 1712 1179 sunt
1733 1166 1748 1193 ,

166 1228 379 1291 oblitus,
400 1225 453 1278 in
478 1241 536 1277 ea
555 1239 668 1294 quia
684 1232 800 1275 ante
822 1231 937 1276 sunt
954 1231 1203 1282 extentus,
1226 1218 1498 1273 secundum
1522 1217 1753 1270 intentio-

169 1334 283 1371 nem
303 1330 486 1385 sequor
503 1313 571 1366 ad
592 1313 810 1382 palmam
831 1324 1061 1380 supernae
1078 1308 1350 1362 vocationis
1373 1306 1465 1361 Dei
1484 1306 1536 1360 in
1555 1304 1753 1361 Christo

169 1408 319 1461 Jesu.
350 1405 497 1460 Ordo
525 1404 808 1458 verborum
830 1410 932 1467 est,
956 1416 1110 1453 unum
1129 1409 1297 1452 autem
1319 1414 1515 1468 sequor.
1547 1398 1622 1451 De
1649 1411 1754 1465 quo

173 1514 282 1552 ιιιιο
316 1497 456 1552 bene
494 1494 806 1562 intelligitur
839 1500 894 1547 et
937 1491 1189 1546 Dominus
1227 1490 1569 1545 admonuisse
1612 1488 1754 1542 Mar-

174 1593 344 1655 tham,
369 1586 456 1641 ubi
482 1587 556 1639 ait
585 1602 601 1640 :
630 1583 857 1648 Martha,
882 1582 1108 1648 Martha,
1131 1580 1348 1636 sollicita
1368 1597 1438 1645 es,
1466 1590 1512 1634 et
1534 1581 1758 1634 turbaris

172 1681 312 1733 circa
352 1677 603 1747 plurima;
643 1691 793 1744 porro
829 1690 985 1727 unum
1024 1682 1096 1728 est
1132 1674 1467 1727 necessarium
1501 1671 1651 1744 (Luc.
1680 1687 1715 1727 κ
1736 1713 1753 1739 ,

172 1770 234 1823 41
262 1809 278 1835 ,
309 1767 426 1837 42).
458 1766 568 1820 lloc
596 1766 696 1819 iste
731 1765 912 1818 volens
951 1763 1389 1833 apprehendere,
1421 1771 1668 1833 tanquam
1699 1763 1753 1817 in

170 1858 261 1912 via
286 1854 641 1919 constitutus,
669 1854 817 1924 sequi
860 1868 919 1907 se
953 1853 1093 1908 dixit
1133 1852 1200 1906 ad
1246 1853 1473 1923 palmam
1509 1868 1755 1922 supernae

64 1954 75 1957 “
173 1948 477 2003 vocationis
507 1947 596 1999 Dei
624 1946 674 1999 in
697 1945 910 1998 Christo
934 1943 1079 1999 Jesu.
1104 1944 1232 2012 Quis
1253 1953 1429 1996 autent
1451 1951 1752 2008 cunctetur,

174 2054 296 2094 eum
328 2040 429 2090 hoc
448 2035 585 2106 quod
615 2035 761 2103 sequi
788 2049 847 2089 se
875 2043 1145 2089 asseverat
1171 2033 1605 2102 apprehenderit,
1633 2040 1757 2086 tunc

175 2130 483 2186 habiturum
513 2142 633 2181 eum
653 2169 669 2194 ,
694 2126 949 2197 justitiam
975 2126 1235 2195 aequalem
1278 2123 1499 2203 justitia:
1538 2132 1757 2177 sancto-

175 2234 296 2274 rum
330 2217 677 2287 Angelorum,
703 2230 928 2285 quorum
958 2214 1223 2269 neminem
1251 2215 1433 2285 utique
1458 2228 1527 2267 ne
1553 2212 1758 2281 magni-

176 2309 367 2363 tudine
393 2307 772 2362 revelationem
799 2305 1103 2368 extollatur,
1136 2313 1336 2358 satana:
1364 2304 1584 2370 angelus
1608 2303 1756 2357 cola-

177 2399 399 2468 phizat‘!
420 2395 627 2451 Deinde
646 2394 941 2449 admonens
961 2408 1054 2448 eos
1078 2395 1165 2464 qui
1190 2402 1408 2464 νυεςιειιι
1433 2394 1574 2447 illius
1600 2394 1760 2462 justi-

178 2489 266 2540 tia;
312 2485 645 2554 plenitudine
681 2482 790 2554 jam
831 2496 891 2539 se
929 2491 1115 2552 putare
1160 2480 1455 2552 perfectos,
1506 2483 1759 2557 Quotquot

176 2593 318 2646 ergo,
342 2575 532 2644 inquit,
558 2575 782 2645 perfecti,
810 2573 905 2626 hoc
924 2574 1183 2643 sapiamus
1212 2587 1230 2627 :
1257 2583 1506 2644 tanquam
1528 2575 1753 2635 diceret.

177 2666 234 2718 Si
259 2665 554 2719 secundum
583 2663 813 2718 hominis
835 2664 1074 2718 mortalis
1102 2665 1447 2732 capacitatem
1479 2679 1576 2733 pro
1599 2664 1758 2735 hujus

177 2756 302 2808 vita:
327 2753 547 2808 modulo
575 2751 793 2822 perfecti
823 2766 1008 2807 sumus
1028 2793 1043 2818 ,
1070 2752 1136 2807 ad
1174 2752 1343 2822 ipsam
1376 2754 1757 2822 perlectionem

179 2847 283 2900 hoe
307 2858 523 2915 quoque
553 2844 819 2913 pertinere
854 2844 1243 2915 intelligamus,
1275 2854 1331 2899 ut
1367 2845 1605 2914 angelica
1631 2845 1717 2899 illa
1739 2885 1755 2910 ,

176 2950 299 3002 qua
327 2936 380 2989 in
406 2935 603 2990 Christi
631 2934 1058 2991 manifesttttione
1080 2936 1234 2991 nobis
1254 2938 1354 2991 erit
1372 2937 1599 3007 justitia,
1625 2950 1760 2990 non-

176 3041 304 3079 uum
337 3040 438 3082 nos
465 3024 729 3095 perfectos
752 3042 875 3083 esse
895 3028 1183 3097 sapiamus.
1215 3026 1284 3081 Et
1304 3029 1348 3081 si
1367 3029 1488 3098 quid
1506 3031 1655 3083 aliter
1677 3045 1763 3083 sa-

179 3115 320 3182 pitis,
353 3114 543 3184 inquit,
580 3116 673 3170 hoc
696 3131 892 3183 quoque
917 3115 1055 3169 vobis
1082 3115 1216 3171 Deus
1238 3116 1492 3170 reuelabit.
1522 3118 1760 3185 Quomo-

179 3206 287 3273 do,
315 3205 417 3259 nisi
456 3205 849 3261 ambulantibus
876 3215 933 3260 et
964 3206 1362 3276 proﬁcientibus
1391 3208 1442 3261 in
1487 3208 1568 3261 via
1601 3218 1760 3264 rectas

183 3294 333 3360 hdei,
360 3295 535 3350 donec
560 3295 659 3348 ista
692 3297 1049 3365 peregrinatio
1084 3294 1316 3364 ﬁniatur,
1345 3306 1399 3351 et
1433 3297 1500 3352 ad
1526 3300 1758 3367 speciem

182 3386 467 3441 veniatur?
494 3386 648 3443 Unde
667 3399 1056 3458 consequenter
1075 3388 1316 3457 adjunxit
1342 3407 1355 3444 :
1391 3387 1756 3456 Verumtamen,

182 3482 234 3531 in
262 3480 319 3532 id
340 3478 478 3551 quod
504 3480 842 3550 peruenimus,
870 3480 923 3532 in
953 3496 1010 3533 eo
1044 3479 1377 3533 ambulemus.
1411 3481 1610 3536 Deinde
1635 3496 1763 3536 con-

182 3568 369 3635 cludit,
401 3577 457 3622 ut
477 3580 763 3624 caveantur
790 3569 889 3631 illi.
912 3569 980 3624 de
998 3571 1191 3639 quibus
1213 3571 1298 3625 hic
1320 3570 1471 3625 locus
1501 3571 1763 3627 sermonis

182 3677 301 3727 ejus
324 3662 554 3729 sumpsit
574 3660 849 3715 exordium
882 3678 896 3714 :
927 3658 1216 3717 Incitatores
1246 3663 1375 3725 mei,
1408 3662 1598 3732 inquit,
1632 3672 1765 3718 esto-

184 3762 267 3815 te,
291 3754 473 3820 fratres
492 3792 508 3817 ,
537 3760 584 3804 et
603 3750 844 3804 intendite
866 3767 948 3804 eos
974 3752 1058 3821 qui
1093 3753 1166 3805 sic
1193 3750 1479 3818 ambulant,
1512 3755 1641 3807 sicut
1669 3755 1764 3808 ha-

185 3839 311 3893 betis
332 3842 548 3910 formam
578 3849 819 3895 nostram.
858 3840 1007 3894 Multi
1033 3842 1166 3894 enim
1190 3843 1473 3905 ambulant,
1502 3843 1565 3896 de
1588 3845 1767 3916 quibus

186 3940 323 3997 sape
345 3928 567 3983 dicebam
589 3929 745 3995 vobis,
769 3947 903 3983 nunc
919 3931 1068 3985 etiam
1087 3933 1213 4001 ﬂens
1239 3932 1371 3994 dico.
1399 3935 1627 3988 inimicos
1649 3948 1765 3988 crn-

187 4019 262 4071 cis
291 4019 479 4073 Christi
497 4061 511 4084 ,
542 4035 755 4088 quorum
792 4022 909 4086 finis
942 4030 1012 4075 est
1041 4022 1269 4077 interitus
1296 4021 1551 4095 (Philipp.
1585 4040 1641 4078 tu
1661 4066 1674 4088 ,
1702 4024 1766 4077 2-

190 4111 309 4179 ιιι),
352 4119 405 4164 et
447 4118 658 4164 cartera.
693 4111 771 4164 Illi
814 4111 912 4180 ipsi
957 4120 1114 4178 sunt,
1162 4112 1234 4168 de
1272 4114 1463 4183 quibus
1505 4115 1766 4184 incipiens

187 4202 431 4267 dixerat,
466 4198 639 4254 Videte
661 4217 812 4256 canes
831 4243 845 4264 ,
882 4203 1042 4257 videte
1064 4204 1224 4258 malos
1250 4205 1511 4273 operarios
1530 4246 1545 4268 ,
1588 4215 1643 4259 et
1677 4222 1764 4260 se-

188 4293 426 4360 quentia.
464 4290 663 4347 Omnes
705 4294 882 4363 itaque
918 4302 1044 4348 sunt
1078 4295 1274 4349 inimici
1317 4296 1489 4350 crucis
1528 4296 1723 4350 Christi
1749 4337 1763 4358 .

189 4382 283 4449 qui
311 4381 544 4437 volentes
572 4384 898 4439 consuluere
921 4399 1070 4437 suam
1096 4384 1382 4454 justitiam,
1413 4401 1532 4454 qua:
1560 4402 1624 4441 ex
1652 4387 1770 4456 lege

191 4481 310 4536 est,
339 4471 395 4526 id
417 4481 536 4539 est,
567 4473 744 4528 littera
784 4481 985 4527 tantum
1011 4474 1264 4544 jubcnte,
1306 4489 1411 4528 non
1442 4477 1629 4544 Spiritu
1664 4478 1768 4531 im-

192 4563 412 4631 plente,
447 4561 666 4631 justitia:
710 4563 805 4618 Dei
846 4578 951 4617 non
982 4575 1106 4618 sunt
1133 4564 1378 4633 subjecti.
1417 4565 1477 4619 Si
1515 4568 1648 4619 enim
1683 4569 1772 4640 qui

191 4666 286 4718 per
308 4651 498 4720 legem,
528 4651 749 4704 hcredes
780 4661 934 4716 sunt;
960 4652 1212 4706 exinanita
1233 4662 1304 4707 est
1330 4653 1457 4722 ﬁdes
1485 4655 1657 4726 (llam.
1687 4672 1767 4724 tv,

193 4741 306 4809 14).
340 4738 402 4795 Si
431 4756 519 4809 per
537 4741 697 4811 legem
716 4740 919 4811 justitia
937 4782 950 4804 ,
973 4757 1090 4812 ergo
1116 4741 1343 4797 Christus
1361 4746 1519 4814 gratis
1549 4755 1773 4800 mortuus

190 4840 268 4884 est
294 4828 491 4898 (Colat.
519 4845 575 4895 ιι,
601 4830 720 4902 ει),
743 4846 862 4901 ergo
887 4842 1181 4885 evacuatum
1202 4843 1273 4886 est
1293 4833 1590 4888 scandalum
1613 4842 1773 4891 crucis

192 4919 309 4992 (Id.
340 4935 372 4973 v
392 4960 408 4985 ,
442 4920 555 4990 Η).
583 4922 660 4975 Ac
688 4937 781 4990 per
807 4921 908 4976 hoc
938 4922 1013 4975 illi
1042 4922 1241 4975 inimici
1270 4932 1395 4977 sunt
1419 4924 1594 4981 crucis
1621 4926 1736 4994 ejtts
1755 4968 1770 4992 ,

190 5013 285 5083 qui
314 5029 407 5082 per
431 5015 599 5085 legem
629 5014 814 5070 dicunt
848 5030 966 5070 esse
991 5015 1247 5084 justitiam
1268 5054 1283 5081 ,
1314 5016 1381 5069 ad
1410 5032 1566 5085 quam
1585 5019 1775 5089 jubere

192 5112 467 5180 pertinet,
515 5129 620 5167 non
664 5113 873 5183 jurare.
923 5114 1099 5169 Gratia
1150 5131 1279 5169 vero
1322 5117 1411 5169 Dei
1458 5132 1551 5185 per
1590 5116 1772 5170 Jesnm

189 5203 463 5257 Christum
498 5205 777 5259 Dominum
807 5206 825 5237 ⁸
848 5206 901 5260 in
922 5206 1119 5275 Spiritu
1150 5217 1355 5275 sancto,
1386 5208 1601 5276 adjuvat
1628 5209 1773 5262 imir-

191 5294 434 5359 tnitatem
459 5306 718 5351 nostram.

268 5385 359 5440 25.
404 5386 760 5453 Quamobrem
802 5388 890 5457 qui
934 5388 1223 5463 secundum
1262 5390 1523 5458 justitiam
1560 5406 1678 5460 qua:
1723 5391 1773 5443 in

192 5476 313 5545 lnge
341 5485 423 5531 est
441 5517 455 5542 ,
486 5476 603 5533 sine
633 5476 736 5533 fide
759 5479 941 5548 gratim
969 5479 1161 5532 Christi
1190 5479 1349 5544 vivit,
1378 5480 1514 5535 sicut
1547 5494 1606 5533 se
1634 5484 1775 5549 Apoc

268 5653 282 5683 ¹
310 5651 448 5705 Fditi.
480 5664 566 5709 per
589 5659 753 5704 “sum
792 5653 1034 5702 (hri-tum
1073 5652 1319 5704 I‘ominum
1344 5663 1571 5704 nostrum.
1615 5659 1776 5715 Abest,

196 5720 430 5772 vstrum,
456 5725 482 5761 δ
507 5721 608 5763 ηδε.

1492 381 1692 437 LIBER
1732 380 2051 439 TERTIUS.

3333 394 3431 447 636

1857 493 2024 547 stolas
2049 494 2164 549 sine
2192 496 2404 567 querela
2426 498 2639 553 dixisse
2662 511 3077 565 commemorat,
3112 503 3310 558 nullam
3337 520 3430 560 ve-

1854 599 1966 637 ram
1996 586 2261 654 putandus
2279 595 2361 642 cst
2387 587 2581 643 habere
2595 589 2851 659 justitiam
2879 608 2891 643 :
2917 607 3020 646 non
3045 594 3166 662 quia
3190 594 3275 648 lex
3302 610 3429 649 vera

1853 684 1905 727 et
1935 684 2115 728 sancta
2153 690 2259 729 non
2284 686 2395 740 est;
2428 677 2522 732 sed
2556 678 2678 748 quia
2708 679 2928 736 obedire
2961 682 3099 738 velle
3131 683 3323 739 litterae
3344 686 3431 755 ju-

1857 762 2028 825 benti,
2068 763 2186 819 sine
2219 765 2518 820 viviﬁcante
2560 768 2746 837 spiritu
2782 768 2900 835 Dei,
2942 771 3104 826 veluti
3134 788 3198 827 ex
3229 775 3431 829 viribus

1855 852 2004 908 liberi
2046 856 2280 919 arbitrii,
2320 857 2527 927 justitia
2567 876 2689 916 vera
2734 877 2837 915 non
2880 871 2982 918 est.
3024 863 3233 920 Iustitia
3266 882 3428 935 vero,

1855 943 2142 998 secundum
2180 961 2335 1015 quam
2366 948 2539 1017 justus
2577 966 2642 1005 ex
2685 950 2791 1007 ﬁde
2832 953 2996 1019 vivit,
3041 957 3290 1023 quoniam
3338 972 3433 1026 per

1855 1034 2097 1103 spiritum
2125 1038 2307 1104 gratia:
2338 1037 2535 1093 homini
2563 1056 2630 1094 ex
2662 1041 2770 1095 Deo
2796 1051 2911 1107 est,
2945 1058 3068 1097 vera
3093 1044 3295 1114 justitia
3328 1055 3428 1101 est.

1855 1124 1983 1190 Quae
2010 1125 2133 1179 licet
2165 1141 2270 1180 non
2309 1129 2575 1183 immerito
2602 1132 2653 1183 in
2684 1132 2949 1201 aliquibus
2975 1133 3133 1202 jnstis
3155 1151 3250 1204 pro
3279 1135 3434 1206 hujus

1855 1215 1977 1269 vitae
1999 1219 2296 1285 capacitate
2328 1221 2559 1288 perlecta
2589 1221 2817 1290 dicitur,
2857 1238 3016 1291 parva
3048 1233 3224 1281 tamen
3257 1237 3341 1281 est
3367 1228 3435 1281 ad

1856 1305 1999 1360 illam
2046 1322 2332 1378 magnam,
2374 1326 2532 1379 quam
2575 1312 2718 1380 capit
2765 1313 3042 1383 aequalitas
3090 1315 3434 1384 Angelorum.

1856 1395 2022 1462 Quam
2051 1397 2143 1467 qui
2166 1399 2399 1453 nondum
2423 1400 2667 1467 habebat,
2701 1410 2755 1457 et
2783 1412 3002 1472 propter
3026 1404 3169 1458 illam
3193 1421 3310 1474 qua:
3325 1404 3435 1474 jam

1858 1488 2065 1554 inerat,
2091 1490 2380 1558 perfectum
2400 1532 2415 1556 ,
2445 1501 2500 1546 et
2543 1502 2763 1563 propter
2792 1495 2944 1549 istam
2971 1512 3088 1566 quae
3129 1497 3303 1552 adhuc
3332 1498 3432 1554 de-

1857 1588 2000 1644 erat,
2033 1582 2398 1650 imperl'ectum
2429 1598 2486 1638 se
2509 1599 2629 1640 esse
2658 1585 2889 1641 dicebat.
2928 1588 3033 1643 Sed
3074 1589 3230 1658 plane
3262 1592 3437 1645 minor

1858 1670 1960 1724 ista
1984 1670 2186 1740 justitia
2225 1671 2353 1725 facit
2388 1673 2667 1740 meritum,
2695 1674 2867 1744 major
2907 1677 2996 1731 illa
3036 1677 3094 1732 lit
3134 1681 3432 1747 pra‘mittm.

1860 1757 2012 1815 Unde
2043 1761 2130 1829 qui
2158 1762 2312 1815 istam
2340 1777 2445 1816 non
2477 1763 2751 1832 sequitur,
2786 1765 2931 1820 illam
2972 1781 3077 1821 non
3114 1769 3434 1838 assequitur.

1858 1848 2116 1915 Quocirca
2151 1860 2273 1920 post
2309 1853 2755 1908 resurrectionem
2788 1854 3049 1922 hominis,
3079 1856 3307 1911 futuram
3335 1875 3436 1913 ne-

1857 1953 1986 2007 gare
2007 1938 2225 2008 justitia:
2246 1940 2646 2010 plenitudinem,
2669 1951 2722 1998 et
2748 1955 2934 2013 putare
2965 1954 3162 2000 tantam
3205 1946 3436 2002 futuram

1858 2044 1979 2085 esse
2002 2031 2262 2100 justitiam
2298 2032 2350 2086 in
2372 2047 2598 2103 corpore
2625 2034 2747 2089 vita:
2768 2035 2933 2101 illius,
2964 2046 3160 2106 quanta
3186 2052 3308 2093 esse
3338 2054 3436 2108 po-

1860 2129 1965 2176 test
2010 2123 2064 2176 in
2100 2138 2325 2193 corpore
2361 2125 2552 2180 mortis
2592 2124 2781 2197 hujus,
2828 2128 3109 2182 dementiae
3154 2129 3439 2199 singularis

1858 2220 1960 2269 est.
1991 2214 2107 2270 Non
2148 2228 2323 2271 autem
2360 2208 2470 2270 mic
2512 2217 2749 2286 incipere
2778 2219 3043 2286 homines,
3074 2235 3194 2290 qua:
3223 2219 3308 2275 hic
3338 2236 3436 2276 no-

1860 2304 2052 2359 luerint
2083 2306 2175 2361 Dei
2204 2307 2448 2360 mandata
2478 2308 2779 2376 complere,
2811 2309 3144 2362 verissimum
3174 2318 3277 2363 est.
3322 2310 3440 2365 Erit

1859 2400 1999 2452 enim
2040 2397 2441 2467 perfectissima:
2471 2400 2486 2430 ‘
2515 2400 2790 2468 plenitudo
2825 2403 3073 2470 justitiae,
3113 2418 3217 2455 non
3262 2414 3436 2457 tamen

1861 2486 2135 2542 hominum
2165 2489 2404 2543 mandata
2429 2490 2749 2543 sectantium
2771 2531 2783 2552 ,
2813 2500 2867 2545 et
2901 2493 2966 2545 ad
2991 2506 3107 2547 eam
3147 2493 3434 2561 plenitudi-

1860 2592 1981 2647 nem
2011 2576 2334 2646 prodeieudo
2378 2579 2696 2643 nitentium;
2729 2580 2821 2633 sed
2865 2579 2917 2633 in
2955 2581 3059 2634 ictu
3100 2582 3273 2648 oculi,
3306 2582 3445 2636 sicut

1861 2668 1973 2736 ipsa
2018 2667 2189 2720 futura
2234 2678 2317 2723 est
2355 2670 2680 2723 resurrectio
2718 2678 3050 2723 mortuorum
3093 2670 3145 2741 (l
3182 2670 3297 2724 Cor.
3340 2686 3441 2734 xv,

1860 2755 1953 2826 52)
1984 2773 2000 2810 :
2027 2758 2275 2826 quoniam
2317 2757 2405 2811 illa
2446 2758 2694 2826 perfectae
2731 2758 3040 2828 magnitudo
3062 2759 3318 2826 justitiae,
3360 2761 3448 2815 eis

1860 2846 1948 2915 qui
1976 2844 2061 2899 hic
2090 2845 2334 2899 mandata
2362 2845 2604 2901 fecerunt
2622 2885 2641 2912 ,
2670 2848 2946 2915 praemium
2973 2847 3184 2900 dabitur
3203 2889 3218 2912 ,
3252 2862 3361 2901 non
3384 2858 3439 2902 et

1861 2935 1977 3008 ipsa
2004 2935 2242 2990 facienda
2274 2936 2629 2990 mandabitur.
2660 2936 2764 2991 Sed
2793 2939 2863 2990 ita
2894 2937 3117 2991 dixerim
3139 2977 3155 3001 ,
3187 2936 3438 2990 ntandata

1862 3024 2124 3090 fecerunt,
2155 3033 2214 3079 ut
2232 3025 2299 3078 ad
2328 3026 2440 3094 ipsa
2472 3026 2717 3079 mandata
2748 3027 3148 3081 meminerimus
3174 3026 3441 3095 pertinere

1862 3116 2155 3171 orationem
2184 3118 2229 3182 ³,
2258 3116 2312 3171 in
2353 3130 2453 3186 qua
2488 3117 2725 3186 quotidie
2763 3118 3024 3171 veraciter
3051 3116 3234 3174 dicunt
3271 3118 3441 3170 sancti
3516 3142 3517 3147 η

1864 3204 1956 3262 lilii
1984 3206 2350 3275 promissionis
2370 3244 2385 3270 ,
2416 3215 2506 3268 et,
2542 3204 2663 3258 Fiat
2696 3205 2925 3260 uoluntas
2954 3215 3074 3270 tua;
3102 3215 3194 3270 et,
3232 3204 3443 3258 Dimitte

1864 3296 2005 3351 nobis
2024 3297 2189 3368 debita
2209 3306 2380 3351 nostra
2408 3296 2617 3368 (Matth.
2641 3313 2715 3362 v1,
2749 3296 2873 3352 lOet
2894 3296 3005 3367 12).

1933 3386 2158 3444 CAPUT
2183 3385 2313 3442 Vlll.
2337 3416 2409 3428 -
2425 3386 2515 3440 2i.
2539 3385 2663 3441 Tria
2681 3387 2940 3457 pra-cipue
2969 3386 3172 3439 lim-esis
3200 3383 3440 3456 Pelagia~

1863 3496 1945 3534 me
1965 3481 2152 3549 capita.
2188 3478 2245 3535 Ν
2247 3479 2405 3535 ebulc
2427 3478 2823 3550 Pelagianorum
2846 3519 2862 3546 ,
2890 3488 2937 3533 et
2962 3477 3330 3534 calumniarum
3351 3495 3441 3533 ca-

1864 3570 1972 3639 pita
2005 3570 2239 3640 quinque.
2278 3570 2408 3623 Cum
2444 3569 2606 3637 igitur
2640 3568 2907 3639 Pelagiani
2946 3568 3028 3622 bis
3060 3580 3221 3638 atque
3252 3568 3442 3639 hujus-

1864 3660 2010 3714 modi
2054 3660 2291 3715 veritatis
2332 3660 2650 3714 testimoniis
2696 3669 2751 3714 et
2796 3660 3019 3714 vocibus
3053 3648 3341 3730 urgentur,
3373 3678 3459 3717 ne.

1866 3756 2060 3819 negent
2083 3749 2340 3819 originale
2366 3759 2639 3818 peccatum
2659 3764 2675 3814 ;
2698 3762 2763 3803 ne
2788 3749 3009 3818 gratiam
3041 3748 3132 3803 Dei
3154 3763 3256 3818 qua
3278 3750 3463 3816 justi--

1866 3837 2110 3905 lieamur,
2134 3852 2239 3894 non
2260 3839 2447 3908 gratis,
2469 3838 2562 3893 sed
2584 3839 2877 3895 secundum
2903 3840 3089 3894 merita
3114 3849 3294 3893 nostra
3326 3840 3463 3895 dari;

1867 3928 2082 3991 dicant;
2123 3944 2192 3983 ne
2220 3928 2273 3983 in
2315 3927 2536 3984 homine
2562 3930 2808 3993 mortali,
2853 3930 3146 4000 quamlibet
3178 3940 3364 3986 sancto
3392 3944 3449 3984 et

1848 4020 2007 4076 .bene
2033 4030 2254 4090 agente,
2286 4031 2486 4077 tantam
2514 4022 2695 4076 dicant
2718 4036 2836 4076 esse
2856 4022 3112 4092 justitiam
3136 4063 3152 4088 ,
3180 4032 3237 4076 ut
3257 4023 3305 4075 ei
3337 4038 3455 4076 non

1869 4110 1941 4164 sit
1975 4111 2273 4165 necessaria
2311 4113 2472 4168 etiam
2515 4121 2634 4179 post
2674 4110 3094 4180 regenerationis
3137 4113 3403 4168 lavacrum
3427 4153 3462 4175 μ

1867 4199 2039 4255 donec
2068 4201 2224 4255 istam
2248 4202 2409 4256 vitam
2435 4200 2599 4265 ﬁniat,
2627 4202 2871 4256 remissio
2899 4210 3236 4269 peccatorum
3268 4219 3285 4258 :
3316 4218 3463 4274 ergo;

1868 4305 1989 4345 cum
2014 4298 2289 4359 urgentur,
2319 4305 2388 4344 ne
2409 4291 2505 4344 ista
2530 4290 2628 4343 tria
2651 4290 2851 4355 dicant,
2879 4301 2932 4345 et
2949 4306 3043 4360 per
3064 4292 3180 4347 haec
3202 4292 3469 4349 homines.

1869 4379 1958 4448 qui
1990 4380 2069 4433 eis
2096 4379 2320 4434 credunt
2347 4394 2377 4433 a
2395 4379 2562 4449 gratia
2593 4378 2883 4434 Salvatoris
2907 4380 3169 4447 alienent,
3197 4393 3248 4438 et
3277 4384 3476 4439 elatos;

1871 4469 1926 4523 in
1957 4469 2262 4538 superbiam
2300 4469 2353 4523 in
2379 4468 2636 4537 judicium
2666 4468 2862 4525 diaboli
2890 4473 3190 4542 praccipites
3218 4475 3298 4530 ire
3321 4489 3448 4545 per.

1872 4559 2161 4625 suadeant;
2189 4559 2482 4614 immittunt
2501 4560 2728 4614 aliarum
2752 4560 2974 4617 nebulas
2994 4566 3372 4632 quaestionum,
3396 4569 3475 4621 im

1872 4649 2067 4718 quibus
2093 4663 2280 4703 eorum
2310 4648 2448 4718 apud
2493 4649 2737 4705 homines
2772 4652 3160 4721 simpliciores,
3202 4656 3315 4710 sive
3345 4666 3473 4709 tar—~

1873 4739 2071 4806 diores,
2098 4740 2213 4795 sive
2240 4741 2438 4795 sanctis
2470 4740 2686 4796 Litteris
2714 4742 2890 4796 minus
2917 4744 3182 4810 eruditos,
3208 4745 3475 4813 impietas

1874 4829 2168 4885 delitescat.
2193 4831 2284 4884 lla:
2309 4840 2433 4885 sunt
2463 4831 2692 4894 nebulze,
2716 4831 2785 4886 de
2810 4832 2966 4887 laude
2988 4842 3268 4897 creatum,
3296 4833 3474 4888 laude-

1877 4920 2175 4988 nuptiarum
2198 4958 2217 4987 ,
2246 4920 2403 4976 laude
2432 4921 2595 4991 legis,
2640 4921 2793 4976 laude
2832 4922 2986 4979 liberi
3027 4921 3266 4987 arbitrii,
3297 4922 3469 4980 laude»

1876 5020 2178 5066 sanctorum
2213 5028 2226 5063 :
2258 5010 2410 5079 quasi
2440 5011 2719 5082 quisquam
2749 5022 3000 5077 nostrum
3031 5012 3129 5065 ista
3154 5011 3415 5080 vituperet
3434 5053 3465 5079 μ

1876 5115 1940 5155 ac
1965 5116 2068 5155 non
2098 5102 2271 5170 potius
2309 5101 2489 5156 omnia
2519 5103 2570 5156 in
2602 5102 2857 5157 honorem
2884 5100 3149 5157 Creatoris
3181 5111 3236 5156 et
3265 5102 3456 5159 Salu-

1880 5194 2010 5247 toris
2033 5193 2227 5248 debitis
2264 5194 2509 5250 laudibus
2550 5196 2821 5263 praedicet.
2867 5196 2969 5251 Sed
3010 5211 3179 5266 neque
3215 5206 3461 5252 creatam

1880 5284 1950 5338 ita
1993 5283 2108 5339 vult
2149 5285 2386 5348 laudari,
2434 5295 2492 5339 ut
2531 5285 2665 5339 nolit
2689 5286 2887 5338 sanari.
2934 5286 2999 5339 Et
3035 5286 3232 5356 nuptiae
3259 5298 3472 5357 quanto.

1880 5377 2049 5447 magis
2076 5376 2351 5430 laudanda:
2382 5387 2525 5440 sunt,
2560 5386 2705 5429 tanto
2734 5378 2907 5430 minus
2934 5377 3012 5431 eis
3048 5376 3353 5443 imputanda
3378 5387 3461 5429 Μ

2224 5526 2249 5536 ρ

1948 5597 1961 5628 ¹
1990 5595 2207 5646 mutuam
2234 5601 2360 5649 Mss,
2390 5593 2751 5655 prrfrrtisiima.

1950 5661 2063 5707 ’sic
2082 5657 2299 5705 Gallicani
2343 5665 2391 5704 et
2441 5657 2642 5706 Vaticani
2682 5662 2783 5704 313$.
2832 5663 2877 5724 ,ιι
2913 5655 3045 5713 editi,
3085 5671 3132 5710 ιι(
3176 5655 3280 5717 ipsa
3323 5668 3457 5703 inlato

1891 5723 2001 5767 dum
2026 5732 2377 5767 tllt?llllllt'l'utw.\
2399 5727 2634 5777 pertulere
2651 5724 2712 5764 ea
2738 5731 2763 5763 ο
2793 5726 3013 5765 utrorum.
