4014 6184
489 341 593 399 607

494 453 737 526 pudenda
760 451 938 510 carnis
962 448 1424 520 concupiscentia;
1456 461 1573 516 quae
1594 459 1704 498 non
1731 449 1818 497 est
1839 456 1866 491 a
1891 437 2068 498 Patre,

495 546 590 603 sed
623 562 687 602 ex
726 543 923 600 mundo
965 549 1048 598 est
1089 538 1146 612 (I
1171 538 1328 592 Joan.
1370 553 1439 604 tt,
1484 535 1573 606 16)
1602 553 1615 586 τ
1646 548 1802 604 quam
1837 526 2077 600 profecto

496 641 818 694 invenerunt
840 635 893 689 in
923 631 1230 688 hominibus
1257 630 1476 698 nuptias,
1510 642 1614 680 non
1647 625 1924 684 iecerunt;
1955 617 2077 688 quia

501 737 558 784 et
586 729 672 782 illa
703 728 755 782 in
801 725 1042 796 plurimis
1081 724 1198 779 sine
1227 721 1358 791 ipsis
1394 728 1516 784 est,
1561 724 1618 771 et
1663 715 1792 784 ipsa:
1830 712 1874 767 si
1921 720 2080 764 nemo

503 828 798 888 peccasset,
825 817 942 872 sine
990 817 1076 870 illa
1112 828 1233 870 esse
1273 817 1579 882 potuerunt.
1608 807 1677 862 Et
1707 805 1790 860 lex
1813 810 1996 858 sancta
2025 806 2084 853 et

497 911 640 980 jusla
667 921 722 964 ει
749 910 884 964 bona
917 906 1090 978 (Rom.
1124 921 1227 970 VII,
1258 901 1380 974 12);
1419 915 1521 956 nec
1543 901 1656 968 ipsa
1683 905 1766 952 est
1792 890 1961 964 gratia
1985 931 2002 956 ,
2029 895 2086 944 et

501 1001 635 1054 nihil
657 1015 724 1052 ex
746 1013 808 1052 ea
831 1007 974 1052 recte
997 997 1056 1051 Iit
1075 996 1191 1050 sine
1213 993 1416 1064 gratia;
1440 990 1561 1060 quia
1587 1003 1692 1042 non
1721 995 1804 1040 est
1822 983 1944 1038 data
1965 993 2086 1050 qua;

504 1102 688 1163 posset
707 1091 912 1146 vivilica
921 1105 1000 1156 re,
1022 1089 1118 1144 sed
1142 1083 1590 1156 przevaricationis
1609 1094 1766 1136 causa
1791 1077 1961 1148 posita
1981 1083 2086 1138 est,

507 1194 566 1237 ιιι
585 1183 857 1240 convictos
883 1179 1225 1236 concluderet
1253 1177 1354 1232 sub
1379 1182 1618 1242 peccato,
1641 1180 1694 1227 et
1721 1167 2002 1240 promissio
2021 1180 2089 1220 ex

511 1275 618 1330 [ide
649 1274 774 1329 Jesu
799 1272 1000 1328 Christi
1036 1271 1254 1326 daretur
1281 1266 1622 1322 credentibus
1648 1261 1846 1337 (Galat.
1877 1273 1967 1322 nt,
1995 1256 2088 1322 21,

515 1367 604 1432 19,
633 1362 749 1436 22).
778 1363 844 1418 Et
880 1363 1103 1417 liberum
1130 1358 1407 1414 arbitrium
1433 1355 1752 1424 captivatum
1784 1347 1998 1404 nonnisi
2025 1343 2094 1400 ad

515 1465 789 1528 peccatum
827 1454 998 1517 valet;
1043 1451 1110 1506 ad
1139 1450 1399 1520 justitiam
1426 1461 1586 1513 vero,
1619 1443 1718 1500 nisi
1745 1440 2002 1496 divinitus
2029 1436 2100 1528 ιιτ

515 1523 758 1599 beratum
785 1541 1152 1612 adjutumque,
1186 1553 1291 1594 non
1317 1537 1476 1592 valet.
1499 1535 1577 1590 Ac
1595 1547 1691 1604 per
1719 1531 1902 1589 hocet
1921 1523 2098 1584 sancti

514 1649 706 1690 omnes
725 1675 740 1701 ,
771 1633 885 1688 sive
913 1631 982 1686 ab
1009 1631 1101 1684 illo
1126 1629 1346 1699 antiquo
1373 1624 1505 1682 Abel
1548 1639 1716 1694 usque
1739 1619 1808 1677 ad
1832 1619 2098 1676 Joannem

519 1727 832 1797 Baptistam,
861 1725 976 1779 sive
1004 1722 1072 1778 ab
1097 1720 1226 1792 ipsis
1256 1718 1526 1790 Apostolis
1547 1731 1714 1786 usque
1740 1713 1808 1769 ad
1836 1713 1940 1768 hoc
1967 1721 2102 1766 tem-

520 1834 620 1888 pus
639 1855 656 1882 ,
687 1825 743 1872 et
764 1814 1018 1884 deinceps
1043 1827 1212 1883 usque
1239 1809 1306 1864 ad
1335 1809 1620 1864 terminum
1649 1804 1828 1861 saeculi
1851 1842 1868 1869 ,
1915 1803 1970 1857 in
2003 1802 2107 1856 Do-

525 1908 670 1963 mino
697 1905 944 1961 laudandi
969 1914 1089 1960 sunt
1116 1946 1132 1971 ,
1163 1918 1268 1958 non
1297 1903 1350 1956 in
1375 1916 1434 1956 se
1461 1899 1610 1969 ipsis.
1633 1897 1768 1965 Quia
1798 1903 1852 1950 et
1891 1893 2105 1948 illorum

525 1998 851 2054 anteriorum
880 2012 986 2052 vox
1009 2003 1094 2051 est
1111 2037 1128 2062 ,
1157 1991 1222 2049 In
1244 1991 1464 2046 Domino
1487 1988 1778 2044 laudabitur
1797 1985 1971 2040 anima
1994 1998 2108 2037 mea

526 2087 698 2160 (Paul.
725 2103 898 2143 xxxttt
918 2129 932 2152 ,
967 2087 1022 2158 5)
1058 2103 1074 2142 :
1113 2095 1168 2140 et
1206 2085 1427 2140 istorum
1467 2079 1824 2152 posteriorum
1866 2091 1971 2132 vox
2002 2082 2106 2140 est,

529 2179 706 2235 Gratia
742 2177 840 2232 Dei
879 2195 990 2233 eum
1027 2177 1084 2231 id
1117 2175 1254 2248 quod
1288 2191 1400 2229 sunt
1439 2165 1669 2245 (160!
1691 2185 1779 2236 xv,
1805 2165 1918 2240 10).
1953 2165 2020 2222 Ει
2041 2165 2112 2220 ad

530 2285 716 2325 omnes
744 2269 1006 2339 pertinet,
1033 2266 1102 2323 Ut
1127 2267 1214 2338 qui
1241 2265 1514 2333 gloriatur,
1543 2264 1597 2316 in
1624 2261 1842 2316 Domino
1867 2255 2115 2331 glorietur

535 2357 646 2430 (Id.
681 2373 734 2416 ι.
761 2359 855 2428 51)
885 2375 898 2410 :
926 2369 980 2412 et
1022 2355 1291 2412 confessio
1315 2351 1617 2409 communis
1641 2360 1722 2406 est
1747 2350 2020 2415 omnium,
2053 2345 2116 2402 Si

535 2447 810 2502 dixerimus
840 2447 959 2517 quia
989 2455 1249 2516 peceatum
1277 2461 1377 2498 non
1405 2442 1666 2508 habmus,
1689 2456 1782 2494 nos
1801 2439 1938 2510 ipsos
1965 2436 2118 2496 sedun-

535 2540 716 2604 cimus,
744 2549 790 2592 et
809 2539 990 2594 veritas
1016 2539 1068 2592 in
1089 2538 1230 2592 nobis
1254 2554 1354 2591 non
1374 2545 1446 2590 est
1476 2535 1531 2607 (I
1557 2532 1717 2588 Joau.
1741 2548 1758 2587 ι
1781 2573 1796 2598 ,
1826 2532 1906 2603 8).

608 2630 834 2688 CAPUT
861 2629 1026 2685 lX.-—
1046 2629 1141 2686 ‘25.
1171 2627 1400 2682 Ostendit
1423 2625 1797 2683 Catholicerum
1815 2622 2118 2680 sententiain

532 2713 672 2778 |inter
693 2721 1092 2776 Maniehworum
1111 2730 1158 2774 et
1181 2717 1578 2790 Pelagianon
1606 2715 1842 2777 mediam,
1860 2723 2124 2780 utramque

539 2815 788 2889 refellere.
811 2813 915 2869 Sed
935 2811 1188 2883 quoniam
1209 2812 1262 2865 in
1287 2810 1370 2865 his
1394 2807 1627 2880 quinque
1654 2807 1818 2862 rebus
1843 2819 1976 2876 quas
2008 2819 2126 2874 pro-

545 2904 721 2977 posui,
752 2906 806 2960 itt
831 2905 1026 2975 quibus
1046 2911 1288 2974 quaerunt
1307 2901 1560 2977 latebras,
1579 2902 1638 2950 et
1668 2897 1737 2953 de
1771 2897 1968 2967 quibus
1990 2909 2126 2952 con-

545 3003 762 3050 nectunt
787 2993 1105 3059 calumnias,
1135 2991 1328 3047 divinis
1353 2989 1694 3046 documentis
1718 2987 2018 3060 produntur
2041 2994 2126 3042 at-

546 3099 650 3154 que
676 3083 1098 3148 convincuntur;
1128 3082 1566 3150 excogitaverunt
1594 3077 2006 3133 Manichaeorum
2026 3073 2126 3132 de-

551 3171 783 3227 testabili
811 3172 1026 3226 nomine
1045 3169 1322 3240 imperitos
1350 3185 1484 3238 quos
1523 3167 1791 3238 potuerint
1815 3166 2128 3235 deterrere,

549 3277 619 3320 ne
643 3262 902 3318 adversus
927 3275 1112 3316 eorum
1139 3259 1543 3330 perversissima
1585 3257 1829 3328 dogmata
1850 3271 2012 3324 aures
2031 3271 2127 3312 ac-

549 3353 892 3410 commodent
917 3351 1165 3408 veritati:
1196 3351 1316 3422 quia
1343 3349 1548 3406 seilicet
1586 3347 1861 3404 Maniehaai
1897 3347 2132 3418 quinque

551 3444 774 3500 istorum
803 3443 902 3498 tria
945 3444 1121 3513 priora
1162 3439 1584 3510 blasphemando
1625 3437 2016 3504 condemnant;
2051 3437 2134 3493 di-

552 3546 757 3599 centes,
783 3549 954 3606 neque
1005 3533 1292 3588 humanam
1319 3542 1619 3588 creaturam
1638 3573 1654 3599 ,
1685 3545 1860 3602 neque
1885 3529 2130 3600 nuptias,

555 3640 730 3694 neque
755 3625 924 3694 legem
949 3638 980 3678 a
997 3637 1208 3678 summo
1231 3631 1286 3678 et
1308 3638 1438 3678 vero
1459 3621 1570 3677 Deo
1608 3635 1730 3678 esse
1757 3621 2052 3676 institutam
2089 3619 2131 3673 ⁸.

557 3714 671 3770 Non
697 3725 875 3770 autem
901 3713 1161 3783 accipiunt
1191 3711 1334 3783 quod
1361 3712 1562 3768 veritas
1587 3711 1738 3778 dicit,
1779 3726 1810 3766 a
1853 3711 2023 3766 libero
2049 3725 2138 3766 ar-

557 3805 719 3862 bitrio
759 3805 1036 3860 exordium
1087 3805 1380 3872 sumpsisse
1404 3812 1701 3872 peccatum,
1722 3811 1778 3858 et
1801 3817 1869 3857 ex
1892 3802 1986 3858 illo
2015 3815 2138 3858 esse

559 3912 718 3952 omne
745 3895 826 3950 vel
851 3895 1023 3964 angeli
1055 3893 1139 3949 vel
1183 3893 1414 3948 hominis
1443 3893 1638 3948 malum
1671 3909 1687 3949 :
1717 3893 1840 3964 quia
1889 3894 2015 3948 mali
2045 3909 2140 3949 na-

559 3994 732 4041 turain
759 4000 973 4054 semper
993 3984 1186 4040 malam
1213 3991 1268 4038 et
1297 3983 1406 4038 Deo
1431 3993 1752 4038 coaeteruam
1772 3982 1931 4040 nimis
1955 3997 1986 4038 a
2029 3983 2138 4039 Deo

560 4075 924 4130 exerbitantes
947 4073 1166 4129 credere
1195 4072 1518 4128 maluerunt.
1546 4071 1774 4129 Sanctos
1797 4088 2010 4144 quoque
2038 4073 2142 4128 Pa-

563 4166 819 4222 triarcltas
837 4175 892 4219 et
919 4165 1232 4234 PrOphctas,
1264 4165 1476 4234 quantis
1510 4174 1737 4237 possunt
1761 4165 2146 4222 exsecrationi-

567 4255 666 4311 ltus
695 4257 1040 4311 insectantur.
1073 4256 1208 4310 Ecce
1249 4254 1390 4310 unde
1417 4270 1477 4310 se
1507 4264 1692 4326 putant
1719 4256 1955 4312 haeretici
1995 4256 2140 4324 novi,

566 4345 974 4399 Manichaeorum
999 4347 1214 4400 nomine
1243 4344 1475 4413 obiecto,
1505 4345 1610 4400 vim
1636 4344 2004 4415 subterfugere
2054 4361 2148 4402 ve-

568 4436 738 4488 ritatis
776 4451 791 4488 :
831 4433 926 4488 sed
983 4449 1089 4488 non
1139 4433 1549 4502 sttbterl‘ngiunt.
1599 4435 1898 4506 Insequitur
1949 4435 2147 4508 quippe

570 4523 681 4586 illa,
717 4531 774 4578 et
805 4523 960 4577 simul
1014 4523 1334 4578 Manichatos
1389 4525 1811 4597 Pelagianosque
1861 4526 2142 4582 subvertit.

572 4614 744 4668 Ilomo
762 4614 902 4668 enim
925 4613 1048 4668 dum
1073 4615 1326 4680 nascitur,
1356 4617 1477 4686 quia
1514 4617 1708 4672 bonttm
1733 4617 1930 4688 aliquid
1957 4628 2060 4684 est,
2092 4619 2146 4676 in

568 4715 830 4774 quantum
861 4704 1168 4770 homoest,
1227 4705 1570 4760 Manichmum
1621 4707 1908 4778 redarguit,
1939 4710 2150 4765 laudat-

572 4809 679 4864 que
725 4793 1034 4863 Creatorem
1069 4795 1162 4849 :in
1193 4806 1448 4865 quantum
1501 4813 1630 4852 vero
1683 4799 1845 4855 trahit
1891 4801 2152 4872 originale

573 4895 871 4957 peccatum,
896 4886 1161 4953 Pelagium
1194 4887 1484 4960 redarguit,
1513 4899 1564 4944 ct
1585 4889 1744 4945 habet
1783 4895 2148 4949 necessarium

571 4978 926 5034 Salvatorem.
948 4977 1078 5034 Nam
1107 4981 1315 5050 etquod
1347 4981 1583 5038 sananda
1622 4983 1816 5039 dicitur
1870 4985 1968 5040 ista
1998 4995 2150 5041 natu-

575 5083 656 5134 ra,
705 5078 987 5139 utrumque
1041 5069 1522 5141 repercutitzquia
1569 5087 1668 5126 nec
1705 5073 1966 5129 medicina
2019 5091 2152 5146 opus

574 5159 817 5224 haberet,
841 5161 886 5214 si
906 5176 1033 5215 sana
1064 5171 1239 5224 esset.
1290 5163 1430 5233 quod
1484 5173 1567 5218 est
1608 5175 1792 5220 contra
1838 5167 2150 5238 Pelagium;

574 5264 676 5305 nec
693 5251 868 5306 sanari
899 5259 1090 5321 posset
1104 5254 1344 5319 omnino,
1368 5255 1412 5308 si
1443 5263 1701 5309 :rtermnn
1723 5267 1881 5327 atque
1909 5258 2156 5313 immuta-

577 5338 682 5394 Itile
701 5342 896 5396 malum
923 5351 1087 5408 esset,
1119 5344 1260 5415 quod
1285 5357 1366 5399 est
1388 5357 1570 5400 contra
1601 5345 1972 5405 Maniclmum.
2023 5351 2152 5406 Item

573 5431 716 5486 ottod
740 5434 935 5502 nuptiis
955 5475 970 5499 ,
997 5451 1131 5505 quas
1157 5435 1432 5491 laudamus
1469 5453 1498 5492 a
1545 5439 1768 5493 Dontin‘o
1802 5434 2116 5496 constitutas
2139 5483 2153 5502 ,

575 5523 1058 5591 concupiscentiam
1089 5527 1264 5581 carnis
1292 5528 1653 5598 imputandum
1698 5546 1817 5587 esse
1871 5547 1976 5586 non
2024 5533 2154 5588 dici-

642 5669 662 5701 ῑ
685 5671 758 5720 sic
778 5680 879 5720 \lss.
901 5673 1034 5733 liditi,
1063 5676 1292 5727 instituta.

1125 334 1400 412 CONTRA
1440 329 1618 390 ΜΙλὸ
1655 324 2026 388 Εριετοιιςιε
2065 321 2121 378 ΡΙ

2230 315 2625 377 tGIANORUM.
2663 312 2722 371 S.
2762 311 3130 372 Αυευετικι

3655 309 3762 365 608

2185 447 2323 497 mus,
2354 439 2411 486 et
2435 437 2620 484 contra
2645 426 2957 496 Pelagianos
3001 435 3104 490 est,
3138 422 3228 494 qui
3279 436 3396 478 eam
3425 420 3480 476 in
3515 418 3763 477 laudibus

2185 529 2409 592 ponunt;
2437 527 2490 575 et
2509 526 2698 576 contra
2724 515 3063 580 Manicbreos,
3089 515 3177 585 qui
3205 529 3321 568 eam
3351 512 3506 568 mala:
3530 511 3721 567 alicme
3747 512 3769 546 ⁸

2185 622 2389 668 natura:
2417 611 2684 676 tribuunt;
2733 624 2855 664 cum
2905 608 2972 662 sit
3017 617 3214 662 nostra:
3267 613 3469 660 naturae
3516 602 3772 660 accidens

2187 702 2404 764 malum.
2431 716 2542 758 non
2571 699 2664 756 Dei
2715 697 3070 769 disjunctione
3096 698 3118 728 ³
3143 695 3522 765 separandum,
3549 693 3642 749 sed
3674 693 3772 750 Dei

2189 791 2534 872 miseratione
2560 794 2876 851 sanandum.
2895 793 3026 848 Item
3047 795 3187 862 quod
3209 789 3436 843 dicimus
3459 788 3628 859 legem
3647 802 3780 842 san-

2189 894 2353 951 ctam,
2371 896 2424 940 et
2447 885 2668 956 justam,
2693 891 2750 939 et
2777 883 2971 937 bonam
3000 880 3176 948 (Rom.
3196 895 3288 942 vn,
3315 878 3430 950 l2),
3449 893 3554 932 non
3576 877 3778 948 justiti—

2192 978 2378 1034 candls
2403 977 2598 1047 impiis,
2621 975 2717 1031 sed
2743 971 3125 1030 convincendis
3165 970 3434 1037 superbis,
3467 983 3558 1037 pra
3576 969 3778 1047 variea.

2209 1059 2378 1115 tionis
2401 1045 2575 1126 gratia
2617 1055 2852 1126 positam
2882 1051 3028 1124 (Gal.
3065 1067 3146 1118 ill,
3207 1051 3294 1122 l9)
3322 1067 3335 1104 :
3361 1058 3414 1104 et
3444 1058 3638 1104 contra
3669 1045 3786 1102 Ma-

2211 1150 2456 1205 nichaeos
2479 1156 2584 1213 est,
2627 1147 2756 1218 quia
2785 1147 3088 1203 secundum
3129 1143 3452 1214 Apostolum
3489 1141 3783 1204 laudatur;

2211 1251 2267 1298 et
2299 1250 2491 1297 contra
2529 1241 2872 1310 Pelagianos,
2910 1238 3038 1309 quia
3085 1236 3388 1293 secundum
3437 1233 3782 1304 Apostolnm,

2209 1350 2372 1390 nemo
2408 1349 2476 1390 ex
2504 1333 2620 1404 lege
2653 1329 3120 1400 iustificatnrlld.
3161 1328 3248 1399 11)
3284 1345 3300 1384 :
3335 1337 3391 1381 et
3431 1326 3554 1380 ideo
3604 1325 3786 1378 viviﬁ-

2212 1427 2404 1484 candis
2431 1427 2550 1481 ἐἰς
2583 1440 2720 1497 quos
2764 1427 2940 1479 littera
2985 1425 3209 1486 occidit,
3251 1423 3302 1476 id
3362 1433 3476 1486 est,
3507 1436 3650 1492 quos
3699 1420 3783 1473 lex

2210 1521 2352 1577 bona
2379 1522 2704 1592 praecipiens
2728 1519 3177 1589 prawaricatione
3209 1535 3334 1573 reos
3365 1517 3522 1578 facit,
3552 1515 3784 1586 spiritus

2203 1609 2388 1683 gratia:
2464 1608 2629 1680 gratis
2689 1606 2979 1678 epitulatur
3052 1602 3131 1678 (II
3178 1601 3298 1658 Cor.
3354 1616 3444 1665 ιιι,
3499 1598 3592 1670 6).
3659 1597 3790 1653 Item

2207 1699 2347 1772 quod
2371 1699 2647 1756 arbitrium
2690 1696 2746 1752 in
2795 1696 2936 1751 malo
2981 1691 3488 1750 Iiberum‘dicimus
3532 1689 3598 1744 ad
3627 1705 3793 1760 agon-

2207 1791 2334 1847 dum
2363 1790 2558 1846 bonum
2587 1787 2753 1859 gratia
2780 1786 2876 1842 Dei
2905 1799 3025 1841 esse
3069 1781 3398 1840 liberandtun
3424 1823 3439 1846 ,
3465 1784 3651 1835 contra
3693 1778 3800 1834 Pe-

2209 1880 2446 1952 lagianos
2469 1882 2552 1934 est
2578 1893 2593 1931 :
2618 1875 2760 1948 quod
2781 1884 2961 1931 autem
2999 1873 3226 1930 dicimus
3272 1872 3341 1927 ab
3391 1872 3486 1926 illo
3519 1879 3794 1932 exortum,

2211 1971 2350 2044 quod
2364 1980 2520 2026 antea
2543 1985 2652 2026 non
2679 1977 2795 2025 erat
2842 1967 3041 2023 malum
3060 2007 3078 2034 ,
3099 1973 3286 2022 contra
3334 1962 3654 2018 Manicha'os
3689 1971 3797 2016 εει.

2215 2061 2346 2118 Item
2369 2059 2514 2131 quod
2539 2068 2753 2114 sanctos
2771 2055 3108 2114 Patriarcbas
3135 2064 3190 2110 et
3216 2053 3510 2124 Prophetas
3529 2052 3720 2107 debitis
3741 2054 3798 2107 in

2216 2153 2328 2209 Deo
2350 2151 2593 2206 laudibus
2622 2149 2972 2214 honoramus,
3000 2147 3282 2203 adversum
3323 2154 3410 2200 est
3450 2142 3800 2200 Manichacus:

2215 2245 2359 2317 quod
2388 2259 2516 2300 vero
2539 2251 2594 2299 et
2618 2242 2751 2313 ipsis
2773 2242 3018 2312 quamvis
3039 2240 3200 2310 justis
3227 2247 3284 2294 et
3311 2239 3419 2294 Deo
3463 2236 3802 2306 placentibus

2217 2333 2647 2407 propitiationem
2693 2331 2906 2387 Domini
2943 2329 3110 2385 fuisse
3137 2328 3366 2384 dicimus
3405 2326 3806 2390 necessariam,

2217 2424 2504 2481 adversum
2543 2431 2628 2478 est
2676 2421 2994 2494 Pelagianis.
3041 2419 3306 2489 Utrosque
3331 2418 3492 2490 igitur
3541 2411 3810 2487 catholica

2221 2513 2374 2581 ﬁdes,
2401 2514 2539 2568 sicut
2560 2520 2846 2568 etczeteros
2872 2509 3170 2574 haereticos,
3193 2508 3530 2564 adversarios
3569 2505 3809 2570 invenit,

2221 2613 2482 2674 utrosque
2501 2603 2804 2658 divinorum
2826 2599 3254 2658 testimoniorum
3276 2597 3595 2654 auctoritate
3621 2595 3814 2658 etluce

2224 2695 2465 2752 veritatis
2491 2693 2778 2750 convincit.

2297 2785 2524 2844 CAPUT
2547 2784 2619 2841 Χ.
2645 2813 2718 2826 -—
2738 2783 2832 2839 26.
2858 2781 3128 2853 Pelagiani
3166 2779 3354 2836 latendi
3384 2778 3553 2834 locum
3599 2777 3814 2832 molium

2228 2887 2313 2934 tur
2346 2877 2514 2931 adhuc
2563 2876 2748 2947 injecta
2790 2889 2892 2929 non
2942 2873 3228 2928 necessaria
3265 2871 3330 2925 de
3371 2869 3559 2925 animo
3614 2867 3819 2938 origene

2228 2969 2524 3041 quastione.
2553 2965 2770 3022 Addunt
2791 2979 2925 3021 sane
2947 2963 3013 3019 ad
3044 2962 3368 3019 latebrarum
3393 2973 3611 3015 suarum
3640 2958 3816 3012 nebu-

2230 3058 2312 3115 las
2331 3056 2617 3128 Pelagiani,
2643 3055 2710 3110 de
2731 3054 2938 3126 origine
2954 3053 3146 3108 anima:
3162 3066 3266 3108 non
3285 3048 3644 3106 necessariam
3665 3062 3818 3118 quae-

2231 3149 2481 3209 stionem;
2507 3145 2574 3202 ad
2597 3146 2699 3202 hoc
2713 3155 2771 3201 ut
2793 3160 2882 3200 res
2898 3142 3224 3206 manifestas,
3255 3141 3482 3196 aliarum
3508 3153 3685 3194 rerum
3711 3137 3817 3192 ob-

2232 3242 2488 3296 scuritate
2509 3236 2793 3303 turbando,
2831 3235 3120 3291 moliantur
3167 3231 3366 3288 latendi
3412 3231 3609 3286 locum.
3655 3228 3822 3282 Δίιιι

2233 3330 2395 3396 enim,
2433 3347 2453 3383 ι
2487 3343 2585 3384 nos
2613 3326 2918 3382 animarum
2967 3325 3240 3380 traducem
3277 3336 3398 3378 cum
3446 3319 3654 3392 peccati
3704 3327 3822 3374 tta-

2233 3419 2370 3476 duce
2393 3417 2657 3474 contueri.
2687 3434 2707 3470 ι
2735 3415 2887 3485 Quod
2909 3415 2998 3472 ubi
3023 3424 3080 3470 et
3101 3415 3316 3485 quando
3369 3413 3421 3466 in
3467 3426 3654 3466 eorum
3671 3449 3690 3476 ,
3731 3409 3826 3479 qui

2234 3509 2530 3567 defendunt
2549 3508 2802 3563 adversus
2841 3507 2970 3563 istos
3006 3505 3324 3578 catholicam
3353 3502 3544 3568 tidem,
3585 3501 3668 3556 vel
3709 3514 3828 3554 serb

2239 3597 2494 3656 monibus
2517 3597 2823 3661 audierint,
2853 3595 2937 3651 vel
2963 3588 3154 3648 litteris
3172 3593 3420 3663 legerint,
3466 3590 3668 3645 nescio.
3689 3587 3825 3654 Quia

2237 3689 2341 3746 etsi
2372 3686 2586 3744 invenio
2611 3703 2642 3742 a
2671 3684 2958 3744 Catholicis
2980 3683 3049 3738 de
3075 3684 3171 3736 hac
3195 3697 3256 3738 re
3297 3679 3500 3752 aliquid
3520 3681 3780 3750 scriptum
3807 3695 3823 3743 ;

2238 3779 2476 3837 nondum
2503 3786 2686 3833 contra
2716 3777 2849 3832 istos
2874 3777 3044 3829 fuerat
3087 3773 3326 3829 veritatis
3349 3781 3609 3841 suscepta.
3635 3769 3826 3825 defen-

2240 3875 2342 3940 sio,
2365 3884 2538 3942 neque
2566 3869 2617 3924 id
2639 3868 2894 3940 agebatur
2921 3874 2980 3922 ut
3005 3865 3088 3921 eis
3105 3864 3538 3936 responderetur.
3570 3861 3680 3917 Sed
3721 3861 3829 3916 hoc

2240 3961 2383 4026 dico,
2413 3971 2519 4016 tam
2547 3955 2884 4014 manifestum
2910 3970 3030 4012 esse
3052 3955 3344 4012 secundum
3373 3953 3676 4022 Scripturas
3703 3965 3829 4006 san-

2242 4061 2358 4108 ctas
2377 4051 2636 4122 originale
2661 4057 2966 4122 peccatum,
3013 4057 3175 4118 atque
3230 4046 3335 4103 hoc
3383 4047 3577 4100 dimitti
3617 4044 3829 4099 lavacro

2244 4141 2662 4213 regenerationis
2686 4140 2738 4193 in
2764 4139 3018 4209 parvulis.
3049 4147 3192 4192 tanta
3219 4135 3344 4192 tldei
3371 4135 3650 4192 Catholica:
3683 4133 3830 4190 anti-

2245 4233 2446 4302 quitate
2461 4240 2624 4301 atque
2647 4230 2963 4286 auctoritate
2988 4231 3274 4290 ﬁrmatum.
3306 4237 3412 4282 tam
3453 4227 3594 4282 clara
3642 4225 3827 4280 Eccle-

2247 4325 2342 4380 sia:
2363 4323 2674 4380 celebritate
2699 4323 3057 4386 notissimum,
3076 4329 3135 4376 ut
3145 4319 3396 4390 quidquid
3416 4318 3486 4374 de
3504 4318 3696 4372 animm
3719 4317 3830 4370 ori-

2247 4415 2369 4487 gine
2393 4413 2673 4483 cujuslibet
2701 4413 3042 4484 inquisitione
3088 4411 3172 4465 vel
3219 4409 3576 4465 afﬁrmatione
3614 4406 3832 4462 disseri-

2249 4517 2357 4574 tur,
2386 4507 2432 4562 si
2455 4515 2640 4562 contra
2667 4506 2767 4560 hoc
2783 4506 2873 4570 sit,
2899 4519 3084 4560 verum
3131 4518 3251 4558 esse
3299 4517 3407 4556 non
3453 4501 3645 4570 possit.
3689 4497 3832 4566 Qua-

2249 4608 2469 4671 propter
2492 4598 2732 4669 quisquis
2751 4598 2833 4652 vel
2860 4596 2929 4652 de
2955 4597 3131 4650 anima
3161 4596 3243 4650 vel
3295 4594 3364 4650 de
3411 4608 3748 4664 quacumque
3778 4607 3835 4648 re

2251 4690 2475 4746 obscura
2507 4688 2558 4742 id
2577 4687 2822 4754 adstruit,
2850 4687 2990 4742 unde
3038 4687 3140 4740 hoc
3169 4685 3312 4757 quod
3337 4686 3696 4750 verissimum,
3721 4681 3836 4736 iun-

2252 4776 2586 4834 (latissimum
2615 4819 2630 4840 ,
2657 4777 2994 4832 notissimum
3033 4786 3149 4843 est,
3180 4775 3460 4840 destruat,
3491 4790 3606 4830 sive
3647 4776 3717 4828 sit
3749 4773 3838 4828 ille

2257 4869 2414 4931 Illius,
2438 4869 2548 4923 sive
2570 4867 2814 4923 inimicus
2839 4868 3114 4934 Ecclesim,
3140 4879 3230 4922 aut
3249 4866 3596 4937 corrigendus
3621 4875 3725 4925 est.
3749 4872 3838 4920 aut

2257 4959 2550 5015 cavendus.
2570 4959 2677 5016 Sed
2709 4959 2794 5014 hic
2812 4961 2882 5014 sit
2903 4959 3060 5028 hujus
3087 4959 3372 5014 voluminis
3413 4959 3531 5012 linis
3557 4998 3574 5024 ,
3601 4965 3663 5012 ut
3698 4955 3836 5010 aliud

2259 5052 2491 5108 habeant
2512 5068 2626 5120 qua:
2647 5061 2944 5122 sequuntur
2968 5050 3266 5106 exordium.

2322 5142 2339 5174 ί
2363 5143 2463 5202 Hic,
2485 5139 2674 5201 alium,
2699 5141 2885 5192 additur
2904 5154 2966 5190 ex
2991 5147 3098 5194 uss.
3123 5146 3300 5190 Deerat
3321 5137 3447 5200 apud
3487 5143 3544 5186 Er
3585 5145 3638 5187 et
3663 5145 3768 5186 ιον.
3791 5140 3838 5182 Al

2257 5203 2384 5266 apud
2410 5211 2509 5266 om.
2535 5203 2813 5266 legebatur,
2845 5202 2975 5254 alia.
3153 5220 3163 5230 ο

2323 5267 2344 5296 ⁸
2362 5264 2498 5323 Etl'tti,
2523 5263 2841 5314 distinctione.

2325 5325 2346 5357 ³
2369 5318 2864 5434 FAitiLJuslificandis.
2893 5331 2960 5394 ‘Al
2982 5331 3108 5382 Mss,
3147 5319 3486 5385 t'it-iﬁcandis;
3516 5319 3648 5382 quod
3672 5318 3840 5367 melius

2325 5387 2530 5435 Spondet
2557 5400 2641 5434 ver
2661 5400 2723 5435 ιο.
2746 5384 2940 5435 occulti.

2260 5393 2530 5458 respondet
2557 5393 2723 5444 verbo,
2746 5393 2940 5435 occidtl.

2323 5447 2346 5518 ξ
2367 5448 2485 5518 Edtti
2495 5461 2510 5518 _:
2531 5453 2647 5518 Item
2659 5445 2786 5518 quod
2807 5444 3152 5518 arl'itrittutsui
3167 5444 3215 5516 in
3239 5443 3417 5516 nulum
3433 5441 3652 5514 Itbcg‘rm.
3677 5442 3832 5518 Abest.

2260 5506 2354 5565 sui,
2400 5521 2428 5557 a
2472 5515 2576 5558 Mss.
2617 5504 2868 5556 (:aIIFOanls
2913 5514 2964 5556 et
3009 5507 3272 5558 \‘aticanis:
3321 5507 3468 5566 iutpt-
3523 5504 3646 5566 its'ts
3693 5512 3839 5566 utunt-

2263 5563 2574 5628 Intellegitur,
2607 5568 2656 5618 in
2681 5569 2821 5618 mulo.
2847 5569 2918 5618 sic
2939 5581 3100 5629 supra,
3146 5569 3267 5615 lit-l‘tt
3297 5563 3412 5629 Ln.
3435 5567 3482 5622 li,
3503 5564 3696 5629 dlt'llili',
3715 5563 3840 5629 atlas

2264 5629 2408 5679 trium
2425 5626 2460 5678 li
2487 5643 2622 5679 rrum
2641 5631 2688 5680 in
2715 5630 2836 5691 inrtio
2859 5626 3074 5691 quidem,
3099 5631 3184 5678 sed
3211 5641 3299 5676 mm
3325 5627 3524 5676 liberum
3541 5627 3588 5672 in
3615 5626 3730 5672 bon
3748 5627 3842 5668 ea»?

2266 5692 2390 5748 quod
2415 5691 2640 5741 lllmrutor
2670 5705 2758 5740 non
2777 5690 3064 5740 liberarem.
