4014 6184
563 319 663 372 HI

564 428 777 498 qtropt't'a
818 422 1061 485 rorpcsis,
1098 417 1372 472 secundum
1418 413 1552 486 quod
1578 412 1749 485 gessit,
1787 411 1888 466 sive
1925 408 2127 469 bonum,

571 520 672 570 sire
697 514 878 567 malum
915 530 934 562 ο
973 507 1039 581 (Il
1065 505 1180 562 Cor.
1212 521 1267 571 v,
1299 504 1407 574 l0).

640 605 694 658 In
727 602 808 655 bis
834 598 1082 655 omnibus
1114 594 1363 667 quidquid
1387 593 1569 648 dicunt
1597 589 1661 645 de
1696 587 1852 643 laude
1878 595 2140 642 creatura:

566 702 725 762 atque
751 689 1073 761 nuptiarum,
1106 685 1174 740 ad
1200 684 1299 739 hoc
1328 683 1527 737 referre
1547 689 1826 741 conantur,
1861 688 1919 731 ut
1942 693 2044 731 non
2069 675 2141 730 'sit

560 778 822 848 originale
845 788 1116 846 peccatum
1145 792 1160 829 :
1187 771 1438 845 quidquid
1465 770 1533 826 de
1559 769 1715 825 laude
1742 769 1873 839 legis
1900 778 1956 824 et
1985 765 2139 821 liberi

566 868 791 931 arbitrii,
820 865 886 920 ad
914 865 1037 930 hoc,
1066 873 1125 917 ut
1151 863 1317 932 gratia
1346 875 1452 915 non
1494 859 1706 927 adjuvet
1733 857 1837 911 nisi
1871 856 2138 919 meritum,

572 972 635 1011 ac
659 958 735 1012 sic
758 956 1054 1025 gratiajam
1093 967 1197 1008 non
1243 952 1316 1006 sit
1342 950 1516 1020 gratia
1541 967 1556 1005 :
1579 946 1829 1019 quidquid
1871 945 1939 1001 de
1984 944 2141 1001 laude

556 1059 889 1108 sanctorum,
917 1046 982 1100 ad
1008 1046 1129 1109 hoc,
1158 1052 1216 1098 ut
1234 1044 1339 1098 vita
1379 1041 1618 1095 mortalis
1644 1041 1696 1094 in
1730 1038 1928 1093 sanctis
1957 1036 2140 1091 videa-

569 1151 656 1193 tur
684 1154 787 1191 non
816 1137 1011 1191 habere
1026 1146 1319 1205 peccatum,
1352 1147 1449 1186 nec
1472 1132 1541 1184 sit
1565 1131 1641 1185 eis
1660 1128 2020 1185 necessarium
2043 1142 2141 1197 pro

567 1226 894 1284 dimittendis
923 1224 1116 1281 debitis
1141 1224 1253 1279 suis
1274 1219 1477 1291 precari
1496 1221 1681 1275 Deum.

638 1314 864 1371 CAPUT
906 1313 990 1368 lll.
1016 1341 1084 1354 --
1111 1311 1356 1366 Cathofici
1398 1319 1654 1374 naturam,
1689 1309 1912 1378 nuptias,
1959 1308 2138 1377 legem,

571 1409 779 1461 liberum
804 1402 1086 1468 arbitrium,
1112 1411 1157 1454 et
1175 1411 1375 1456 sanctos
1395 1399 1467 1452 sic
1493 1398 1724 1459 laudant,
1754 1406 1807 1450 ut
1836 1394 2144 1466 Pelagianos

562 1494 722 1556 simul
745 1504 791 1547 et
821 1492 1127 1547 Hanicltwos
1166 1490 1420 1542 damnent.
1464 1488 1563 1541 lsta
1591 1485 1792 1542 nefaria
1820 1485 2065 1555 dogmata
2089 1491 2144 1539 et

564 1584 888 1639 damnabilia
915 1582 968 1636 in
996 1580 1097 1635 hac
1120 1579 1380 1648 tripertita
1402 1576 1659 1631 divisione
1685 1575 1923 1644 quisquis
1967 1583 2145 1629 mente

568 1677 824 1731 catholica
847 1675 1119 1738 exhorret,
1157 1673 1296 1725 illius
1315 1670 1548 1739 quinque
1575 1669 1780 1736 partitae
1814 1666 2041 1722 latebras
2065 1666 2146 1719 in-

571 1769 836 1837 sidiasque
855 1766 1074 1830 devitet,
1100 1771 1259 1832 atque
1288 1763 1356 1815 ita
1382 1761 1521 1814 inter
1536 1767 1820 1827 utrumque
1839 1757 1908 1811 sit
1934 1765 2140 1820 cautus,

572 1867 630 1912 ut
652 1857 731 1911 sic
753 1856 984 1911 declinet
1026 1852 1393 1910 Maniehazum,
1438 1862 1509 1901 ne
1542 1861 1603 1901 se
1641 1846 1859 1899 inclinet
1905 1845 1959 1898 in
1989 1844 2146 1899 Pela-

562 1949 749 2018 gium;
776 1958 1065 2013 rursusque
1084 1942 1154 1996 ita
1179 1955 1237 1995 se
1262 1920 1551 2008 scjungat‘a
1578 1935 1895 2004 Pelagianis,
1928 1950 1995 1988 ne
2016 1948 2148 1987 con-

564 2038 756 2108 jungat
782 2032 1117 2097 Manicha-is;
1144 2038 1240 2084 aut
1257 2030 1305 2083 si
1330 2030 1385 2083 in
1400 2026 1672 2081 alterutris
1690 2025 1798 2094 jam
1820 2032 2049 2084 tenetur,
2074 2038 2148 2077 ne

572 2129 656 2183 sic
690 2142 749 2181 se
793 2141 822 2179 a
862 2122 1183 2195 quibuslibet
1224 2120 1408 2176 alteris
1425 2116 1645 2181 eruat‘,
1684 2116 1814 2169 utin
1856 2115 2051 2169 alteros
2076 2115 2148 2167 ir-

574 2224 714 2274 ruat.
744 2215 1005 2271 Videntur
1034 2212 1231 2282 quippe
1262 2212 1405 2264 intcr
1441 2222 1505 2261 se
1536 2221 1659 2261 esse
1683 2204 1970 2267 contrarii;
2017 2219 2149 2273 quo-

572 2308 716 2361 niam
758 2305 992 2374 quinque
1015 2304 1102 2358 illa
1137 2297 1415 2356 Haniclrti
1453 2295 1800 2365 vituperando
1825 2309 1883 2349 sc
1922 2292 2148 2347 manife-

574 2404 739 2462 stant,
790 2394 1058 2463 Pelagiani
1099 2389 1363 2446 laudando
1401 2403 1460 2443 se
1484 2387 1783 2442 occultant;
1814 2386 2150 2453 QuaprOptcr

570 2497 830 2556 utrosque
879 2484 1095 2540 damnat
1135 2490 1293 2552 atque
1318 2481 1536 2543 devitat,
1575 2477 1818 2549 quisquis
1857 2476 2148 2532 secundum

572 2578 810 2649 regulam
839 2573 1111 2631 catholicae
1139 2572 1259 2627 fidei
1278 2571 1358 2627 sic
1386 2571 1439 2625 in
1467 2568 1776 2624 hominibus
1814 2567 2151 2622 nascentibus

574 2670 643 2725 de
671 2668 810 2722 bona
839 2674 1081 2721 creatura
1107 2663 1286 2719 carnis
1309 2671 1366 2718 et
1386 2662 1582 2717 animas
1627 2659 1890 2730 gloriticat
1926 2659 2149 2713 Creato-

568 2773 720 2823 rem,
766 2756 907 2826 quod
934 2770 1039 2809 non
1081 2753 1192 2809 vult
1230 2752 1587 2816 Manichacus;
1632 2759 1689 2803 ut
1716 2758 1891 2803 tamen
1936 2755 2152 2818 propter

571 2848 780 2913 vitium,
799 2844 941 2917 quod
965 2845 1017 2898 in
1045 2857 1141 2899 eos
1165 2857 1262 2912 per
1292 2848 1562 2911 peccatum
1592 2839 1750 2910 primi
1770 2839 2000 2894 hominis
2021 2852 2150 2910 per-

576 2935 807 3002 transiit,
834 2934 1064 2990 fateatur
1080 2940 1136 2988 et
1159 2930 1394 3002 parvulis
1411 2928 1770 2986 necessarium
1799 2928 2149 2992 Salvatorem,

570 3024 719 3096 quod
748 3040 852 3079 non
877 3023 989 3077 vult
1009 3020 1255 3090 Pelagius
1283 3036 1295 3073 :
1324 3020 1402 3075 sic
1425 3018 1680 3075 discernit
1707 3017 1905 3072 malttm
1948 3016 2153 3088 puden-

569 3117 661 3168 da:
696 3112 1135 3181 concupiscentiae
1170 3125 1203 3163 a
1250 3109 1485 3164 bonitate
1529 3108 1853 3176 nuptiarum,
1882 3115 1940 3161 ut
1977 3120 2153 3176 neque

578 3202 880 3260 Manichwis
904 3201 1090 3255 similis
1114 3199 1251 3253 unde
1276 3198 1540 3253 nascimur
1564 3198 1765 3265 culpet,
1796 3211 1972 3267 neque
1994 3196 2155 3251 Pela-

578 3293 747 3362 gianis
788 3291 974 3346 similis
1013 3288 1154 3343 unde
1195 3287 1567 3343 confundimur
1607 3286 1785 3342 laudet
1812 3304 1828 3341 :
1853 3288 1933 3342 sic
1973 3288 2146 3357 legem

576 3398 677 3454 per
700 3382 914 3452 Moysen
940 3390 1173 3435 sanctam
1198 3387 1251 3435 et
1265 3378 1462 3447 justam
1484 3385 1541 3433 et
1564 3377 1756 3432 bonam
1785 3392 1816 3431 a
1844 3378 1954 3432 Deo
1970 3385 2153 3431 sancto

576 3485 635 3530 ct
664 3475 809 3546 justo
833 3481 888 3528 et
921 3472 1061 3527 bono
1089 3470 1264 3524 datam
1294 3484 1414 3524 esse
1456 3466 1731 3532 defendit,
1776 3466 1918 3538 quod
1969 3474 2151 3521 contra

580 3564 892 3635 Apostolnm
919 3570 1074 3630 negat
1091 3558 1445 3624 Manichaius;
1489 3567 1545 3611 ut
1568 3572 1689 3614 eam
1712 3556 1860 3612 dicat
1886 3566 2154 3625 etpecca-

576 3667 691 3711 tum
723 3653 1028 3718 ostendere,
1076 3668 1180 3706 nou
1220 3660 1395 3705 tamen
1436 3650 1642 3715 tollere,
1690 3658 1748 3705 et
1784 3648 2045 3717 justitiam
2069 3648 2155 3715 ju-

580 3747 730 3814 bere,
763 3760 864 3800 non
887 3753 1058 3800 tamen
1084 3742 1236 3811 dare,
1264 3741 1406 3814 quod
1433 3756 1616 3797 rursus
1631 3750 1813 3796 contra
1840 3740 2152 3809 Apostolus:

583 3849 738 3909 negat
763 3836 1005 3906 Pelagius
1031 3852 1045 3889 :
1074 3835 1153 3889 sic
1176 3833 1370 3888 asserit
1396 3833 1622 3888 liberum
1648 3832 1947 3894 arbitrium;
1968 3843 2024 3885 ut
2047 3847 2151 3886 non

576 3946 643 3983 ex
674 3939 858 4003 natura
902 3926 1082 3980 nescio
1124 3938 1229 3993 qua
1266 3937 1482 3991 semper
1519 3922 1676 3985 mala,
1707 3938 1828 3991 qua:
1877 3918 2021 3975 nulla
2047 3930 2151 3985 est,

581 4018 675 4073 sed
692 4033 757 4073 ex
786 4017 901 4088 ipso
928 4014 1149 4069 arbitrio
1175 4013 1403 4082 cmpisse
1431 4011 1573 4066 dicat
1600 4020 1656 4066 et
1686 4011 1860 4080 angeli
1886 4020 1940 4065 et
1976 4011 2152 4065 homi-

578 4113 666 4164 nis
692 4109 908 4170 malum,
938 4104 1080 4176 quod
1120 4105 1312 4159 evertit
1349 4102 1594 4157 lunresim
1639 4102 2009 4166 Manicheam;
2056 4116 2156 4156 nec

587 4200 707 4253 ideo
738 4208 912 4251 tamen
946 4210 1100 4265 posse
1124 4193 1383 4262 captivam
1413 4192 1756 4256 voluntatem,
1789 4192 1887 4245 nisi
1922 4192 2011 4246 Dei
2037 4207 2157 4261 grn-

586 4292 679 4355 tia,
730 4287 993 4358 rcSpirarc
1042 4286 1092 4338 in
1139 4284 1405 4339 salubrem
1450 4284 1772 4349 libertatem,
1802 4283 1942 4352 quod
1969 4284 2157 4337 evertit

587 4378 831 4433 ha‘resim
859 4377 1191 4445 Pelagianam
1224 4390 1239 4429 :
1270 4374 1350 4430 sic
1373 4373 1550 4429 laudat
1577 4374 1632 4429 in
1683 4373 1796 4428 Deo
1819 4385 2032 4428 sanctos
2060 4374 2160 4426 ho-

588 4469 758 4522 mines
786 4466 874 4519 Dei
902 4481 1004 4519 non
1034 4465 1204 4519 solum
1227 4478 1294 4519 ex
1319 4463 1655 4519 manifestato
1685 4464 1737 4517 in
1766 4478 1926 4517 carne
1946 4462 2159 4520 Christo

587 4570 641 4612 et
688 4556 956 4624 deinceps,
1008 4568 1188 4607 verum
1225 4553 1388 4606 etiam
1439 4554 1775 4621 superiorum
1816 4564 2155 4621 temporum,

590 4660 724 4715 quos
751 4643 946 4698 audent
967 4640 1331 4709 blaspltemarc
1347 4639 1653 4704 Maniclnei;
1687 4651 1742 4695 ut
1760 4651 1932 4696 tamen
1950 4642 2016 4696 de
2035 4642 2161 4711 ipsis

592 4740 712 4809 plus
738 4734 918 4791 credat
940 4732 1069 4804 ipsis
1090 4730 1485 4798 confitentibus,
1513 4746 1670 4801 quam
1699 4732 1992 4803 Pelagianis
2011 4748 2159 4787 men-

590 4828 865 4885 tientibus.
890 4824 1206 4881 Sanctorum
1235 4824 1376 4880 enim
1406 4838 1503 4877 vox
1525 4833 1626 4890 est,
1654 4823 1716 4878 Si
1737 4824 2012 4878 dixerimus
2036 4824 2157 4894 quia

588 4929 848 4993 peccatum
867 4934 967 4971 non
987 4915 1243 4981 habemus,
1275 4929 1364 4967 nos
1383 4914 1519 4982 ipsos
1546 4913 1847 4977 seducimus,
1899 4924 1945 4968 et
1976 4914 2158 4969 ueritas

585 5013 641 5065 in
668 5008 808 5066 nobis
823 5025 924 5063 non
948 5016 1020 5060 est
1046 5004 1087 5074 (I
1108 5004 1260 5059 Joan.
1291 5018 1330 5068 I,
1357 5004 1431 5073 8).

641 5099 868 5157 CAPUT
887 5082 1556 5160 Iv.;oenudecrea:um-,
1583 5094 2161 5166 PelagianiJIanicltci.

594 5191 691 5249 llis
711 5193 782 5246 ita
807 5205 864 5246 sc
881 5188 1214 5251 habentibus,
1232 5186 1355 5259 quid
1387 5186 1602 5257 prodest
1627 5188 1849 5242 novellis
1877 5186 2158 5250 haereticis,

586 5282 820 5337 inimicis
834 5279 1007 5336 crucis
1015 5277 1210 5333 Christi
1223 5289 1275 5332 et
1290 5276 1479 5332 divina:
1494 5277 2135 5347 oppugnatoribusgratia:
2145 5317 2161 5343 ,

585 5370 737 5441 quod
760 5386 789 5424 a
814 5370 1221 5426 Matiiclucorum
1234 5358 1427 5423 'errore
1448 5368 1559 5421 sani
1585 5367 1844 5431 videntur,
1863 5377 1915 5422 et
1940 5368 2039 5422 alia
2068 5382 2163 5422 sua

589 5463 891 5530 pestilentia
920 5460 1248 5517 moriuntur?
1264 5460 1399 5526 Quid
1420 5460 1499 5516 eis
1518 5458 1751 5530 prodest,
1767 5460 1905 5530 quod
1932 5459 1985 5514 in
2009 5458 2165 5515 laude

596 5596 673 5703 ως
699 5602 992 5703 :dmi‘sest'ar"
1016 5593 1158 5647 alteri
1187 5601 1353 5645 senet.
1375 5600 1505 5656 ιω..
1530 5593 1696 5648 alteris
1728 5602 1894 5648 εει-τα,
1923 5598 2167 5661 αδηερε),

1176 304 1448 362 CONTRA
1492 302 1668 360 DUAS
1710 300 2074 357 EPISTOLXS
2114 298 2150 352 P

2258 296 2664 358 \fﬂtNUﬂUM,
2704 294 2762 349 S.
2802 293 3166 352 Αυευδτιλι

3706 293 3825 347 6ιῖ

2243 415 2498 460 creaturae
2524 405 2725 465 dicunt,
2761 421 2780 454 ι
2810 402 2974 457 Deum
3000 403 3194 457 bonum
3225 402 3554 459 nascentium
3580 404 3823 459 conditu-

2241 509 2375 557 rem,
2404 509 2498 560 per
2523 508 2677 564 quem
2704 490 2843 548 facta
2880 501 3004 546 sunt
3031 493 3233 557 omnia,
3260 492 3486 562 ejusque
3526 508 3661 563 epus
3693 508 3821 547 esse

2241 582 2375 638 filios
2415 584 2711 649 hominum,
2745 602 2766 636 ι
2804 598 2938 653 quos
2980 582 3252 638 Manichmi
3297 583 3483 637 dicunt
3520 599 3657 652 opus
3696 599 3826 637 esse

2244 674 2493 744 principis
2521 673 2894 737 tenebrarum;
2941 688 3065 727 cum
3091 673 3228 727 inter
3254 680 3527 743 utrosque,
3556 672 3641 729 vel
3678 672 3827 741 apud

2243 776 2494 836 utrosque
2522 765 2613 822 Dei
2631 773 2873 821 creatura
2895 807 2911 830 ,
2946 780 3067 832 qua!
3087 774 3169 819 est
3194 764 3251 817 in
3284 764 3571 816 infantibus
3598 773 3791 832 pereat
3807 763 3834 815 ν

2244 858 2464 929 Utrique
2490 858 2631 913 enim
2679 858 2867 911 nolunt
2899 871 3016 913 cam
3047 854 3428 915 Christicarne
3476 863 3529 909 et
3565 856 3832 923 sanguine

2242 948 2454 1003 liberari
2485 964 2500 1004 :
2529 946 2602 1004 illi
2626 947 2748 1017 quia
2779 946 2945 1014 ipsam
2985 960 3204 1000 carnem
3239 954 3293 999 et
3322 960 3633 1013 sanguinem
3662 945 3830 999 Chri-

2242 1037 2335 1103 sti,
2360 1046 2607 1106 tanquam
2637 1034 2753 1091 hac
2780 1036 2999 1089 omnino
3039 1034 3091 1088 in
3124 1033 3337 1089 homine
3374 1033 3461 1088 vel
3500 1049 3564 1088 ex
3606 1032 3832 1090 homine

2246 1143 2351 1182 non
2390 1127 2700 1195 susceperit,
2744 1125 3061 1191 destmunt;
3090 1126 3174 1178 isti
3214 1133 3414 1191 autem,
3459 1125 3585 1194 qnia
3620 1126 3828 1179 nullum

2246 1215 2442 1270 malum
2479 1216 2652 1271 inesse
2680 1214 2971 1271 infantibus
3010 1223 3275 1277 asserum.
3309 1213 3453 1271 unde
3496 1230 3594 1285 per
3634 1216 3832 1272 Sacra-

2248 1317 2480 1363 mentum
2508 1308 2684 1363 carnis
2709 1306 2868 1376 hujus
2894 1314 2952 1362 et
2993 1306 3272 1376 sanguinis
3307 1308 3625 1362 liberentur.
3673 1308 3832 1363 Jaoet

2249 1397 2385 1451 inter
2415 1397 2532 1449 illos
2563 1397 2614 1450 in
2653 1396 2889 1466 parvulis
2926 1395 3158 1452 humana
3200 1406 3444 1454 creatura
3491 1398 3833 1454 institutione

2248 1488 2406 1551 bona,
2438 1488 2816 1559 propagatione
2843 1488 3061 1551 vitiata;
3093 1486 3248 1541 bonis
3263 1488 3373 1541 suis
3394 1490 3660 1543 confitens
3684 1490 3833 1557 opti-

2252 1596 2396 1634 mum
2442 1579 2797 1642 conditorem,
2828 1579 2982 1633 malis
3031 1579 3140 1632 suis
3164 1593 3409 1649 qtunrcns
3435 1580 3832 1634 misericordis-

2248 1670 2439 1723 simum
2482 1668 2907 1737 redemptorem;
2956 1667 3276 1727 Slanicltazos
3317 1669 3519 1724 habens
3562 1669 3829 1725 bonorum

2247 1774 2461 1813 suorum
2504 1760 2905 1828 vituperatores,
2961 1758 3269 1829 Pelagianos
3316 1757 3519 1814 habens
3564 1761 3829 1815 malorum

2249 1865 2464 1905 suorum
2490 1859 2793 1919 negatores,
2827 1858 3081 1919 utrosque
3108 1859 3497 1919 persecutores.
3545 1850 3612 1905 Et
3638 1867 3833 1921 quam-

2249 1941 2331 1995 vis
2358 1955 2453 2010 per
2477 1940 2752 1995 infantiam
2786 1939 2932 2010 loqui
2968 1954 3074 1993 non
3103 1940 3297 2003 valeat,
3336 1940 3513 2008 Specie
3534 1949 3714 1995 tumea
3752 1952 3835 1994 ta-

2249 2032 2351 2086 cita
2378 2040 2432 2086 et
2455 2031 2757 2085 infirmitate
2780 2030 2961 2085 abdita
3003 2030 3217 2099 impiam
3240 2030 3522 2085 vanitatem
3565 2040 3837 2086 utrorum.

2252 2136 2358 2192 que
2383 2120 2684 2191 compellat,
2716 2130 2769 2174 et
2796 2119 2903 2174 illis
2928 2119 3130 2187 dicens,
3160 2119 3242 2173 Ab
3265 2133 3331 2176 co
3369 2121 3456 2188 qui
3479 2119 3615 2173 bona
3660 2130 3833 2185 creat,

2250 2210 2453 2267 credite
2480 2225 2564 2265 me
2592 2209 2802 2276 creari;
2833 2218 2886 2264 et
2911 2209 3025 2263 istis
3044 2208 3248 2272 dit-ens,
3273 2209 3353 2263 Ab
3378 2224 3441 2262 eo
3464 2210 3555 2279 qui
3582 2224 3666 2263 me
3682 2225 3836 2265 crea-

2252 2301 2354 2365 vit,
2415 2299 2574 2355 sinite
2623 2312 2710 2353 me
2756 2298 2955 2352 sanari.
3005 2296 3345 2352 Manicha-us'
3380 2296 3705 2353 dicitzNibil
3750 2306 3841 2354 est

2250 2388 2414 2458 hujus
2441 2388 2795 2453 infantis,nisi
2823 2389 2995 2441 anima
3021 2387 3153 2440 bona
3175 2387 3482 2451 liberanda;
3506 2397 3697 2443 caetera
3725 2406 3838 2444 non

2250 2477 2318 2533 ad
2344 2479 2509 2534 Deum
2546 2478 2762 2540 bonum,
2784 2477 2883 2531 sed
2919 2477 2983 2530 ad
3011 2479 3309 2547 principem
3337 2478 3676 2532 tenebrarum
3705 2494 3837 2549 per-

2250 2569 2469 2624 tinentia
2496 2569 2788 2637 respuenda
2812 2569 2853 2623 ¹.
2884 2567 3194 2637 Pelagianus
3224 2568 3352 2623 dicit
3376 2583 3391 2622 :
3414 2567 3525 2623 lmo
3560 2570 3720 2640 hujus
3750 2572 3839 2625 in-

2250 2656 2413 2713 fantis
2457 2658 2589 2712 nihil
2622 2667 2709 2713 est
2750 2657 3101 2716 liberandum,
3127 2658 3247 2726 quia
3299 2667 3466 2711 totum
3505 2659 3842 2714 ostendimus

2250 2748 2478 2803 salvum.
2509 2747 2680 2802 Ambo
2707 2747 3032 2803 mentiuntur
3056 2763 3071 2801 :
3095 2746 3188 2801 sed
3206 2749 3316 2814 jam
3351 2747 3529 2802 mitior
3545 2758 3630 2804 est
3659 2749 3843 2804 carnis

2254 2840 2417 2894 uellus
2442 2846 2739 2905 accusator,
2783 2853 2941 2909 quam
2971 2837 3059 2909 qui
3098 2838 3149 2891 in
3178 2838 3484 2893 universum
3510 2839 3533 2871 ³
3556 2841 3841 2894 convinci-

2252 2938 2341 2983 tur
2385 2929 2578 2985 seviro
2617 2928 2879 2984 laudator.
2924 2926 3031 2984 Sed
3074 2942 3173 2983 nec
3222 2927 3547 2984 Manichaaus
3589 2927 3841 2985 humanae

2255 3017 2446 3073 anima:
2464 3018 2730 3085 subvenit,
2755 3016 3171 3087 blasphemando
3187 3029 3457 3074 auctorem
3485 3021 3646 3075 totius
3670 3008 3841 3075 homi-

2255 3110 2339 3164 nis
2368 3109 2564 3169 Denm:
2605 3123 2704 3165 nec
2730 3108 3045 3179 Pelagianos
3070 3108 3317 3165 humanae
3344 3110 3578 3167 infantia:
3602 3112 3841 3167 divinam

2254 3202 2476 3273 gratiam
2494 3200 2518 3234 ³
2540 3201 2824 3257 subvenire
2853 3202 3133 3271 permittit,
3162 3198 3404 3271 negando
3422 3201 3682 3273 originale
3712 3219 3842 3271 pec-

2256 3303 2454 3348 catum.
2493 3292 2634 3346 Deus
2672 3306 2800 3361 ergo
2840 3291 3124 3346 miseretur
3170 3306 3267 3362 per
3290 3292 3609 3348 catholicam
3652 3294 3838 3367 ﬁdem,

2255 3398 2376 3453 qua:
2398 3392 2677 3453 utramque
2689 3380 3059 3452 redarguendo
3089 3374 3399 3452 perniciem,
3427 3384 3613 3438 infanti
3640 3385 3840 3441 subve-

2254 3474 2335 3529 nit
2358 3474 2424 3528 ad
2452 3475 2711 3537 salutem;
2738 3472 3043 3529 Manichteis
3068 3474 3271 3541 dicens,
3302 3475 3494 3530 Audite
3522 3479 3837 3545 Apostolum

2257 3566 2594 3628 clamantem,
2629 3562 2846 3619 Nescitis
2875 3566 2994 3635 quia
3031 3582 3215 3633 corpus
3252 3576 3463 3620 uestrum
3489 3569 3735 3639 templum
3770 3579 3841 3623 est

2256 3658 2311 3711 in
2337 3656 2476 3712 nobis
2521 3653 2748 3726 Spiritus
2791 3656 2952 3709 sancti
2977 3655 3020 3728 (1
3049 3655 3165 3710 Cor.
3192 3672 3265 3723 vt,
3298 3656 3420 3727 l9)?
3464 3667 3517 3713 et
3541 3658 3713 3712 Deum
3752 3658 3840 3712 ho-

2254 3763 2383 3802 nuni
2413 3756 2708 3802 creatorem
2746 3745 2945 3801 credite
2985 3761 3293 3814 Corporum,
3346 3748 3469 3818 quia
3515 3766 3621 3803 non
3668 3759 3840 3820 potest

2257 3854 2378 3896 esse
2408 3838 2661 3908 templum
2686 3836 2918 3910 Spiritus
2946 3840 3111 3893 sancti
3136 3853 3273 3909 Opus
3310 3840 3563 3910 principis
3591 3843 3840 3895 tenebra-

2259 3948 2374 3987 rum
2404 3954 2420 3987 :
2453 3932 2747 4003 Pelagianis
2792 3930 3005 3997 dicens,
3071 3929 3137 3984 In
3184 3931 3528 4008 iniquitatibus
3576 3942 3843 4003 conceptus

2259 4031 2361 4089 est,
2387 4031 2433 4075 et
2457 4023 2509 4076 in
2532 4022 2743 4092 peccatis
2769 4038 2890 4077 cum
2922 4031 3081 4077 mater
3107 4022 3221 4093 cjus
3273 4024 3325 4076 in
3348 4035 3487 4078 utero
3515 4026 3643 4079 aluit
3665 4024 3841 4096 (Psal.

2262 4128 2312 4178 ι,
2342 4114 2420 4183 7),
2448 4128 2604 4182 quem
2634 4113 2938 4182 conspicitis
2968 4114 3265 4183 parvulum.
3288 4115 3423 4184 Quid
3440 4131 3560 4171 eum
3589 4125 3840 4187 tanquam

2261 4204 2328 4257 ab
2347 4205 2489 4258 omni
2521 4218 2655 4257 noxa
2682 4198 2902 4257 liberum
2919 4205 3267 4269 defendendo,
3284 4222 3390 4260 non
3412 4208 3716 4277 permittitis
3748 4223 3846 4277 per

2264 4294 2638 4364 indulgentiam
2666 4294 2915 4348 liberari?
2951 4293 3113 4349 Nemo
3150 4296 3368 4349 mundus
3394 4313 3427 4348 a
3448 4295 3614 4360 sorde,
3650 4313 3740 4350 nec
3765 4297 3846 4350 in-

2263 4388 2377 4458 fans
2397 4389 2541 4449 cuius
2566 4394 2635 4439 est
2664 4385 2763 4438 diei
2786 4386 2937 4441 unius
2958 4385 3056 4438 vita
3081 4401 3231 4452 super
3257 4395 3441 4439 terram
3487 4385 3605 4457 (Job
3651 4402 3762 4453 xw,
3786 4386 3844 4453 5,

2256 4470 2362 4529 sec.
2415 4474 2603 4545 LXX).
2654 4475 2824 4529 Sinite
2882 4476 3133 4529 miserum
3177 4475 3547 4530 remissionem
3599 4478 3846 4546 accipere

2264 4574 2599 4635 poet-tuorum
2620 4605 2635 4628 ,
2688 4579 2782 4633 per
2807 4580 2926 4619 cum
2958 4565 3046 4633 qui
3070 4564 3218 4623 solus
3238 4580 3337 4620 nec
3373 4580 3571 4635 parvus
3592 4582 3692 4622 nec
3734 4583 3850 4621 ma-

2264 4670 2398 4725 gnus
2428 4656 2594 4727 potuit
2624 4656 2817 4711 habere
2839 4666 3136 4726 peccatum.

2336 4746 2388 4801 5.
2413 4746 2549 4811 Quid
2589 4748 2668 4799 cis
2695 4746 2853 4814 igitur
2895 4746 3130 4815 prodest,
3179 4746 3320 4818 quod
3360 4747 3571 4814 dicunt,
3623 4767 3643 4800 ι
3674 4747 3848 4806 Omne

2236 4862 2239 4865 -
2266 4848 2538 4905 peccatum
2565 4851 2668 4889 non
2698 4836 2764 4889 de
2800 4846 3007 4900 natura,
3050 4837 3143 4892 sed
3169 4837 3235 4892 de
3256 4838 3529 4894 voluntate
3552 4839 3847 4896 descende-

2266 4944 2367 4993 re;
2398 4949 2421 4983 ο
2465 4941 2519 4986 ct
2550 4929 2850 4987 Manicbznis
2878 4929 3070 4983 malam
3111 4940 3348 4984 naturam
3388 4928 3688 4985 dicentibus
3722 4946 3845 4985 cau-

2266 5038 2380 5078 sam
2408 5039 2527 5079 esse
2554 5021 2783 5093 peccati,
2817 5021 2971 5091 hujus
2995 5022 3273 5075 scntentim
3296 5020 3524 5078 veritate
3549 5020 3803 5077 resistere
3828 5038 3840 5074 :

2266 5113 2480 5183 quando
2508 5114 2748 5167 nolentes
2779 5112 3061 5167 admittere
3104 5110 3362 5182 originale
3390 5120 3692 5183 peccatum,
3722 5127 3841 5166 cum

2269 5215 2321 5259 et
2348 5208 2517 5276 ipsum
2550 5205 2665 5259 sine
2687 5203 2851 5257 dubio
2885 5202 2952 5257 de
2978 5202 3134 5271 primi
3181 5201 3410 5258 hominis
3430 5202 3704 5258 voluntate
3750 5204 3842 5258 de-

2269 5296 2509 5361 scendat,
2559 5293 2756 5348 faciunt
2806 5307 2926 5348 reos
2971 5291 3218 5363 parvulos
3267 5292 3334 5349 de
3385 5308 3613 5364 corpore
3661 5294 3843 5352 exire?

2333 5471 2351 5503 ⁸
2376 5468 2514 5527 mliti,
2537 5465 2771 5532 perlinat
2795 5465 3079 5530 respuenda.
3104 5466 3388 5517 Concinnius
3406 5473 3534 5529 itast,
3560 5464 3844 5529 pertimuit!

2270 5532 2557 5594 respuenda.

2334 5596 2419 5660 fin
2441 5600 2564 5649 uss,
2590 5596 2854 5660 acatattor,
2879 5588 2989 5649 quis
3010 5588 3061 5642 in
3090 5587 3375 5640 inmersum.

2337 5656 2358 5689 ³
2380 5662 2430 5705 tn
2452 5661 2578 5711 διες...
2601 5652 2903 5702 medicinam.
