4014 6184
307 343 412 394 613

303 451 440 520 Quid
469 449 546 504 eis
579 447 814 518 prodest,
841 465 862 498 ι
889 447 1212 516 Baptismum
1241 445 1487 499 clunibus
1506 445 1746 498 :etatibus
1778 459 1876 500 ne-

305 541 596 598 cessarium
623 538 904 603 conﬁteri;
933 556 952 590 ι
980 536 1120 606 quod
1151 536 1424 590 Manichazi
1449 535 1632 591 dicunt
1661 536 1716 590 in
1736 539 1880 591 omni

303 643 464 690 actate
492 633 510 666 ¹
541 631 864 700 superﬂuum
893 648 908 683 :
935 645 1056 684 eum
1083 629 1168 683 isti
1197 629 1376 684 dicant
1401 644 1520 686 esse
1563 630 1616 683 in
1649 629 1880 699 parvulis

301 723 516 788 falsum,
544 731 799 793 quantum
815 719 884 775 ad
911 721 1276 776 remissionem
1297 722 1488 784 attinet
1502 721 1880 791 peccatorum?

303 812 442 880 Quid
472 811 552 866 eis
578 811 814 880 prodest,
839 827 860 862 ι
893 809 1032 878 quod
1051 825 1266 864 carnem
1293 810 1508 874 Christi,
1545 827 1566 860 ι
1595 825 1749 878 quam
1775 809 1877 864 Ma-

305 904 496 959 nicbazi
529 903 729 976 nullam
759 901 842 956 vel
886 901 1184 955 simulatam
1215 902 1376 956 fuisse
1399 899 1744 966 contendunt,
1783 899 1882 955 ad-

303 1011 492 1052 versus
539 1011 634 1050 eos
683 994 769 1047 isti
809 1009 918 1048 non
969 993 1140 1046 solum
1181 1009 1384 1056 veram,
1433 992 1528 1047 sed
1569 1001 1626 1047 et
1654 1011 1672 1044 ι
1707 993 1876 1060 ipsam

301 1086 534 1140 animam
606 1085 746 1138 nulla
802 1083 1002 1152 peccati
1049 1085 1252 1136 macula
1308 1097 1604 1152 respersam
1659 1083 1820 1138 fuisse
1849 1103 1868 1134 ι

301 1175 596 1230 defendunt
624 1192 637 1228 :
671 1189 792 1228 cum
831 1173 908 1226 sic
935 1173 1050 1240 ejus
1077 1171 1310 1226 infantia:
1343 1174 1526 1228 cmteri
1554 1173 1621 1227 ab
1649 1174 1728 1228 eis
1741 1189 1878 1228 coae-

301 1272 540 1332 quantur
571 1262 818 1324 infantes,
844 1279 946 1316 non
975 1261 1164 1329 impari
1191 1261 1454 1330 puritate;
1487 1270 1618 1316 utet
1650 1262 1735 1316 illa
1767 1277 1871 1317 non

307 1355 554 1410 videatur
568 1369 782 1408 servare
808 1353 1026 1407 istorum
1060 1353 1454 1422 comparatione
1476 1353 1742 1422 propriam
1759 1368 1876 1406 san-

305 1447 570 1506 ctitatem.
595 1453 649 1498 et
677 1444 762 1499 isti
783 1460 862 1512 ex_
879 1443 966 1498 illa
985 1444 1176 1498 nullam
1204 1453 1595 1513 consequantur
1621 1445 1874 1498 salutem?

373 1535 429 1594 6.
471 1536 528 1590 1η
555 1551 620 1589 eo
645 1550 773 1590 sane
798 1533 938 1603 quod
965 1534 1164 1600 dicunt,
1193 1552 1210 1584 ι
1243 1534 1344 1588 Per
1362 1534 1528 1588 Adam
1559 1545 1783 1588 mortem
1809 1533 1876 1588 ad

299 1643 402 1683 nos
431 1627 706 1688 transisse,
730 1641 834 1679 non
859 1625 1100 1688 crimina,
1135 1645 1155 1676 ι
1189 1640 1294 1680 non
1325 1625 1522 1680 habent
1543 1626 1878 1681 adversarios

301 1717 804 1784 Manichacosmuia
845 1730 942 1770 nec
989 1716 1086 1784 ipsi
1126 1725 1368 1770 astruunt
1408 1715 1663 1786 originale
1689 1731 1874 1785 pecca-

301 1819 412 1864 tnm
443 1824 508 1864 ex
538 1807 750 1860 homine
787 1806 958 1875 primo
991 1807 1135 1873 prius
1161 1821 1294 1873 puro
1317 1814 1372 1860 et
1397 1813 1544 1860 recto
1563 1820 1788 1874 corpore
1815 1820 1878 1860 ae

303 1900 514 1969 spiritu,
554 1907 607 1951 et
643 1905 824 1966 postea
863 1910 957 1964 per
996 1895 1274 1948 arbitrium
1311 1895 1536 1950 liberum
1565 1896 1874 1965 deprava-to,

299 1989 556 2056 deinceps
597 1984 648 2040 in
695 1999 884 2040 omnes
926 1999 1044 2038 cum
1089 1993 1257 2039 morte
1287 1986 1540 2040 transisse
1570 1994 1624 2040 et
1653 1987 1877 2042 transire

301 2075 744 2148 peccatum:scd
789 2089 1003 2130 carnem
1049 2074 1230 2128 dicunt
1274 2073 1344 2128 ab
1386 2074 1536 2130 initio
1581 2077 1772 2130 malam
1809 2075 1876 2130 de

299 2169 446 2224 malo
469 2181 711 2234 corpore,
742 2174 796 2220 et
820 2179 847 2218 a
879 2164 1020 2218 malo
1039 2166 1058 2195 ³
1080 2165 1266 2234 Spiritu
1293 2173 1490 2220 etcum
1521 2165 1664 2219 malo
1689 2167 1876 2236 spiritu

299 2268 568 2321 creatam;
597 2257 829 2318 animam
857 2272 986 2310 vero
1013 2257 1206 2310 bonam
1227 2297 1241 2322 ,
1277 2265 1480 2326 partem
1522 2257 1726 2312 scilicet
1755 2258 1872 2324 Dei,

301 2364 402 2418 pro
431 2348 632 2402 meritis
663 2346 1038 2414 inquinationis
1067 2361 1178 2400 sua:
1209 2361 1304 2415 per
1327 2346 1475 2401 cibos
1504 2355 1557 2402 et
1586 2356 1788 2416 potum,
1820 2347 1874 2402 in

301 2440 493 2508 quibus
519 2448 672 2492 antea
705 2439 950 2508 colligata
977 2447 1078 2502 est,
1109 2439 1290 2494 venire
1319 2438 1370 2493 in
1399 2439 1688 2506 hominem,
1717 2450 1877 2511 atque

301 2531 375 2584 ita
402 2545 494 2599 per
521 2529 856 2583 concubitum
880 2528 901 2559 ³
923 2529 1100 2582 carnis
1127 2529 1336 2584 vinculo
1374 2531 1630 2600 colligari.
1661 2533 1738 2586 Ac
1780 2548 1876 2602 per

301 2620 405 2676 hoc
458 2619 726 2674 Manichmi
776 2618 1111 2673 consentiunt
1157 2619 1474 2690 Pelagianis,
1519 2636 1624 2676 non
1671 2623 1876 2680 crimen

297 2711 460 2782 primi
503 2710 734 2764 hominis
781 2710 1035 2765 transisse
1075 2709 1125 2764 in
1163 2725 1330 2780 genus
1361 2711 1671 2776 humanum,
1702 2728 1876 2783 neque

299 2817 398 2872 per
441 2815 676 2866 carnem,
717 2816 874 2872 quam
920 2815 1186 2870 nunquam
1232 2800 1392 2856 fuisse
1433 2801 1616 2857 dicunt
1655 2803 1870 2871 bonam,

295 2907 474 2960 neque
505 2907 598 2960 per
624 2891 876 2955 animam,
899 2904 1054 2960 quam
1087 2889 1369 2960 perhibent
1397 2905 1516 2946 cuin
1549 2893 1751 2948 meritis
1793 2893 1875 2948 in-

297 2983 758 3052 quinamentorum
789 2995 1026 3043 suorum,
1056 2980 1248 3049 quibus
1271 2981 1470 3048 polluta
1497 2990 1579 3036 est
1602 2989 1725 3036 ante
1752 2997 1872 3039 car-

295 3089 445 3134 nem,
472 3073 654 3128 venire
694 3073 744 3124 in
777 3071 1007 3126 hominis
1033 3087 1268 3126 carnem.
1298 3071 1402 3127 Sed
1443 3073 1708 3144 Pelagiani
1737 3089 1871 3145 quo-

297 3163 459 3217 modo
493 3161 675 3216 dicunt
694 3203 710 3228 ,
741 3181 760 3214 ι
793 3162 959 3216 solam
1003 3170 1234 3218 mortem
1263 3161 1330 3217 ad
1360 3178 1454 3218 nos
1497 3165 1748 3221 transisse
1775 3182 1874 3238 per

297 3251 505 3307 Adam?
531 3271 550 3303 ι
577 3251 630 3305 Si
663 3253 802 3306 enim
832 3261 1108 3322 propterea
1147 3253 1422 3318 morimur,
1459 3255 1578 3324 quia
1615 3255 1702 3312 ille
1727 3272 1870 3310 mor-

299 3353 420 3398 tuus
445 3351 564 3406 est;
597 3343 682 3396 ille
710 3351 887 3396 autem
915 3351 1154 3396 mortuus
1184 3353 1283 3410 est,
1311 3345 1432 3414 quia
1456 3347 1690 3416 peccavit
1716 3365 1728 3400 :
1759 3362 1872 3416 pat-

297 3449 422 3487 nam
459 3432 642 3487 dicunt
671 3434 897 3487 transire
927 3434 1041 3487 sine
1067 3433 1244 3502 culpa,
1270 3445 1323 3488 ct
1348 3437 1655 3492 innocentes
1677 3453 1869 3506 parvu-

293 3525 448 3580 vulos
470 3525 663 3592 injuste
691 3525 948 3594 supplicio
970 3523 992 3554 ⁸
1014 3525 1208 3594 puniri,
1229 3523 1491 3581 trahendo
1513 3538 1734 3584 mortem
1755 3531 1870 3586 sine

296 3615 502 3669 meritis
546 3615 749 3668 mortis.
779 3613 931 3682 Quod
967 3613 1034 3668 de
1076 3629 1182 3668 uno
1217 3615 1335 3671 solo
1377 3617 1668 3674 mediatore
1697 3619 1786 3672 Dei
1817 3628 1871 3674 et

299 3705 575 3759 hominum
606 3703 818 3759 homine
842 3704 1053 3758 Christo
1081 3703 1208 3759 Jesu
1245 3705 1503 3760 catholica
1545 3705 1674 3762 ﬁdes
1699 3709 1866 3774 novit,

293 3799 383 3867 qui
421 3810 518 3866 pro
558 3797 708 3851 nobis
748 3805 994 3859 mortem,
1023 3796 1124 3852 hoc
1158 3806 1260 3863 est,
1287 3798 1487 3868 peceati
1513 3814 1724 3868 poenam
1753 3803 1869 3858 sine

295 3899 514 3956 peccato
554 3888 732 3943 subire
775 3887 1017 3958 dignatus
1058 3898 1159 3942 est.
1191 3889 1338 3944 Sicut
1379 3890 1522 3944 enim
1566 3891 1712 3946 solus
1749 3893 1868 3948 ideo

293 3980 470 4035 factus
490 3989 570 4033 est
597 3980 826 4034 hominis
857 3980 1014 4042 tilias,
1041 3989 1097 4033 ut
1121 3995 1218 4036 nos
1250 3997 1342 4049 per
1365 3982 1510 4036 illum
1537 3982 1631 4040 Dei
1657 3982 1748 4038 lilii
1775 3983 1866 4039 (ie-

293 4085 474 4124 remus
499 4085 512 4122 :
542 4069 611 4122 ita
632 4068 777 4122 solus
803 4083 898 4136 pro
923 4069 1073 4122 nobis
1097 4069 1330 4138 suscepit
1354 4071 1468 4126 sine
1493 4072 1647 4125 malis
1667 4074 1867 4128 meritis

294 4173 538 4230 ptenam,
570 4170 626 4212 ut
655 4173 750 4212 nos
777 4175 872 4227 per
911 4159 1055 4213 illum
1096 4160 1211 4214 sine
1253 4161 1402 4215 bonis
1444 4161 1646 4216 meritis
1673 4177 1864 4220 conse-

291 4264 583 4318 queremur
609 4249 630 4280 '
651 4251 893 4317 gratiam.
918 4248 1047 4316 Quia
1090 4251 1226 4304 sicut
1265 4251 1416 4306 nobis
1447 4267 1550 4306 non
1577 4252 1867 4309 debebatur

293 4340 488 4410 aliquid
537 4341 679 4403 boni,
711 4340 780 4394 ita
809 4356 909 4394 nec
951 4341 1024 4394 illi
1065 4341 1262 4412 aliquid
1308 4343 1452 4398 mali.
1475 4341 1866 4404 Commendans

291 4445 419 4500 ergo
447 4429 785 4485 dilectionem
817 4445 966 4484 suam
993 4429 1044 4485 in
1075 4447 1166 4486 eos
1187 4433 1377 4502 quibus
1402 4441 1518 4488 erat
1535 4433 1756 4492 daturus
1781 4438 1864 4492 in-

293 4521 522 4576 debitam
547 4521 732 4586 vitam,
758 4521 862 4588 pati
893 4536 989 4591 pro
1013 4522 1089 4576 eis
1116 4523 1281 4577 voluit
1308 4523 1592 4580 indebitam
1617 4537 1862 4582 mortem.

291 4611 439 4666 llanc
481 4613 804 4681 singularem
839 4611 1141 4667 Mediatoris
1172 4617 1569 4686 praerogativam
1599 4619 1864 4690 Pelagiani

286 4717 546 4758 evacuare
589 4713 870 4770 conantur,
915 4713 972 4757 ut
1013 4703 1114 4758 hoc
1153 4705 1264 4774 jam
1305 4723 1407 4772 non
1448 4709 1516 4762 sit
1557 4710 1607 4764 in
1639 4711 1866 4766 Domino

287 4793 574 4864 singulare,
615 4793 658 4846 si
693 4795 859 4848 Adam
901 4795 970 4848 ita
1014 4804 1226 4864 prepter
1255 4797 1462 4866 culpam
1491 4809 1712 4855 mortem
1741 4818 1862 4872 pas-

285 4897 382 4938 sus
417 4891 499 4938 est
536 4881 790 4946 debitam,
825 4892 881 4938 ut
917 4885 1117 4952 parvuli
1147 4899 1210 4939 ex
1243 4885 1335 4939 iilo
1359 4889 1554 4942 nullam
1593 4890 1862 4947 trahentes

285 4973 520 5042 culpam,
552 4981 779 5028 mortem
810 4974 1074 5044 patiantur
1103 4974 1409 5028 indebitam.
1435 4977 1688 5042 Quamvis
1716 4984 1860 5036 enim

289 5063 446 5118 bonis
479 5063 788 5118 conferatur
828 5079 920 5133 per
959 5075 1183 5120 mortem
1225 5065 1506 5134 plurimum
1545 5069 1690 5134 boni,
1724 5074 1860 5128 unde

287 5153 528 5207 nonnulli
551 5165 904 5225 congruenter
925 5153 1082 5208 etiam
1103 5153 1170 5210 de
1190 5156 1328 5210 bono
1349 5157 1535 5210 mortis
1555 5159 1859 5228 disputave-

283 5261 446 5315 runt;
479 5261 652 5308 tamen
681 5265 733 5308 et
754 5253 878 5310 hinc
902 5271 1018 5326 qua:
1045 5257 1375 5326 praedicanda
1404 5272 1484 5316 est
1521 5261 1620 5315 nisi
1653 5263 1858 5315 miseri-

344 5385 362 5412 ¹
389 5378 610 5432 Gallicani
633 5389 760 5440 ωδε..
786 5383 956 5434 dicunt
969 5385 1100 5435 oneri
1117 5387 1268 5438 Mati.

344 5441 472 5506 fuit:
490 5449 564 5506 ur,
593 5452 646 5492 et
662 5453 769 5495 Lov.
794 5449 1079 5506 omiserunt,
1105 5452 1245 5498 mata.

343 5503 520 5578 fight},
543 5503 1230 5578 ﬂaﬂuconcubt'tumuetm.
1256 5509 1420 5570 Abest,
1455 5510 1618 5570 etitm,
1638 5525 1665 5560 a
1687 5519 1793 5562 uss.

341 5568 364 5629 ξ
387 5567 464 5629 sic
483 5571 591 5616 uss.
616 5567 732 5617 Ε(ιὶιί
756 5579 939 5624 autem,
955 5569 1160 5629 judicio.

337 5625 568 5680 Uber-at.
593 5625 1008 5692 consequeremur,
1042 5643 1070 5679 a
1106 5639 1244 5690 1155.;
1269 5639 1321 5684 ut
1363 5631 1515 5682 lector
1555 5633 1854 5696 subaudirct,

275 5699 634 5744 fusaﬂamma.
1729 5695 1740 5714 ‘

1648 333 1846 386 LIBER
1886 332 2223 399 QUARTUS.

3457 351 3558 407 6H

1987 445 2166 500 cordia
2215 447 2326 513 Dei,
2371 448 2510 517 quod
2561 450 2610 502 in
2659 451 2826 506 bonos
2867 469 2990 508 usus
3033 457 3360 514 convertitur
3401 479 3560 532 poena

1985 538 2184 604 peccnti
2209 537 2230 590 ?
2637 607 2643 614 ι

2058 625 2108 678 7.
2149 625 2250 680 Sed
2283 625 2384 681 hoc
2423 627 2539 683 ideo
2565 627 2746 684 dicunt
2783 632 2890 698 isti,
2919 633 3044 688 dum
3075 639 3257 692 volunt
3281 657 3344 694 ex
3377 642 3555 698 verbis

1984 712 2222 780 Apostoli
2268 715 2320 769 in
2359 707 2510 770 suum
2541 733 2752 774 sensum
2797 722 3040 779 homines
3085 725 3420 797 detorquere.
3457 731 3554 788 Ubi

1981 799 2128 856 enim
2157 804 2230 858 ait
2253 807 2560 873 Apostolus,
2586 809 2687 864 Per
2717 827 2872 864 unum
2902 813 3152 870 hominem
3189 801 3444 882 peccatum
3471 824 3554 876 in-

1983 895 2130 948 travit
2173 896 2222 948 in
2275 897 2544 964 mundum,
2579 909 2624 952 et
2671 919 2759 969 per
2783 907 3057 974 'peccatum
3101 925 3272 974 mors;
3312 921 3358 964 et
3395 913 3466 966 ita
3507 915 3557 968 in

1983 986 2398 1040 amnes/10min“
2423 992 2743 1056 pertransiit;
2769 993 2838 1046 ibi
2862 995 3038 1050 volunt
3071 999 3282 1068 intelligi
3307 1017 3414 1057 non
3437 1019 3556 1072 pce»

1981 1084 2154 1128 catum
2187 1079 2560 1144 pertransisse,
2591 1079 2684 1132 sed
2715 1089 2960 1136 mortem.
2985 1083 3122 1150 Quid
3151 1097 3232 1140 est
3257 1103 3385 1160 ergo
3412 1093 3552 1160 quod

1981 1165 2239 1234 sequitur,
2271 1167 2320 1220 in
2359 1183 2456 1238 quo
2497 1185 2665 1224 omnes
2695 1175 3062 1240 peccaverunt?
3084 1178 3187 1230 Aut
3215 1179 3354 1234 enim
3382 1182 3431 1236 in
3463 1184 3553 1238 illo

1981 1268 2086 1306 uno
2117 1254 2328 1318 homine
2355 1271 2600 1325 peccasse
2631 1260 2758 1315 dicit
2800 1278 2986 1320 omnes
3017 1267 3323 1334 Apostolus,
3355 1271 3421 1325 de
3449 1289 3555 1340 quo

1979 1344 2202 1410 dixerat,
2229 1345 2330 1400 Per
2359 1365 2514 1402 unum
2544 1352 2796 1406 Iwmiuem
2821 1367 3078 1424 peccatum
3103 1359 3304 1414 intravit
3335 1363 3386 1414 in
3408 1379 3554 1416 utun-

1983 1434 2260 1490 dum:aut
2309 1437 2360 1490 in
2409 1439 2497 1492 illo
2541 1453 2776 1509 peccato,
2820 1453 2912 1499 aut
2955 1457 3100 1500 certe
3143 1449 3193 1502 in
3233 1461 3419 1506 morte.
3440 1453 3554 1508 Non

1983 1525 2123 1578 enim
2155 1539 2369 1580 morere
2396 1527 2572 1594 debet,
2607 1531 2730 1600 quia
2763 1548 2868 1586 non
2905 1535 3058 1598 dixit,
3099 1538 3152 1590 ln
3195 1555 3318 1608 qua,
3349 1543 3464 1606 sed,
3503 1546 3556 1596 in

1979 1629 2080 1682 quo
2108 1631 2277 1670 omnes
2319 1609 2644 1686 peccauerunt
2667 1637 2687 1676 :
2712 1639 2852 1676 mors
2872 1626 3064 1695 quippe
3096 1629 3150 1682 in
3177 1645 3344 1698 gra‘ca
3375 1633 3549 1703 lingua

1977 1705 2190 1772 generis
2221 1708 2496 1762 masculini
2528 1719 2610 1764 cst
2639 1709 2733 1782 (α).
2757 1713 3038 1780 Quodlibet
3061 1733 3186 1787 ergo
3211 1721 3404 1790 eligant
3429 1743 3441 1777 :
3465 1735 3550 1778 aut

1980 1795 2120 1848 enim
2149 1796 2202 1849 in
2232 1795 2323 1850 illo
2353 1798 2566 1854 homine
2591 1813 2946 1870 peccaverunt
2981 1822 3186 1874 omnes,
3229 1820 3283 1864 et
3327 1812 3444 1868 ideo
3468 1814 3551 1868 di-

1982 1892 2126 1940 ctum
2157 1896 2258 1950 est,
2291 1890 2542 1956 quoniam
2571 1892 2780 1961 quando
2813 1895 2898 1950 ille
2925 1900 3179 1964 peccavit,
3209 1901 3259 1953 in
3287 1902 3380 1955 illo
3404 1913 3554 1959 erant

1979 1989 2164 2030 omnes
2189 1994 2201 2029 :
2225 1985 2316 2030 aut
2340 1979 2392 2031 in
2445 1979 2534 2034 illo
2565 1991 2786 2049 peccato
2813 1999 3161 2052 peccaverunt
3187 2005 3402 2058 omnes,
3425 1995 3546 2064 quia

1979 2065 2298 2132 generaliter
2325 2067 2560 2122 omnium
2599 2069 2795 2126 factum
2823 2081 2925 2140 est,
2963 2076 3100 2144 quod
3138 2092 3416 2136 nascentes
3441 2091 3550 2138 tra-

1979 2154 2115 2208 cturi
2157 2164 2307 2210 erant
2345 2172 2530 2213 omnes
2556 2176 2570 2213 :
2598 2168 2689 2214 aut
2716 2172 2878 2217 restat
2904 2175 2960 2218 ut
2987 2167 3182 2236 dicant,
3209 2172 3350 2242 quod
3381 2175 3430 2228 in
3463 2175 3548 2230 illa

1979 2252 2152 2300 morte
2193 2248 2528 2316 peccaverint
2573 2265 2775 2306 omnes.
2817 2252 2920 2310 Sed
2967 2256 3069 2312 hoc
3109 2263 3552 2328 quemadmodum

1981 2333 2146 2402 possit
2172 2334 2413 2405 intelligi,
2443 2351 2546 2392 non
2572 2339 2728 2410 plane
2747 2341 2917 2396 video.
2941 2343 3000 2398 lu
3025 2357 3242 2414 peccato
3265 2352 3405 2406 enim
3437 2369 3556 2408 mo-

1983 2426 2192 2479 riuntur
2217 2441 2404 2481 omnes
2430 2431 2468 2493 ί,
2501 2443 2604 2482 non
2631 2430 2682 2484 in
2705 2443 2878 2487 morte
2907 2445 3125 2504 peccant
3153 2455 3164 2491 :
3197 2456 3316 2494 nam
3341 2454 3556 2511 peccato

1979 2517 2338 2586 prtecedente,
2377 2534 2524 2574 mors
2551 2522 2822 2592 sequitur;
2855 2540 2958 2579 non
2997 2538 3168 2584 morte
3201 2532 3553 2602 pra-cedente,

1981 2618 2277 2678 peccatum.
2301 2610 2519 2666 Aculeus
2543 2614 2740 2684 quippe
2769 2617 2939 2670 mortis
2964 2627 3034 2674 est
3057 2631 3311 2689 peccatum
3339 2621 3359 2696 (
3389 2623 3406 2678 Ι
3435 2625 3552 2680 Cor.

1978 2713 2065 2764 xv,
2091 2698 2206 2770 56),
2233 2699 2284 2754 id
2313 2709 2416 2766 est,
2439 2703 2654 2756 aculeus
2683 2703 2832 2773 cujus
2859 2708 3141 2774 punctione
3169 2711 3224 2764 ﬁt
3251 2728 3414 2782 mors,
3447 2731 3552 2770 non

1979 2787 2195 2844 aculeus
2234 2805 2338 2859 quo
2379 2793 2563 2861 pungit
2599 2808 2762 2848 mors.
2795 2794 2944 2851 Sicut
2969 2811 3230 2854 venenum
3260 2804 3304 2857 si
3336 2804 3550 2874 bibitur,

1978 2878 2272 2956 appellatur
2307 2881 2552 2948 poculum
2591 2883 2800 2951 mortis,
2831 2885 2970 2955 quod
3007 2903 3070 2940 eo
3101 2892 3290 2958 poculo
3323 2893 3454 2948 facta
3483 2899 3554 2951 sit

1979 2985 2157 3038 mors;
2187 2989 2292 3028 non
2327 2976 2468 3044 quod
2509 2985 2682 3031 morte
2730 2977 2797 3031 sit
2843 2979 3086 3048 poculum
3135 2982 3350 3048 factum,
3391 2997 3482 3040 aut
3521 3004 3551 3042 a

1975 3072 2149 3120 morte
2193 3064 2264 3118 sit
2294 3064 2496 3121 datum.
2535 3067 2684 3134 Quod
2731 3069 2772 3124 si
2806 3083 3080 3140 propterea
3111 3089 3216 3128 non
3247 3086 3419 3146 potest
3449 3079 3552 3134 illis

1977 3153 2154 3207 verbis
2178 3154 2416 3223 Apostoli
2447 3166 2721 3224 peccatum
2753 3159 2993 3230 intelligi,
3018 3163 3068 3216 in
3097 3179 3201 3232 quo
3225 3181 3408 3220 omnes
3430 3183 3554 3239 pec-

1977 3253 2254 3312 caverunt,
2286 3245 2407 3316 quia
2438 3247 2488 3299 in
2517 3263 2710 3316 grzeco,
2741 3250 2882 3306 unde
2915 3252 3164 3307 translata
3191 3265 3274 3310 est
3292 3257 3554 3326 Epistula,

1978 3343 2254 3402 peccatum
2285 3335 2539 3391 feminino
2577 3353 2769 3406 genere
2801 3341 3025 3410 positum
3057 3353 3137 3398 est
3161 3344 3242 3416 (ὁ)
3265 3364 3277 3398 :
3304 3355 3465 3401 restat
3497 3357 3552 3402 ut

1975 3423 2029 3478 in
2074 3425 2166 3480 illo
2209 3427 2380 3496 primo
2421 3427 2636 3484 homine
2662 3445 2908 3499 peccasse
2937 3448 3123 3488 omnes
3149 3436 3548 3507 intelligantur;

1974 3517 2096 3588 quia
2121 3517 2174 3572 in
2205 3518 2296 3572 illo
2321 3518 2534 3573 fuerunt
2558 3535 2744 3576 omnes
2765 3523 2974 3592 quando
3004 3525 3093 3580 ille
3125 3530 3380 3596 peccavit,
3411 3531 3550 3586 unde

1975 3619 2252 3680 peccatum
2294 3611 2559 3666 nascendo
2602 3613 2861 3680 trahitur,
2902 3615 3039 3685 quod
3084 3618 3184 3672 nisi
3225 3623 3554 3676 renascendo

1975 3715 2078 3754 non
2110 3701 2348 3754 solvitur.
2381 3700 2511 3754 Nam
2557 3711 2609 3756 et
2650 3703 2725 3757 sic
2755 3713 2986 3768 sanetus_
3017 3705 3245 3762 Hilarius
3295 3711 3550 3764 intellexit

1974 3792 2113 3862 quod
2141 3793 2394 3862 scriptum
2421 3803 2520 3858 est,
2545 3794 2596 3847 in
2617 3811 2712 3862 quo
2739 3811 2903 3848 omnes
2919 3807 3242 3864 peccaverunt
3262 3816 3277 3848 :
3294 3803 3364 3850 ait
3384 3802 3546 3862 enim,

1979 3899 1998 3933 ι
2025 3880 2090 3934 In
2114 3899 2230 3951 quo,
2263 3882 2311 3936 id
2335 3891 2412 3936 est
2441 3884 2495 3939 in
2521 3883 2710 3949 Adam,
2739 3901 2907 3939 omnes
2934 3898 3276 3952 peccaverunt.
3301 3907 3319 3940 ι
3348 3891 3548 3944 Deinde

1973 3973 2169 4028 addidit
2197 3993 2210 4028 :
2239 3993 2260 4026 ε
2287 3973 2618 4031 Manifestum
2644 3977 2694 4029 in
2721 3978 2884 4031 Adam
2913 3993 3098 4034 omnes
3126 3996 3374 4050 peccasse
3398 3986 3546 4052 quasi

1973 4061 2026 4115 in
2062 4077 2256 4116 massa.
2293 4063 2408 4132 Ipse
2437 4064 2576 4117 enim
2609 4080 2700 4132 per
2731 4077 2998 4136 peccatum
3029 4079 3326 4138 corruptus,
3361 4087 3552 4128 omnes

1972 4167 2104 4221 quos
2131 4153 2331 4222 genuit,
2356 4155 2461 4206 nati
2492 4163 2613 4207 sunt
2637 4155 2735 4208 sub
2761 4165 2971 4223 peccato
3003 4176 3020 4208 i
3053 4159 3142 4228 (c).
3165 4159 3288 4212 lltcc
3311 4161 3548 4216 scribens

1971 4241 2202 4296 Hilarius
2230 4243 2343 4294 sine
2367 4241 2710 4312 ambiguitate
2734 4247 3073 4310 commonuit,
3097 4249 3360 4316 quomodo
3387 4249 3548 4306 intel-

1971 4331 2237 4402 ligendum
2266 4341 2427 4398 esset,
2455 4334 2504 4385 in
2532 4349 2630 4403 quo
2660 4351 2827 4388 attines
2850 4348 3188 4403 peccaverunt.

2043 4423 2096 4478 8.
2141 4423 2367 4492 Propter
2393 4423 2516 4492 quid
2556 4433 2734 4476 autem
2782 4424 2918 4478 idem
2956 4429 3226 4496 apostolus
3261 4430 3419 4497 dicit,
3448 4449 3548 4489 nos

1973 4527 2067 4582 per
2113 4511 2382 4567 Christum
2435 4513 2764 4568 reconciliari
2811 4515 2940 4579 Deo,
2992 4517 3092 4572 nisi
3145 4531 3362 4590 prepter
3405 4523 3552 4592 quod

1971 4599 2095 4654 facti
2129 4600 2324 4655 fuimus
2353 4601 2586 4656 inimici?
2611 4603 2677 4656 Et
2705 4603 2803 4658 hoc
2825 4604 2947 4673 quid
2978 4616 3080 4673 est,
3107 4609 3206 4662 nisi
3235 4623 3502 4679 peccatum
3521 4615 3550 4666 ἲ

1971 4689 2123 4745 Unde
2153 4701 2204 4745 et
2237 4693 2489 4761 propheta
2519 4691 2683 4758 dicit,
2723 4692 2936 4747 Pcccata
2964 4708 3124 4752 vestra
3151 4711 3386 4770 separant
3415 4704 3544 4754 inter

1971 4795 2054 4834 vos
2078 4791 2121 4833 et
2141 4779 2303 4834 Deum
2337 4781 2484 4852 (Isai.
2519 4799 2624 4848 LIX,
2650 4783 2728 4852 2).
2759 4784 2982 4853 Pr0ptcr
3007 4785 3142 4840 hanc
3172 4803 3298 4858 ergo
3323 4805 3542 4858 separa-

1970 4871 2169 4924 tionem
2211 4870 2468 4926 Mediator
2513 4880 2596 4926 est
2643 4873 2854 4936 missus,
2901 4884 2958 4927 ut
3009 4875 3214 4929 tolleret
3267 4887 3538 4946 peccatum

1968 4959 2172 5023 mundi,
2203 4973 2297 5027 per
2328 4961 2466 5029 quod
2491 4962 2869 5038 separabamur
2899 4962 3116 5026 inimici,
3139 4973 3192 5018 et
3217 4967 3544 5021 reconciliati

1969 5063 2036 5102 ex
2079 5049 2302 5103 inimicis
2345 5051 2678 5104 el'licercmur
2719 5052 2830 5105 lilii.
2865 5053 2996 5107 llinc
3039 5054 3217 5123 utique
3251 5057 3542 5124 Apostolus

1969 5140 2280 5208 loquebatur
2309 5158 2320 5194 :
2345 5142 2469 5196 hinc
2493 5141 2688 5196 factum
2718 5154 2800 5197 est
2825 5152 2882 5196 ut
2905 5143 3262 5213 interponeret
3282 5147 3422 5216 quod
3443 5151 3540 5216 ait,

2030 5334 2044 5396 ε
2065 5330 2286 5396 Gallicani
2311 5341 2362 5384 et
2381 5337 2588 5385 Vatimnl
2609 5343 2737 5396 Mss,
2757 5334 2986 5388 homines.

2045 5445 2096 5507 bi
2128 5445 2165 5504 ἐ
2185 5445 2407 5507 antartiu.

2047 5516 2095 5588 ς)
2128 5523 2269 5588 Inter;
2285 5519 2462 5567 relatio
2501 5516 2580 5588 illa
2602 5517 2759 5588 Pauli,
2802 5531 2946 5588 quam
2983 5521 3143 5588 Hilarii
3165 5526 3356 5588 mune
3384 5527 3536 5588 citat,

1962 5577 2142 5650 legitur
2159 5579 2214 5650 in
2234 5577 2592 5650 Commentariis
2607 5577 2852 5650 Αιξψιιᾳςὶῥ
2881 5581 3134 5650 aliquando
3164 5587 3423 5650 inscriptis,
3449 5577 3542 5650 qui

1962 5590 2142 5685 tegitur
2166 5591 2214 5626 In
2234 5590 2592 5629 contineutants
2607 5590 2852 5630 Ambrosio
2881 5590 3134 5646 aliquando
3164 5590 3423 5698 insert-gis,
3449 5591 3541 5650 qui

2391 5649 2522 5690 secta
2569 5643 2873 5704 Lucileriani,
2923 5647 3072 5706 patria
3109 5647 3254 5698 sarde
3343 5662 3386 5708 ‘,
3424 5663 3541 5700 esse

1963 5705 2310 5749 existimantur.

2025 5394 2044 5576 ἱ
