4038 6182
473 413 577 469 Per
602 416 758 466 unum
781 410 1032 464 hominem
1060 410 1288 464 intrasse
1313 416 1589 480 peccatum.
1619 406 1746 461 Haec
1767 406 1909 459 enim
1934 413 2061 459 sunt

457 505 748 578 superiora
773 502 933 557 verba
960 501 1097 572 ejus.
1121 499 1451 557 Commendat
1479 509 1665 565 autem,
1693 498 1886 568 inquit,
1913 512 2060 551 suam

467 596 767 651 alacritatem
795 593 932 648 Deus
959 593 1013 646 in
1041 593 1204 656 nobis,
1226 594 1466 662 quoniam
1492 608 1607 646 cum
1636 591 1804 653 adhuc
1830 597 2059 657 peccato-

455 657 551 741 .res
576 702 811 749 essemus,
835 683 1067 739 Christus
1092 701 1185 755 pro
1219 657 1360 748 nobis
1385 692 1611 737 mortuus
1634 690 1744 748 est;
1769 681 1928 735 multo
1950 695 2059 732 ma-

470 779 549 849 gis
578 777 852 850 justiﬁcati
886 792 1019 830 nunc
1050 777 1103 829 in
1136 776 1383 848 sanguine
1409 775 1590 846 ipsius,
1622 773 1749 827 salui
1785 771 1971 825 erimus
1993 768 2058 823 ab

463 871 544 924 ira
573 886 663 941 per
689 870 876 940 ipsum.
906 867 966 923 Si
1004 868 1138 922 enim
1176 883 1291 922 cum
1332 866 1526 921 inimici
1560 880 1800 928 essemus,
1830 862 2057 917 reconci~

467 961 579 1021 liati
619 977 793 1016 sumus
831 959 939 1014 Deo
983 976 1073 1031 per
1115 969 1327 1013 mortem
1361 957 1485 1012 Filii
1522 959 1670 1029 ejus;
1696 956 1857 1010 multo
1896 954 2056 1025 magis

463 1051 796 1115 reconciliati,
818 1052 944 1106 salui
969 1052 1156 1105 erimus
1178 1052 1231 1105 in
1255 1050 1357 1104 uita
1386 1050 1565 1120 ipsius.
1596 1047 1718 1102 Non
1756 1048 1933 1101 solum
1955 1062 2054 1099 au-

467 1155 590 1208 tem,
618 1143 707 1197 sed
734 1152 779 1196 et
807 1142 1079 1213 gloriantes
1105 1142 1156 1194 in
1196 1139 1298 1194 Deo
1323 1157 1413 1211 per
1435 1140 1614 1194 Jesum
1649 1137 1907 1193 Christum
1947 1135 2058 1190 Do-

468 1235 662 1287 minum
686 1244 932 1296 nostrum,
960 1248 1046 1301 per
1070 1247 1216 1301 quem
1245 1243 1290 1284 et
1322 1246 1453 1284 nunc
1481 1229 1939 1284 reconciliationem
1969 1241 2056 1281 ac-

465 1327 712 1395 cepimus.
756 1324 955 1379 Deinde
1000 1323 1272 1392 Subjuugit
1316 1340 1332 1378 :
1382 1320 1599 1390 Propter
1645 1321 1740 1374 hoc
1785 1321 1916 1374 sicut
1966 1335 2056 1386 per

462 1433 621 1471 unum
648 1416 899 1469 hominem
926 1424 1184 1483 peccatum
1215 1414 1267 1466 in
1292 1412 1424 1466 ltunc
1458 1412 1706 1466 mundum
1738 1412 1976 1478 intrauit,
2006 1422 2054 1467 et

471 1526 563 1580 per
589 1518 846 1574 peccatum
871 1522 1044 1571 mors;
1069 1516 1116 1561 et
1144 1507 1215 1560 ita
1251 1507 1305 1559 in
1334 1522 1505 1560 omnes
1536 1504 1760 1560 homines
1793 1514 2053 1575 pertrans-

462 1603 544 1669 iit,
585 1601 639 1654 in
683 1616 783 1667 quo
821 1614 991 1653 omnes
1033 1607 1361 1667 peccauerunt
1394 1595 1591 1668 (Rom.
1614 1611 1669 1661 v,
1696 1594 1828 1650 8-12
1849 1594 1891 1666 ).
1914 1594 2051 1663 Quid

463 1691 881 1761 tergiversantur
920 1686 1223 1758 Pelagiani?
1250 1686 1307 1743 Si
1347 1686 1596 1741 omnibus
1642 1686 1941 1741 necessaria
1970 1695 2053 1740 est

462 1778 825 1836 rec0nciliatio
855 1794 950 1848 per
973 1778 1264 1840 Christum,
1294 1792 1394 1849 per
1415 1790 1603 1831 onmes
1632 1776 1840 1831 transiit
1860 1792 2049 1847 pecca-

463 1879 598 1935 tum,
629 1886 734 1940 quo
779 1868 980 1923 inimici
1024 1868 1239 1934 fuimus,
1272 1876 1330 1920 ut
1354 1880 1490 1936 opus
1521 1865 1855 1921 reconciliari
1887 1864 2050 1921 habe-

462 1976 664 2017 remus.
687 1960 813 2015 llzcc
833 1958 1197 2015 reconciliatio
1218 1966 1300 2013 est
1320 1957 1373 2012 in
1400 1956 1612 2012 lavacro
1632 1956 2049 2027 regenerationis

460 2062 514 2106 ct
556 2051 751 2106 Christi
796 2064 957 2105 carne
998 2059 1051 2105 et
1097 2049 1374 2119 sanguine,
1407 2048 1524 2103 sine
1560 2062 1667 2117 quo
1710 2062 1809 2102 nec
1841 2047 2047 2117 parvuli

461 2150 687 2213 possunt
720 2141 920 2196 habere
947 2140 1108 2194 vitam
1139 2140 1192 2194 in
1221 2138 1547 2208 semetipsis.
1578 2137 1729 2194 Sicut
1763 2139 1907 2192 enim
1953 2137 2050 2193 fuit

458 2249 597 2289 unus
620 2233 689 2288 ad
718 2242 943 2288 mortem
978 2240 1194 2301 propter
1221 2243 1522 2302 peccatum,
1553 2229 1633 2286 sic
1658 2239 1739 2285 est
1768 2229 1786 2262 ¹
1814 2245 1950 2284 unus
1977 2230 2045 2285 ad

459 2324 625 2379 vitam
670 2330 889 2394 propter
930 2322 1211 2391 justitiam.
1242 2321 1379 2389 Quia
1416 2321 1546 2374 sicut
1582 2320 1637 2373 in
1668 2319 1836 2373 Adam
1876 2334 2047 2374 omnes

396 2409 403 2415 ’
455 2417 762 2479 moriuntur,
789 2415 862 2468 ita
890 2424 937 2468 et
962 2415 1013 2467 in
1032 2412 1232 2470 Christo
1260 2429 1432 2467 omnes
1450 2412 1835 2481 viviﬁcabuntur
1858 2411 1899 2482 (1
1923 2409 2041 2466 Cor.

454 2522 546 2574 xv,
572 2505 671 2576 22)
697 2521 712 2559 :
742 2512 797 2560 et
821 2505 951 2560 sicut
977 2519 1068 2574 per
1094 2502 1245 2557 unius
1272 2501 1511 2556 delictum
1534 2501 1588 2555 in
1617 2517 1789 2556 omnes
1815 2501 2045 2556 homines

453 2597 522 2650 ad
562 2595 1052 2659 condemnationem,
1079 2595 1151 2647 ita
1186 2602 1234 2648 et
1264 2608 1354 2665 per
1375 2593 1526 2647 unius
1544 2592 1963 2665 justiﬁcationem
1987 2593 2043 2648 in

453 2703 628 2741 omnes
672 2686 898 2740 homines
943 2684 1011 2738 ad
1046 2683 1467 2754 justiﬁcationem
1503 2684 1619 2738 uita:
1651 2680 1826 2755 (Rom.
1847 2698 1900 2749 v,
1926 2679 2039 2755 18).

455 2778 586 2847 Quis
602 2777 867 2832 adversus
897 2774 1013 2830 haec
1038 2774 1331 2844 apostolica
1360 2773 1523 2829 verba
1556 2782 1700 2828 tanta
1725 2774 1919 2829 duritia
1949 2789 2044 2829 ne-

455 2871 627 2928 tandm
670 2869 957 2942 impietatis
1001 2867 1302 2934 obsurduit,
1343 2875 1403 2923 ut
1444 2867 1527 2923 his
1573 2867 1769 2925 auditis
1810 2878 2041 2927 mortem

454 2966 572 3020 sine
610 2974 833 3035 peccato
872 2962 924 3017 in
964 2976 1063 3016 nos
1100 2976 1198 3032 per
1222 2959 1390 3015 Adam
1440 2961 1697 3016 transisse
1731 2960 2038 3029 contendat,

461 3056 565 3112 nisi
603 3063 997 3126 oppugnatores
1023 3054 1205 3122 gratia:
1238 3052 1353 3119 Dei,
1381 3052 1580 3107 inimici
1610 3054 1784 3109 crucis
1807 3054 2041 3110 Christi?

455 3152 693 3217 Quorum
726 3147 845 3203 ﬁnis
872 3144 1492 3215 estinteritus(Philipp.
1519 3160 1598 3213 nt,
1629 3145 1754 3201 18et
1773 3145 1885 3217 l9),
1909 3147 1952 3201 si
1985 3146 2037 3202 in

456 3240 561 3295 hac
585 3237 948 3295 obstinatione
974 3237 1305 3293 duraverint.
1332 3235 1532 3290 Verum
1563 3236 1677 3292 haec
1700 3236 1898 3292 dixisse
1920 3235 2039 3293 suf-

454 3334 616 3398 ﬁciat,
648 3341 867 3401 propter
900 3344 1085 3385 eorum
1132 3329 1278 3383 illam
1319 3326 1610 3383 versutiam
1648 3330 2034 3401 serpentiuam,

449 3440 555 3494 qna
585 3424 768 3478 volunt
809 3430 1014 3476 mentes
1046 3435 1393 3492 corrumpere
1433 3420 1704 3490 simplices
1725 3423 1769 3490 ',
1795 3432 1851 3478 et
1877 3438 2037 3479 aver-

453 3526 566 3570 tere
592 3529 622 3568 a
648 3512 925 3569 catholica:
951 3511 1072 3567 ﬁdei
1098 3512 1362 3578 castitate,
1385 3512 1549 3568 veluti
1577 3512 1731 3569 laude
1757 3523 2033 3570 creaturae.

524 3602 751 3660 CAPUT
794 3603 852 3658 V.
918 3632 991 3644 ——
1040 3602 1094 3659 9.
1161 3601 1242 3656 De
1308 3601 1462 3657 laude
1505 3604 1817 3674 nuptiarum.
1868 3604 2037 3662 Porro

449 3705 626 3752 autem
654 3695 721 3751 de
750 3693 905 3749 laude
935 3693 1238 3765 nuptiarum
1282 3692 1420 3764 quid
1468 3691 1547 3749 eis
1597 3694 1848 3765 prodest,
1893 3695 2035 3766 quod

448 3788 708 3842 adversus
753 3785 1073 3841 Manichacus
1095 3824 1112 3850 ,
1161 3783 1251 3852 qui
1298 3783 1510 3852 nuptias
1556 3798 1664 3837 non
1692 3783 1801 3838 Deo
1830 3800 1955 3839 vero
1980 3793 2038 3841 et

450 3880 595 3937 b0no
622 3879 912 3948 assignant,
958 3874 1053 3930 sed
1084 3874 1307 3946 principi
1349 3873 1710 3940 tenebrarum,
1741 3874 1828 3929 isti
1857 3875 2036 3933 verbis

448 3986 595 4028 verte
646 3969 857 4042 pictatis
904 3968 1171 4024 obsistunt
1220 3967 1480 4034 dicentes,
1536 3984 1558 4019 ι
1615 3968 1737 4036 quia
1781 3966 2036 4023 Dominus

448 4064 502 4120 in
535 4061 824 4133 Evangelio
872 4059 1124 4131 loquitur,
1181 4057 1280 4125 Qui
1329 4058 1449 4131 fecit
1494 4056 1558 4111 ab
1616 4057 1784 4125 initio,
1830 4074 2035 4113 mascu-

449 4156 556 4209 lum
606 4163 652 4208 et
699 4151 943 4224 feminam
982 4151 1099 4221 fecit
1142 4160 1226 4205 eos
1273 4148 1503 4223 (Matth.
1530 4146 1767 4222 XIX,‘),
1799 4158 1848 4205 et
1889 4150 2032 4218 dicit,

448 4242 687 4308 Crescite,
715 4249 759 4295 et
790 4239 1219 4310 multiplicamini,
1258 4250 1306 4293 et
1342 4238 1533 4307 replete
1575 4247 1760 4294 terram
1797 4237 1965 4312 (Gen.
1993 4254 2031 4306 ι,

446 4334 562 4404 28).
595 4333 744 4400 Quod
783 4349 900 4401 ergo
938 4331 1075 4385 Deus
1118 4332 1410 4402 conjunxit,
1439 4332 1590 4385 homo
1635 4348 1736 4385 non
1782 4339 1977 4401 separet
2009 4350 2029 4384 ι

448 4427 467 4492 (
498 4423 682 4477 tllntth.
712 4438 827 4487 nx,
855 4424 888 4476 6
909 4421 927 4491 )
946 4421 971 4473 ‘l
1007 4421 1143 4489 Quid
1183 4422 1261 4477 eis
1300 4422 1404 4476 hoc
1443 4421 1693 4492 prodest,
1724 4437 1820 4492 per
1847 4436 2034 4476 verum

447 4513 706 4566 scduCcre
731 4515 795 4565 ad
827 4512 1053 4564 falsum?
1085 4511 1196 4565 lloe
1241 4512 1383 4566 enim
1404 4513 1632 4579 ~dicunt,
1677 4522 1737 4567 ut
1778 4513 1847 4567 ab
1887 4514 2033 4568 omni

448 4618 585 4657 noxa
623 4601 776 4656 liberi
807 4599 826 4631 ³
849 4600 994 4655 nasci
1032 4600 1320 4656 credantur
1361 4600 1608 4665 infantes,
1632 4618 1696 4658 ac
1721 4604 1797 4657 sic
1822 4619 1928 4658 non
1954 4605 2034 4660 eis

446 4708 582 4763 Opus
611 4692 680 4746 sit
710 4691 821 4746 Deo
839 4688 862 4721 ⁸
884 4690 1213 4746 reconciliari
1247 4706 1342 4760 per
1368 4691 1657 4756 Christum,
1690 4708 1794 4747 non
1827 4693 2031 4750 haben-

448 4786 593 4841 tibus
621 4782 787 4839 ullum
815 4782 1074 4853 originale
1105 4793 1402 4852 peccatum,
1433 4795 1649 4854 propter
1673 4785 1812 4855 quod
1844 4801 2034 4842 recon-

447 4876 646 4932 ciiiatio
666 4876 968 4931 necessaria
1008 4884 1092 4928 est
1138 4874 1384 4929 omnibus
1432 4890 1526 4946 per
1568 4892 1754 4942 unum,
1790 4878 1878 4949 qui
1917 4880 2033 4934 sine

448 4974 670 5038 peccato
693 4966 840 5020 venit
868 4967 920 5019 in
953 4963 1206 5019 mundum
1234 4981 1249 5019 :
1273 4965 1408 5020 sicut
1433 4966 1670 5022 omnium
1695 4968 1719 5001 ⁸
1750 4967 1901 5024 facta:
1932 4971 2033 5025 ini-

447 5056 663 5113 micitiat
691 5065 812 5112 sunt
843 5069 938 5128 per
961 5071 1148 5122 unum,
1180 5071 1275 5127 per
1299 5071 1455 5128 quem
1494 5069 1770 5129 peccatum
1815 5061 2033 5119 intravit

511 5297 527 5327 ε
554 5296 912 5359 vaticanistss.,
937 5295 1010 5348 sic
1026 5301 1092 5348 et.
1532 5352 1539 5359 .

510 5359 535 5430 ξ
558 5356 789 5430 gallicani
839 5364 948 5407 Mss.
967 5395 981 5419 ,
1039 5371 1135 5421 qua
1176 5365 1407 5430 conantur
1448 5356 1961 5430 deciperensimplires.

515 5417 536 5448 ³
558 5416 715 5491 tidem.
753 5423 885 5491 Itss.,_
916 5416 1004 5482 per
1039 5416 1207 5491 cepturi
1245 5423 1475 5476 seducere
1509 5416 1576 5477 ad
1613 5416 1811 5491 fallacei
1834 5416 2031 5491 decipu-

447 5476 727 5554 las,_‘ut_!ab
756 5476 1012 5554 caminos:
1031 5479 1227 5554 aligeri,
1250 5491 1345 5534 etc.

508 5539 696 5609 flanti,
711 5553 829 5609 opus
844 5539 1227 5609 θέε-γεραιοὶιὶαή
1254 5556 1274 5594 :
1298 5548 1491 5609 ornlsso,
1519 5555 1632 5600 Deo.
1658 5555 1739 5601 Est
1755 5550 1805 5602 in
1828 5559 1932 5604 uss.

638 5600 775 5678 itas.
790 5604 1095 5678 Asditiyero
1136 5614 1238 5655 Am.
1261 5614 1313 5658 et
1356 5613 1450 5672 δικ,
1478 5600 1618 5661 ’σέτω
1636 5600 2029 5678 επῦιιζίιοῖίζεὶσ

444 5674 572 5712 enim
592 5673 609 5718 ξ
632 5674 824 5721 οιιιιδεο.
843 5675 1071 5715 omnium.

1071 297 1344 355 CONTRA
1383 295 1565 353 DUAS
1600 290 1974 351 EPISTOLAS
2013 290 2573 361 PELAGlANURUM,
2615 294 2673 350 S.
2715 294 3081 352 AUGUSTI.“

3645 305 3755 360 616

2173 402 2227 456 in
2268 402 2541 459 mundum.
2579 403 2731 473 Quod
2774 407 3039 464 catholico
3077 408 3331 474 creditur,
3363 425 3460 482 pro
3493 413 3755 471 sztlvanda

2169 505 2356 548 natura
2384 495 2658 550 hominum
2683 497 2829 551 salva
2855 499 3011 555 laude
3032 503 3336 570 nuptiarum
3364 520 3377 557 :
3400 505 3520 574 quia
3543 510 3756 576 nuptia-

2169 600 2287 640 rum
2316 586 2432 643 laus
2459 596 2541 642 est
2563 588 2704 658 juSIa
2736 593 3002 662 copulatio
3039 608 3287 662 sexuum,
3317 611 3422 651 non
3453 597 3628 668 iniqua
3658 599 3757 655 de-

2165 674 2340 731 fensio
2382 678 2650 733 vitiorum.
2689 681 2760 734 At
2792 680 2893 752 'per
2927 681 3031 737 hoc
3066 699 3186 738 cum
3229 685 3315 740 isti
3357 686 3622 742 laudando
3656 707 3760 745 nu-

2165 766 2326 835 ptias,
2356 782 2387 821 a
2409 767 2716 824 Manichzcis
2747 771 2988 828 homines
3010 773 3078 829 ad
3106 790 3165 830 se
3193 776 3336 846 ipsos
3360 778 3542 833 volunt
3573 780 3758 836 tradu-

2161 870 2319 922 cere;
2349 867 2558 913 mutare
2587 861 2691 915 illis
2715 863 2961 917 morbum
2983 864 3223 933 cupiunt,
3257 883 3365 921 non
3393 882 3606 925 sanare.

2234 946 2338 1001 10.
2378 945 2456 1000 De
2478 949 2630 1003 laude
2648 952 2792 1021 legis.
2814 951 3020 1008 Rursus
3051 954 3103 1008 in
3140 956 3295 1012 lande
3337 958 3471 1028 legis
3508 960 3631 1029 quid
3670 961 3756 1018 eis

2098 1064 2109 1067 -
2162 1036 2401 1104 prodest,
2421 1038 2559 1107 quod
2576 1050 2761 1095 contra
2781 1041 3102 1099 Manichtcos
3117 1061 3299 1102 verum
3317 1048 3519 1116 dicunt,
3539 1052 3755 1120 quando

2161 1142 2226 1182 ex
2258 1128 2362 1184 hoc
2389 1131 2455 1184 ad
2478 1131 2608 1187 illud
2628 1134 2812 1189 volunt
2837 1133 3053 1202 ducere,
3077 1139 3215 1208 quod
3237 1139 3422 1195 falsum
3440 1152 3625 1198 contra
3655 1160 3720 1200 ca
3747 1183 3753 1188 -

2162 1219 2392 1277 tholieos
2418 1224 2690 1279 sentiunt?
2705 1226 2894 1282 Dicunt
2917 1233 3059 1283 enim
3090 1247 3104 1283 :
3137 1248 3158 1283 ι
3186 1230 3380 1303 Legem
3410 1235 3569 1289 etiam
3600 1245 3751 1291 vete-

2159 1325 2277 1366 rem
2289 1313 2580 1368 secundnm
2598 1316 2935 1386 Apostolum,
2942 1318 3139 1389 justam
3156 1330 3210 1376 et
3224 1332 3461 1378 sanctam
3477 1336 3534 1381 et
3556 1327 3749 1386 bonam

2158 1403 2388 1460 fatemur
2416 1405 2593 1479 (liam.
2614 1423 2707 1471 vn,
2738 1408 2850 1479 12),
2890 1426 3009 1480 qua:
3040 1413 3460 1471 custodientibus
3499 1419 3748 1478 mandata

2157 1511 2276 1559 sua,
2299 1512 2362 1551 ac
2390 1513 2487 1567 per
2514 1497 2670 1554 ﬁdem
2697 1500 2843 1570 juste
2868 1502 3188 1568 viventibus,
3215 1505 3351 1560 sicut
3381 1506 3662 1577 Prophelis
3688 1521 3744 1567 et

2160 1584 2505 1655 Patriarchis,
2528 1589 2883 1661 omnibusque
2904 1594 3102 1647 sanctis
3120 1596 3280 1648 vitam
3305 1597 3478 1666 potuit
3498 1599 3747 1657 conferre

2159 1687 2491 1749 perpetuam.
2522 1698 2541 1733 ι
2566 1681 2773 1746 Quibus
2793 1684 2970 1738 verbis
2990 1685 3334 1743 callidissime
3362 1692 3548 1758 positis
3571 1693 3744 1764 legem

2156 1778 2346 1827 contra
2367 1773 2590 1842 gratiam
2623 1774 2857 1830 laudant.
2881 1776 3066 1847 Neque
3084 1779 3226 1833 enim
3254 1780 3338 1836 les
3367 1781 3475 1845 illa,
3502 1787 3747 1854 quamvis

2150 1859 2293 1930 justa
2322 1869 2379 1916 et
2404 1872 2589 1917 sancta
2618 1873 2672 1918 et
2702 1867 2862 1932 bona,
2889 1867 3138 1922 omnibus
3167 1869 3268 1924 illis
3298 1870 3598 1929 hominibus
3625 1875 3740 1940 Dei,

2154 1950 2248 2006 sed
2290 1952 2425 2008 ﬁdes
2465 1969 2585 2024 quae
2626 1954 2677 2009 in
2717 1955 2930 2012 Christo
2956 1967 3058 2023 est,
3088 1959 3247 2015 vitam
3290 1963 3462 2030 potuit
3495 1963 3744 2021 conferre

2153 2052 2486 2112 perpetuam.
2518 2045 2642 2101 Ilatc
2668 2046 2810 2101 enim
2838 2046 2973 2103 fides
3002 2063 3096 2118 per
3120 2048 3463 2107 dilectionem
3490 2064 3745 2125 operatur

2153 2130 2175 2203 (
2195 2130 2365 2187 Colat.
2390 2149 2441 2201 v,
2465 2132 2562 2206 6),
2606 2150 2712 2190 non
2761 2138 3057 2193 secundum
3100 2139 3330 2196 litteram
3367 2157 3486 2213 qua:
3520 2145 3738 2215 occidit,

2150 2221 2247 2277 sed
2276 2224 2569 2280 secundum
2597 2226 2840 2296 spiritum
2868 2229 2959 2297 qui
2989 2229 3221 2285 vivificat
3248 2231 3267 2302 (
3292 2232 3333 2286 ll
3359 2230 3478 2287 Cor.
3510 2249 3590 2300 ιιι,
3618 2237 3693 2308 6)
3721 2254 3738 2291 :

2149 2314 2218 2369 ad
2250 2331 2408 2386 quam
2432 2318 2524 2373 Dei
2551 2319 2776 2388 gratiam
2808 2320 2891 2375 lex
2922 2324 2990 2376 de
3020 2325 3457 2391 prmvaricatione
3484 2328 3740 2383 terrendo

2151 2413 2415 2477 tanquam
2434 2408 2754 2480 ptedagogus
2782 2410 3023 2480 perducit
3048 2413 3065 2476 (
3090 2411 3262 2469 Colat.
3292 2430 3369 2482 ιιι,
3392 2414 3462 2471 ξι
3481 2415 3524 2489 ),
3567 2425 3624 2472 ut
3660 2418 3741 2474 sic

2148 2498 2454 2555 conferatur
2494 2500 2721 2569 homini,
2761 2503 2903 2574 quod
2946 2504 3192 2562 conferre
3237 2507 3352 2576 ipsa
3395 2525 3501 2563 non
3541 2510 3735 2580 potuit.

2148 2587 2270 2644 Istis
2300 2605 2528 2661 namque
2554 2593 2730 2649 verbis
2767 2608 2954 2651 eorum
2974 2638 2990 2663 ,
3023 2597 3216 2666 quibus
3252 2599 3456 2665 dicunt,
3486 2620 3506 2654 ι
3537 2600 3737 2672 Legem

2149 2679 2433 2752 Prophetis
2454 2690 2509 2735 et
2533 2682 2857 2740 Patriarchis
2882 2687 3235 2759 omnibusque
3255 2691 3456 2746 sanctis
3485 2693 3735 2750 mandata

2148 2771 2267 2842 ejus
2286 2773 2626 2828 servantibus
2641 2775 2802 2830 vitam
2820 2777 3060 2847 potuisse
3078 2778 3323 2835 conferre
3340 2793 3682 2851 perpetuam;
3705 2804 3727 2837 ι

2144 2862 2442 2933 reSpondet
2468 2865 2778 2934 Apostolus,
2806 2865 2868 2922 Si
2896 2884 2988 2938 per
3012 2870 3169 2941 legem
3185 2871 3409 2942 justitia,
3437 2888 3556 2946 ergo
3579 2872 3733 2929 Chri-

2145 2962 2254 3010 stus
2278 2956 2437 3026 grotis
2464 2965 2692 3012 mortuus
2719 2968 2790 3013 est
2820 2957 2931 3032 (Id.
2961 2976 3022 3027 tt,
3052 2960 3171 3032 21).
3204 2960 3267 3019 Si
3290 2980 3353 3019 ea;
3377 2965 3486 3036 lege
3508 2967 3728 3023 hancdi-

2145 3055 2244 3115 tas,
2263 3047 2378 3118 jam
2406 3064 2507 3102 non
2526 3065 2596 3107 ea:
2622 3051 2957 3122 promissione
2984 3051 3093 3125 (Id.
3119 3069 3199 3122 ut,
3229 3055 3342 3128 18).
3366 3058 3426 3113 Si
3450 3058 3506 3113 hi
3530 3061 3617 3130 qui
3640 3077 3734 3131 per

2144 3138 2324 3210 legem,
2353 3140 2575 3196 hatredes
2594 3153 2711 3196 sunt
2731 3157 2750 3206 ,'
2769 3143 3027 3199 exinanita
3054 3155 3128 3201 est
3154 3147 3301 3217 ﬁdes,
3325 3160 3371 3204 et
3396 3163 3635 3206 evacuate
3655 3163 3731 3208 est

2143 3229 2411 3297 promissio
2433 3229 2608 3301 (Rom.
2631 3245 2705 3299 tv,
2731 3232 2842 3302 14).
2870 3233 3004 3301 Quia
3021 3244 3189 3291 autem
3212 3238 3262 3291 in
3288 3238 3394 3311 lege
3414 3257 3557 3296 nemo
3572 3242 3733 3313 justi-

2143 3320 2328 3391 ﬁcatur
2351 3323 2493 3392 apud
2516 3321 2704 3389 Deum,
2732 3327 3055 3397 manifestum
3081 3336 3175 3393 est,
3206 3331 3325 3400 quia
3350 3332 3510 3398 iustus
3536 3349 3602 3388 ea:
3625 3335 3734 3404 ﬁde

2140 3411 2281 3467 uiuit.
2316 3410 2427 3467 Leto
2464 3423 2632 3467 autem
2671 3430 2773 3469 non
2814 3426 2886 3470 est
2927 3433 2990 3471 ea:
3022 3416 3162 3486 ﬁde,-
3186 3422 3292 3484 sed,
3323 3420 3423 3489 Qui
3445 3423 3614 3491 fecerit
3643 3442 3723 3491 ea,

2140 3504 2267 3559 uiuet
2290 3504 2344 3559 in
2370 3504 2474 3559 illis
2492 3503 2687 3575 (Colat.
2710 3522 2789 3572 tn,
2811 3508 2869 3563 11
2893 3517 2938 3562 et
2964 3509 3073 3578 ﬂ).
3091 3509 3243 3579 Quod
3267 3527 3329 3566 ex
3350 3514 3464 3583 lege
3486 3517 3729 3571 testimo-

2141 3593 2289 3648 nium
2336 3604 2812 3650 commemoratum
2863 3597 2932 3653 ab
2975 3600 3231 3669 Apostolo
3276 3605 3535 3672 propter‘
3565 3607 3725 3661 vitam

2140 3684 2491 3757 temporalem
2518 3683 2851 3756 intelligitur,
2879 3696 3097 3759 propter
3122 3691 3272 3759 cujus
3310 3692 3616 3749 amittenda:
3654 3696 3726 3751 tio

2139 3791 2347 3832 morem
2386 3775 2651 3836 faciebant
2696 3779 2939 3837 homines
2976 3781 3110 3853 legis
3139 3798 3320 3855 opera,
3353 3800 3458 3840 non
3487 3802 3553 3842 ex
3584 3788 3719 3853 fide;

2138 3869 2263 3938 quia
2284 3870 2304 3901 ³
2330 3878 2753 3940 transgressores
2780 3871 2912 3943 legis
2937 3874 3124 3930 eadem
3156 3876 3273 3948 lege
3299 3895 3328 3931 a
3357 3880 3552 3950 populo
3569 3881 3727 3952 jube-

2138 3959 2337 4016 bantur
2359 3961 2551 4017 oceidi.
2573 3963 2680 4019 Aut
2703 3964 2749 4019 si
2774 3966 2933 4020 altius
2954 3966 3355 4040 intelligendum
3376 3982 3479 4039 est,
3505 3983 3726 4044 propter

2138 4060 2300 4114 vitam
2331 4069 2584 4117 atternatn
2616 4063 2871 4133 scriptum
2902 4082 3043 4135 esse,
3068 4069 3168 4137 Qui
3200 4072 3374 4142 fecerit
3401 4092 3481 4144 ea,
3513 4078 3634 4132 uiuet
3668 4079 3722 4133 in

2138 4149 2244 4240 illis
2287 4148 2472 4240 (Leuit.
2504 4168 2655 4220 svnt,
2686 4154 2742 4225 5)
2771 4173 2785 4209 :
2814 4155 2937 4213 ideo
2982 4159 3061 4215 sic
3107 4176 3419 4232 expressum
3464 4178 3549 4224 est
3591 4169 3722 4240 legis

2140 4238 2447 4311 imperium,
2485 4251 2546 4298 ut
2586 4244 2869 4302 inﬁrmitas
2895 4248 3125 4309 hominis
3153 4253 3206 4308 in
3236 4270 3296 4310 se
3324 4257 3437 4327 ipsa
3466 4238 3719 4319 deficiens

2138 4330 2205 4386 ad
2238 4331 2475 4388 facienda
2504 4346 2624 4404 qua:
2651 4335 2737 4393 lex
2766 4339 3010 4409 imperat,
3042 4342 3110 4399 de
3134 4347 3301 4416 gratia
3328 4347 3423 4404 Dei
3455 4351 3625 4420 potius
3653 4367 3722 4409 es.

2140 4421 2244 4479 ﬁde
2286 4432 2555 4492 quaereret
2597 4426 2938 4497 adjutorium,
2968 4432 3119 4504 cujus
3156 4433 3518 4495 misericordia
3558 4442 3717 4515 etiam

2139 4511 2277 4567 ﬁdes
2321 4512 2434 4584 ipsa
2480 4513 2729 4571 donatur.
2774 4516 2850 4573 lta
2893 4521 3091 4592 quippe
3132 4523 3357 4581 habetur
3399 4530 3565 4598 ﬁdes,
3594 4511 3723 4590 sicut

2137 4603 2407 4674 unicuique
2430 4604 2568 4660 Deus
2597 4609 2810 4676 partitus
2839 4620 2911 4667 est
2940 4628 3226 4670 mensuram
3252 4618 3372 4685 ﬁdei
3399 4620 3420 4689 (
3442 4621 3591 4677 llam.
3623 4641 3718 4692 xu,

2138 4694 2172 4750 5
2197 4701 2239 4767 ).
2266 4694 2323 4749 Si
2353 4696 2495 4750 enim
2524 4711 2627 4751 non
2654 4715 2686 4753 a
2711 4713 2769 4754 se
2798 4701 2929 4772 ipsis
2959 4704 3175 4771 habent,
3204 4709 3298 4764 sed
3324 4712 3589 4782 accipiunt
3618 4715 3719 4770 ho-

2136 4786 2310 4841 mines
2338 4786 2585 4855 spiritum
2621 4789 2831 4845 virtntis
2864 4800 2921 4847 et
2955 4793 3232 4853 charitatis
3265 4807 3320 4854 et
3342 4803 3720 4867 continentiae;

2138 4877 2279 4933 unde
2301 4877 2428 4933 dicit
2452 4879 2592 4935 idem
2621 4881 2734 4951 ipse
2761 4882 2949 4939 doctor
2972 4884 3243 4954 Gentium,
3268 4889 3390 4947 Non
3418 4895 3551 4949 enim
3575 4913 3724 4953 acce—

2137 4968 2303 5039 pimus
2325 4969 2557 5038 spiritum
2587 4971 2799 5037 timoris,
2826 4975 2916 5027 sed
2939 4976 3136 5034 uirtutis
3164 4989 3210 5032 et
3237 4981 3495 5039 charitatis
3521 4995 3570 5040 et
3594 5003 3712 5041 con-

2135 5058 2358 5112 tinentiae
2385 5058 2466 5129 (ll
2501 5059 2633 5114 Tim.
2660 5078 2696 5125 ι,
2730 5064 2803 5132 7)
2828 5083 2841 5117 :
2868 5065 3106 5133 profecto
3134 5070 3389 5140 accipitur
3416 5076 3574 5130 etiam
3606 5080 3705 5148 spis

2135 5151 2270 5206 ritus
2285 5151 2427 5216 ﬁdei,
2452 5151 2518 5207 de
2539 5168 2641 5220 quo
2667 5154 2814 5219 dicit,
2844 5155 3094 5214 Habentes
3120 5173 3286 5217 autem
3311 5167 3541 5221 eumdem
3563 5170 3717 5237 spiti-

2135 5250 2240 5297 tum
2269 5243 2390 5311 ﬁdei
2418 5244 2436 5314 (
2465 5243 2506 5299 ll
2539 5244 2653 5300 Cor.
2676 5263 2747 5312 tv,
2775 5248 2841 5302 15
2862 5247 2904 5320 ).
2937 5250 3128 5306 Verum
3154 5269 3281 5325 ergo
3306 5256 3435 5311 dicit
3464 5258 3547 5313 lex
3575 5277 3588 5312 :
3615 5258 3717 5326 Qui

2134 5334 2302 5405 fecerit
2324 5351 2406 5402 ea,
2434 5336 2557 5390 uiuet
2582 5336 2635 5390 in
2662 5338 2782 5392 illis.
2806 5338 2910 5394 Sed
2939 5350 2996 5395 ut
3024 5341 3178 5397 faciat
3200 5358 3261 5399 ea
3289 5356 3343 5400 ct
3368 5347 3507 5402 vivat
3534 5349 3585 5403 in
3613 5351 3717 5417 eis,

2134 5440 2240 5481 non
2288 5426 2372 5482 lex
2415 5443 2534 5498 qua:
2566 5428 2667 5484 hoc
2710 5430 2955 5501 imperat,
2989 5435 3085 5488 sed
3119 5434 3251 5492 ﬁdes
3285 5448 3367 5491 cst
3393 5442 3720 5508 necessaria,

2196 5559 2215 5626 ξ
2238 5557 2458 5626 Gallicani
2476 5567 2603 5620 .\tss.,
2627 5569 2710 5611 aut
2734 5569 2945 5626 propter.

2136 5604 2216 5730 et
2227 5604 2707 5729 Earini???
2734 5604 2913 5684 'inﬁfa':
2935 5604 3140 5688 διώρὺαι
3190 5629 3366 5680 occidi.
3395 5630 3715 5685 chndantztr

2228 5706 2232 5710 Α
2281 5696 2333 5730 's.
