4014 6184
311 343 416 401 617

275 527 280 530 _
311 475 431 536 qua:
459 452 558 510 hoc
585 454 850 524 impetrat.
876 447 1002 520 Quae
1030 459 1206 508 tamen
1237 443 1389 516 ﬁdes,
1413 457 1470 504 ut
1498 445 1611 503 haec
1642 455 1881 548 accipere

315 556 604 611 utet-eatur,
634 546 746 616 ipsa
770 544 936 612 gratis
959 542 1133 598 datur.

385 658 476 713 11.
505 656 774 724 Nusquam
798 663 976 708 autem
1002 653 1087 706 isti
1117 651 1313 706 inimici
1337 651 1521 720 gratiae
1555 651 1621 705 ad
1647 651 1887 706 eamdem

312 751 536 822 gratiam
587 745 956 802 vehementius
1002 741 1404 813 oppugnandam
1436 742 1750 797 occultiores
1779 758 1889 796 m0-

315 842 515 894 liuntur
537 837 751 892 insidias
773 877 786 898 ,
814 849 970 904 quam
999 834 1088 888 ubi
1126 833 1294 902 legem
1340 832 1588 896 laudant,
1613 847 1730 901 qua:
1777 831 1891 885 sine

312 927 641 984 dubitatione
663 923 920 978 laudanda
946 932 1044 976 est.
1086 922 1280 990 Legem
1326 922 1518 991 quippe
1547 921 1768 976 diversis
1811 921 1891 975 lo-

312 1019 588 1072 eutionum
635 1015 806 1069 modis
831 1023 886 1068 et
937 1014 1188 1067 varietate
1245 1012 1526 1066 verborum
1567 1013 1620 1064 in
1649 1013 1892 1066 omnibus

313 1105 758 1178 disputationibus
782 1105 892 1159 suis
915 1104 1096 1157 volunt
1125 1103 1348 1172 intelligi
1377 1103 1598 1172 gratiam
1624 1138 1640 1168 ,
1684 1113 1740 1158 ut
1787 1103 1891 1156 sci-

315 1201 441 1254 licet
462 1214 491 1250 a
525 1197 746 1251 Domino
765 1197 876 1250 Deo
896 1195 1210 1263 adjutorium
1241 1194 1554 1263 cognitionis
1583 1194 1891 1260 habeamus,

313 1306 421 1360 quo
441 1303 504 1342 ea
535 1303 651 1357 qua:
679 1284 911 1338 facienda
934 1293 1056 1337 sunt
1083 1285 1383 1337 noverimus
1407 1301 1421 1343 ;
1461 1298 1562 1336 non
1591 1283 1891 1351 inspiratio-

316 1393 438 1432 nem
468 1375 765 1432 dilectionis
789 1413 804 1438 ,
838 1382 894 1428 ut
932 1373 1141 1442 cognita
1171 1381 1354 1426 sancto
1391 1387 1573 1426 amore
1599 1371 1850 1426 faciamus
1874 1413 1890 1437 ,

314 1483 436 1538 quae
461 1466 673 1535 proprie
697 1466 712 1497 ι
739 1464 908 1533 gratia
933 1471 1035 1518 est.
1065 1461 1197 1541 Nam
1228 1461 1448 1516 scientia
1475 1461 1606 1532 legis
1631 1461 1744 1516 sine
1763 1461 1892 1516 chao

315 1561 474 1614 ritate
499 1555 682 1622 inllat,
705 1570 810 1608 non
841 1553 1066 1607 mdilicat
1091 1594 1108 1618 ,
1149 1551 1440 1607 secundum
1481 1551 1724 1607 eumdem
1762 1564 1892 1620 apo-

315 1648 511 1702 stolum
551 1643 882 1713 apertissime
904 1641 1165 1696 dicentem
1186 1679 1202 1706 ,
1233 1641 1454 1695 Scientia
1477 1641 1638 1710 inﬂat,
1676 1640 1894 1695 cliaritas

311 1753 432 1794 vero
455 1737 676 1804 wdiﬁcat
705 1734 748 1805 (l
776 1731 893 1786 Cor.
927 1747 1054 1796 vni,
1109 1731 1184 1801 1).
1224 1731 1352 1799 Quae
1401 1731 1660 1786 sententia
1709 1730 1893 1784 similis

313 1836 400 1882 est
417 1827 465 1881 ei
483 1867 498 1892 ,
523 1841 626 1895 qua
646 1823 845 1878 dictum
863 1831 978 1886 est,
1003 1820 1192 1873 Littera
1214 1819 1394 1873 occidit
1417 1860 1430 1884 ,
1461 1821 1665 1888 spiritus
1680 1819 1894 1887 riviﬁcnt

316 1917 386 1988 (ll
414 1917 529 1970 Cor.
561 1930 646 1978 ιιι,
675 1912 751 1983 6).
775 1911 940 1980 Quale
965 1919 1046 1965 est
1083 1910 1222 1965 enim
1247 1950 1261 1974 ,
1304 1909 1526 1964 Scientia
1569 1910 1712 1978 inﬂat
1731 1925 1751 1972 ;
1789 1910 1893 1962 tale

313 2015 432 2071 est,
465 2004 654 2058 Littera
690 2003 869 2057 occidit
900 2018 919 2056 :
947 2009 1000 2057 et
1027 2003 1182 2070 quale
1219 2009 1330 2067 est,
1364 2000 1583 2053 charitas
1627 2000 1846 2068 wdiﬁcat
1873 2018 1892 2064 ,-

317 2095 422 2150 tale
447 2103 561 2154 est.
617 2091 838 2161 Spiritus
865 2091 1116 2159 vivi/icat;
1149 2090 1269 2159 quia
1300 2088 1531 2144 charitas
1571 2089 1660 2142 Dei
1707 2088 1892 2142 dill'usa

315 2195 398 2240 est
425 2184 478 2238 in
499 2182 747 2237 cordibus
769 2182 962 2235 nostris
981 2195 1076 2249 per
1095 2180 1347 2248 Spiritum
1371 2186 1610 2233 sanctum
1636 2218 1650 2241 ,
1681 2179 1767 2247 qui
1797 2179 1894 2232 da-

317 2285 401 2329 tus
425 2282 510 2329 est
532 2273 684 2328 nobis
706 2270 879 2340 (Rom.
913 2286 942 2322 v
966 2311 982 2336 ,
1025 2267 1101 2342 5).
1129 2269 1374 2340 Cognitio
1405 2271 1582 2340 itaque
1603 2269 1735 2340 legis
1772 2269 1894 2324 facit

315 2363 603 2435 superbum
633 2361 1093 2432 praevaricatorem
1129 2378 1141 2414 :
1173 2375 1265 2430 per
1285 2360 1480 2414 donum
1512 2368 1688 2414 autem
1715 2359 1891 2414 chari-

317 2453 442 2507 tatis
473 2451 698 2505 delectat
727 2449 860 2518 legis
901 2463 1022 2503 esse
1063 2449 1335 2502 factorem.
1379 2447 1494 2503 Non
1552 2463 1679 2518 ergo
1725 2449 1892 2518 legem

315 2556 630 2597 evacuamus
656 2555 749 2608 per
774 2537 928 2592 iidem
954 2579 969 2604 ,
1020 2538 1112 2592 sed
1144 2539 1313 2608 legem
1341 2539 1620 2594 statuimus
1647 2537 1758 2609 (Id.
1789 2555 1843 2594 tn
1874 2579 1889 2604 ,

317 2633 408 2705 5t)
442 2652 454 2686 :
484 2648 602 2700 quae
626 2629 874 2685 terrendo
913 2629 1058 2684 ducit
1083 2629 1150 2683 ad
1180 2629 1358 2684 tidem.
1413 2629 1537 2685 ldeo
1579 2630 1774 2700 quippe
1809 2630 1892 2686 lex

317 2726 448 2778 iram
478 2730 725 2791 operatur
750 2720 856 2791 (Id.
890 2737 940 2775 tv
964 2763 978 2782 ,
1011 2723 1098 2790 15)
1125 2762 1138 2785 ,
1168 2731 1224 2775 ιιι
1251 2723 1434 2778 territo
1450 2730 1607 2791 atque
1634 2737 1894 2777 converso

319 2815 384 2870 ad
397 2813 651 2882 justitiam
697 2813 827 2883 legis
875 2813 1194 2882 implendam
1217 2856 1232 2880 ,
1266 2815 1357 2869 Dei
1385 2813 1748 2869 misericordia
1773 2829 1898 2884 graa

317 2907 444 2960 tiam
476 2905 723 2975 largiatur
749 2909 770 2938 '
794 2947 808 2968 ,
839 2920 934 2976 per
961 2904 1138 2958 Jesum
1167 2904 1433 2958 Christum
1461 2905 1738 2958 Dominum
1794 2919 1892 2959 no-

317 3005 490 3050 strum
521 3011 536 3049 :
563 2995 652 3065 qui
676 3005 757 3050 est
787 2995 879 3048 Dei
899 2993 1154 3062 sapientia
1195 2992 1237 3056 (Ι
1266 2992 1381 3046 Cor.
1428 3010 1474 3060 ι,
1521 2993 1646 3066 50),
1674 2995 1740 3050 de
1792 3011 1894 3064 qua

315 3087 568 3154 scriptum
585 3093 694 3152 est,
725 3084 908 3154 Legem
933 3091 978 3138 et
1006 3083 1400 3137 misericordiam
1432 3085 1483 3138 in
1529 3085 1700 3156 lingua
1730 3091 1894 3154 portat

318 3175 496 3246 (Prov.
527 3192 618 3244 ιιι,
649 3193 746 3231 sec.
777 3174 950 3246 LXX)
979 3163 992 3228 ἐ
1031 3176 1198 3245 legem
1220 3217 1234 3240 ,
1262 3191 1362 3244 qua
1409 3184 1632 3240 terreat;
1680 3176 1891 3231 miseri-

317 3266 552 3320 cordiam
571 3306 590 3332 ,
620 3282 720 3335 qua
741 3267 1020 3323 Subveniat
1049 3283 1061 3318 :
1093 3267 1259 3336 legem
1284 3282 1379 3335 per
1405 3281 1614 3322 servum
1641 3309 1654 3331 ,
1687 3269 1893 3322 miseri-

311 3357 551 3410 ‘cordiam
600 3373 694 3427 per
731 3372 790 3412 se
823 3358 992 3426 ipsum
1027 3375 1040 3409 :
1075 3357 1241 3427 legem
1281 3367 1528 3428 tanquam
1577 3361 1627 3414 in
1657 3360 1844 3414 baculo
1875 3401 1892 3426 ,

319 3463 476 3514 quem
507 3447 650 3500 misit
678 3448 896 3502 Elismus
915 3447 982 3501 ad
1014 3447 1178 3502 ﬁlium
1211 3448 1380 3503 vidua:
1418 3451 1778 3506 suscitandum
1799 3492 1814 3517 ,
1842 3461 1897 3506 et

318 3551 424 3589 non
449 3537 774 3601 resurrexit;
797 3537 865 3594 Si
892 3539 1020 3590 enim
1046 3537 1164 3590 data
1191 3548 1312 3592 esset
1343 3539 1454 3606 lex,
1492 3557 1606 3610 qua:
1635 3552 1796 3610 posset
1819 3545 1894 3594 vi-

317 3627 556 3692 viﬁcare,
583 3626 784 3679 omnino
814 3643 874 3681 ea:
903 3626 1010 3696 lege
1032 3635 1154 3681 esset
1173 3628 1376 3696 justitia
1410 3628 1602 3700 (Galat.
1637 3646 1723 3696 Ill,
1761 3631 1853 3700 21)
1877 3647 1892 3696 ;

319 3715 736 3770 misericordiam
759 3731 886 3771 vero
916 3727 1159 3786 tanquam
1206 3717 1257 3770 in
1289 3717 1402 3786 ipso
1433 3719 1660 3788 Elisa-o,
1701 3723 1788 3792 qui
1838 3721 1898 3774 li-

316 3821 502 3876 gurem
530 3805 722 3859 Christi
751 3821 942 3874 gerens
963 3845 979 3872 ,
1008 3815 1217 3860 mortuo
1254 3807 1566 3862 vivilicando
1606 3811 1780 3880 magni
1811 3825 1896 3864 sa-

317 3896 576 3950 cramenti
609 3896 752 3950 velut
796 3895 926 3950 Novi
965 3897 1286 3952 Testamcnti
1344 3899 1722 3968 significatione
1766 3913 1895 3956 con-

314 3985 526 4054 iunctus
547 3995 630 4040 est
653 3986 736 4054 (ιν
770 3987 896 4057 Reg.
926 4003 980 4042 tv
1001 4029 1015 4052 ,
1050 3988 1264 4060 29-55).

390 4075 613 4131 CAPUT
644 4076 728 4130 Vl.
767 4077 950 4130 -12.
983 4077 1058 4131 De
1079 4077 1228 4132 laude
1255 4079 1395 4133 liberi
1440 4081 1653 4134 arbitrii.
1682 4081 1895 4137 Inseru-

319 4166 488 4218 tubilis
509 4167 732 4234 gua’stt'o.
761 4165 889 4220 ltcm
913 4166 1052 4236 quod
1077 4167 1330 4224 adversus
1349 4169 1666 4225 Manicbmos
1685 4173 1898 4227 laudant

319 4255 546 4310 liberum
576 4255 850 4310 arbitrium
878 4296 892 4318 ,
915 4255 1230 4312 adhibentes
1269 4259 1628 4329 prepheticum
1658 4265 1896 4318 testimo-

319 4347 501 4409 nium,
534 4345 594 4400 Si
619 4346 872 4400 volueritis
913 4357 960 4400 et
1006 4348 1267 4403 audieritis
1309 4367 1426 4416 me,
1481 4367 1594 4418 qua:
1617 4353 1746 4405 bona
1783 4364 1898 4408 sunt

317 4446 466 4490 terra:
490 4436 642 4490 edetis
669 4453 688 4502 ;
713 4437 757 4490 si
777 4445 942 4490 autem
965 4438 1224 4494 nolueritis
1269 4449 1316 4492 et
1341 4457 1442 4494 non
1481 4443 1737 4498 audieritis
1780 4462 1857 4498 me
1879 4487 1894 4512 ,

316 4527 520 4595 gladius
548 4543 632 4580 nos
660 4537 912 4582 consumet
938 4525 1086 4599 (Isai.
1119 4545 1158 4595 ι,
1191 4529 1256 4584 19
1286 4540 1332 4584 et
1355 4531 1447 4601 ΞΟ)
1484 4551 1495 4586 :
1529 4534 1653 4602 qttid
1694 4535 1772 4590 eis
1799 4535 1898 4590 hoc

313 4601 574 4686 prodest?
602 4616 1030 4688 quandoquidem
1081 4634 1188 4672 non
1226 4628 1330 4674 tam
1356 4601 1561 4676 contra
1583 4623 1898 4680 lllanichtcos

315 4708 640 4774 defendunt,
669 4725 823 4779 quam
857 4715 1038 4765 centra
1067 4710 1362 4767 Catholicos
1389 4714 1646 4768 extollunt
1675 4715 1896 4771 liberum

315 4800 616 4853 arbitrium.
649 4800 736 4855 Sic
765 4802 905 4857 enim
934 4803 1118 4857 volunt
1146 4804 1362 4874 intelligi
1387 4806 1526 4875 quod
1555 4807 1750 4861 dictmn
1773 4817 1856 4863 est
1880 4851 1894 4871 ,

316 4887 382 4942 Si
413 4889 660 4942 volueritis
686 4899 732 4943 et
759 4890 1016 4946 audieritis
1043 4909 1156 4956 me;
1188 4901 1432 4961 tauquam
1460 4894 1512 4948 in
1557 4895 1667 4965 ipsa
1698 4913 1896 4964 praece-

315 4978 481 5034 dente
502 4978 768 5034 voluntate
794 4980 862 5034 sit
889 4983 1260 5052 consequentis
1291 4985 1532 5039 meritum
1572 4988 1782 5055 grati-.13;
1837 5005 1898 5043 ac

315 5071 397 5124 sic
421 5069 588 5140 gratia
607 5069 718 5150 jam
767 5087 870 5125 non
910 5071 980 5127 sit
1001 5074 1164 5142 gratia
1185 5113 1200 5137 ,
1229 5089 1345 5142 quia
1369 5089 1474 5128 non
1504 5085 1586 5130 est
1626 5079 1850 5146 gratuita
1871 5119 1894 5144 ,

313 5175 440 5216 eum
469 5160 706 5215 redditur
727 5160 926 5218 debita.
972 5162 1028 5218 Si
1053 5173 1227 5218 autem
1258 5165 1334 5220 sic
1363 5164 1715 5237 intelligerent
1755 5169 1894 5239 quod

313 5249 516 5304 dictum
542 5259 622 5303 est
641 5291 656 5311 .
701 5251 760 5306 Si
806 5252 1088 5315 volueritis,
1119 5263 1172 5306 ut
1203 5253 1360 5310 etiam
1392 5255 1557 5326 ipsam
1585 5257 1776 5314 bonam
1809 5275 1898 5316 vo-

315 5339 574 5394 luntatem
601 5339 746 5394 illum
781 5357 1074 5411 praeparare
1091 5345 1487 5414 conﬁterentur,
1509 5345 1576 5402 de
1618 5365 1721 5418 quo
1764 5351 1896 5404 scri-

383 5562 402 5642 :
442 5568 514 5642 fr.
557 5571 608 5642 et
645 5569 787 5642 tm...
827 5565 1059 5642 propria;
1090 5575 1278 5637 smaet
1301 5577 1450 5642 alea,
1499 5573 1705 5642 proprie.

446 5629 510 5672 tta
558 5631 658 5674 mss.
723 5633 775 5674 Al.
820 5624 934 5674 aditi
957 5660 972 5684 ,
1017 5626 1106 5677 Dei
1150 5624 1528 5683 misericordiam
1579 5624 1736 5697 gratia
1791 5634 1892 5686 lar-

319 5691 496 5746 ﬂatur.

647 5761 916 5823 Ρλτιιοι..
959 5765 1086 5825 XLl
1103 5765 1171 5824 V.

1633 331 1835 393 Lmen
1872 340 2208 405 QL’Att'l‘US.

3464 355 3563 410 (iis

1997 461 2273 519 p'umcst,
2313 451 2637 523 I’taeparatur
2665 459 2890 516 uoluntas
2926 445 2972 514 (ι’
3002 461 3212 517 Domino
3241 462 3418 526 (Prov.
3453 482 3566 528 vui,
3619 463 3622 466 ⁴

1997 558 2094 593 διε.
2129 542 2294 613 LXX)
2326 562 2338 596 :
2372 555 2614 614 tanquam
2638 548 2882 605 catholici
2915 563 3184 608 uterentur
3209 563 3308 609 hoc
3337 551 3570 610 aestus.»

1997 631 2113 696 nio,
2142 643 2196 686 ct
2235 650 2340 688 non
2392 639 2559 690 solum
2611 639 2849 694 haeresim
2887 653 3117 699 veterem
3164 645 3569 700 Manichaeorum

1997 725 2264 779 vincerent
2288 769 2302 791 ,
2335 727 2425 781 Sed
2455 743 2642 783 nevam
2666 731 3059 801 Pelagianorum
3085 752 3187 790 non
3209 739 3501 795 conderent
3535 747 3565 789 ι.

2071 816 2154 870 15.
2183 815 2316 881 Quid
2344 818 2420 871 eis
2464 821 2708 887 prodest,
2737 824 2874 891 quod
2922 825 2973 878 in
3024 826 3176 880 laude
3233 830 3394 898 ipsius
3423 831 3572 885 liberi

1997 905 2234 970 arbitrii,
2264 925 2280 957 ι
2315 909 2534 978 gratiam
2565 911 2744 966 dicunt
2774 914 3024 982 adjuvare
3051 920 3460 992 uniuscujusque
3481 923 3577 976 bo-

1999 1013 2121 1049 num
2149 1001 2514 1066 propositum?
2545 1019 2562 1053 ι
2596 1001 2707 1056 Hoc
2731 1005 2845 1058 sine
2869 1008 3115 1075 scrupulo
3135 1013 3461 1080 acciperetur
3488 1028 3577 1067 ca-

1999 1085 2194 1140 tholice
2220 1087 2456 1156 dictum,
2509 1091 2552 1144 si
2597 1107 2699 1144 non
2752 1093 2804 1147 in
2829 1093 2970 1149 bono
3017 1101 3283 1166 proposito
3329 1105 3574 1158 ueritum

1998 1186 2285 1244 ponerent,
2313 1180 2396 1232 cui
2423 1181 2612 1234 merito
2632 1182 2740 1250 jam
2771 1200 2973 1240 merces
2997 1191 3289 1246 secundum
3311 1193 3542 1249 debinnn
3560 1238 3574 1258 ,

1997 1280 2101 1318 non
2155 1267 2442 1320 secundum
2473 1271 2692 1338 gratiam
2731 1273 3072 1340 redderetur;
3105 1279 3196 1332 sed
3231 1281 3580 1353 intelligerent

1996 1355 2442 1412 etconliterentur
2462 1361 2618 1414 etiam
2647 1363 2816 1431 ipsum
2845 1365 3039 1420 bonum
3063 1373 3410 1439 prepositum,
3440 1377 3579 1442 qttml

1997 1459 2328 1513 consequens
2353 1447 2566 1516 adjuvat
2597 1452 2792 1526 gratia,
2823 1469 2926 1508 non
2972 1471 3091 1511 esse
3122 1460 3357 1528 potuisse
3403 1465 3454 1516 in
3488 1465 3581 1518 llO-

1998 1534 2174 1599 mine,
2206 1535 2248 1589 si
2279 1550 2380 1589 non
2417 1539 2738 1606 prmccderet
2785 1545 2972 1612 gratia.
3003 1546 3279 1614 Quomodo
3331 1553 3471 1606 enim
3499 1565 3581 1609 est

1997 1623 2226 1681 hominis
2255 1626 2450 1682 bonum
2476 1633 2806 1700 pr0positum
2830 1636 2946 1692 sine
2989 1639 3274 1697 miserante
3299 1644 3446 1713 prius
3475 1645 3578 1699 Do-

1997 1713 2174 1780 mino;
2204 1729 2322 1770 cum
2349 1717 2461 1796 ipsa
2482 1719 2551 1773 sit
2577 1721 2712 1776 bona
2735 1723 2976 1781 voluntas
2993 1769 3009 1793 ,
3050 1746 3167 1799 quae
3203 1745 3525 1802 praeparatur
3548 1753 3578 1790 a

1999 1804 2260 1860 Domino?
2286 1806 2436 1874 Quod
2458 1819 2634 1865 autem
2663 1827 2782 1867 cum
2812 1815 3102 1886 dixissent,
3139 1840 3158 1873 ι
3196 1824 3419 1891 gratiam
3449 1841 3582 1895 quo-

1996 1909 2097 1961 que
2143 1894 2396 1961 adjuvare
2439 1899 2844 1974 uniuscujusque
2892 1912 3216 1980 propositum
3267 1894 3496 1984 bonum,
3555 1937 3575 1971 ι

1997 1996 2116 2035 mox
2148 1983 2490 2056 addiderunt,
2530 2007 2548 2041 ι
2585 2005 2688 2046 non
2723 2001 2894 2050 tamen
2919 1999 3195 2056 reluctanti
3221 2006 3452 2062 studium
3481 1983 3580 2064 iir-

2002 2073 2130 2126 tutis
2161 2073 2482 2160 immittere:
2531 2097 2551 2133 ι
2581 2093 2762 2152 posset
2811 2085 2946 2142 bene
2992 2090 3247 2162 intelligi,
3287 2096 3330 2149 si
3383 2113 3484 2152 non
3513 2101 3582 2152 ab

1997 2161 2109 2216 istis
2129 2203 2144 2228 ,
2172 2179 2395 2232 quorum
2425 2181 2611 2225 sensus
2640 2183 2795 2230 notus
2817 2185 2929 2244 est,
2956 2161 3240 2236 diceretur.
3280 2185 3581 2244 Reluctauti

1996 2253 2137 2306 enim
2169 2255 2312 2323 prius
2341 2257 2552 2314 auditus
2582 2263 2602 2293 '
2622 2262 2816 2319 divina:
2837 2269 3126 2326 vocationis
3153 2274 3262 2343 ipsa
3293 2275 3384 2330 Dei
3415 2281 3580 2347 gratia

1995 2353 2309 2410 procuratur
2327 2381 2342 2412 ,
2365 2361 2426 2402 ac
2451 2347 2644 2404 deinde
2671 2352 2724 2406 in
2750 2353 2840 2408 illo
2859 2355 2968 2424 jam
2993 2373 3095 2413 non
3143 2363 3435 2422 reluctante
3465 2378 3580 2423 stu-

1995 2432 2141 2486 dium
2191 2435 2396 2491 virtutis
2447 2441 2771 2498 accenditur.
2811 2445 3188 2508 Verumtamen
3237 2457 3287 2510 iu
3336 2461 3582 2517 omnibtts

1995 2539 2114 2595 qua:
2140 2527 2365 2597 quisque
2383 2530 2493 2601 agit
2531 2534 2819 2591 secundum
2853 2538 3014 2594 Deum
3034 2582 3051 2608 ,
3084 2544 3444 2604 misericordia
3467 2552 3582 2622 ejus

1999 2617 2250 2682 prmvenit
2281 2633 2399 2672 eum
2424 2619 2592 2688 (Psal.
2625 2640 2750 2680 Lvm
2769 2668 2783 2690 ,
2813 2628 2920 2698 ll).
2943 2629 3092 2696 Quod
3118 2634 3200 2689 isti
3229 2639 3432 2706 uoltmt,
3458 2617 3578 2710 quia

1997 2719 2102 2757 non
2125 2719 2244 2760 esse
2265 2706 2552 2778 Catholici,
2584 2713 2676 2767 sed
2692 2715 2959 2786 Pelagiani
2979 2721 3178 2776 volunt.
3197 2726 3411 2784 Multum
3435 2706 3577 2787 enim

1997 2792 2224 2849 delectat
2250 2796 2572 2866 impietatem
2599 2804 2916 2871 superbam,
2951 2811 3190 2866 utetiam
3241 2816 3290 2868 id
3315 2820 3452 2886 quod
3485 2837 3579 2876 co-

1997 2884 2133 2954 gitur
2161 2885 2400 2942 conﬁteri
2452 2905 2479 2941 a
2531 2891 2752 2947 Domino
2803 2896 2978 2951 datum
3003 2939 3016 2964 ,
3051 2917 3154 2956 non
3200 2905 3297 2960 sibi
3326 2884 3576 2966 donatum

1996 2977 2236 3033 videatur
2253 2994 2372 3034 esse
2395 3021 2410 3046 ,
2440 2982 2533 3036 sed
2589 2983 2852 3040 redditum
2883 3005 2896 3040 :
2927 2999 2983 3042 ut
3036 2993 3238 3048 scilicet
3280 2997 3368 3051 lilii
3399 3003 3576 3069 perdi-

1999 3069 2156 3124 tionis
2176 3111 2191 3136 ,
2212 3086 2314 3124 non
2337 3074 2702 3142 promissionis
2723 3118 2736 3141 ,
2763 3079 2859 3148 ipsi
2891 3082 3176 3140 credantur
3195 3103 3254 3143 se
3308 3089 3476 3146 bonos
3503 3093 3580 3147 le-

1994 3159 2166 3224 cisse,
2194 3168 2248 3214 et
2263 3160 2405 3216 Deus
2423 3162 2534 3231 jam
2561 3164 2712 3220 bonis
2741 3181 2770 3220 a
2793 3183 2853 3224 se
2897 3170 3024 3240 ipsis
3065 3175 3298 3245 el't‘ectis,
3343 3196 3438 3249 pro
3483 3167 3582 3238 ista

1996 3265 2180 3307 eorum
2211 3267 2369 3324 Opere
2396 3254 2628 3311 debitum
2655 3261 2928 3328 praemium
2957 3267 3270 3327 reddidisse.

2071 3341 2156 3396 14.
2192 3342 2266 3398 lta
2299 3347 2645 3416 namqueillis
2664 3359 2834 3406 tumor
2859 3355 2970 3422 ipse
2996 3371 3152 3413 aures
3173 3363 3349 3417 cordis
3369 3367 3582 3423 obstru-

1997 3434 2114 3501 xit,
2142 3441 2322 3489 utnon
2346 3436 2592 3502 audiant,
2625 3440 2760 3506 Quid
2783 3444 2912 3496 enim
2941 3445 3091 3502 [tabes
3123 3451 3257 3520 quod
3308 3471 3406 3508 non
3435 3475 3582 3512 acce-

2001 3523 2118 3614 pisti
2140 3523 2181 3592 (l
2204 3521 2322 3614 Δ(ἔον.
2352 3541 2402 3580 tv
2426 3567 2441 3592 ,
2473 3526 2566 3596 7)?
2595 3544 2698 3583 non
2723 3531 3100 3601 audiant,8ine
3120 3555 3198 3593 me
3217 3543 3344 3596 nihil
3377 3551 3582 3614 potestis

2000 3613 2166 3680 facere
2193 3611 2368 3680 (Joan.
2395 3629 2462 3667 xv
2487 3656 2500 3676 ,
2531 3615 2586 3685 5)
2617 3633 2630 3669 :
2661 3634 2764 3672 non
2806 3621 3056 3690 audiant,
3101 3627 3332 3684 Charitas
3377 3611 3439 3688 ea:
3478 3637 3583 3691 Deo

2000 3709 2072 3754 est
2111 3701 2151 3769 (Ι
2179 3700 2332 3755 Joan.
2368 3718 2420 3756 IV
2442 3746 2456 3767 ,
2492 3703 2582 3773 7):
2613 3722 2717 3762 non
2754 3709 3002 3780 audiant,
3063 3715 3202 3771 Deus
3245 3713 3460 3789 partitus
3510 3742 3582 3780 est

2002 3805 2290 3844 mensuram
2320 3793 2440 3860 ﬁdei
2469 3794 2642 3864 (Rom.
2674 3813 2746 3851 xu
2767 3841 2780 3863 ,
2806 3801 2861 3870 5)
2887 3819 2899 3855 :
2925 3817 3028 3858 non
3060 3807 3306 3877 audiant,
3358 3812 3582 3882 Spiritus

1999 3881 2084 3934 ubi
2107 3883 2209 3935 rult
2229 3883 2389 3953 spirat
2413 3884 2588 3977 (Joan.
2613 3904 2700 3955 ιιι,
2726 3889 2781 3962 8)
2815 3908 2829 3956 ;
2857 3901 2944 3960 et,
2975 3894 3074 3961 Qui
3101 3901 3278 3970 spiritu
3308 3881 3408 3958 Dei
3423 3923 3583 3977 agam

2001 3981 2112 4033 tur,
2147 3973 2198 4025 hi
2225 3974 2318 4039 ﬁlii
2345 3985 2460 4028 sunt
2483 3975 2582 4030 Dei
2606 3979 2778 4048 (Rom.
2820 3999 2949 4050 vttt,
2993 3987 3082 4059 14)
3117 4007 3130 4042 :
3166 4007 3270 4046 non
3319 3973 3534 4050 audiant
3563 4040 3578 4060 .

2002 4060 2165 4115 Nemo
2192 4071 2346 4132 potest
2367 4067 2530 4121 venire
2548 4069 2615 4120 ad
2643 4086 2719 4123 me
2741 4111 2755 4134 ,
2785 4073 2880 4127 nisi
2901 4076 3052 4142 fuerit
3079 4085 3124 4132 ei
3159 4081 3332 4136 datum
3361 4103 3393 4138 a
3426 4085 3584 4144 Patre

1999 4165 2106 4203 meo
2128 4149 2304 4218 (Joan.
2341 4167 2392 4206 vt
2411 4195 2426 4216 ,
2455 4154 2544 4223 66)
2575 4168 2589 4209 :
2624 4171 2728 4211 non
2755 4161 3124 4234 audiantquod
3153 4169 3352 4228 Esdras
3376 4177 3576 4238 scribit.

2000 4237 2298 4294 Benedictus
2316 4251 2387 4295 est
2417 4242 2658 4300 Dominus
2678 4259 2875 4316 patrum
2896 4264 3198 4326 nostrorum,
3225 4265 3310 4332 qui
3334 4266 3428 4319 hoc
3447 4237 3581 4322 dedit

1999 4331 2052 4382 in
2072 4345 2158 4382 cor
2171 4331 2300 4399 regis
2323 4373 2338 4392 .
2362 4332 2642 4400 clari/icore
2667 4337 2868 4394 domum
2895 4359 3038 4398 suam
3061 4387 3075 4413 ,
3107 4366 3218 4420 qua:
3237 4331 3312 4408 ﬁrst
3348 4357 3397 4410 in
3422 4357 3578 4412 Jern-

1999 4419 2154 4517 salem
2177 4419 2451 4517 (ΠΙ-ἰξίας.
2480 4439 2568 4478 vui
2590 4466 2604 4491 ,
2648 4426 2739 4498 28)
2774 4447 2787 4482 :
2817 4447 2920 4486 non
2949 4419 3162 4494 audiant
3202 4445 3338 4513 quod
3370 4463 3464 4517 per
3489 4451 3578 4505 Je-

2003 4509 2219 4563 remiam
2249 4509 2377 4564 dicit
2401 4511 2654 4572 Dominus
2675 4559 2688 4577 .
2724 4519 2786 4572 Et
2813 4523 3036 4580 timorem
3057 4509 3235 4585 meum
3257 4509 3387 4591 dabo
3421 4540 3471 4593 in
3497 4558 3574 4594 cor

2001 4616 2174 4653 eorum
2199 4642 2209 4664 ,
2235 4613 2338 4655 uta
2368 4619 2444 4656 me
2473 4621 2570 4659 non
2593 4611 2858 4678 recedant,
2886 4626 2931 4668 et
2951 4618 3158 4675 visitabo
3187 4641 3270 4678 eos
3293 4670 3308 4692 ,
3355 4639 3406 4682 ut
3429 4632 3582 4685 bonos

2002 4705 2084 4744 eos
2110 4691 2528 4788 (ricini-rigentia.
2557 4713 2695 4788 sum
2717 4741 2732 4766 ,
2761 4702 2829 4757 40
2848 4715 2894 4758 et
2920 4706 3008 4777 41)
3045 4727 3060 4763 :
3091 4715 3424 4788 maximeque
3450 4721 3580 4778 illud

2005 4794 2096 4847 per
2117 4780 2443 4838 Ezechielcm
2475 4786 2822 4857 prophetam,
2849 4795 2935 4849 ubi
2957 4813 3174 4867 prorsus
3199 4780 3582 4870 Deus-ostendit

2003 4871 2163 4926 nullis
2193 4887 2251 4927 se
2293 4874 2562 4930 hominum
2596 4879 2745 4936 bonis
2787 4887 2988 4942 meritis
3036 4899 3342 4966 provocari,
3384 4911 3441 4956 ut
3471 4901 3578 4961 eos
3615 4913 3618 4916 ’

2005 4961 2170 5016 honos
2192 4963 2372 5030 iaciat,
2403 4966 2452 5020 id
2494 4979 2574 5023 est
2597 5012 2609 5033 .
2634 4973 2944 5033 obcdientes
2998 4985 3257 5042 mandatis
3287 4961 3432 5058 suis;
3486 4999 3577 5052 sed

2001 5053 2176 5123 pitius
2200 5054 2314 5108 haec
2338 5056 2416 5109 eis
2442 5071 2499 5113 se
2529 5061 2820 5121 retribuere
2844 5068 2975 5122 bona
3015 5087 3110 5140 pro
3138 5077 3289 5132 malis
3307 5121 3321 5144 ,
3365 5053 3578 5154 propter

2001 5159 2062 5199 se
2091 5145 2258 5212 ipsum
2293 5145 2392 5201 hoc
2421 5146 2688 5217 faciendo,
2741 5171 2844 5210 non
2876 5171 3089 5228 prepter
3111 5165 3247 5221 illos.
3276 5145 3524 5228 Ait-enim
3561 5197 3573 5230 :
3651 5203 3662 5218 ι

2003 5233 2128 5288 Ilaec
2154 5236 2272 5288 dicit
2305 5235 2542 5293 Dominus
2575 5239 2708 5295 Deus
2732 5287 2744 5308 ,
2775 5245 2882 5316 Ego
2909 5249 3040 5320 facio
3063 5293 3078 5317 ,
3107 5270 3204 5309 non
3231 5272 3434 5328 propter
3461 5280 3574 5332 vos,
3657 5235 3664 5257 ἓ

2003 5325 2179 5379 domus
2202 5325 2370 5382 Israel
2393 5329 2414 5361 ³
2433 5371 2448 5396 ,
2469 5333 2556 5384 sed
2582 5343 2782 5402 propter
2802 5355 2975 5392 nomen
2999 5359 3160 5398 uicum
3181 5363 3428 5420 sanctum,
3447 5361 3580 5426 quod

2069 5459 2616 5542 itueditisomissaest
2639 5468 2866 5528 particula
2887 5487 3089 5536 negans,
3117 5487 3169 5529 et
3189 5491 3442 5542 mutatum.
3468 5503 3578 5542 eoa.

2004 5520 2187 5576 άσνωηο
2219 5523 2288 5580 in.
2323 5520 2651 5576 rontererent.'
2935 5520 3089 5536 "’"""
3121 5520 3169 5529 ν’
3189 5520 3442 5550 ···“·υ“ι·····ν

2017 5581 2240 5662 .Δῖ
2462 5588 2682 5662 euanuit)
2707 5593 2978 5662 post,_luco,
3012 5605 3226 5662 studium
3258 5605 3463 5662 mrtuus.
3492 5613 3578 5662 ha-

2002 5641 2146 5734 bept,’
2265 5641 2594 5734 aliis:
2613 5641 2827 5734 Utromte'
2844 5641 2951 5734 loco
2966 5641 3048 5734 'ail
3059 5641 3170 5710 si;

2105 5705 2246 5764 aditi,
2287 5715 2380 5770 Ego
2420 5709 2619 5773 ﬁniam,
2665 5705 2832 5766 derisus
2880 5705 3574 5798 tantilla@3333»

2999 5799 3295 5884 '{i't'ngtj
