4014 6184
457 315 566 375 619

457 430 760 501 profanastis
787 429 839 484 in
864 425 1090 497 gentibus
1109 467 1126 492 ,
1154 439 1252 495 quo
1277 421 1502 476 intrastis
1523 420 1682 485 illnc;
1707 429 1754 474 et
1801 419 2031 489 sanctiﬁ-

453 533 578 576 caoo
613 533 790 574 nomen
820 531 984 572 meum
1025 529 1263 586 magnum
1283 553 1298 578 ,
1327 511 1463 579 quod
1513 513 1835 582 profanatum
1864 519 1937 563 est
1981 509 2034 562 in

455 609 678 680 gentibus
697 647 711 672 ,
736 615 784 660 et
809 604 1118 676 profanastis
1140 603 1192 657 in
1219 603 1380 658 medio
1408 615 1626 680 eorum:
1653 610 1700 654 et
1718 600 1873 654 scient
1909 614 2036 671 gen-

454 713 526 754 tes
551 697 670 769 quia
695 712 783 769 ego
801 711 914 751 sum
944 693 1186 750 Dominus
1201 734 1218 759 ,
1244 691 1367 746 dicit
1389 691 1588 744 Adonai
1615 689 1858 744 Dominus
1878 731 1894 756 ,
1922 705 2036 742 cum

385 814 392 822 ο
451 788 792 858 sanctificatus
811 785 956 856 fuero
975 783 1028 838 in
1051 781 1188 838 vobis
1207 790 1323 836 ante
1341 781 1514 834 oculos
1548 794 1718 833 eorum
1738 819 1754 844 ,
1803 786 1851 832 et
1897 777 2035 832 acci-

451 880 588 949 piam
631 891 716 930 vos
755 875 820 930 de
853 872 1079 946 gentibus
1101 913 1115 939 ,
1144 881 1191 926 et
1233 869 1548 941 congregabo
1588 883 1675 924 vos
1717 883 1781 922 ex
1805 868 2035 924 omnibus

452 967 596 1022 terris
615 1009 631 1034 ,
659 975 704 1020 et
730 964 968 1019 inducam
993 977 1080 1017 uos
1099 963 1155 1016 in
1199 969 1384 1016 terram
1407 968 1661 1024 uestram;
1691 965 1740 1012 et
1770 973 2034 1028 aspergunt

451 1072 600 1126 super
619 1071 702 1109 vos
723 1069 904 1124 agnam
931 1050 1172 1105 mundam
1192 1090 1207 1113 ,
1239 1058 1284 1102 et
1317 1045 1682 1102 mundabimini
1705 1047 1767 1099 ab
1806 1047 2033 1100 omnibus

417 1153 430 1166 '
449 1145 783 1200 immunditiis
804 1143 978 1198 uestris
995 1181 1012 1208 ,
1037 1151 1084 1196 et
1116 1139 1366 1194 mandabo
1384 1153 1511 1204 vos;
1539 1147 1587 1192 et
1615 1137 1743 1191 dabo
1784 1137 1918 1190 vobis
1945 1152 2034 1191 cor

451 1213 630 1289 novum
653 1275 669 1299 ,
708 1243 754 1288 et
772 1233 1005 1304 spiritum
1029 1247 1206 1285 novum
1235 1228 1365 1284 dabo
1399 1229 1453 1282 in
1477 1228 1615 1282 vobis
1637 1245 1655 1294 ;
1684 1236 1732 1281 et
1775 1231 2034 1296 auferetur

451 1341 538 1377 cor
563 1322 818 1394 lapideum
842 1320 906 1375 de
948 1335 1099 1375 carne
1138 1329 1334 1384 ucstra,
1375 1326 1420 1371 et
1455 1316 1584 1370 dabo
1610 1317 1745 1370 vobis
1786 1333 1876 1370 cor
1919 1333 2034 1369 car-

449 1427 635 1478 neum;
658 1420 705 1466 et
733 1411 964 1481 spiritum
983 1423 1141 1463 meum
1163 1405 1292 1460 dabo
1311 1408 1362 1460 in
1389 1405 1524 1460 uobis
1542 1445 1556 1468 ,
1589 1413 1634 1458 et
1685 1406 1871 1478 faciam
1897 1414 1951 1458 ut
1977 1406 2031 1458 in

451 1502 887 1576 ,ustiﬁcationibtts
904 1500 1025 1555 meis
1043 1497 1306 1553 ambuletis
1328 1538 1342 1564 ,
1368 1505 1413 1550 et
1431 1495 1622 1566 iudicia
1641 1509 1748 1549 mea
1767 1494 2031 1551 observetis

450 1603 497 1646 et
520 1591 737 1662 faciatis.
764 1591 830 1646 Et
857 1597 973 1659 post
999 1587 1260 1659 aliquanta
1289 1600 1383 1656 per
1410 1583 1656 1640 eumdem
1684 1584 1854 1654 ipsum
1903 1599 2028 1654 pro-

452 1681 666 1753 pbetam
697 1699 710 1736 :
741 1680 861 1736 Non
904 1687 1108 1752 propter
1134 1694 1219 1734 vos
1243 1719 1256 1744 ,
1315 1676 1517 1747 inquit,
1561 1691 1652 1748 ego
1694 1676 1864 1744 facio,
1909 1675 2030 1730 dicit

457 1774 701 1829 Dominus
752 1773 922 1840 Deus;
965 1781 1138 1826 notum
1173 1771 1264 1824 erit
1313 1769 1491 1823 vobis:
1530 1761 1928 1836 confundimiui,
1981 1775 2029 1820 et

449 1863 717 1918 erubescite
744 1863 806 1918 de
833 1860 1152 1928 oiis~oestris,
1179 1861 1358 1912 domus
1396 1854 1732 1910 ἥιρει-Περ
1755 1855 1876 1909 dicit
1916 1854 2027 1910 Do-

449 1953 615 2008 minus
636 1952 770 2007 Deus
799 1967 819 2008 :
851 1949 914 2006 In
933 1951 1015 2004 die
1041 1966 1137 2022 quo
1167 1947 1416 2002 mandabo
1445 1961 1531 2000 vos
1571 1945 1634 1998 ab
1675 1945 1900 2000 cantibus
1925 1945 2026 2000 ini-

449 2042 715 2110 quitatibus
733 2041 904 2098 uestris
927 2080 940 2103 ,
972 2049 1019 2094 et
1038 2038 1336 2093 constituam
1357 2035 1578 2090 ciuitates
1601 2075 1616 2100 ,
1639 2033 2028 2103 ettedi/icabun-

447 2143 529 2185 tstr
559 2132 782 2198 deserta,
813 2141 858 2186 et
885 2139 1016 2185 terra
1044 2129 1374 2184 exterminata
1400 2126 1695 2197 operabitur
1720 2126 1738 2158 ⁸
1767 2167 1782 2192 ,
1829 2140 1920 2195 pro
1967 2141 2029 2180 eo

447 2221 583 2291 quod
609 2221 938 2276 exterminata
956 2227 1028 2274 est
1045 2227 1162 2273 ante
1181 2217 1354 2272 oculos
1379 2217 1544 2271 omnis
1573 2215 1930 2286 prwtereuntis.
1960 2213 2028 2268 Et

447 2311 612 2365 dicent
640 2327 660 2366 :
707 2309 866 2365 Terra
909 2311 1000 2364 illa
1024 2309 1382 2374 exterminata,
1415 2307 1554 2380 facta
1576 2315 1648 2360 est
1674 2307 1802 2360 sicut
1851 2305 2028 2360 hortus

450 2401 740 2470 uoluptatis,
762 2409 809 2454 et
831 2400 1052 2454 ciuitates
1072 2399 1280 2452 deserta:
1299 2404 1344 2450 et
1366 2396 1708 2450 exterminata!
1734 2403 1784 2451 et
1807 2392 2022 2462 effossa,

449 2490 654 2544 munita
674 2489 927 2544 sederunt.
960 2486 1024 2540 Et
1066 2487 1217 2540 scient
1261 2493 1431 2556 gentes
1472 2496 1796 2553 quaecumque
1841 2483 2030 2536 relicta

451 2580 635 2650 fuerint
661 2581 714 2634 in
741 2579 950 2634 circuitu
1005 2587 1195 2644 oestro,
1245 2577 1363 2648 quia
1389 2574 1753 2650 ego_Dominus
1780 2573 2027 2643 cdificavi

447 2643 722 2726 destructas
745 2712 760 2737 ,
791 2669 1013 2742 plantaoi
1032 2643 1405 2722 exterminatus.
1419 2643 1540 2736 Ἐᾇο
1561 2663 1810 2719 Dominus
1834 2665 2026 2718 locutus

450 2778 556 2816 sum
580 2803 596 2830 ,
627 2771 672 2816 et
698 2761 812 2831 feci.
843 2759 970 2815 Hazc
989 2759 1107 2813 dicit
1132 2756 1382 2812 Dominus
1411 2769 1433 2810 :
1458 2755 1636 2810 Adhuc
1657 2755 1750 2808 hoc
1777 2754 2026 2826 inquiram

448 2852 621 2908 domui
642 2851 810 2907 Israel
835 2861 893 2906 ut
920 2852 1102 2921 faciant
1125 2849 1238 2916 eis;
1283 2845 1624 2919 multiplicabo
1648 2863 1734 2901 eas
1759 2850 1886 2900 sicut
1913 2862 2027 2902 oves

449 2946 672 2998 homines
690 2985 706 3010 ,
748 2944 878 2998 sicut
909 2957 1022 2996 oves
1041 2949 1240 2995 sanctas
1259 2981 1277 3006 ,
1321 2939 1454 2994 sicut
1493 2954 1608 2993 oves
1651 2935 1932 2992 Jerusalem
1971 2939 2026 2993 in

448 3033 616 3086 diebus
643 3033 781 3104 festis
801 3032 910 3103 ejus
925 3046 946 3086 :
971 3031 1041 3085 sic
1052 3038 1198 3085 erunt
1217 3026 1553 3082 civitatesillte
1569 3027 1826 3093 desolatas,
1863 3027 2028 3099 plena

449 3123 612 3174 ουίιιιιι
640 3121 926 3184 hominum,
969 3128 1014 3173 et
1042 3119 1196 3172 scient
1237 3117 1354 3188 quia
1382 3131 1474 3188 ego
1516 3114 1767 3172 Dominus
1811 3115 2018 3187 (Eucti.

459 3225 616 3262 χιιιί
637 3249 650 3270 ,
671 3205 881 3280 22-38).

525 3299 610 3352 15.
651 3296 787 3364 Quid
835 3295 1090 3351 remansit
1129 3294 1256 3365 pelli
1297 3294 1626 3362 morticinae,
1675 3293 1814 3350 unde
1859 3295 2027 3366 possit

457 3387 626 3442 intlari
645 3427 662 3454 ,
702 3395 754 3441 et
787 3385 1136 3456 dedignetur,
1167 3383 1376 3454 quando
1399 3385 1690 3454 gloriatur,
1719 3384 1774 3438 in
1804 3384 2025 3440 Domino

453 3477 706 3548 gloriari?
735 3475 870 3543 Quid
896 3475 943 3530 ei
983 3475 1270 3541 remansit,
1299 3473 1512 3545 quando
1553 3473 1805 3544 quidquid
1834 3473 2026 3529 dixerit

453 3587 509 3624 se
531 3567 748 3634 iecisse,
773 3575 831 3622 ut
870 3581 936 3620 eo
978 3565 1311 3636 prmcedente
1337 3563 1566 3620 hominis
1603 3566 1794 3620 merito
1818 3564 1886 3620 ab
1923 3563 2023 3620 ho-

457 3659 598 3716 mine
642 3667 861 3723 exorto,
896 3657 1034 3711 Deus
1075 3655 1462 3727 subsequeutcr
1487 3654 1646 3710 faciat
1687 3671 1792 3726 quo
1836 3655 2025 3726 dignus

453 3759 535 3806 cst
579 3749 773 3814 homo,
800 3746 1206 3818 respondebitur
1223 3787 1240 3812 ,
1263 3745 1636 3800 reclamabitur
1651 3787 1667 3812 ,
1690 3745 2024 3802 contradice-

456 3855 569 3908 tur,
601 3840 710 3912 Ego
737 3839 890 3911 facio,
910 3837 1000 3894 sed
1024 3846 1226 3909 propter
1251 3853 1430 3891 nomen
1453 3853 1616 3890 meum
1639 3845 1865 3891 sanctum
1882 3878 1896 3904 ,
1924 3853 2026 3892 non

457 3943 659 4002 propter
698 3943 784 3982 vos
807 3943 899 3999 ego
925 3927 1094 3998 facio,
1135 3925 1256 3980 dicit
1292 3923 1539 3980 Dominus
1568 3924 1742 3980 Deus?
1785 3926 1924 3980 Nihil
1948 3926 2026 3982 sic

456 4019 646 4076 evertit
677 4017 989 4086 Pelagianos
1023 4015 1288 4081 dicentes,
1336 4015 1559 4085 gratiam
1602 4014 1695 4070 Dei
1738 4016 2024 4070 secundum

457 4113 642 4168 merita
668 4118 849 4166 nostra
875 4106 1010 4163 dari.
1041 4105 1192 4176 Quod
1213 4104 1423 4176 quidem
1455 4104 1568 4177 ipse
1597 4104 1868 4174 Pelagius,
1899 4113 1954 4161 et
1981 4105 2025 4160 si

459 4217 562 4258 non
606 4198 920 4271 corrigendo
943 4199 986 4264 ⁸,
1014 4206 1190 4251 tamen
1227 4194 1516 4251 orientales
1551 4193 1758 4264 judices‘
1795 4193 2028 4250 timendo

459 4293 747 4350 dannmvit.
801 4291 940 4348 Nihil
979 4289 1057 4344 sic
1098 4287 1288 4344 evertit
1330 4286 1604 4342 hominum
1654 4287 2027 4356 praesumptio-

463 4400 584 4440 nem
605 4384 892 4439 dicentium
909 4421 924 4446 ,
957 4379 1066 4436 Nos
1090 4378 1308 4435 facimus
1327 4421 1342 4447 ,
1363 4387 1424 4434 ut
1444 4392 1742 4433 mereamur
1765 4393 1882 4432 cum
1913 4377 2030 4448 qui—

465 4478 562 4530 bus
596 4473 752 4530 faciat
773 4473 958 4527 Deus:
981 4469 1284 4539 ReSpondet
1320 4469 1471 4523 vobis
1499 4484 1605 4522 non
1639 4467 1879 4538 Pelagius
1897 4509 1912 4532 ,
1935 4467 2027 4523 sed

463 4570 583 4636 ipse
603 4563 856 4618 Dominus
874 4602 890 4628 ,
917 4558 1032 4630 Ego
1047 4559 1212 4630 facio,
1232 4567 1278 4611 et
1306 4573 1406 4611 non
1425 4565 1628 4628 propter
1653 4571 1764 4621 vos,
1792 4559 1879 4610 sed
1914 4573 2031 4626 pro-

466 4666 571 4729 pter
591 4669 769 4709 nomen
795 4667 957 4706 meum
993 4659 1238 4704 sanctum.
1267 4647 1402 4716 Quid
1425 4648 1565 4702 enim
1605 4641 1824 4717 petestis
1855 4647 2032 4704 facere

465 4749 590 4806 boni
632 4746 700 4803 de
724 4743 885 4801 corde
909 4755 1016 4798 non
1045 4740 1225 4796 bono?
1249 4739 1318 4796 Ut
1341 4748 1518 4794 autem
1547 4739 1784 4794 habeatis
1815 4754 1910 4796 cor
1930 4740 2030 4795 bo~

466 4853 591 4896 num
611 4877 628 4906 ,
660 4835 832 4900 Dabo,
859 4833 1060 4904 inquit,
1092 4829 1226 4886 vobis
1257 4845 1346 4884 cor
1367 4844 1550 4882 nouum
1569 4870 1585 4894 ,
1612 4837 1660 4882 et
1683 4829 1912 4898 spiritum
1933 4846 2030 4884 no-

464 4948 581 4988 uum
635 4929 658 4963 ⁸
686 4927 814 4983 dabo
855 4926 1013 4983 vobis.
1053 4921 1314 4994 Numquid
1358 4921 1580 4992 potestis
1621 4919 1830 4986 dicere,
1879 4921 2030 4976 Prius

484 5105 570 5150 iter
605 5108 704 5158 eos,
723 5095 856 5160 quod
877 5100 1039 5144 tamen
1058 5090 1106 5140 ιιι
1132 5087 1466 5150 musa-inus
1500 5093 1554 5136 et
1588 5063 1918 5136 innectitele
1945 5086 2032 5138 ha-

499 5170 704 5281 ⁰ἓ¹³ἔιὶίιι
728 5211 1099 5281 aerarium
1139 5217 1197 5281 At
1225 5215 1370 5281 ηερ-ν
1406 5204 1696 5281 sperabitur;
1729 5213 1891 5281 sese

463 5267 815 5344 ειῃαῖιῦιξὲἁαιξ
830 5267 908 5344 :Et
936 5274 1058 5324 intra
1079 5285 1153 5344 _ex
1177 5271 1395 5344 hoc_ipso
1413 5267 1519 5344 leno
1817 5272 2008 5344 Augusti

466 5329 776 5393 hagistiam
796 5338 931 5388 idem
967 5335 1159 5400 passive
1180 5329 1388 5398 positum
1405 5332 1606 5394 repetit,
1641 5337 1690 5382 et
1707 5329 2032 5395 operabiuttur

464 5401 817 5463 etmtmientur.
1029 5458 1042 5463 _
1135 5457 1147 5463 Α
1221 5462 1228 5463 ί
1418 5459 1428 5463 Δ
1503 5452 1514 5463 ,

529 5465 550 5496 ι
580 5462 802 5511 Gallicani
846 5467 900 5511 et
942 5457 1150 5508 Vatimni
1195 5462 1299 5519 uss
1319 5489 1332 5512 .
1382 5459 1428 5503 et
1471 5457 1514 5504 si
1557 5465 1651 5504 non
1693 5465 1744 5504 se
1787 5464 2031 5519 corrigen-

466 5523 548 5575 do.
573 5529 627 5582 Et
647 5519 955 5582 intrujttittit
978 5519 1050 5570 sic
1069 5513 1234 5568 euertit
1251 5515 1391 5564 lianc.

533 5575 710 5641 δελιιιι,
747 5575 968 5644 spiritum
1003 5591 1179 5629 meum.
1224 5583 1352 5637 uss,
1386 5587 1586 5638 norum;
1609 5575 1846 5640 quomodo
1868 5587 1940 5638 stt;
1957 5587 2027 5634 ra,

466 5657 549 5696 τοι·
576 5653 766 5692 nouum.

1054 311 1326 370 CONTRA
1368 307 1545 366 DUAS
1585 307 1951 365 EPlSTOLAS
1977 306 2530 378 PELAGIANORUM,
2575 305 2632 368 s.
2674 311 3034 371 sucusrm
3411 265 3488 362 ί

3602 319 3710 376 σεο

2143 421 2524 478 ambulavimus
2567 439 2618 478 ιιι
2663 421 3128 494 justiiicationibus
3171 425 3320 495 ejus,
3364 437 3416 482 ct
3453 429 3711 498 judicium

2139 511 2254 579 ejus
2276 510 2670 566 observavimus
2689 553 2704 579 ,
2728 521 2780 568 et
2809 511 3029 568 iecimus
3049 523 3106 568 ut
3133 513 3274 584 digni
3301 529 3567 584 essemus,
3588 521 3710 588 qui-

2140 598 2239 654 bus
2265 599 2281 632 ²
2307 599 2529 669 gratiam
2576 613 2725 654 suam
2763 600 2951 656 daret?
2973 600 3109 670 Quid
3145 602 3286 656 enim
3317 603 3438 657 lxmi
3470 603 3714 663 faceretis

2139 687 2383 745 homines
2413 691 2574 755 mali;
2615 700 2669 746 et
2697 691 2964 760 quomodo
3003 691 3104 746 ista
3135 691 3271 746 bona
3299 692 3571 761 faceretis,
3608 697 3711 752 nisi

2139 780 2260 836 boni
2288 783 2516 836 essetis?
2543 781 2608 838 Ut
2637 790 2811 836 autem
2842 781 3082 838 homines
3107 783 3214 836 sint
3234 783 3389 850 boni,
3421 785 3539 854 quis
3567 786 3706 851 facit,

2137 872 2237 926 nisi
2265 872 2354 926 ille
2373 873 2462 942 qui
2490 871 2644 938 dixit,
2677 871 2742 926 Et
2771 873 2978 926 uisitabo
2997 886 3081 928 eos
3099 915 3116 940 ,
3139 883 3194 927 ut
3209 889 3293 927 eos
3318 875 3472 929 bonos
3493 877 3712 944 faciam;

2137 970 2192 1018 et
2214 963 2302 1033 qui
2330 963 2461 1018 dixit
2483 1005 2498 1028 ,
2527 963 2776 1034 Spiritum
2815 979 2980 1018 meum
3003 965 3134 1018 dabo
3171 967 3224 1019 in
3249 967 3413 1033 vobis,
3453 978 3500 1020 et
3525 970 3710 1038 faciant

2135 1053 2270 1105 utin
2307 1053 2752 1122 justiﬁcationibus
2789 1054 2910 1108 meis
2949 1055 3237 1122 ambuletis,
3283 1065 3330 1109 et
3354 1058 3556 1127 judicia
3601 1075 3711 1111 mea

2135 1141 2396 1196 observetis
2436 1153 2482 1195 et
2509 1143 2749 1213 faciatis?
2789 1143 2935 1198 Italae
2978 1143 3212 1198 nondum
3256 1147 3710 1214 evigilatis‘inono

2133 1228 2259 1284 dum
2279 1231 2501 1295 auditis,
2536 1229 2744 1285 Faciam
2777 1239 2832 1285 ut
2867 1233 3162 1300 ambuletis,
3188 1233 3376 1301 faciam
3413 1243 3466 1287 ut
3485 1235 3710 1291 observe-

2135 1319 2232 1384 tis,
2278 1328 2580 1388 postremo,
2629 1320 2813 1391 faciam
2855 1331 2912 1374 ut
2955 1321 3196 1392 faciatis?
3233 1321 3370 1389 Quid
3413 1322 3586 1378 adhuc
3615 1339 3710 1379 vos

2134 1406 2367 1463 inﬂatis?
2392 1408 2498 1464 Nos
2523 1409 2732 1480 quidem
2758 1410 3112 1477 ambulamus,
3135 1425 3317 1466 verum
3347 1421 3459 1476 est;
3489 1428 3586 1468 nos
3615 1414 3708 1470 ob-

2131 1514 2408 1556 servamus
2429 1540 2442 1564 ,
2473 1516 2570 1556 nos
2599 1499 2816 1555 facimus
2843 1516 2856 1552 :
2887 1501 2980 1556 sed
3009 1501 3098 1556 lite
3123 1500 3246 1556 facit
3274 1509 3331 1556 ut
3351 1503 3700 1570 ambulemus,

2134 1595 2191 1642 ut
2211 1588 2588 1655 observemus,
2622 1596 2680 1644 ut
2720 1588 2990 1644 Eiciamus.
3021 1589 3146 1645 lianc
3172 1599 3255 1645 est
3281 1592 3446 1661 gratia
3489 1591 3583 1646 Dei
3613 1593 3708 1648 bo-

2133 1693 2230 1734 nos
2276 1679 2471 1734 faciens
2515 1693 2641 1746 nos,
2671 1679 2783 1734 haec
2825 1688 2907 1735 est
2949 1679 3310 1735 misericordia
3355 1682 3471 1750 ejus
3499 1697 3702 1750 prtere-

2131 1768 2284 1823 niens
2331 1783 2446 1823 nos.
2471 1767 2606 1836 Quid
2638 1776 2906 1824 merentur
2948 1769 3190 1834 deSerta,
3229 1779 3284 1825 et
3321 1773 3698 1838 exterminata,

2131 1865 2184 1912 et
2211 1855 2436 1920 effossa;
2481 1871 2600 1926 quae
2630 1865 2806 1912 tamen
2846 1857 3278 1924 mditicabuntu‘r,
3313 1867 3368 1914 et
3407 1862 3701 1929 open-abun-

2131 1953 2245 2013 tur,
2276 1955 2330 2002 et
2372 1947 2710 2002 muniantur?
2737 1947 3002 2018 Numquid
3029 1948 3143 2003 haec
3171 1963 3268 2019 pro
3288 1950 3491 2004 meritis
3513 1951 3697 2006 deser-

2130 2037 2321 2103 tiouis,
2353 2039 2834 2102 cxterminationis,
2879 2039 3180 2094 cﬂ‘ossiouis
3217 2041 3370 2094 sum?
3396 2040 3564 2094 Absit.
3599 2043 3696 2098 Ista

2129 2126 2267 2178 enim
2294 2126 2482 2180 merita
2512 2126 2646 2181 mala
2675 2135 2826 2193 sunt,
2855 2126 2967 2180 hinc
2999 2139 3214 2181 munera
3244 2127 3402 2182 bona.
3449 2127 3696 2186 Reddun-

2128 2223 2216 2270 tur
2246 2215 2423 2286 itaque
2450 2215 2605 2270 malis
2633 2216 2772 2271 bona
2802 2235 2815 2270 :
2843 2217 3064 2286 gratuita
3087 2231 3248 2286 ergo,
3272 2232 3376 2271 non
3405 2217 3616 2284 debita;
3647 2231 3698 2276 ct

2129 2306 2250 2362 ideo
2300 2307 2488 2378 gratia.
2529 2307 2676 2379 Ego,
2722 2308 2892 2378 inquit
2934 2309 3218 2376 Dominus,
3269 2307 3382 2380 Ego
3433 2309 3694 2367 Dominus.

2127 2396 2312 2465 Nonne
2354 2408 2406 2453 te
2449 2400 2551 2456 ista
2577 2414 2681 2455 vox
2719 2397 3052 2468 comprimit,
3099 2413 3134 2453 ο
3164 2398 3391 2453 humana
3419 2401 3694 2470 superbia,

2128 2503 2246 2558 quae
2269 2487 2401 2542 dicis
2421 2529 2436 2554 ,
2468 2489 2582 2558 Ego
2621 2487 2792 2556 facio,
2825 2497 2882 2543 ut
2908 2503 3116 2544 merear
3141 2503 3172 2542 a
3203 2489 3424 2544 Domino
3451 2490 3696 2549 a-diticuri

2127 2585 2286 2648 atque
2316 2577 2578 2646 plautari‘t
2602 2577 2786 2634 Nonne
2813 2577 2992 2644 audis,
3026 2576 3145 2632 Non
3171 2587 3374 2649 propter
3392 2595 3477 2633 eos
3503 2597 3592 2650 ego
3618 2584 3690 2651 fac

2127 2669 2205 2724 cio
2231 2685 2252 2726 :
2280 2667 2394 2741 Ego
2423 2669 2671 2724 Dominus
2707 2671 2954 2739 ardificaoi
2990 2670 3300 2736 destructas,
3343 2672 3565 2741 plantaei
3607 2687 3695 2734 ea:

2129 2762 2420 2816 terminatus
2439 2777 2458 2816 :
2488 2759 2602 2832 Ego
2645 2759 2892 2816 Dominus
2929 2763 3126 2816 locutus
3151 2778 3262 2816 sum
3284 2802 3298 2826 ,
3328 2772 3373 2816 et
3402 2763 3498 2833 feci
3543 2779 3562 2817 :
3599 2780 3695 2817 non

2129 2860 2302 2906 tamen
2333 2862 2534 2923 propter
2554 2867 2640 2906 vos
2657 2892 2674 2918 ,
2701 2851 2790 2906 sed
2815 2861 3019 2922 propter
3046 2867 3226 2906 nomen
3247 2868 3410 2906 meum
3429 2852 3697 2906 sanctum!

2126 2941 2255 3010 Quis
2281 2941 2592 3012 multiplicat
2613 2942 2750 2999 sicut
2785 2957 2917 2996 oves
2939 2941 3211 3006 homines,
3244 2941 3378 2996 sicut
3405 2956 3533 2997 oves
3569 2958 3694 2997 san-

2126 3041 2274 3100 ctas,
2320 3034 2457 3089 sicut
2493 3048 2621 3089 oves
2648 3033 2942 3090 Jerusalem
2974 3048 2988 3086 :
3019 3033 3136 3100 quis
3188 3031 3310 3087 facit
3351 3041 3407 3086 ut
3459 3033 3696 3088 civitates

2125 3123 2230 3179 illae
2257 3123 2506 3178 desolatas
2531 3124 2701 3192 plene
2717 3123 2824 3178 sint
2841 3122 3018 3176 ovium
3043 3121 3313 3176 hominum
3331 3164 3346 3188 ,
3379 3123 3477 3177 nisi
3500 3123 3587 3176 ille
3608 3122 3692 3191 qui

2125 3215 2366 3285 sequitur
2401 3222 2456 3270 et
2497 3215 2655 3280 dicit,
2705 3213 2769 3268 Et
2801 3215 2959 3269 scient
3000 3215 3118 3284 quia
3153 3230 3245 3284 ego
3276 3213 3559 3268 Dominus?
3591 3213 3693 3270 Sed

2126 3306 2316 3376 quibus
2343 3305 2529 3360 ovibus
2551 3304 2849 3360 hominibus
2875 3305 3089 3374 implet,
3122 3305 3273 3360 sicuti
3295 3313 3375 3360 est
3399 3305 3692 3374 pollicitus,

2126 3395 2398 3463 civitates,
2443 3406 2619 3450 utrum
2656 3409 2792 3466 quas
2833 3395 3066 3461 invenit,
3109 3408 3176 3448 an
3204 3408 3336 3464 quas
3362 3394 3695 3448 facitipsal-

2126 3502 2271 3542 mum
2301 3489 2716 3557 interrogemus;
2743 3501 2868 3542 ecce
2896 3484 3182 3555 respondet
3200 3525 3214 3549 ,
3242 3485 3518 3539 audiamus
3545 3501 3558 3539 :
3595 3481 3694 3538 Ve-

2127 3570 2258 3634 nite,
2314 3569 2578 3624 adoremus
2615 3577 2661 3622 et
2699 3567 3020 3639 procidamus
3043 3567 3124 3634 ei,
3164 3576 3210 3620 et
3250 3568 3503 3638 ploremus
3541 3575 3655 3621 ante
3672 3569 3695 3600 '

2129 3659 2401 3714 Dominum
2439 3659 2526 3730 qui
2550 3658 2670 3728 fecit
2708 3673 2832 3724 nos;
2864 3657 2985 3728 quia
3008 3658 3116 3727 ipse
3147 3665 3218 3710 est
3242 3655 3378 3709 Deus
3407 3666 3607 3720 noster,
3649 3665 3698 3710 et

2127 3765 2220 3804 nos
2257 3747 2474 3820 populus
2512 3763 2714 3818 pascuus
2756 3748 2899 3815 ejus,
2937 3755 2986 3802 et
3007 3762 3121 3802 oues
3149 3762 3327 3800 manus
3373 3745 3482 3816 ejus
3523 3744 3694 3814 (1)ιηί.

2127 3855 2282 3907 χειν,
2313 3840 2347 3898 6
2373 3851 2418 3894 et
2442 3841 2520 3912 7).
2549 3839 2666 3908 Ipse
2693 3839 2853 3909 igitur
2873 3836 3000 3894 facit
3031 3851 3160 3892 oves
3177 3879 3194 3904 ,
3219 3837 3408 3907 quibus
3432 3837 3697 3891 desolatas

2127 3930 2342 4000 impleat
2355 3929 2612 3984 civitates.
2637 3927 2774 3997 Quid
2794 3929 2985 4002 mirum
3001 3929 3026 3983 τ
3043 3927 3472 3996 Quandoquidem
3491 3926 3563 3980 illi
3582 3927 3697 3980 uui-

2127 4035 2204 4076 (ιω
2247 4021 2328 4075 ovi
2377 4019 2601 4086 dicitur,
2632 4017 2734 4072 hoc
2775 4023 2907 4096 est,
2937 4016 3225 4082 Ecclesiae,
3258 4015 3410 4085 cujus
3461 4014 3694 4068 membra

2128 4121 2251 4166 sunt
2299 4125 2487 4165 omnes
2510 4123 2637 4165 oves
2665 4109 2906 4163 homines
2951 4125 2965 4160 :
3011 4106 3269 4174 Quoniam
3299 4120 3396 4174 ego
3449 4120 3566 4158 sum
3596 4105 3697 4158 Do-

2129 4202 2304 4257 minus
2325 4202 2414 4272 qui
2444 4201 2577 4256 facio
2605 4211 2678 4256 te.
2709 4199 2844 4268 Quid
2878 4199 3005 4252 mihi
3029 4196 3275 4252 obtendis
3304 4197 3526 4251 liberum
3551 4195 3696 4249 arbi-

2131 4292 2324 4358 trium,
2372 4291 2513 4361 quod
2559 4290 2628 4345 ad
2671 4289 2964 4346 faciendam
3007 4289 3262 4355 justitiam
3307 4287 3527 4340 liberum
3587 4301 3693 4339 non

2129 4385 2247 4448 erit,
2281 4383 2382 4438 nisi
2407 4382 2521 4438 ovis
2545 4381 2708 4436 fueris
2732 4380 2791 4435 'i
2816 4379 2915 4448 Qui
2943 4377 3066 4433 facit
3093 4377 3251 4446 igitur
3273 4389 3400 4430 oves
3425 4375 3660 4429 homines
3676 4415 3694 4440 ,

2131 4473 2244 4544 ipse
2273 4473 2341 4528 ad
2369 4471 2724 4528 obedientiam
2749 4469 2961 4541 pietatis
2997 4465 3251 4522 humanas
3295 4465 3484 4520 liberat
3509 4465 3696 4520 volun-

2131 4571 2282 4619 tates.

2204 4653 2288 4708 ω.
2321 4652 2427 4709 Sed
2465 4666 2628 4722 quare
2655 4651 2787 4705 istos
2830 4647 3070 4703 homines
3107 4660 3235 4703 oves
3270 4645 3426 4710 iacit,
3473 4653 3526 4699 et
3568 4643 3700 4698 istos

2132 4759 2238 4800 non
2267 4742 2422 4810 facit,
2452 4741 2589 4812 apud
2617 4754 2773 4811 quem
2815 4753 2921 4794 non
2965 4745 3044 4793 est
3074 4735 3308 4804 acceptio
3349 4748 3696 4805 personarum

2137 4835 2307 4906 (Rom.
2339 4851 2405 4898 tt,
2436 4832 2564 4903 il)?
2608 4834 2722 4902 Ipsa
2747 4839 2830 4888 est
2870 4831 3122 4900 qumstio,
3167 4844 3323 4899 quam
3351 4828 3537 4880 beatus
3558 4828 3700 4896 Apo-

2132 4926 2300 4981 stolus
2322 4923 2580 4980 curiosius
2606 4936 2762 4993 quam
2803 4921 3046 4989 capacius
3069 4917 3484 4988 proponentibus
3513 4916 3579 4969 ait
3599 4958 3612 4979 ,
3657 4914 3702 4968 Ο

2133 5017 2315 5082 homo,
2363 5025 2418 5068 tu
2459 5013 2570 5082 quis
2591 5028 2642 5066 es
2677 5020 2730 5066 ut
2763 5009 3062 5081 respondeas
3089 5007 3194 5062 Deo
3215 5006 3241 5060 ?
3285 5005 3550 5075 Numquid
3587 5006 3706 5058 dicit

2133 5107 2421 5176 figmentum
2441 5104 2484 5158 ei
2509 5103 2594 5174 qui
2623 5119 2677 5157 se
2705 5101 2884 5170 finxit,
2913 5100 3080 5166 Quare
3105 5099 3174 5153 sic
3197 5113 3274 5151 nte
3297 5096 3456 5171 fecisti
3479 5093 3585 5165 (Id.
3613 5109 3662 5148 ιιι
3687 5135 3704 5159 ,

2131 5195 2261 5267 20)?
2284 5193 2400 5266 Ipsa
2429 5201 2514 5250 est
2541 5193 2765 5264 quaestio
2783 5233 2800 5258 ,
2821 5205 2938 5260 quae
2959 5189 3025 5243 ad
3048 5188 3193 5242 illam
3220 5187 3447 5257 pertinet
3465 5183 3701 5240 altitudi-

2197 5394 2228 5467 ξ.
2241 5397 2290 5441 ιιι
2309 5397 2381 5450 ιι..
2401 5397 2458 5467 ut
2481 5390 2622 5467 digni
2637 5401 2866 5449 «sem,
2885 5395 2937 5440 ut
2957 5385 3146 5452 quibus.
3181 5391 3256 5434 Er.
3292 5382 3441 5448 Lugd.
3469 5391 3588 5434 ven.
3623 5395 3702 5432 so-

2133 5459 2230 5504 cnti
2251 5465 2434 5503 sumus.
2499 5459 2556 5501 tu.

2197 5519 2370 5580 ῗίθῖτν
2393 5513 2477 5580 ad:
2505 5513 2589 5562 Am
2754 5519 2806 5561 εί
2821 5515 3104 5580 ﬂuuii“;
3137 5569 3170 5580 -.
3266 5567 3276 5578 .
3540 5563 3555 5580 ρ

2193 5563 2458 5685 :Gal’li'cani
2484 5581 2611 5635 ttss.,
2635 5574 2729 5624 nisi
2769 5573 2867 5624 ovis
2887 5563 3048 5634 fuerit.
3075 5567 3277 5618 Vaticani
3315 5573 3442 5623 uss,
3463 5563 3556 5615 nisi
3587 5563 3697 5614 ιιι.-

2137 5651 2195 5686 ra
2215 5649 2290 5684 am
2311 5651 2404 5686 .uci
2419 5647 2476 5684 tt.

2215 5668 2290 5684 00”.
2333 5668 2401 5685 “Si
2419 5668 2476 5684 ιι.
