4014 6184
296 426 395 489 Si!

298 557 452 609 nem,
482 555 640 614 quam
668 539 970 612 perspicere
994 536 1177 595 volens
1225 534 1365 611 idem
1404 537 1675 606 apostolus
1693 575 1708 601 ,
1741 551 1875 609 quo-

296 635 421 692 dam
448 632 608 689 modo
630 631 873 702 expavit,
894 639 948 687 et
975 630 1289 685 exclamavit
1315 645 1329 683 :
1367 627 1410 682 ο
1433 628 1644 687 altitudo
1678 629 1877 690 divitia-

298 742 410 779 rum
446 724 706 793 sapientia:
732 730 776 775 et
799 720 1019 775 scientia
1055 717 1187 773 Dei!
1213 734 1363 788 quam
1387 717 1732 779 inscrutabitia
1761 724 1877 771 sunt

290 815 491 886 judicia
519 815 660 885 ejus,
707 822 753 865 et
777 810 1139 882 investigabilcs
1161 810 1254 865 vita
1282 810 1427 880 ejus!
1459 804 1754 876 Quis'euim
1789 824 1879 860 ro-

297 905 469 975 gnovit
526 918 725 959 sensum
790 900 1036 955 Domini?
1094 910 1182 954 aut
1228 899 1342 969 quis
1391 899 1708 953 consiliarius
1768 902 1879 967 ejus

299 996 399 1066 fuit
418 995 445 1048 ?
466 992 567 1047 Aut
602 994 714 1063 quis
740 991 878 1061 prior
902 990 1038 1044 dedit
1074 989 1183 1055 illi,
1212 1000 1260 1046 et
1283 990 1580 1044 retribuetur
1616 989 1697 1045 si?
1736 987 1880 1055 Quo-

304 1083 446 1137 uiam
485 1100 546 1137 ea:
573 1084 713 1154 ipso,
756 1091 803 1136 et
846 1097 933 1152 per
968 1080 1162 1150 ipsum,
1214 1088 1261 1135 et
1287 1080 1341 1133 in
1384 1080 1494 1149 ipso
1520 1091 1634 1133 sunt
1678 1078 1882 1135 omnia:

301 1174 401 1243 ipsi
420 1172 580 1243 gloria
601 1171 653 1224 in
672 1170 857 1225 sa‘cula
884 1167 1181 1224 mulorum
1208 1166 1384 1239 (Rom.
1417 1184 1496 1233 xl,
1526 1167 1738 1233 53-56).
1763 1167 1878 1222 Non

304 1265 486 1333 itaque
515 1262 667 1318 istam
700 1260 923 1316 scrutari
952 1259 1181 1313 audeant
1204 1259 1598 1315 inscrutabilem
1625 1259 1881 1328 quatstio-

302 1368 426 1410 nem
451 1394 468 1419 ,
498 1350 587 1424 qui
623 1351 870 1404 meritum
892 1359 1016 1404 ante
1039 1349 1260 1418 gratiam
1278 1388 1293 1414 ,
1322 1357 1378 1404 et
1416 1348 1534 1404 ideo
1557 1348 1667 1418 jam
1696 1357 1881 1403 contra

301 1444 527 1515 gratiam
571 1440 947 1507 defendentes,
1002 1439 1206 1508 priores
1254 1438 1437 1492 volunt
1479 1438 1607 1493 dare
1633 1438 1774 1506 Deo,
1828 1447 1886 1493 ut

305 1536 633 1595 relribuatur
654 1533 766 1599 eis;
798 1530 1004 1602 priores
1044 1530 1221 1600 utique
1262 1528 1391 1584 dare
1427 1528 1697 1599 quodlibet
1728 1544 1793 1584 ex
1824 1528 1885 1583 li-

200 1622 203 1629 ’
303 1627 439 1682 itero
463 1623 684 1681 arbitrio
706 1665 722 1690 ,
754 1632 813 1678 ut
851 1622 921 1676 sit
946 1621 1110 1692 gratia
1138 1620 1476 1676 retribuenda
1506 1636 1602 1690 pro
1628 1621 1880 1691 praemio:

301 1725 361 1771 et
403 1714 669 1783 sapienter
695 1710 1024 1781 intelligant,
1071 1710 1155 1764 vel
1185 1709 1409 1764 ﬁdeliter
1446 1709 1694 1776 credant,
1722 1710 1882 1767 etiam

303 1804 451 1875 quod
476 1818 535 1859 se
563 1810 783 1873 putant,
811 1800 1016 1870 priores
1042 1798 1284 1865 dedisse,
1315 1798 1383 1853 ab
1410 1799 1501 1854 illo
1528 1814 1593 1863 ex
1622 1815 1728 1871 quo
1763 1810 1886 1856 sunt

304 1895 521 1959 omnia,
561 1906 658 1948 Der
680 1904 837 1961 quem
876 1896 1001 1944 sunt
1041 1888 1217 1943 omnia
1239 1928 1255 1953 ,
1288 1887 1341 1942 in
1369 1904 1476 1958 quo
1503 1897 1627 1951 sunt
1666 1891 1842 1945 omnia
1867 1931 1883 1955 ,

310 1983 633 2054 percepisse.
660 1979 766 2037 Cur
786 1987 961 2034 autem
992 1978 1092 2033 iste
1108 1978 1367 2047 accipiat,
1398 1978 1489 2036 ille
1513 1994 1618 2034 non
1644 1980 1884 2050 accipiat,

306 2090 433 2131 cum
458 2074 615 2129 ambo
662 2087 768 2127 non
808 2078 1114 2127 mereantur
1137 2069 1380 2139 accipere
1400 2109 1415 2133 ,
1446 2077 1501 2129 et
1527 2070 1764 2139 quisquis
1792 2084 1886 2125 eo-

311 2182 432 2221 rum
475 2164 739 2235 acceperit
765 2163 816 2231 ³,
847 2161 1084 2218 indebite
1124 2161 1382 2231 accipiat,
1429 2162 1572 2217 vires
1608 2176 1733 2217 suas
1779 2178 1888 2215 me-

311 2256 530 2321 tiantur,
561 2263 616 2310 et
644 2253 862 2308 fortiora
888 2266 947 2307 se
977 2266 1083 2305 non
1106 2259 1409 2306 scrutentur
1441 2249 1624 2322 (Eccli.
1655 2267 1710 2309 ιιι
1732 2292 1745 2316 ,
1771 2250 1885 2321 22).

310 2345 550 2401 Sufﬁciat
585 2346 662 2400 eis
692 2344 828 2399 scire
849 2342 990 2413 quod
1018 2357 1121 2396 non
1152 2343 1222 2397 sit
1262 2341 1511 2413 iniquitas
1537 2342 1675 2412 apud
1704 2343 1886 2397 Deum.

309 2436 444 2492 Cum
471 2435 611 2490 enim
638 2433 783 2489 nulla
817 2433 1007 2489 merita
1034 2432 1326 2488 invenisset
1350 2433 1640 2502 Apostolus
1657 2474 1672 2498 ,
1701 2432 1890 2501 quibus

312 2524 478 2580 Jacob
521 2516 791 2594 geminum
839 2521 981 2591 apud
1035 2521 1201 2577 Deum
1256 2521 1582 2591 praecederet
1627 2520 1886 2576 fratrem:

315 2613 458 2681 Quid
495 2628 615 2685 ergo
641 2612 892 2674 dicemus,
936 2610 1143 2680 inquit?
1171 2609 1414 2681 numquid
1456 2619 1527 2664 est
1568 2611 1706 2680 apud
1732 2609 1893 2663 Deum

313 2704 592 2774 iniquitas?
624 2701 781 2757 Absit.
810 2699 982 2772 Moysi
1005 2701 1139 2756 enim
1165 2701 1284 2755 dicit
1312 2714 1331 2755 :
1365 2699 1641 2755 Miserebor
1669 2701 1751 2754 cui
1797 2700 1893 2753 mi-

313 2801 478 2848 sertus
520 2807 642 2857 ero;
685 2801 730 2846 et
775 2791 1168 2846 misericordiam
1207 2789 1454 2861 prazstabo
1491 2790 1575 2843 cui
1612 2789 1893 2843 misericors

314 2889 480 2957 fuero.
506 2882 674 2955 Igitur
712 2897 811 2938 non
826 2883 1064 2949 volentis,
1106 2898 1261 2951 neque
1298 2881 1574 2943 currentis,
1627 2880 1715 2935 sed
1744 2879 1892 2932 mise-

314 2977 471 3032 rentis
493 2964 565 3030 est
590 2975 705 3030 Dei.
733 2975 896 3031 Grata
921 2974 990 3029 sit
1016 2988 1143 3044 ergo
1167 2972 1322 3028 nobis
1361 2972 1480 3043 eius
1524 2970 1747 3042 gratuita
1791 2971 1892 3024 mi-

317 3068 549 3135 seratio,
574 3067 780 3123 etiamsi
822 3066 937 3123 haec
962 3064 1221 3137 profunda
1276 3064 1501 3137 insoluta
1547 3064 1617 3120 sit
1644 3061 1891 3133 quaastio.

315 3159 450 3229 Quae
493 3167 667 3213 tamen
711 3165 933 3214 eatenus
975 3156 1236 3220 solvitur,
1280 3164 1535 3224 quatenus
1579 3168 1697 3209 eam
1740 3151 1899 3207 solvit

321 3250 461 3306 idem
491 3247 793 3320 apostolus,
840 3248 1060 3305 dicens:
1090 3238 1152 3303 Si
1176 3254 1340 3300 autent
1368 3244 1503 3300 Deus
1530 3244 1699 3299 valens
1730 3253 1897 3298 astam

319 3342 439 3397 dere
487 3344 614 3396 iram
659 3350 706 3397 et
733 3341 1079 3397 demonstrare
1108 3339 1381 3410 potentiam
1413 3353 1557 3392 suam
1577 3378 1593 3404 ,
1639 3336 1806 3390 attulit
1844 3335 1898 3391 in

321 3432 482 3486 multa
508 3431 749 3501 patientia
773 3446 894 3485 uasa
933 3430 1024 3484 ire
1041 3470 1057 3496 ,
1097 3442 1210 3498 quin
1255 3430 1474 3498 perfecta
1500 3435 1617 3479 sunt
1645 3427 1697 3479 in
1724 3424 1897 3496 perdi-

321 3523 540 3587 tionem,
575 3530 623 3575 et
648 3530 699 3575 ut
720 3529 864 3575 notas
890 3524 1074 3592 faceret
1112 3517 1312 3573 divitias
1355 3516 1532 3587 glorise
1568 3531 1673 3569 sum
1698 3515 1752 3569 in
1782 3530 1901 3567 vasa

323 3612 709 3678 miser-iremus,
746 3625 860 3682 qua
882 3608 1185 3681 prwparavit
1227 3608 1279 3663 in
1315 3606 1532 3678 gloriam
1583 3604 1756 3677 (Rom.
1804 3619 1859 3658 ιχ
1881 3643 1898 3668 ,

326 3705 511 3772 u-lﬁ,
532 3703 622 3770 22,
638 3704 750 3774 23).
769 3703 850 3759 Ira
866 3702 1061 3773 quippe
1087 3716 1192 3756 non
1216 3700 1474 3766 redditur,
1492 3699 1594 3754 nisi
1609 3698 1806 3762 debita,
1835 3712 1903 3752 ne

320 3797 394 3851 sit
410 3777 660 3866 iniquitas
679 3794 816 3866 apud
838 3795 1000 3851 Deum
1033 3810 1046 3845 :
1079 3790 1439 3847 misericordia
1459 3803 1586 3845 vero
1606 3789 1764 3844 etiam
1780 3803 1901 3842 cum

327 3886 593 3954 praebetur
620 3885 881 3948 indebita,
912 3899 1016 3939 non
1043 3892 1125 3939 est
1166 3882 1414 3951 iniquitas
1453 3879 1590 3949 apud
1622 3879 1808 3934 Deum.
1841 3879 1905 3931 Et

324 3973 453 4030 hinc
497 3974 792 4045 intelligunt
836 3987 959 4028 vasa
988 3968 1401 4033 misericordiae,
1453 3982 1611 4037 quam
1632 3965 1857 4036 gratuita
1882 3966 1902 3998 ³

327 4064 433 4120 illis
454 4061 817 4120 misericordia
846 4061 1161 4132 praebeatur,
1187 4057 1327 4128 quod
1355 4057 1446 4111 ira:
1472 4055 1614 4112 vasis
1638 4070 1757 4110 cum
1784 4053 1904 4124 qui-

325 4154 429 4208 bus
454 4161 539 4208 est
582 4153 660 4207 eis
707 4150 1017 4221 perditionis
1061 4163 1219 4203 causa
1249 4156 1301 4202 et
1352 4159 1523 4200 massa
1571 4145 1901 4207 communis,

326 4245 405 4298 ira
436 4243 611 4299 debita
636 4252 690 4297 ct
712 4242 852 4312 justa
882 4239 1207 4312 rependitur.
1239 4237 1365 4292 [hcc
1384 4237 1495 4306 jam
1525 4236 1653 4290 satis
1681 4236 1783 4289 sint
1808 4234 1906 4287 ad-

332 4348 519 4389 versus
559 4347 682 4400 eos,
727 4339 814 4402 qui
844 4347 939 4401 per
964 4329 1165 4385 arbitrii
1194 4327 1488 4382 libertatem
1515 4324 1788 4380 destruere
1819 4340 1910 4377 vo-

329 4425 447 4483 lunt
472 4425 655 4495 gratiae
686 4424 1000 4494 largitatem.

402 4514 626 4573 CAPUT
642 4514 824 4573 Vll.—-
839 4513 923 4567 l7.
947 4511 1019 4565 De
1035 4509 1183 4565 laude
1196 4516 1500 4562 sanctorum.
1522 4505 1652 4564 Eccl:
1666 4506 1742 4559 sia
1760 4504 1910 4574 hujus

328 4608 571 4678 tanporis
596 4623 694 4659 non
722 4615 793 4659 est
818 4604 924 4659 sine
947 4601 1144 4656 macula
1169 4607 1217 4653 et
1259 4614 1405 4668 ruga.
1438 4595 1648 4650 Insidiae
1675 4593 1911 4663 Pelagiu-

332 4712 531 4753 norum.
576 4694 729 4763 Quod
760 4709 886 4749 vero
914 4692 1065 4747 laude
1092 4698 1425 4755 sanctorum,
1472 4687 1657 4741 nolunt
1700 4702 1796 4740 nos
1832 4685 1911 4739 al-

332 4786 478 4842 l'ectu
526 4786 664 4841 illius
696 4783 961 4839 Publicani
989 4780 1190 4836 esurire
1231 4787 1286 4835 et
1310 4779 1456 4833 sitire
1494 4776 1782 4847 jusﬁtiam‘,
1816 4774 1911 4831 scd

337 4877 571 4930 vanitate
596 4875 734 4928 illius
764 4871 1015 4929 Pharisaei
1046 4880 1292 4938 tanquam
1320 4874 1584 4931 saturatos
1622 4866 1913 4936 plenusque

334 4976 550 5021 ructare
593 4963 740 5036 (Luc.
773 4978 945 5027 xvnt,
975 4959 1193 5030 10-”);
1240 4957 1363 5027 quid
1409 4958 1487 5012 eis
1516 4955 1732 5026 prodest
1770 4953 1912 5025 quod

331 5055 593 5113 adversus
634 5053 984 5117 Mauicltteos,
1035 5050 1121 5121 qui
1166 5049 1431 5120 Baptisms
1483 5046 1788 5108 destruunt,
1829 5044 1913 5098 isti

333 5150 551 5212 dicunt,
586 5164 605 5196 ι
635 5145 903 5214 Baptismo
942 5140 1170 5211 perfecte
1200 5139 1443 5194 homines
1466 5135 1734 5199 innovari,
1765 5153 1785 5186 ι
1833 5142 1916 5187 at-

334 5253 443 5307 que
470 5235 538 5291 ad
566 5235 666 5290 hoc
686 5233 925 5303 Apostoli
954 5231 1204 5287 adhibent
1230 5227 1585 5284 testimonium
1605 5267 1619 5289 ,
1652 5243 1671 5276 ι
1702 5223 1787 5295 qui
1821 5236 1916 5291 per

338 5328 608 5385 lavacrum
635 5339 785 5394 aqua:
828 5322 1116 5385 Ecclesium
1145 5320 1212 5374 tle
1246 5318 1489 5390 gentibus
1526 5323 1763 5370 sanctam
1800 5312 1917 5367 ﬁeri

336 5415 838 5483 immaculatamque
879 5420 1098 5467 testatur
1127 5428 1147 5462 ι
1175 5408 1390 5480 (Ephes.
1421 5423 1452 5460 v
1472 5447 1488 5474 ,
1517 5405 1644 5475 26)‘;
1675 5419 1793 5459 cum
1820 5416 1916 5457 su-

339 5508 509 5579 perbo
553 5520 713 5569 sensu
759 5515 919 5576 atque
944 5516 1194 5574 perverso
1222 5509 1403 5556 contra
1449 5499 1714 5565 orationes
1752 5495 1917 5564 ipsius

406 5697 422 5727 ¹
449 5693 591 5752 aditi,
625 5694 900 5752 acceperat.
931 5689 1093 5752 Aptius
1124 5695 1227 5752 διες.
1249 5721 1264 5745 ,
1297 5682 1551 5752 acceperit.

404 5757 426 5788 ²
448 5740 590 5811 aditi;
612 5740 722 5805 eum
740 5740 978 5823 praenitet:
1000 5757 1052 5799 lit
1080 5748 1219 5807 inira,
1252 5740 1430 5811 'gratia"
1454 5740 1740 5809 largitorem.
1772 5740 1919 5789 casti-

348 5826 521 5877 untur
541 5826 605 5862 ex
631 5819 921 5872 manuscript
939 5823 980 5858 s.

1635 420 1835 480 LIBER
1873 416 2218 489 QUARTUS;

3451 426 3573 484 osa

1986 536 2237 595 Ecclusiae
2262 550 2387 591 suas
2413 544 2656 592 exscreat
2682 536 3104 607 disputationes?
3127 537 3239 593 Hoc
3267 539 3410 593 enim
3433 555 3556 610 pro-

1988 638 2166 697 pterea
2220 628 2432 693 dicunt,
2463 636 2517 682 ut
2568 626 2812 682 credatur
2861 626 3095 683 Ecclesia
3140 635 3260 697 post
3309 638 3550 686 sanctum

1988 716 2338 786 Daptismum,
2372 718 2427 772 in
2455 733 2558 787 quo
2585 715 2643 771 ﬁt
2665 717 2897 779 omnium
2928 717 3169 773 remissio
3195 730 3579 788 peccatorum,

1988 807 2209 863 ulterius
2245 823 2351 863 non
2396 810 2590 865 habere
2638 818 2911 879 peccatum
2954 824 3116 864 :cum
3161 809 3415 866 adversus
3461 827 3556 868 eos

1989 898 2075 953 illa
2097 914 2127 952 a
2157 900 2285 955 solis
2304 908 2421 961 orttt
2444 915 2608 969 usque
2635 899 2699 953 ad
2730 915 2974 954 occasum
2994 901 3236 955 omnibus
3262 901 3369 955 suis
3392 918 3559 957 mem-

1988 988 2098 1044 bris
2136 989 2329 1044 clamet
2374 988 2438 1042 ad
2486 976 2679 1054 Deum,
2709 988 2938 1065 .Dimitte
2984 990 3123 1043 nobis
3176 989 3339 1043 debita
3386 1001 3558 1045 nostra

1989 1077 2199 1151 (Matth.
2245 1095 2295 1133 vt
2318 1120 2332 1140 ,
2382 1078 2489 1148 19.).
2521 1078 2690 1143 Quid,
2720 1078 2858 1147 quod
2901 1079 3057 1136 etiam
3087 1080 3103 1110 ⁸
3131 1078 3197 1132 de
3243 1096 3300 1132 se
3349 1081 3473 1148 ipsis
3504 1081 3557 1134 in

1989 1168 2089 1224 hac
2116 1183 2274 1223 causa
2319 1168 2363 1222 si
2413 1167 2836 1236 interrogentur,
2882 1167 3007 1235 quid
3052 1167 3406 1236 respondeant
3452 1184 3563 1224 non

1988 1260 2297 1316 inveniunt?
2318 1259 2372 1315 Si
2401 1259 2541 1313 enim
2571 1257 2802 1313 dixerint
2826 1274 3002 1312 senon
3027 1258 3221 1316 habere
3246 1270 3516 1329 peccatum
3543 1278 3555 1311 :

1989 1352 2276 1421 respondet
2313 1352 2392 1406 eis
2420 1351 2685 1415 Joannes,
2717 1348 2857 1419 quod
2901 1363 2959 1403 se
3004 1352 3144 1419 Ipsos
3181 1347 3478 1418 decipiant,
3509 1358 3563 1404 et

1989 1443 2181 1497 veritas
2211 1442 2262 1495 in
2289 1442 2366 1495 eis
2392 1457 2494 1495 non
2536 1442 2606 1495 sit
2633 1440 2680 1513 (l
2719 1439 2873 1493 Joan.
2905 1456 2953 1503 ι,
2983 1439 3061 1509 8).
3092 1439 3148 1495 Si
3175 1448 3351 1495 autem
3391 1441 3563 1494 conti-

1991 1540 2166 1585 tentur
2195 1540 2406 1597 peccata
2432 1545 2558 1596 sua;
2591 1544 2711 1584 cum
2759 1545 2816 1585 se
2860 1529 3022 1583 velint
3048 1544 3166 1584 esse
3192 1530 3388 1588 Christi
3440 1544 3561 1584 cor-

1992 1621 2134 1689 poris
2178 1620 2448 1685 memhm,
2495 1620 2759 1690 quomodo
2809 1620 2910 1673 erit
2959 1620 3084 1673 illud
3135 1635 3354 1687 corpus,
3388 1620 3439 1674 id
3482 1629 3564 1673 est

1991 1710 2225 1767 Ecclesia
2247 1752 2260 1775 ,
2289 1711 2341 1764 in
2369 1711 2470 1765 isto
2516 1710 2689 1765 adhuc
2716 1716 2954 1779 tempore
2984 1710 3212 1779 perfecte
3238 1713 3280 1777 ',
3314 1712 3448 1765 sicut
3478 1711 3563 1766 isti

1990 1803 2234 1873 sapiunt,
2276 1801 2393 1859 sine
2442 1802 2648 1857 macula
2693 1809 2748 1856 et
2793 1817 2950 1874 ruga,
2979 1802 3128 1871 cujus
3176 1803 3411 1858 membra
3458 1818 3562 1860 non

1992 1893 2318 1948 mendaciter
2344 1895 2665 1948 conﬁtentur
2709 1909 2769 1948 se
2810 1892 3007 1949 habere
3045 1895 3292 1963 peccata?
3321 1895 3562 1964 Quapro-

1993 1991 2109 2052 pter
2131 1993 2185 2038 et
2220 1984 2271 2038 in
2302 1983 2626 2051 Baptismate
2661 1983 2995 2038 dimittuntur
3020 1995 3206 2039 cuncta
3237 1995 3458 2054 peccaui
3471 2027 3483 2048 ,
3513 1995 3565 2044 et

1995 2088 2090 2142 per
2118 2075 2287 2142 ipsum
2318 2074 2584 2129 lavacrum
2611 2088 2762 2143 aqua:
2790 2074 2842 2128 in
2869 2075 3032 2129 verbo
3055 2076 3331 2130 exhibetur
3354 2045 3563 2130 Cltﬁsto
3634 2063 3639 2067 ’

1994 2163 2229 2219 Ecclesia
2274 2163 2389 2218 sine
2429 2163 2632 2218 macula
2675 2172 2730 2217 et
2773 2178 2899 2232 ruga
2931 2162 3143 2234 (Ephes.
3188 2181 3251 2229 v,
3278 2165 3391 2235 27).
3435 2166 3566 2232 Quin

1994 2255 2094 2308 nisi
2154 2262 2298 2308 esset
2347 2252 2646 2323 baptizata,
2703 2253 3027 2308 infructuose
3078 2253 3312 2321 diceret,
3365 2256 3571 2310 Dimitte

1995 2345 2137 2398 nobis
2186 2344 2350 2398 debita
2402 2353 2571 2399 nostra
2599 2357 2617 2398 :
2645 2344 2815 2399 donec
2851 2344 3168 2412 perducatur
3203 2345 3267 2399 ad
3307 2345 3566 2416 gloriam,

1995 2434 2082 2488 ubi
2112 2435 2161 2489 ei
2191 2432 2477 2504 perfectius
2508 2435 2646 2488 nulla
2676 2434 2798 2489 insit
2820 2434 3023 2489 macula
3056 2444 3106 2490 et
3136 2450 3285 2505 ruga.

2069 2526 2155 2582 {8.
2191 2545 2210 2578 ι
2250 2527 2315 2581 Et
2336 2523 2590 2595 Spiritum
2618 2534 2861 2580 sanctum
2895 2542 2914 2577 ο
2947 2524 3212 2579 fatendum
3241 2535 3323 2580 est
3354 2544 3374 2578 ε
3410 2527 3571 2581 ctiant

1996 2616 2224 2686 antiquis
2252 2615 2575 2685 temporibus
2606 2632 2626 2667 ι
2659 2630 2765 2669 non
2792 2616 2964 2669 solum
2998 2633 3017 2666 ι
3053 2625 3259 2670 mentes
3285 2615 3453 2670 bonas
3479 2617 3573 2670 ad-

1991 2707 2226 2777 juvisse,
2262 2725 2281 2760 ι
2313 2707 2455 2776 quod
2489 2716 2546 2762 et
2592 2707 2675 2760 isti
2720 2706 2935 2772 volunt;
2971 2721 3167 2768 verum
3211 2707 3368 2761 etiam
3406 2706 3573 2762 bonas

1997 2812 2089 2849 eas
2114 2795 2304 2851 fecisse
2323 2836 2336 2859 ,
2366 2795 2505 2865 quod
2536 2795 2740 2850 nolunt.
2774 2813 2793 2846 ι
2821 2795 3018 2850 Omnes
3046 2810 3256 2866 quoque
3280 2795 3575 2865 Prophetas

1998 2895 2052 2940 ct
2081 2886 2363 2957 Apostolus
2385 2886 2469 2940 vel
2511 2896 2725 2941 sanctos
2749 2894 2803 2941 ct
2839 2886 3173 2956 evangelicos
3204 2895 3260 2942 et
3285 2890 3530 2955 antiquos
3552 2926 3567 2953 ,

1997 2976 2188 3044 quibus
2214 2977 2357 3032 Deus
2378 2977 2738 3033 testimonium
2768 2976 3038 3046 perhibet,
3069 2993 3175 3032 non
3207 2958 3258 3032 in
3290 2994 3566 3047 cmttparno

2001 3070 2144 3122 tione
2163 3068 2562 3134 sceleratorum,
2589 3067 2682 3122 sed
2699 3066 2879 3136 regula
2896 3068 3143 3121 virtutum
3157 3069 3330 3136 justus
3356 3069 3534 3133 fuisse,
3550 3088 3570 3120 ο

1999 3173 2104 3212 nan
2134 3158 2349 3213 dubium
2377 3168 2493 3224 est;
2516 3157 2656 3227 quod
2693 3157 2972 3211 adversum
3000 3166 3081 3211 est
3121 3157 3422 3212 Matticlta'is
3442 3201 3456 3223 ,
3486 3160 3574 3228 qui

2001 3246 2331 3303 Patriarchas
2382 3246 2780 3316 Pr0phetasque
2817 3246 3186 3315 blasphentant
3238 3263 3252 3301 :
3298 3248 3390 3302 sed
3435 3250 3574 3319 quod

2001 3337 2284 3393 adversum
2308 3345 2393 3393 est
2434 3345 2490 3392 et
2517 3336 2814 3406 Pelagianis
2833 3377 2850 3403 ,
2878 3326 3185 3406 interrogati
3213 3351 3400 3392 omnes
3425 3337 3492 3391 de
3518 3354 3578 3394 se

2003 3430 2132 3497 ipsis
2157 3445 2278 3486 cum
2304 3429 2356 3484 in
2384 3429 2484 3485 hoc
2510 3442 2735 3499 corpore
2752 3426 3045 3496 degerent,
3075 3441 3176 3481 una
3197 3442 3327 3483 voce
3351 3443 3576 3482 concor-

2002 3523 2219 3578 dissima
2271 3519 2694 3590 responderent,
2746 3518 2807 3572 Si
2857 3517 3131 3571 dixerimus
3167 3520 3285 3586 quia
3320 3528 3579 3588 peccatum

2004 3632 2105 3669 non
2129 3613 2367 3667 habemus
2384 3650 2400 3677 ,
2423 3625 2513 3665 nos
2536 3611 2673 3680 ipsos
2697 3607 2979 3663 seducimus
2999 3648 3013 3671 ,
3056 3616 3105 3662 et
3136 3610 3319 3663 veritas
3357 3610 3409 3662 in
3439 3609 3579 3662 nobis

2004 3722 2106 3762 non
2133 3713 2205 3760 est
2230 3703 2274 3777 (ι
2304 3702 2534 3768 Joan.l,
2562 3701 2640 3772 8).
2678 3717 2697 3752 ι
2738 3699 2793 3754 In
2839 3698 3014 3753 futuro
3037 3705 3211 3753 autem
3254 3706 3517 3767 tempore,
3555 3718 3573 3750 ι

2006 3795 2304 3867 negandum
2356 3809 2461 3849 non
2487 3801 2597 3857 est,
2636 3811 2655 3844 ι
2692 3789 2993 3846 mercedem
3038 3801 3156 3842 esse
3184 3795 3288 3843 tam
3320 3787 3577 3842 bonorum

2006 3903 2227 3958 operum
2252 3899 2408 3957 quam
2435 3884 2691 3938 malorum
2714 3899 2728 3946 ;
2754 3889 2807 3936 et
2835 3878 3033 3935 nemini
3064 3878 3275 3948 praecipi
3296 3920 3309 3941 ,
3340 3894 3456 3948 qua:
3496 3880 3581 3931 hic

2007 3976 2420 4047 contempserit,
2451 3975 2558 4029 illic
2602 3971 2847 4028 mandata
2889 3970 3189 4039 perﬁcere:
3229 3987 3248 4021 ι
3278 3968 3370 4024 sed
3408 3968 3580 4039 plenae

2003 4070 2221 4141 iustitiae
2257 4067 2586 4123 saturitatem
2609 4065 2651 4125 ³.
2680 4064 2765 4117 ubi
2805 4070 3078 4131 peccatum
3102 4074 3223 4115 esse
3246 4074 3349 4112 non
3378 4059 3577 4128 possit.

2008 4178 2125 4234 qua:
2153 4161 2239 4216 hic
2285 4175 2315 4213 a
2362 4157 2558 4213 satmtis
2581 4155 2814 4211 esuritur
2854 4161 2910 4207 et
2945 4152 3154 4218 silitur,
3184 4149 3272 4204 hic
3295 4151 3495 4219 sperari
3526 4150 3576 4204 in

2013 4267 2294 4326 prmcepto,
2323 4252 2392 4306 ibi
2419 4248 2617 4320 percipi
2658 4247 2710 4301 in
2736 4245 2982 4314 praemio,
3006 4234 3358 4316 elcemosyuis
3384 4251 3433 4296 rt
3457 4258 3578 4297 ora—

2010 4346 2242 4401 tionibus
2267 4337 2705 4411 impetrantibus,
2738 4343 2794 4388 ut
2820 4333 2959 4404 quod
2988 4333 3073 4388 hic
3100 4333 3275 4388 minus
3310 4332 3580 4399 impletum

2015 4437 2169 4491 fuerit
2209 4432 2575 4487 mandatorum
2607 4427 2695 4481 ﬁat
2721 4424 3033 4495 impunitum
3071 4439 3165 4494 per
3207 4423 3580 4495 indulgentiam

2014 4533 2368 4596 peccatorum.
3307 4595 3310 4599 ‘

2085 4616 2174 4670 t9.
2201 4612 2328 4681 Qua:
2352 4625 2470 4665 cum
2497 4609 2568 4662 ita
2592 4607 2733 4668 sint,
2764 4605 3008 4659 desinant
3051 4603 3322 4674 Pelagiani
3352 4606 3585 4673 quinque

2015 4707 2233 4760 istarum
2260 4714 2436 4756 rerum
2466 4693 2918 4752 insidiosissimis‘
2942 4691 3203 4757 laudibus,
3227 4692 3278 4747 id
3303 4700 3404 4755 est,
3433 4692 3588 4745 latnle

2015 4802 2304 4852 creaturze,
2349 4786 2505 4842 laude
2543 4784 2880 4853 nuptiarum,
2911 4780 3061 4835 laude
3110 4780 3275 4850 legis,
3323 4777 3477 4833 laude
3526 4779 3590 4833 li.

2015 4886 2128 4941 beri
2156 4881 2390 4943 arbitrii,
2435 4878 2591 4934 laude
2632 4885 2977 4940 sanctorum,
3022 4871 3171 4942 quasi
3210 4886 3240 4926 a
3269 4869 3589 4926 Manichaeo-

2016 4992 2132 5032 rum
2178 4972 2458 5029 tendiculis
2503 4969 2703 5039 ﬁngere
2737 4983 2797 5022 se
2839 4959 3082 5021 homines
3105 4962 3244 5019 velle
3284 4978 3504 5027 eruere,
3531 4975 3589 5017 ut

2019 5065 2220 5137 possint
2245 5068 2338 5116 eos
2363 5060 2471 5115 suis
2498 5057 2698 5113 retibus
2729 5053 2999 5124 implicare
3026 5069 3042 5105 :
3072 5051 3127 5106 id
3171 5060 3282 5119 est,
3309 5064 3365 5105 ut
3391 5061 3590 5121 negent

2018 5153 2274 5226 originale
2304 5158 2609 5221 peccatum,
2642 5155 2696 5203 et
2719 5145 2949 5217 parvulis
2972 5143 3241 5199 invideant
3261 5142 3457 5199 Christi
3487 5159 3593 5199 tne-

2020 5246 2122 5303 dici
2151 5243 2437 5305 auxilium;
2483 5248 2538 5296 et
2578 5245 2636 5292 ut
2679 5237 2886 5298 dicant,
2918 5233 3135 5303 gratiam
3169 5232 3263 5307 Dei
3301 5232 3592 5301 secundum

2021 5335 2207 5396 merita
2239 5341 2416 5388 nostra
2443 5329 2588 5392 dari,
2613 5341 2675 5382 ac
2706 5327 2784 5382 sic
2820 5324 2987 5395 gratia
3023 5322 3132 5393 jam
3178 5339 3284 5379 non
3330 5323 3397 5380 sit
3424 5324 3592 5396 gratia

2086 5492 2102 5522 ι
2125 5484 2329 5537 νειιὶωιιὶ
2352 5488 2478 5553 Mss,
2503 5482 2691 5553 (timui
2825 5471 3108 5535 Dasium,
3136 5473 3327 5529 Iliadae
3353 5474 3486 5526 nobis
3508 5474 3597 5525 de-

2026 5550 2121 5603 bita
2143 5554 2319 5600 nostra.
2344 5541 2432 5605 oui
2454 5540 2647 5605 quidem
2668 5538 2829 5605 etiam

2086 5613 2106 5644 ³
2139 5611 2334 5672 δὶᾳδβεε.
2358 5601 2418 5672 ἧι
2438 5601 2552 5672 editi
2571 5638 2584 5650 .
2612 5601 2842 5672 perfecta.

2090 5673 2112 5704 ι
2142 5656 2280 5727 sua,
2312 5665 2398 5718 sed
2439 5663 2580 5727 piam
2612 5656 2754 5714 istam
2777 5657 3107 5727 saturitatem;
3137 5659 3343 5719 omisso,
3374 5656 3595 5722 jussus.

2026 5724 2300 5784 nestttuiuir
2317 5724 2454 5777 ιοωε
2475 5725 2531 5774 ad
2558 5724 2922 5784 ntauuscriptos.

2146 5779 2218 5841 sic
2240 5798 2343 5840 Mss.
2378 5788 2496 5837 Editt
2518 5797 2654 5845 vero,
2677 5779 3072 5834 inridicsim’mis.
