4038 6182
460 353 565 407 023

454 464 634 536 (liora.
650 480 723 528 si,
742 463 820 531 6);
836 469 889 516 et
902 468 955 515 ιιι
971 458 1149 515 dicant
1166 471 1377 515 sanctos
1398 458 1451 515 in
1471 460 1570 516 hac
1585 460 1687 515 vita
1706 475 1810 515 non
1831 459 2041 516 habuis-

458 563 832 625 sepeecatnm,
853 565 916 607 ac
930 552 1009 606 sic
1025 560 1310 606 evacuatur
1329 550 1498 605 oratio
1516 551 1531 582 ⁸
1547 565 1704 621 quam
1722 551 1918 606 sanctis
1942 560 2039 605 tra-

457 644 693 717 diditqui
716 657 819 698 non
859 641 1087 697 habebat
1117 650 1412 712 peccatum,
1448 649 1504 695 et
1542 655 1639 710 per
1658 655 1814 710 quem
1840 640 2041 713 sanctis

456 733 734 790 orantibus
750 731 1030 787 dimittitur
1048 745 1206 786 omne
1220 738 1513 800 peccatum.
1534 728 1615 784 Ad
1638 728 1753 784 haec
1775 729 1875 784 tria
1901 729 2038 784 mala

461 824 704 879 homines
724 821 965 877 incautos
985 828 1037 875 et
1055 818 1348 875 ineruditos
1375 819 1607 890 quinque
1631 817 1840 874 illorum
1867 817 2041 873 bono-

459 929 580 968 rum
606 910 939 967 fraudulenta
968 909 1123 965 laude
1148 908 1425 965 seducunt.
1456 908 1532 963 De
1561 909 1752 979 quibus
1789 908 2041 964 omnibus

458 1004 588 1059 satis
616 1017 702 1058 me
726 1001 972 1057 existimo
994 999 1334 1069 respondisse
1355 1014 1538 1054 eorum
1566 998 1946 1055 crudelissima:
1985 1007 2041 1055 et

461 1094 787 1164 impiissimte
815 1100 869 1148 et
894 1072 1294 1164 superbissima!
1310 1090 1549 1144 vanitati.

531 1183 759 1241 CAPUT
802 1182 938 1238 Vill.
970 1212 1042 1223 ——
1067 1181 1156 1236 20.
1191 1181 1497 1235 Tcstimonia
1538 1190 1755 1235 veterum
1801 1181 2040 1235 adversm

464 1276 786 1348 Pelagianos.
803 1275 904 1330 Sed
925 1274 1172 1345 quoniam
1194 1273 1392 1339 dicunt,
1425 1290 1444 1325 ι
1475 1271 1721 1326 Inimicos
1748 1285 1875 1326 suos
1896 1271 2038 1326 dicta

464 1376 646 1422 nostra
670 1365 723 1420 in
752 1363 985 1419 veritatis
1013 1361 1191 1436 odium
1217 1362 1515 1432 suscepisse
1533 1402 1549 1427 ,
1590 1371 1645 1415 et
1678 1369 1790 1416 toto
1832 1361 2040 1431 penitus

462 1454 753 1511 Gccidente
781 1469 885 1510 non
915 1453 1088 1507 minus
1116 1452 1333 1506 stultum
1373 1466 1534 1522 quam
1580 1452 1802 1522 impium
1848 1451 2038 1522 dogma

464 1557 584 1599 esse
611 1552 935 1612 susceptum,
957 1550 1013 1596 et
1039 1540 1368 1612 simplicibus
1388 1541 1654 1611 episcopis
1681 1541 1797 1596 sine
1821 1555 2043 1611 congre-

460 1631 675 1702 gatione
700 1630 888 1703 synodi
915 1630 976 1689 in
1000 1630 1131 1685 locis
1158 1629 1268 1684 suis
1296 1628 1600 1685 sedentibus
1620 1629 1809 1685 adhoc
1835 1629 2040 1686 confir-

464 1721 715 1777 mandum
749 1720 1192 1790 subscriptionem
1213 1728 1508 1790 queruntur
1538 1728 1832 1786 extortam;
1856 1739 1886 1773 is
1918 1736 2039 1777 cum

467 1813 641 1881 potius
666 1828 850 1867 eorum
869 1809 1328 1895 profanas_vocum
1354 1811 1611 1865 novitates
1637 1810 1676 1880 (l
1698 1809 1832 1865 Tim.
1858 1827 1927 1878 vr,
1944 1808 2038 1884 20)

466 1900 704 1956 Ecclesia
729 1899 920 1955 Christi
940 1907 993 1954 et
1017 1898 1356 1954 occidentalis
1376 1907 1429 1953 et
1447 1898 1720 1954 orientalis
1743 1898 2037 1954 horruerit:

466 1990 533 2046 ad
557 2007 735 2047 curam
752 2000 987 2046 nostram
1004 1989 1251 2046 existimo
1278 1988 1559 2059 pertinere,
1585 2004 1689 2045 non
1712 1989 1881 2046 solum
1900 1990 2042 2046 Scri-

378 2097 386 2103 ’
468 2076 651 2152 pttﬂas
670 2091 879 2136 sanctas
892 2081 1173 2137 canonicas
1192 2080 1446 2135 adversus
1469 2094 1564 2135 eos
1584 2088 1745 2136 testes
1764 2079 2037 2147 adhibere,

466 2173 608 2243 quod
646 2174 755 2243 jam
785 2171 913 2228 satis
949 2170 1205 2237 fecimus;
1234 2184 1416 2226 verum
1450 2170 1612 2225 etiam
1641 2169 1709 2226 de
1735 2179 2040 2225 sanctorum

467 2264 692 2330 litteris,
718 2263 804 2333 qui
831 2276 922 2318 cas
949 2269 1071 2317 ante
1098 2276 1195 2317 nos
1221 2260 1356 2315 fama
1382 2260 1727 2315 celeberrima
1759 2270 1814 2316 et
1844 2261 2039 2332 ingenti

464 2356 631 2428 gloria
656 2361 1011 2410 tractaverunt
1031 2393 1045 2415 ,
1073 2354 1248 2423 aliqua
1277 2351 1595 2406 documenta
1623 2351 1860 2420 proferre
1887 2370 1899 2404 :
1932 2368 2038 2408 non

466 2461 574 2517 quo
599 2444 868 2500 canonicis
893 2442 1066 2497 Libris
1090 2456 1118 2494 a
1148 2441 1299 2495 nobis
1321 2441 1479 2503 ullius
1504 2440 1846 2511 disputatoris
1865 2458 2042 2512 aeque-

468 2546 555 2591 tur
577 2535 866 2590 auctoritas
888 2573 902 2597 ,
929 2542 1177 2602 tauquam
1209 2533 1428 2587 omnino
1453 2546 1558 2586 non
1587 2533 1656 2587 sit
1682 2533 1825 2603 quod
1853 2535 2043 2589 melius

466 2641 562 2682 seu
586 2625 763 2680 verius
786 2625 854 2679 ab
879 2622 1057 2693 aliquo
1084 2621 1376 2687 catholico,
1419 2638 1577 2693 quam
1608 2623 1675 2677 ab
1714 2624 1820 2677 alio
1862 2624 2040 2679 itidem

465 2698 730 2771 catholico
756 2714 1050 2779 sentiatur;
1078 2712 1174 2769 sed
1215 2721 1273 2766 ut
1296 2711 1705 2776 admoneantur,
1735 2714 1824 2784 qui
1860 2724 2044 2783 putant

467 2808 598 2862 istos
625 2804 820 2876 aliquid
845 2802 1042 2869 dicere,
1068 2801 1515 2873 quemadmodum
1546 2802 1614 2858 de
1636 2803 1719 2858 his
1741 2805 1900 2859 rebus
1919 2814 2041 2861 ante

467 2910 603 2951 nova
647 2895 869 2967 istorum
896 2893 1193 2963 vaniloquia
1214 2934 1229 2957 ,
1258 2892 1502 2948 catholici
1546 2893 1810 2950 antistites
1838 2894 2044 2967 eloquia

467 2988 642 3043 divina
673 2987 842 3041 secuti
873 2985 1009 3050 sint;
1041 2994 1096 3040 et
1121 2987 1292 3041 sciant
1328 3000 1357 3039 a
1386 2985 1538 3041 nobis
1568 2995 1767 3041 rectam
1807 2997 1863 3042 et
1901 2990 2046 3044 anti-

467 3079 646 3149 quitus
675 3063 943 3131 fundatam
969 3074 1279 3129 catholicam
1308 3074 1463 3128 fidem
1500 3075 1756 3131 adversus
1781 3077 2041 3134 receden-

468 3176 577 3221 tem
605 3164 1007 3243 Pelagianorum
1035 3162 1404 3217 htereticorum
1437 3163 1900 3233 praesumptionem
1922 3181 2045 3243 per-

472 3255 772 3323 niciemque
794 3238 1036 3308 defendi.

538 3346 630 3401 21.
660 3342 1064 3409 Beatissimum,
1095 3356 1293 3398 corona
1319 3343 1478 3398 etiam
1505 3344 1742 3417 martyrii
1771 3346 2044 3416 gloriosis-

467 3439 663 3497 simum
678 3434 1024 3506 Cyprianum,
1043 3448 1144 3490 nec
1169 3433 1432 3490 Africanis
1451 3444 1609 3506 atque
1630 3437 2046 3496 occidentalibus

473 3537 694 3595 tantum,
726 3542 907 3583 verum
933 3535 986 3582 et
1011 3526 1361 3582 orientalibus
1381 3527 1652 3594 Ecclesiis,
1680 3528 1819 3584 fama
1850 3529 2047 3599 prsidi-

470 3629 627 3676 caute
653 3628 709 3675 et
733 3619 929 3690 scripta
956 3617 1071 3689 ejus
1099 3618 1256 3689 longe
1283 3618 1491 3690 lateque
1521 3618 1847 3677 diffundente
1875 3622 2047 3678 notis-

471 3711 684 3779 simum,
708 3711 867 3767 etiam
889 3710 1002 3781 ipse
1023 3709 1401 3765 hacresiarehes
1422 3710 1640 3765 istorum
1662 3712 1906 3783 Pelagius
1926 3727 2048 3768 cum

472 3804 655 3859 debito
673 3810 820 3859 certe
847 3801 1052 3857 honore
1073 3809 1476 3868 commemorat,
1505 3801 1593 3857 ubi
1618 3803 2043 3860 testimoniorum

476 3893 672 3957 librum
702 3891 940 3946 scribens
964 3930 979 3956 ,
1008 3905 1133 3946 eum
1167 3904 1229 3945 se
1264 3892 1454 3946 asserit
1482 3891 1707 3956 imitari,
1746 3910 1765 3944 ι
1800 3894 1900 3949 hoc
1927 3909 1985 3950 se
2020 3913 2041 3948 ι

474 3984 657 4038 dicens
687 4000 706 4033 ι
739 3981 914 4037 facere
942 3980 1009 4036 ad
1046 3979 1379 4043 Romanum,
1424 3980 1563 4050 quod
1608 3981 1698 4036 ille
1742 3982 1937 4038 fecerat
1980 3984 2047 4039 ad

474 4072 770 4141 Quirinum.
802 4088 821 4124 ι
847 4068 1132 4125 Videamus
1149 4082 1277 4139 ergo
1301 4068 1424 4138 quid
1446 4067 1513 4124 de
1535 4068 1773 4140 originali
1806 4081 2045 4142 peccato,

474 4161 613 4230 quod
647 4177 740 4230 per
765 4158 926 4215 unum
952 4158 1223 4214 hominem
1256 4158 1471 4213 intravit
1498 4159 1548 4212 iu
1580 4160 1838 4216 mundum
1865 4161 2042 4233 (Rom.

476 4267 530 4314 v,
561 4250 688 4319 19.),
731 4248 956 4305 senserit
981 4247 1298 4320 Cyprianus.
1335 4247 1394 4309 lu
1432 4249 1655 4319 epistola
1693 4251 1761 4307 de
1786 4252 1957 4323 Opere
1994 4262 2049 4309 ct

480 4337 846 4411 lileemosynis
871 4338 941 4393 ita
970 4338 1237 4408 loquitur:
1270 4356 1289 4390 ι
1317 4336 1450 4392 Cum
1478 4337 1733 4395 Dominus
1758 4340 2049 4398 adveniens

479 4439 721 4484 satiasset
748 4429 835 4484 illa
861 4444 977 4500 qua:
1003 4428 1171 4484 Adam
1197 4436 1497 4498 portaverat
1521 4430 1758 4498 vulnera,
1776 4442 1829 4487 et
1849 4448 2049 4491 venena

480 4518 744 4587 serpentis
763 4518 975 4589 antiqua
990 4520 1012 4551 ⁸
1032 4526 1292 4585 curasset,
1315 4517 1485 4589 legem
1506 4518 1650 4574 dedit
1668 4536 1819 4587 sano,
1837 4533 1890 4579 et
1911 4539 2050 4593 pra:-

444 4607 457 4622 ’
480 4609 623 4678 cepit
650 4622 719 4663 ne
746 4608 885 4661 ultra
905 4606 1015 4678 jam
1045 4616 1308 4678 peccaret,
1335 4622 1404 4662 ne
1423 4608 1550 4678 quid
1575 4612 1815 4681 peecanti
1837 4614 2052 4683 gravius

483 4700 720 4756 eveniret
744 4718 762 4749 ι
793 4697 970 4770 (Joan.
991 4714 1045 4764 v,
1071 4699 1181 4768 14).
1213 4716 1233 4750 ι
1257 4698 1517 4755 Coaretati
1539 4716 1770 4771 eramus,
1797 4714 1852 4760 et
1875 4706 1926 4761 in
1953 4722 2052 4761 an-

483 4802 694 4862 gustum
718 4790 1034 4845 innocentiae
1052 4788 1451 4859 praescriptione
1466 4792 1698 4847 conclusi
1724 4811 1738 4848 :
1761 4810 1861 4850 nec
1889 4796 2052 4852 habe-

485 4892 565 4937 ret
579 4881 598 4912 ³
616 4882 738 4950 quid
758 4880 1055 4951 fragilitatis
1070 4878 1313 4934 humana:
1340 4879 1616 4936 infirmitas
1635 4891 1792 4952 atque
1812 4885 2048 4942 imbecil-

487 4976 603 5028 iitas
632 4973 861 5038 faceret,
904 4972 1006 5026 nisi
1036 4972 1226 5026 iterum
1253 4971 1424 5042 pictas
1464 4971 1638 5028 divina
1689 4975 2011 5033 subveniens
2032 5020 2048 5046 ,

481 5062 695 5134 iustitia:
743 5070 800 5117 et
845 5059 1224 5116 misericordias
1280 5060 1530 5130 operibus
1584 5064 1813 5119 ostensis
1837 5108 1853 5130 ,
1908 5069 2048 5124 viam

484 5151 761 5222 quamdam
793 5151 1000 5206 tuenda:
1025 5149 1209 5204 salutis
1232 5150 1497 5221 aperiret;
1524 5159 1582 5205 nt
1601 5153 1786 5209 sordes
1812 5165 2052 5224 postmo-

484 5244 605 5299 dum
635 5256 993 5314 quascumque
1010 5239 1391 5307 contrahimus,
1408 5241 1759 5314 elecmosynis
1776 5245 2053 5305 abluamus

484 5332 634 5402 (Luc.
666 5348 722 5389 st
748 5372 763 5397 ,
809 5330 923 5401 ιι).
969 5330 1082 5388 [loc
1105 5331 1406 5387 testimonio
1438 5329 1570 5387 duas
1599 5331 1820 5389 istorum
1848 5334 2053 5393 falsita-

548 5508 563 5538 ι
598 5503 758 5568 mlite.
791 5511 919 5564 uss,
940 5501 1106 5555 nech
1423 5501 1591 5568 unde.

545 5568 566 5599 ι
597 5564 819 5636 s‘ic_lttmL
843 5572 920 5636 Er.
944 5572 999 5636 et_
1018 5563 1364 5636 Masspallleani
1404 5576 1464 5615 ac
1501 5565 1726 5617 vatium.
1765 5573 1821 5618 At
1860 5574 1971 5619 Dav.
1999 5577 2050 5623 et

478 5636 600 5675 nova
625 5625 770 5689 editio
789 5626 1018 5689 Cypriani,

544 5689 565 5720 ι
601 5686 730 5752 Apud
751 5684 898 5740 mea
923 5692 1057 5749 ιον..
1073 5684 1290 5738 habebat.
1318 5692 1368 5736 In
1390 5685 1526 5739 libris
1543 5684 1667 5750 alits,
1692 5686 1899 5742 haberet.

1007 363 1011 367 '
1079 346 1345 403 CONTRA
1388 346 1564 403 DUAS
1604 345 1972 401 EPISTOLAS
2012 345 2566 410 Pl‘lLAGIANORUM,
2609 346 2667 402 S.
2712 344 3075 403 AUGUSTI.“

3607 349 3711 419 est

2143 468 2222 516 tes
2267 462 2415 517 testis
2461 461 2560 517 iste
2603 461 2909 533 redarguit‘
2944 479 3182 532 :unam,
3212 479 3313 534 qua
3357 462 3537 520 dicunt
3579 466 3713 521 nihil

2142 549 2389 605 vitiorum
2413 565 2478 606 ex
2504 550 2671 605 Adam
2700 550 2911 607 trahere
2936 566 3104 623 genus
3132 552 3445 619 humanum,
3473 555 3614 625 quod
3642 559 3713 613 sit

2141 641 2429 697 curandum
2454 640 2855 713 sauandumque
2885 658 2978 713 per
3000 643 3308 709 Christum;
3338 645 3581 710 alteram,
3610 664 3713 716 qua

2141 729 2323 785 dicunt
2345 729 2546 785 nullum
2576 737 2697 799 post
2719 729 3046 799 Baptismum
3073 740 3285 787 sanctos
3304 731 3502 789 habere
3529 750 3717 803 pecca-

2142 824 2275 873 tum.
2304 818 2532 874 Rursum
2560 819 2611 874 in
2641 819 2827 875 eadem
2864 820 3087 890 epistola
3113 836 3129 877 :
3157 842 3177 875 ι
3205 821 3412 889 Ponat,
3454 842 3474 876 ι
3509 825 3714 896 inquit,

2147 923 2169 960 s
2198 908 2557 978 unusquisque
2594 916 2721 964 ante
2753 908 2939 963 oculos
2978 923 3106 965 suos
3151 910 3421 967 diabolum
3451 928 3571 968 cum
3603 917 3716 972 suis

2141 996 2328 1063 servis,
2353 996 2405 1051 id
2433 1005 2515 1052 est
2537 1012 2656 1052 cum
2699 997 2896 1067 pepulo
2941 998 3254 1067 perditionis
3300 1005 3591 1061 acmortis
3613 1045 3628 1070 ,
3663 1004 3713 1058 in

2142 1087 2374 1142 medium
2403 1088 2667 1159 prosilire,
2697 1091 2904 1159 plebem
2930 1092 2950 1122 ’
2980 1090 3173 1147 Christi
3202 1103 3464 1162 prmsente
3487 1109 3551 1150 ac
3572 1096 3717 1166 judi-

2142 1185 2297 1232 cante
2327 1177 2443 1247 ipso
2471 1181 2882 1248 comparationis
2910 1182 3155 1236 examine
3199 1197 3493 1251 provocare
3528 1186 3711 1242 dicen-

2144 1275 2280 1330 tem,
2312 1266 2424 1338 Ego
2462 1282 2560 1337 pro
2599 1268 2714 1324 istis
2742 1284 2876 1340 quos
2917 1286 3123 1326 mecum
3168 1272 3315 1328 vides
3338 1315 3352 1338 ,
3398 1291 3497 1331 nec
3541 1277 3719 1348 alapas

2143 1355 2340 1426 accepi,
2371 1371 2470 1411 nec
2499 1356 2702 1428 ﬂagella
2730 1359 2979 1426 sustinui,
3013 1374 3112 1416 nec
3136 1376 3348 1417 crucem
3377 1367 3588 1434 pertuli,
3617 1383 3717 1423 nec

2143 1445 2453 1516 sanguinem
2482 1444 2626 1514 fudi,
2654 1462 2754 1503 nec
2781 1447 3035 1504 familiam
3060 1465 3234 1505 meam
3262 1452 3433 1520 pretio
3457 1455 3719 1524 passionis

2144 1545 2199 1593 et
2225 1537 2429 1592 cruoris
2451 1536 2683 1603 redemi;
2706 1538 2811 1593 sed
2845 1553 2944 1594 nec
2969 1554 3188 1610 regnum
3226 1540 3303 1595 illi
3331 1542 3549 1599 cceleste
3593 1561 3717 1615 pro-

2143 1629 2317 1698 mitto,
2336 1643 2436 1685 nec
2450 1628 2516 1684 ad
2534 1630 2834 1700 paradisum
2850 1630 3101 1686 restituta
3126 1630 3523 1689 immortalitate
3543 1634 3718 1692 denuo

2143 1733 2357 1775 revoco.
2381 1739 2401 1773 ι
2423 1720 2800 1791 Respondeant
2823 1721 3116 1792 Pelagiani,
3144 1722 3357 1793 quando
3384 1724 3639 1781 fuerimus
3666 1729 3717 1784 in

2144 1808 2539 1865 immortalitate
2584 1809 2848 1880 paradisi,
2888 1818 2943 1865 et
2989 1811 3262 1880 quomodo
3302 1813 3424 1869 inde
3464 1814 3718 1872 fuerimus

2144 1899 2347 1967 expulsi
2367 1939 2383 1966 ,
2410 1908 2470 1954 ut
2497 1913 2563 1955 eo
2596 1898 2791 1954 Christi
2821 1900 2990 1970 gratia
3019 1915 3347 1958 revocemur.
3378 1904 3445 1959 Et
3477 1921 3601 1961 eum
3631 1909 3714 1962 in-

2144 1987 2326 2042 venire
2341 1988 2672 2058 nequiverint
2686 1988 2811 2059 quid
2826 1988 2912 2043 hic
2925 2004 3020 2059 pro
3036 2004 3129 2045 sua
3147 1995 3486 2060 perversitate
3499 2012 3718 2067 respon-

2143 2073 2332 2142 deant,
2358 2076 2631 2132 atteudant
2665 2076 3110 2147 quemadmodum
3138 2079 3457 2140 intellexerit
3492 2086 3715 2157 Cypria-

2143 2177 2243 2219 nus
2284 2164 2425 2236 quod
2463 2166 2533 2221 ait
2572 2166 2890 2236 Apostolus,
2934 2166 3004 2222 In
3046 2185 3144 2242 quo
3184 2187 3366 2227 omnes
3395 2189 3719 2245 peccaverunt

2149 2252 2323 2324 (Rom.
2342 2270 2399 2321 tv,
2419 2255 2507 2327 12)
2531 2273 2550 2311 :
2573 2265 2625 2310 et
2649 2256 2915 2325 Pelagiani
2935 2258 3167 2315 hmretici
3193 2264 3314 2318 novi
3331 2264 3398 2320 de
3414 2265 3719 2324 Manichzeis

2144 2343 2410 2398 veteribus
2440 2343 2701 2400 hmreticis
2741 2346 2871 2400 nulli
2918 2347 3180 2406 catholico
3221 2353 3451 2411 audeant
3487 2357 3719 2429 irrogare

2144 2433 2481 2501 calumniam,
2507 2450 2574 2490 ne
2603 2443 2706 2490 tam
2736 2436 3046 2493 sceleratam
3071 2440 3229 2495 etiam
3256 2446 3474 2516 martyri
3501 2450 3718 2520 antiquo

2145 2521 2406 2595 Cypriane
2432 2524 2607 2580 facere
2626 2526 3005 2582 convincantur
3032 2528 3300 2599 injuriam.

2214 2612 2301 2667 22.
2336 2614 2446 2669 Hoc
2482 2615 2622 2670 enim
2651 2623 2704 2671 et
2746 2616 2798 2671 in
2824 2617 3080 2687 epistola.
3125 2621 3274 2691 cujus
3303 2622 3370 2680 de
3406 2624 3719 2686 Mortalitate

2147 2705 2327 2761 titulus
2356 2706 2677 2775 inscribitur,
2720 2708 2790 2763 ita
2827 2709 2993 2765 dicit:
3023 2728 3043 2762 ι
3072 2710 3315 2783 Regnum
3355 2715 3484 2784 Dei,
3527 2717 3717 2776 fratres

2146 2796 2505 2864 dilectissimi,
2534 2814 2654 2854 esse
2681 2801 2843 2870 caepit
2870 2801 2924 2856 in
2952 2803 3223 2872 proximo,
3263 2808 3534 2875 przemium
3564 2813 3714 2880 vitae,

2146 2894 2202 2941 et
2219 2886 2466 2957 gaudium
2491 2888 2676 2942 salutis
2695 2896 2929 2956 arternte,
2954 2898 3009 2945 et
3028 2901 3279 2962 perpetua
3296 2894 3498 2965 iustitia,
3523 2909 3576 2954 et
3596 2916 3720 2972 pos-

2146 2974 2315 3029 sessio
2346 2975 2570 3044 paradisi
2601 2992 2768 3047 nuper
2786 2978 2979 3034 amissa
2999 3022 3014 3048 ,
3047 2983 3244 3038 mund‘o
3271 2993 3584 3044 transeunte
3606 2989 3715 3059 jam

2149 3066 2384 3121 veniunt.
2417 3084 2436 3119 ι
2462 3066 2572 3122 Hoc
2611 3083 2794 3125 rursus
2838 3070 2890 3125 in
2927 3072 3154 3129 eadem:
3187 3091 3208 3127 ι
3242 3076 3655 3148 Amplectamur,
3692 3101 3711 3134 ι

2149 3154 2340 3224 inquit,
2365 3171 2388 3206 ‹
2415 3155 2554 3211 diem
2585 3156 2672 3226 qui
2694 3158 2925 3228 assignat
2944 3160 3180 3232 singulos
3200 3163 3468 3222 domicilio
3488 3182 3604 3235 suo,
3627 3171 3717 3240 qni

2149 3256 2247 3297 nos
2274 3242 2467 3299 isthinc
2505 3252 2719 3316 ereptos
2756 3255 2808 3302 et
2851 3247 3052 3319 laqueis
3079 3253 3417 3310 saecularibus
3454 3258 3719 3315 exsolutus

2149 3333 2390 3403 paradiso
2417 3334 2656 3390 restituat
2680 3344 2735 3391 et
2760 3350 2943 3408 regno.
2978 3356 2998 3391 ι
3031 3337 3160 3395 item
3189 3342 3241 3396 in
3269 3342 3490 3413 epistola
3516 3346 3583 3401 de
3610 3347 3714 3402 Pa-

2151 3423 2369 3478 tientia:
2397 3441 2417 3475 ‹
2450 3423 2545 3480 Dei
2568 3426 2829 3482 sententia
2855 3427 3136 3498 cogitetur,
3168 3449 3186 3484 ι
3217 3432 3403 3503 inquit,
3432 3452 3451 3486 ι
3482 3450 3638 3505 quam
3666 3437 3717 3492 in

2149 3511 2350 3581 origine
2377 3513 2553 3568 statim
2578 3514 2761 3570 mundi
2780 3524 2835 3571 et
2853 3518 3063 3587 generis
3087 3519 3297 3575 humani
3320 3522 3488 3579 Adam
3518 3540 3721 3593 prince-

2149 3603 2222 3673 pti
2252 3605 2528 3659 immemor
2552 3613 2608 3660 et
2628 3604 2765 3661 data:
2790 3607 2919 3678 legis
2938 3617 3294 3680 transgressor
3319 3619 3524 3683 accepit
3550 3633 3564 3668 :
3592 3627 3716 3672 tunc

2149 3694 2377 3748 sciemus
2391 3708 2548 3763 quam
2574 3695 2833 3765 patientes
2850 3711 2970 3752 esse
2994 3698 3044 3751 in
3068 3697 3169 3754 isto
3190 3701 3384 3757 sazculo
3403 3702 3716 3770 debeamus,

2150 3784 2236 3854 qui
2264 3784 2343 3838 sic
2372 3776 2656 3852 nascimur,
2683 3794 2741 3841 ut
2762 3789 3020 3858 pressaris
3047 3789 3201 3846 isthic
3229 3801 3281 3846 et
3308 3794 3718 3851 conﬂictationi-

2151 3873 2249 3928 bus
2292 3872 2610 3930 laboremus.
2655 3876 2785 3943 Quia
2825 3878 3031 3946 audisti,
3061 3879 3249 3950 inquit,
3293 3898 3459 3938 vocent
3499 3886 3721 3941 mulieris

2151 3972 2268 4030 tute,
2294 3972 2339 4018 et
2366 3967 2679 4019 manducasti
2706 3982 2768 4020 ea:
2790 3967 2879 4021 illa
2906 3967 3099 4033 arbore,
3128 3970 3190 4025 de
3208 3987 3305 4041 qua
3328 3975 3437 4026 sola
3465 3991 3716 4046 praespe-

2149 4067 2261 4106 ram
2286 4052 2373 4106 tibi
2401 4069 2463 4107 ne
2488 4054 2839 4123 ntanducares,
2868 4057 3131 4112 maledicta
3151 4068 3283 4113 terra
3302 4062 3394 4115 erit
3415 4063 3466 4116 in
3487 4066 3712 4119 omnibus

2151 4142 2380 4211 aperibus
2407 4143 2525 4197 tuis.
2557 4141 2622 4197 In
2649 4144 2849 4199 tristitia
2880 4155 2929 4200 et
2968 4148 3152 4217 gemitu
3185 4149 3297 4203 edes
3322 4167 3384 4205 ea:
3410 4167 3469 4205 ea
3494 4154 3720 4207 omnibus

2152 4231 2322 4287 diebus
2343 4232 2459 4287 vitae
2482 4241 2582 4286 tua:
2604 4248 2623 4286 :
2648 4233 2821 4301 spinas
2860 4244 2904 4288 et
2946 4237 3154 4292 tribulos
3194 4240 3357 4309 ejiciet
3384 4241 3506 4308 tibi;
3534 4251 3581 4295 et
3608 4245 3721 4298 edes

2154 4321 2392 4390 pabulum
2413 4323 2542 4392 agri.
2573 4321 2638 4376 In
2675 4324 2858 4379 sudore
2892 4326 3055 4380 vultus
3084 4328 3157 4379 tui
3192 4329 3306 4384 edes
3342 4347 3521 4400 panem
3560 4342 3718 4399 tuum,

2152 4411 2310 4464 donec
2348 4414 2608 4492 revertaris
2644 4414 2695 4468 in
2739 4423 2921 4469 terram
2957 4416 3021 4469 de
3061 4434 3160 4488 qua
3199 4431 3426 4491 sumptus
3465 4440 3517 4477 es
3548 4439 3569 4477 :
3592 4441 3710 4494 quo-

2153 4501 2290 4555 niam
2314 4511 2448 4556 terra
2470 4520 2541 4572 es,
2568 4515 2616 4559 et
2643 4506 2695 4559 in
2721 4516 2904 4561 terram
2925 4506 3017 4562 ibis
3043 4508 3194 4580 (Cen.
3222 4527 3297 4574 ιιι,
3323 4515 3530 4585 1719).
3556 4515 3725 4585 Hujus

2152 4593 2429 4649 sententia:
2447 4594 2658 4650 vinculo
2682 4596 2909 4667 colligati
2936 4612 3121 4653 omnes
3145 4610 3198 4654 et
3217 4603 3488 4658 constricti
3513 4619 3714 4671 sumus,

2153 4682 2322 4739 donec.
2346 4693 2517 4740 morte
2545 4696 2803 4755 expuncto
2848 4687 2914 4742 de
2960 4689 3061 4743 isto
3093 4692 3290 4746 sacculo
3330 4694 3663 4750 recedamus.
3693 4714 3713 4749 ι

2156 4774 2388 4844 Itemque
2409 4774 2461 4829 in
2485 4774 2669 4831 eadem
2696 4794 2709 4831 :
2742 4775 2900 4831 «Nam
2923 4794 3040 4832 cum
3065 4781 3115 4833 in
3140 4780 3281 4846 illa,s
3311 4783 3497 4852 inquit,
3528 4786 3726 4854 «prima

2155 4866 2571 4936 transgressione
2592 4881 2681 4935 pra
2700 4868 2839 4936 cepti
2862 4869 3080 4923 firmitas
3102 4873 3344 4940 corporis
3359 4888 3479 4928 eum
3505 4875 3724 4928 immor-

2155 4954 2356 5009 talitate
2383 4954 2721 5023 discesserit,
2753 4965 2808 5011 et
2834 4971 2954 5011 cum
2981 4968 3156 5015 morte
3185 4960 3463 5027 infirmitas
3488 4964 3724 5027 venerit,

2155 5059 2251 5097 nec
2275 5043 2439 5112 possit
2460 5043 2682 5098 firmitas
2701 5046 2884 5116 recipi,
2917 5046 3017 5101 nisi
3042 5061 3162 5102 cum
3192 5022 3478 5118 rcccpta‘et
3508 5051 3727 5105 immor-

2156 5135 2330 5191 talitas
2360 5135 2550 5202 fuerit;
2572 5146 2784 5206 oportet
2810 5138 2861 5192 in
2886 5138 2985 5195 hac
3014 5137 3295 5211 fragilitate
3320 5150 3482 5211 atque
3501 5143 3728 5198 infirmi-

2156 5236 2262 5283 tate
2287 5229 2527 5297 corporis
2554 5227 2738 5282 luctari
2762 5243 2975 5299 semper
2993 5238 3049 5285 et
3065 5230 3336 5302 congredi.
3356 5231 3487 5302 Quae
3510 5233 3729 5288 luctatio

2155 5327 2208 5372 et
2231 5316 2542 5387 congressio
2566 5333 2671 5372 non
2698 5318 2798 5372 nisi
2829 5320 3092 5387 patientia:
3132 5328 3308 5391 potest
3337 5321 3539 5377 viribus
3565 5324 3730 5377 susti—
3830 5392 3838 5398 .

2278 5446 2292 5460 .
2324 5425 2344 5460 ι

2157 5424 2319 5554 ηεὲὄ.
2351 5498 2406 5553 lu
2435 5488 2659 5570 epistula
2687 5508 2861 5555 autem
2891 5516 3047 5571 quam
3091 5503 3303 5574 scripsit
3328 5502 3394 5560 ad
3420 5504 3732 5577 episcopum

2223 5635 2238 5666 ί
2273 5631 2495 5697 Gallicani
2527 5639 2661 5697 Itss.._
2680 5632 2984 5697 oppugnm'it.

2222 5697 2242 5728 ³
2272 5695 2422 5744 tidem
2450 5701 2580 5757 £95.,
2608 5693 2762 5759 plebe.
