4014 6184
292 379 398 435 625

294 492 521 558 Fidum,
550 505 672 546 cum
716 489 988 561 sexaginta
1034 504 1126 546 sex
1170 488 1499 560 coepiscopis
1535 487 1682 552 suis,
1712 501 1742 540 ε
1772 501 1878 555 quo

302 583 477 638 fuerat
495 579 772 635 consultus
794 588 1013 651 propter
1035 577 1454 635 circnmcisionis
1479 576 1674 646 legem,
1701 583 1882 630 utrum

297 681 422 727 ante
463 681 712 726 octavum
737 669 880 724 diem
908 668 1164 740 baptizari
1203 668 1390 722 liceret
1435 666 1684 740 infantem
1707 706 1722 732 ,
1771 664 1886 718 haec

297 777 458 818 causa
478 761 556 816 sic
577 760 768 830 agitur,
790 769 1040 829 tanquam
1065 757 1368 828 provisione
1394 754 1574 811 divina
1599 762 1704 808 tam
1728 753 1886 822 longe

301 851 510 907 futuros
540 850 826 906 haereticos
855 847 1166 919 Pelagianos
1181 849 1290 917 jam
1311 845 1566 902 catholica
1589 841 1890 899 confutaret

303 942 564 1001 Ecclesia.
595 941 782 1010 Neque
804 941 946 995 enim
971 941 1062 1010 qui
1087 939 1422 995 consuluerat
1457 936 1580 990 inde
1617 932 1890 990 dubitabat
1909 925 1924 939 ’

310 1044 488 1092 utrum
521 1040 806 1088 nascentes
833 1033 1104 1086 traherent
1130 1029 1389 1100 originale
1417 1035 1686 1098 peccatum
1705 1065 1720 1091 ,
1749 1023 1891 1094 quod

309 1122 638 1178 renascendo
665 1121 930 1177 diluerent
957 1139 971 1177 :
995 1121 1133 1176 absit
1167 1123 1308 1175 enim
1345 1131 1404 1174 ut
1444 1119 1568 1172 hinc
1609 1113 1891 1186 aliquando

313 1215 444 1270 ﬁdes
467 1213 752 1270 christiana
777 1213 1098 1268 dubitaverit
1125 1229 1138 1267 :
1162 1210 1258 1265 sed
1279 1209 1366 1264 ille
1387 1207 1684 1273 dubitabat,
1715 1213 1890 1261 utrum

311 1303 731 1374 regenerationis
759 1305 1026 1357 lavacrum
1048 1344 1064 1370 ,
1095 1315 1202 1372 quo
1242 1315 1348 1355 non
1375 1298 1652 1354 dubitabat
1679 1296 1894 1351 solven-

310 1392 440 1448 dum
456 1391 710 1460 originale
733 1398 1025 1460 peccatum,
1045 1399 1168 1444 ante
1183 1389 1326 1444 diem
1347 1387 1481 1442 tradi
1503 1387 1722 1442 deberet
1747 1392 1894 1438 octa-

313 1497 459 1537 vum.
483 1481 562 1536 Ad
579 1497 736 1551 quam
752 1482 1192 1536 consultationem
1209 1479 1542 1551 respondens
1560 1477 1906 1534 beatissimus-

313 1572 615 1644 Cyprianus
642 1589 656 1626 :
693 1589 711 1623 ι
741 1571 1004 1639 Quantum
1033 1586 1158 1626 vero
1181 1613 1196 1638 ,
1229 1588 1250 1624 ι
1281 1571 1491 1642 inquit,
1529 1588 1550 1622 ι
1587 1569 1660 1624 ad-
1681 1582 1898 1624 causam

319 1643 578 1716 infantum
611 1660 868 1729 pertinet,
897 1675 1034 1729 quos
1067 1659 1281 1725 dixisti,
1315 1661 1458 1714 intra
1495 1657 1784 1713 secundum
1815 1657 1898 1712 vel

321 1751 536 1804 tertium
563 1748 702 1803 diem
723 1764 826 1819 quo
857 1750 964 1802 nati
993 1761 1117 1804 sunt
1139 1750 1154 1782 ²
1179 1749 1494 1805 constitutos
1516 1748 1770 1818 baptizari
1793 1761 1899 1801 non

320 1851 587 1912 Oportere,
611 1849 664 1894 et
685 1839 1122 1895 considerandam
1145 1855 1266 1895 esse
1288 1840 1459 1910 legem
1483 1837 1902 1894 circumcisionis

323 1933 553 2002 antiquae
581 1949 599 1983 ι
632 1929 782 2002 (Gen.
811 1947 952 1997 xvtt,
994 1931 1116 2001 ιε),
1150 1948 1169 1982 ι
1202 1939 1258 1985 ut
1299 1932 1440 1985 intra
1481 1940 1725 1985 octavum
1760 1928 1902 1984 diem

325 2022 556 2090 eumqui
587 2031 740 2075 natus
760 2030 843 2076 est
862 2020 1232 2091 baptizandum
1260 2030 1314 2077 et
1333 2021 1766 2076 sanctiticandum
1797 2033 1904 2073 non

331 2121 559 2180 putares,
585 2111 738 2181 longe
760 2111 902 2165 aliud
929 2112 978 2164 in
1002 2111 1226 2166 concilio
1253 2121 1434 2166 nostro
1461 2110 1706 2166 omnibus
1735 2109 1906 2164 visum

330 2203 466 2255 est'.
495 2201 548 2254 lu
576 2201 677 2255 hor.
702 2201 843 2256 enim
873 2201 1013 2271 quod
1043 2201 1264 2270 putabas
1293 2216 1414 2256 esse
1439 2199 1740 2256 faciendum
1761 2241 1776 2267 ,
1807 2214 1905 2253 ne—

333 2306 418 2344 mo
444 2292 712 2346 consensit
741 2310 754 2345 :
784 2292 878 2346 scd
907 2293 1136 2347 universi
1170 2293 1343 2361 potius
1379 2292 1732 2362 judicavitnus
1775 2290 1908 2346 nulli

334 2379 602 2434 hominum
625 2391 748 2434 nato
776 2381 1132 2436 misericordis
1161 2382 1256 2436 Dei
1279 2382 1498 2452 gratiam
1522 2381 1904 2453 denegandam.

333 2470 462 2524 Nam
487 2487 607 2525 cum
637 2471 892 2526 Dominus
917 2471 968 2524 in
999 2471 1286 2541 Evangelio
1305 2487 1402 2526 suo
1436 2471 1599 2536 dicat,
1631 2469 1794 2526 Filius
1818 2471 1912 2525 ho-

335 2561 480 2613 minis
521 2576 620 2612 non
663 2561 792 2614 venit
833 2561 1026 2614 animas
1055 2561 1278 2631 perdere,
1311 2561 1398 2614 scd
1427 2561 1620 2615 salvere
1642 2560 1804 2630 (Luc.
1832 2576 1902 2624 tx,

335 2650 426 2720 56)
452 2667 466 2703 :
495 2661 744 2720 quantum
769 2652 821 2706 in
848 2652 999 2706 nobis
1020 2661 1120 2718 est,
1145 2652 1190 2706 si
1217 2653 1328 2707 fieri
1355 2662 1545 2722 potest,
1572 2653 1713 2705 nulla
1736 2653 1910 2706 anima

337 2740 603 2810 perdenda
629 2751 728 2796 est.
761 2761 780 2795 ι
813 2743 878 2796 Ει
903 2744 1060 2813 paulo
1087 2751 1240 2814 post:
1267 2761 1284 2794 ι
1316 2742 1423 2797 Nec
1443 2742 1648 2812 aliquis,
1680 2761 1698 2794 ι
1721 2742 1928 2812 inquit,

343 2851 362 2884 ι
395 2841 636 2886 nostrum
671 2833 720 2886 id
747 2833 902 2888 debet
927 2833 1178 2898 horrere,
1208 2834 1350 2904 quod
1383 2835 1635 2888 Dominus
1669 2833 1914 2904 dignatus

338 2932 418 2975 est
447 2921 642 2975 facere.
672 2921 799 2976 Nam
827 2923 925 2976 etsi
951 2922 1124 2977 adhuc
1149 2922 1324 2978 infans
1352 2938 1380 2977 a
1417 2931 1572 2993 partu
1601 2938 1769 2977 novus
1795 2929 1910 2988 est,

339 3029 446 3068 non
471 3015 540 3067 ita
567 3021 646 3068 est
675 3023 873 3081 tamen,
897 3023 954 3068 ut
981 3015 1259 3085 quisquam
1288 3014 1435 3068 illum
1465 3015 1516 3069 in
1543 3014 1709 3084 gratia
1742 3013 1915 3068 danda

339 3115 498 3175 atque
519 3105 570 3159 in
599 3119 726 3175 pace
753 3105 987 3161 facienda
1011 3107 1228 3161 horrere
1248 3105 1438 3160 debeat
1463 3105 1692 3161 osculari
1714 3123 1728 3158 :
1750 3120 1919 3176 quan-

341 3194 412 3248 do
437 3195 488 3248 in
518 3195 702 3250 osculo
743 3195 957 3249 infantis
995 3196 1354 3266 unusquisque
1393 3203 1630 3250 nostrum
1677 3211 1772 3265 pro
1820 3211 1916 3252 sua

343 3285 598 3354 religione
627 3286 768 3355 ipsas
798 3285 970 3340 adhuc
999 3293 1242 3341 recentes
1269 3286 1362 3342 Dei
1388 3301 1575 3340 manus
1604 3285 1796 3341 debeat
1821 3301 1916 3340 co-

343 3375 510 3443 gitare
529 3414 542 3436 ,
576 3389 706 3444 quas
732 3375 784 3428 in
815 3373 1031 3430 homine
1061 3375 1218 3430 m-‘do
1247 3375 1473 3430 forma-to
1501 3384 1556 3431 et
1585 3389 1772 3430 recens
1793 3384 1918 3430 nato

344 3463 573 3533 quodam
601 3464 760 3518 modo
787 3465 1175 3532 exosculamur,
1201 3465 1412 3535 quando
1441 3465 1492 3520 id
1517 3464 1665 3535 quod
1683 3467 1821 3520 Deus
1840 3465 1920 3520 fe-

345 3554 418 3608 cit
442 3555 827 3625 amplectimur.
859 3573 878 3606 ι
903 3555 1033 3610 Item
1063 3556 1216 3624 paulo
1239 3564 1357 3624 post
1384 3573 1398 3609 :
1430 3575 1448 3608 ι
1473 3555 1734 3610 Caeterum
1761 3557 1804 3610 si
1827 3557 1924 3610 ho-

347 3646 537 3710 mines,
569 3663 590 3696 ι
624 3646 808 3715 inquit,
844 3665 862 3699 ι
895 3646 1154 3717 impedire
1175 3645 1374 3716 aliquid
1395 3647 1462 3701 ad
1489 3647 1920 3702 consecutionem

349 3735 532 3804 gratia:
561 3745 772 3804 posset,
807 3737 974 3807 magis
1001 3736 1209 3792 adultos
1235 3746 1288 3792 et
1319 3745 1595 3807 provectos
1617 3747 1670 3793 et
1695 3737 1924 3806 majores

349 3835 472 3879 natu
503 3837 717 3894 possent
746 3827 1003 3896 impedire
1033 3837 1243 3896 peccata
1271 3828 1534 3897 graviora.
1564 3827 1730 3882 Porro
1748 3836 1923 3881 autem

351 3916 398 3970 si
427 3917 586 3970 etiam
616 3901 946 3986 gravissimis
971 3917 1314 3972 delictoribus
1339 3955 1357 3983 ,
1391 3926 1448 3971 et-
1480 3917 1534 3971 in
1563 3917 1728 3972 Deum
1758 3917 1926 3971 multo

287 4017 298 4027 '
352 4016 476 4061 ante
507 4007 881 4077 peccantibus,
925 4023 1044 4063 cum
1083 4018 1272 4076 postea
1310 4007 1669 4072 crediderint,
1701 4007 1926 4063 remissa

351 4107 686 4167 peccatorum
716 4097 888 4160 datur,
923 4107 975 4152 et
1001 4113 1030 4151 a
1063 4097 1333 4168 Baptismo
1371 4107 1530 4166 atque
1571 4098 1737 4166 gratia
1771 4112 1948 4153 nemo'

353 4185 698 4255 prohibetur:
723 4195 920 4254 quanto
944 4188 1110 4256 magis
1129 4187 1396 4256 prohiberi
1421 4203 1527 4240 non
1549 4187 1708 4242 debet
1731 4185 1924 4255 infans,

353 4278 442 4347 qui
471 4292 657 4332 recens
685 4285 842 4332 natus
867 4278 1002 4333 nihil
1026 4279 1291 4348 peccavit,
1324 4278 1425 4332 nisi
1457 4278 1598 4350 quod
1633 4277 1926 4333 secundum

357 4367 524 4420 Adam
566 4367 850 4422 carnaliter
895 4376 1085 4431 natus,
1127 4369 1428 4438 contagium
1474 4367 1658 4422 mortis
1701 4367 1932 4438 antiqua:

357 4455 526 4524 prima
552 4457 824 4511 nativitate
848 4458 1140 4523 contraxit;
1170 4459 1258 4527 qui
1285 4457 1353 4511 ad
1385 4457 1658 4511 remissam
1688 4467 1933 4528 peccato-

357 4539 472 4600 rum
499 4548 880 4617 accipiendam,
913 4548 1014 4603 hoc
1041 4549 1157 4618 ipso
1185 4547 1388 4603 facilius
1419 4547 1642 4616 accedit,
1670 4548 1816 4618 quod
1855 4549 1932 4604 illi

357 4639 696 4692 remittuntur
723 4655 830 4694 non
858 4641 1091 4709 propria,
1118 4640 1210 4694 sed
1239 4640 1408 4694 aliena
1442 4643 1694 4710 peccata?
1731 4661 1750 4695 ι

425 4727 514 4781 2.5.
536 4728 668 4796 Quid
688 4729 752 4782 ad
782 4731 880 4783 ista
907 4730 1094 4784 dicturi
1123 4740 1263 4796 sunt,
1292 4731 1477 4801 gratim
1504 4731 1599 4786 Dei
1630 4746 1734 4786 non
1762 4733 1933 4787 solum

373 4817 672 4872 desertores
696 4860 711 4884 ,
743 4818 838 4874 sed
863 4821 1019 4875 etiam
1047 4821 1450 4890 persecutores?
1477 4821 1600 4890 quid
1629 4821 1700 4875 ad”
1727 4822 1822 4876 ista
1852 4823 1935 4876 di-

358 4906 494 4958 t-turi
523 4907 680 4960 sunt?
704 4908 820 4974 Quo
849 4917 1002 4977 pacto
1033 4911 1184 4964 nobis
1205 4909 1435 4980 paradisi
1464 4913 1733 4982 possessio
1757 4912 1937 4966 reddi-

361 4996 484 5050 tur?
512 4997 789 5074 momodo
827 5000 1070 5069 paradiso
1111 5001 1460 5064 restituimur,
1488 5002 1530 5055 si
1567 5018 1833 5071 nunquam
1865 5003 1934 5058 ibi

363 5087 595 5140 fuimus?
621 5089 722 5143 Aut
751 5091 1017 5160 quomodo
1047 5091 1116 5144 ibi
1147 5091 1358 5154 fuimus,
1396 5091 1495 5144 nisi
1522 5093 1644 5160 quia
1677 5092 1728 5145 in
1767 5093 1932 5146 Adam

365 5176 596 5232 fuimus?
621 5179 687 5233 Et
712 5181 978 5250 quomodo
998 5181 1061 5236 ad
1084 5183 1397 5236 sententiam
1419 5199 1536 5252 qua:
1564 5184 1616 5236 in
1647 5193 1936 5253 transgres-

362 5281 542 5322 sorem
570 5269 705 5323 dicta
734 5281 815 5326 est
845 5273 1169 5340 pertinemus
1188 5313 1204 5337 ,
1234 5273 1276 5326 si
1309 5287 1497 5326 noxam
1529 5272 1595 5326 de
1638 5281 1935 5341 transgres-

363 5369 490 5411 sore
509 5373 612 5412 non
631 5359 919 5413 trahimus?
940 5361 1210 5416 Postremo
1232 5361 1609 5432 baptizandus3
1633 5363 1791 5416 etiam
1815 5373 1936 5418 ante

432 5507 448 5574 ξ
483 5505 671 5574 aliquot
696 5521 728 5574 ρ
735 5511 924 5574 nostris
945 5517 1069 5574 \tss..
1092 5523 1234 5574 quam
1249 5509 1356 5574 nati
1379 5517 1506 5574 sunt.

429 5569 449 5597 ³
482 5573 588 5636 tuss.
634 5569 854 5621 Gallicani
888 5579 938 5620 et
963 5569 1196 5631 \aticani,
1242 5569 1376 5634 longe
1400 5571 1535 5622 aliud
1558 5571 1759 5624 concilio
1783 5584 1938 5622 nostra

367 5637 498 5675 0mm
523 5641 670 5678 risum
691 5636 776 5679 est.

364 5689 456 5794 κῆ
483 5689 625 5794 licini,
660 5697 895 5740 ruatrcmo
925 5705 963 5742 st
1011 5691 1332 5756 baptizandus.
1385 5693 1552 5752 Abest,
1596 5692 1664 5754 si,
1711 5709 1735 5742 a
1775 5709 1937 5744 manu-

407 5760 488 5794 ‘t'tt'
515 5761 570 5794 tu.

407 5760 570 5808 ειη-ηιμ.

1655 367 1856 428 manu
1881 366 2204 440 QUARTUS

3459 369 3559 425 636

1988 483 2128 539 diem
2158 493 2342 540 censet
2367 497 2630 554 octavum,
2660 503 2726 544 ne
2749 503 2846 558 per
2872 488 3176 559 contagium
3205 485 3395 540 mortis
3421 482 3560 538 antir-

1987 576 2326 652 quteprima
2379 579 2654 634 nativitate
2713 587 3044 634 contractum
3093 584 3316 647 pereant
3363 575 3559 630 animae

1991 665 2326 734 parvulorum
2358 685 2373 722 :
2402 667 2668 737 quomodo
2709 677 2982 744 pereunt,
3033 669 3079 722 si
3132 683 3198 723 ex
3253 665 3559 721 hominibus

1991 756 2148 810 etiam
2181 755 2420 814 fidelibus
2443 758 2533 828 qui
2563 769 2880 824 nascuntur,
2909 775 3015 815 non
3045 768 3294 815 tenentur
3318 773 3346 811 a
3375 757 3566 812 diabo—

1993 845 2062 908 lo,
2098 846 2266 902 donec
2289 857 2632 904 renascantur
2651 851 2704 904 in
2725 849 2955 918 Christo,
2977 859 3032 906 et
3055 851 3191 905 eruti
3215 849 3284 904 de
3305 855 3568 919 potestate

1995 937 2328 992 tenebrarum
2357 939 2416 994 in
2439 955 2656 1010 regnum
2687 941 2826 996 illius
2855 940 3238 996 transferantur
3259 939 3278 1010 (
3295 939 3487 994 Coloss.
3519 953 3564 1003 ι,

1997 1025 2126 1096 15)?
2153 1026 2221 1080 Et
2243 1029 2361 1096 quis
2385 1028 2511 1084 dicit
2537 1031 2863 1086 nascentium
2885 1070 2900 1094 ,
2929 1031 3028 1085 nisi
3055 1039 3421 1096 renascantur,
3447 1027 3568 1082 aui-

1995 1130 2111 1170 mas
2139 1118 2438 1185 perituras?
2477 1119 2676 1188 Nempe
2719 1121 2805 1174 ille
2841 1121 2932 1189 qui
2960 1122 3038 1176 sic
3066 1120 3245 1174 laudat
3269 1127 3569 1174 creatorem

1996 1213 2154 1274 atque
2179 1217 2495 1273 creaturam,
2517 1209 2754 1278 opificem
2775 1218 2936 1278 atque
2959 1225 3112 1279 Opus,
3135 1215 3194 1263 ut
3214 1208 3426 1263 humani
3447 1223 3575 1263 scn-

1998 1307 2089 1348 sus
2117 1295 2394 1351 horrorem
2435 1313 2538 1367 quo
2566 1299 2918 1369 dedignantur
2955 1299 3199 1354 homines
3235 1309 3481 1354 recentes
3505 1299 3572 1354 ab

2001 1391 2153 1438 utero
2181 1385 2432 1452 parvulos
2463 1387 2730 1455 osculari,
2767 1388 3038 1444 Creatoris
3074 1388 3238 1458 ipsius
3265 1388 3576 1458 interposita

2000 1475 2338 1529 veneratione
2365 1485 2665 1546 compescat
2691 1487 2746 1533 et
2784 1481 3049 1550 corrigat,
3089 1479 3273 1535 dicens
3296 1521 3311 1545 ,
3345 1481 3396 1534 in
3440 1479 3581 1533 illius

2002 1563 2171 1617 atatis
2213 1565 2394 1619 osculo
2438 1576 2680 1621 recentes
2721 1568 2814 1622 Dei
2857 1583 3042 1623 manus
3084 1582 3204 1623 esse
3247 1567 3577 1637 cogitandas.

2003 1651 2270 1723 Numquid
2299 1671 2424 1726 ergo
2449 1659 2709 1713 confitens
2739 1659 2994 1729 originale
3025 1667 3298 1728 peccatum
3319 1701 3334 1724 ,
3365 1669 3456 1713 aut
3479 1674 3578 1712 na-

2007 1749 2176 1795 turam
2223 1743 2524 1812 damnavit,
2573 1757 2664 1802 aut
2703 1750 2948 1818 nuptias?
2991 1749 3288 1820 Numquid,
3327 1749 3576 1818 quoniam

2007 1832 2244 1886 nascenti
2272 1848 2336 1888 ex
2362 1835 2531 1890 Adam
2562 1851 2654 1892 reo
2679 1836 2916 1893 adhibuit
2941 1839 3354 1908 regenerationis
3385 1853 3582 1908 purga-

2009 1920 2225 1988 tionem,
2261 1924 2380 1980 ideo
2418 1925 2581 1982 Deum
2617 1928 2824 1998 negavit
2851 1929 3180 1984 nascentium
3220 1927 3584 1982 conditorem?

2006 2012 2271 2084 Numquid
2287 2057 2299 2080 ,
2327 2017 2450 2086 quia
2474 2028 2714 2074 metuens
2735 2019 2938 2072 animas
2961 2019 3244 2088 cujuslibet
3268 2018 3438 2072 anatis
3465 2033 3592 2086 per-t
3633 2051 3640 2058 -

2010 2103 2088 2158 ire
2111 2143 2126 2168 ,
2155 2105 2312 2159 etiam
2351 2115 2476 2162 ante
2503 2108 2642 2163 diem
2670 2117 2912 2163 octavum
2939 2107 3240 2164 liberandas
3263 2122 3383 2162 esse
3407 2122 3586 2161 sacra-

2011 2204 2192 2249 mento
2225 2195 2481 2265 Baptism!
2522 2213 2641 2256 cum
2683 2199 3003 2269 collegarum
3038 2199 3265 2254 concilio
3295 2195 3584 2268 judicavit,

2013 2283 2130 2339 ideo
2155 2285 2366 2354 nuptias
2393 2288 2694 2354 accusavit;
2722 2287 3145 2358 quandoquidem
3171 2288 3232 2341 in:
3251 2287 3454 2342 infante
3473 2287 3600 2340 sive

2013 2373 2082 2430 de
2105 2375 2368 2446 conjugio,
2398 2377 2510 2433 sive
2529 2378 2596 2434 de
2621 2378 2899 2446 adulterio,
2933 2387 3108 2434 tamen
3138 2377 3258 2449 quia
3289 2377 3451 2432 homo
3483 2393 3582 2430 [Lt-

2016 2473 2098 2520 tus
2116 2473 2217 2530 est,
2247 2476 2490 2523 recentes
2517 2468 2611 2524 Dei
2637 2482 2824 2524 manus
2845 2469 3034 2540 dignas
3056 2469 3215 2525 etiam
3237 2467 3421 2524 osculo
3449 2469 3596 2537 pacis

2015 2556 2280 2612 ostendit?
2307 2558 2362 2614 Si
2389 2574 2520 2629 ergo
2543 2561 2714 2629 potuit
2752 2570 2970 2617 sanctus
3002 2562 3282 2631 episcopus
3309 2571 3364 2616 et
3391 2570 3596 2631 martyr

2014 2647 2428 2716 gloriosissimus
2451 2649 2743 2721 Cyprianus
2763 2655 3036 2722 peccatum
3055 2653 3312 2722 originale
3339 2653 3389 2706 in
3419 2652 3592 2706 infan-

2019 2737 2156 2790 tibus
2181 2738 2438 2794 medicina
2463 2739 2654 2795 Christi
2682 2756 2902 2797 ceusere
2925 2743 3240 2808 sanandum,
3264 2743 3406 2796 salva
3431 2741 3589 2796 laude

2019 2837 2272 2882 creaturm
2293 2871 2307 2895 ,
2337 2830 2478 2884 salva
2517 2831 2671 2886 laude
2709 2832 3044 2902 nuptiarum;
3073 2847 3168 2888 cur
3193 2833 3391 2886 novitia
3428 2832 3592 2901 pesti-

2019 2917 2200 2983 lentia,
2231 2935 2350 2973 cum
2378 2920 2534 2974 istum
2555 2937 2659 2976 non
2684 2913 2876 2978 audeat
2894 2923 3072 2977 dicere
3097 2921 3468 2988 Manichmutn,
3489 2920 3594 2976 Ca-

2021 3010 2230 3066 tholicis
2257 3012 2346 3080 qui
2369 3013 2467 3066 ista
2489 3011 2794 3081 defendunt,
2821 3022 2878 3070 ut
2897 3014 3110 3084 obtegat
3139 3013 3430 3084 proprium,
3451 3019 3596 3081 putat

2021 3100 2375 3170 objiciendum
2405 3102 2606 3159 crimen
2657 3105 2920 3160 alienum?
2951 3105 3090 3161 Ecce
3129 3104 3598 3175 praedicatissintus

2025 3201 2274 3246 tractator
2295 3191 2593 3248 divinorum
2622 3195 2971 3265 eloquiorum,
2996 3205 3279 3266 antequam
3308 3205 3478 3250 terras
3498 3209 3596 3248 uo-

2023 3289 2164 3338 atras
2187 3283 2268 3337 vel
2297 3271 2636 3340 tenuissimus
2662 3284 2794 3341 odor
2819 3286 3119 3342 Manichteze
3141 3285 3452 3356 pestilentia:
3479 3287 3597 3340 teti-

2023 3373 2216 3443 gisset,
2268 3374 2384 3431 sine
2435 3377 2541 3431 ulla
2591 3378 2978 3446 vituperatione
3018 3377 3183 3432 divini
3221 3376 3402 3446 operis
3440 3385 3602 3444 atque

2027 3464 2328 3532 nuptiarum
2351 3465 2630 3521 confitetur
2655 3467 2908 3535 originale
2945 3475 3218 3537 peccatum
3237 3508 3254 3534 ,
3285 3482 3391 3522 non
3416 3465 3599 3521 dicens

2025 3552 2290 3608 Christum
2323 3555 2425 3608 ulla
2455 3555 2654 3624 peccati
2675 3556 2880 3616 macula
2900 3570 3196 3627 aspersum,
3221 3571 3320 3612 nec
3347 3565 3521 3610 tamen
3545 3555 3596 3610 ei

2028 3659 2338 3712 comparans
2375 3660 2586 3701 carnem
2627 3646 2830 3715 peccati
2880 3647 2934 3700 in
2978 3647 3318 3702 nascentibus
3353 3649 3598 3712 cancris,

2028 3734 2219 3802 quibus
2245 3751 2337 3804 per
2361 3735 2761 3791 similitudinem
2797 3736 2973 3791 carnis
2999 3737 3202 3807 peccati
3241 3736 3601 3791 mundationis

2033 3837 2246 3910 praestet
2286 3831 2535 3885 auxilium
2567 3849 2580 3886 :
2609 3847 2706 3887 nec
2757 3833 2976 3900 originis
3023 3833 3321 3888 animarum
3376 3833 3600 3888 obscura

2031 3917 2320 3985 quaeStione
2354 3919 2603 3987 terretur,
2632 3937 2738 3992 quo
2761 3922 2935 3978 minus
2962 3937 3056 3979 eos
3094 3925 3183 3994 qui
3211 3921 3406 3979 Christi
3433 3923 3602 3993 gratia

2032 4007 2338 4071 liberantur,
2371 4008 2424 4063 in
2455 4012 2752 4079 paradisum
2785 4029 3024 4069 remeare
3063 4013 3307 4068 fateatur.
3335 4011 3598 4082 Numquid

2033 4114 2100 4154 ex
2126 4099 2293 4154 Adam
2329 4099 2457 4156 dicit
2493 4103 2546 4156 in
2591 4103 2831 4158 homines
2877 4105 3063 4159 mortis
3105 4105 3460 4159 conditionem
3487 4103 3605 4159 sine

2034 4191 2233 4258 peccati
2261 4193 2572 4260 contagione
2598 4193 2887 4247 transisse?
2911 4193 3026 4247 Non
3067 4195 3208 4249 enim
3241 4203 3459 4264 propter
3483 4209 3602 4249 cor—

2034 4281 2177 4350 poris
2204 4292 2427 4336 mortem
2457 4283 2740 4347 vitandam,
2769 4284 2872 4339 sed'
2891 4296 3107 4354 propter
3135 4295 3428 4355 peccatum,
3460 4285 3610 4358 quad

2034 4385 2129 4440 per
2157 4387 2318 4425 unum
2359 4371 2570 4427 intravit
2599 4373 2652 4427 in
2679 4373 2932 4428 mundum
2957 4417 2969 4440 ,
2998 4375 3126 4430 dicit
3156 4391 3249 4446 per
3277 4376 3602 4445 Baptismutn

2035 4460 2268 4528 parvulis
2305 4460 2591 4530 quamlibet
2627 4461 2695 4517 ab
2724 4473 2874 4518 utero
2903 4465 3282 4520 recentissimis
3312 4465 3603 4522 subveniri“.

2105 4549 2326 4604 CAPUT
2358 4549 2447 4607 IX.
2467 4579 2540 4590 —
2554 4551 2644 4608 25.
2667 4550 2909 4624 Cypriani
2927 4555 3209 4610 testimonia
3227 4555 3290 4610 de
3307 4557 3472 4627 gratia
3495 4553 3606 4609 Dei;

2036 4639 2150 4694 Jam
2179 4656 2308 4696 vero
2333 4642 2552 4712 gratiam
2593 4643 2688 4699 Dei
2715 4644 3161 4712 quemadmodum
3201 4645 3452 4701 adversus
3481 4644 3612 4698 istos

2037 4733 2288 4803 praedicet
2310 4731 2598 4804 Cyprianus
2619 4777 2635 4803 ,
2665 4735 2752 4790 ubi
2777 4736 2846 4791 de
2869 4737 3111 4792 oratione
3138 4737 3401 4792 dominica
3429 4735 3610 4804 dispu-

2040 4833 2146 4888 tat,
2177 4823 2460 4892 evidenter,
2485 4835 2721 4894 apparet.
2757 4826 2848 4880 Ait
2885 4827 3024 4880 enim
3060 4845 3074 4881 :
3110 4845 3130 4877 t
3169 4827 3433 4884 Dicimus,
3466 4823 3608 4878 San-

2038 4914 2284 4983 ctiﬁcetur
2308 4931 2484 4968 nomen
2510 4925 2651 4968 tuum
2673 4930 2691 4968 :
2714 4930 2819 4969 non
2847 4915 2988 4985 quod
3011 4925 3258 4984 optemus
3284 4915 3390 4969 Deo
3413 4924 3468 4966 ut
3488 4927 3613 4967 sau-

2039 5003 2295 5058 Ctificetur
2321 5003 2650 5058 orationibus
2679 5005 2911 5072 nostris,
2957 5003 3220 5074 sedquod
3263 5014 3504 5073 petamus
3544 5001 3613 5056 ab

2039 5109 2105 5150 eo
2147 5103 2203 5150 ut
2232 5111 2421 5151 nomen
2451 5095 2567 5164 ejus
2609 5097 2968 5152 sanetilicetur
2995 5097 3048 5150 in
3089 5095 3260 5150 nobis.
3290 5094 3552 5149 Cancrum
3579 5110 3612 5149 a

2039 5200 2144 5254 quo
2166 5185 2303 5240 Deus
2328 5185 2688 5240 sanctiﬁcatur
2705 5227 2720 5250 ,
2749 5187 2837 5256 qui
2866 5187 2978 5256 ipse
3005 5185 3337 5241 sanctiﬁcat?
3363 5185 3465 5240 Sed
3488 5185 3611 5255 quia

2041 5272 2154 5346 ipse
2181 5277 2344 5342 dixit,
2377 5277 2554 5332 Sancti
2592 5286 2777 5343 estote,
2807 5277 3046 5346 quoniam
3071 5287 3116 5330 et
3145 5292 3234 5347 ego
3261 5286 3464 5331 sanctus
3501 5293 3613 5330 sum

2042 5365 2220 5434 (Leuit.
2251 5383 2338 5420 xut
2357 5408 2371 5430 ,
2403 5367 2494 5434 ‘2);
2525 5366 2576 5422 id
2599 5368 2824 5436 petimus
2852 5375 2906 5422 et
2925 5381 3172 5436 rogamus
3191 5408 3206 5432 ,
3236 5375 3295 5421 ut
3323 5367 3418 5436 qui
3441 5366 3493 5420 in
3517 5365 3616 5418 Ba-

2043 5459 2234 5524 ptismo
2263 5455 2572 5509 sanctificati
2602 5469 2820 5519 sumus,
2853 5455 2904 5508 in
2936 5469 3002 5509 eo
3042 5455 3180 5522 quod
3209 5469 3326 5509 esse
3352 5455 3613 5522 etnpituus

2041 5559 2460 5615 perseveremus.
2489 5563 2507 5596 ι
2535 5544 2600 5598 Et
2619 5543 2724 5597 alio
2747 5544 2862 5598 loco
2884 5545 2935 5598 in
2958 5545 3152 5599 eadem
3167 5545 3386 5615 epistola
3411 5562 3426 5598 :
3455 5561 3473 5596 ι
3503 5545 3613 5598 Ad-

2042 5633 2212 5686 ditnns
2238 5649 2480 5703 quoque,
2521 5651 2538 5686 ν
2577 5633 2778 5703 inquit,
2817 5653 2834 5686 ε
2873 5643 2925 5688 et
2951 5633 3208 5701 dicimus,
3245 5632 3359 5688 ("iet
3386 5633 3614 5687 uoluntas
