4038 6182
409 262 509 316 ητ

387 366 492 427 ἶιιιι
507 373 560 425 in
581 371 705 425 calo
723 370 741 404 ί
770 378 818 424 et
845 369 898 424 in
925 379 1057 424 terra
1078 386 1100 425 :
1119 386 1223 426 non
1245 379 1303 424 ut
1327 369 1467 426 Deus
1492 369 1648 426 faciat
1671 369 1812 441 quod
1834 369 1963 437 vult,

403 462 500 519 sed
520 471 584 518 ut
611 470 708 518 nus
730 459 904 518 facere
928 459 1194 531 possimus
1217 461 1357 532 quod
1380 460 1520 518 Deus
1539 461 1669 516 vult.
1697 460 1828 517 Nam
1862 461 1968 516 Deo

401 552 522 624 quis
545 551 788 619 obsistit,
844 551 1126 620 quamius
1151 549 1294 622 quod
1335 539 1460 608 velit
1494 549 1686 608 faciat?
1711 551 1816 609 Sed
1845 553 1967 623 quia

403 643 557 700 nobis
577 657 613 698 a
641 641 856 700 diabolo
877 642 1156 704 obsistitur
1171 682 1187 709 ,
1240 643 1520 711 quominus
1548 657 1645 712 per
1669 643 1848 700 ouilia
1873 657 1970 699 no-

401 743 513 790 ster
545 733 762 790 animus
782 742 949 804 atque
965 742 1116 792 actus
1145 733 1254 789 Deo
1295 732 1648 804 obsequatur,
1674 747 1889 788 oramus
1913 743 1968 790 et

400 823 628 893 petimus
649 832 710 878 ut
736 822 828 879 liat
849 823 904 880 in
929 822 1086 879 nobis
1108 821 1351 878 voluntas
1373 822 1490 880 Dei.
1517 821 1650 892 Quae
1690 830 1750 878 ut
1783 821 1875 878 fiat
1913 822 1964 878 in

398 911 572 979 nobis,
601 921 738 982 opus
760 919 844 970 est
867 912 962 969 Dei
977 912 1275 980 voluntate,
1301 911 1357 968 id
1373 921 1478 980 est,
1503 926 1604 984 cpe
1628 905 1744 982 ejus
1769 920 1824 966 et
1847 925 1971 981 pro-

399 1001 628 1058 teetione
659 1018 676 1055 :
703 1000 826 1071 quia
851 1015 1010 1058 nemo
1051 1002 1162 1060 suis
1185 1001 1386 1058 viribus
1411 1000 1567 1058 fortis
1591 1009 1706 1062 est.
1750 997 1847 1057 sed
1871 999 1965 1056 Dei

397 1089 723 1162 indulgentia
763 1101 820 1148 et
860 1091 1223 1148 misericordia
1265 1099 1408 1148 tutus
1443 1100 1545 1148 est.
1584 1108 1606 1144 s
1639 1090 1770 1147 ltem
1811 1091 1917 1147 alio
1949 1109 1963 1146 :

405 1207 423 1254 ς
461 1189 602 1246 Fieri
641 1198 818 1244 autem
855 1190 1119 1261 petimus,
1157 1207 1176 1242 s
1209 1188 1412 1259 inquit,
1447 1206 1468 1242 ι
1506 1187 1828 1249 voluntatem
1873 1187 1967 1241 Dei

398 1277 454 1332 in
479 1278 618 1334 casio
645 1287 700 1333 et
727 1279 780 1335 in
805 1287 968 1344 terra,
997 1277 1136 1348 quod
1167 1285 1446 1348 utrumque
1467 1277 1535 1333 ad
1557 1276 1970 1332 consummatio-

397 1382 520 1422 nem
543 1376 740 1422 nostra:
757 1366 1130 1425 incolumitatis
1154 1367 1379 1436 pertinet
1397 1375 1452 1421 et
1467 1365 1674 1421 salutis.
1692 1363 1824 1418 Nam
1843 1378 1964 1418 cum

395 1469 592 1526 corpus
615 1470 650 1510 e
678 1464 819 1510 terra
846 1464 901 1511 et
937 1454 1180 1525 spiritum
1215 1453 1580 1525 possideamus
1603 1467 1635 1508 e
1661 1453 1834 1520 cmlo,
1867 1452 1966 1522 ipsi

398 1555 538 1600 terra
559 1556 612 1601 et
632 1546 824 1602 calum
848 1559 1065 1612 sumus,
1095 1555 1151 1600 et
1177 1545 1230 1600 in
1259 1553 1484 1617 utroque
1501 1585 1518 1610 ,
1549 1543 1603 1600 id
1626 1553 1708 1600 est
1725 1584 1742 1610 ,
1772 1543 1824 1598 in
1847 1555 1964 1598 cor-

399 1649 527 1704 pore
549 1644 605 1691 et
631 1637 821 1706 spiritu
850 1644 908 1692 ut
933 1637 1027 1693 Dei
1052 1637 1298 1694 voluntas
1322 1635 1413 1692 iiut
1435 1643 1670 1692 ornatus.
1700 1635 1796 1690 Est
1822 1634 1964 1690 enim

399 1725 538 1780 inter
563 1739 777 1780 carnem
805 1733 864 1783 et
898 1725 1145 1796 spiritum
1170 1725 1503 1792 ooﬂuctatio,
1531 1733 1586 1780 et
1607 1723 1965 1780 discordanti-

397 1815 498 1868 bus
514 1811 770 1868 adversus
787 1827 846 1870 se
866 1814 1088 1869 invicem
1109 1812 1410 1882 quotidianus
1426 1813 1756 1884 congressio,
1779 1821 1835 1868 ut
1857 1827 1964 1869 non

396 1917 515 1973 qua:
545 1901 784 1957 volumus
804 1942 819 1968 ,
849 1903 964 1974 ipsa
1003 1902 1285 1968 iaciamus,
1317 1901 1442 1959 dum
1471 1903 1688 1972 spiritus
1727 1901 1962 1957 cmlestia

399 2001 456 2045 et
476 1991 651 2046 divina
673 1992 897 2062 qumrit,
935 2005 1062 2048 caro
1092 2001 1302 2048 terrena
1331 2000 1388 2046 et
1405 1991 1682 2047 saecularia
1709 1993 1963 2062 concupi-

371 2080 516 2138 ~scit.
537 2080 603 2135 Et
631 2081 750 2138 idco
771 2081 999 2152 petimus
1018 2080 1311 2140 inter'duo
1331 2080 1431 2136 ista
1457 2095 1560 2151 ope
1583 2088 1638 2136 et
1655 2081 1850 2138 auxilio
1873 2081 1964 2139 Dei

394 2169 732 2226 concordiam
761 2171 906 2238 ﬁeri;
932 2180 992 2226 ut
1013 2171 1142 2228 dum
1165 2171 1294 2228 etin
1319 2171 1507 2242 spiritu
1525 2179 1586 2227 et
1610 2171 1662 2225 in
1691 2185 1851 2229 carne
1872 2187 1966 2228 vo-

395 2259 570 2314 luntas
599 2259 692 2316 Dei
723 2261 956 2330 geritur,
983 2275 1102 2332 qua
1141 2275 1241 2332 per
1275 2275 1398 2316 eum
1423 2269 1603 2315 renata
1631 2269 1745 2324 est,
1789 2260 1962 2323 auritus

395 2359 635 2405 servetur
649 2349 692 2404 ⁸.
713 2350 867 2418 Quod
880 2361 1065 2422 aperte
1081 2361 1244 2421 atque
1256 2349 1532 2408 manifeste
1545 2351 1816 2422 apostolus
1831 2351 1968 2407 Pau-

396 2439 480 2492 lus
507 2452 602 2492 sua
630 2453 760 2494 voce
783 2439 1022 2498 declarat
1049 2456 1064 2496 :
1095 2439 1226 2494 Caro
1244 2479 1258 2502 ,
1287 2439 1495 2510 inquit,
1525 2440 1830 2510 concupiscit
1863 2440 1962 2494 ad-

395 2544 564 2584 versus
585 2530 834 2600 spiritum,
859 2541 907 2586 et
933 2531 1138 2603 spiritus
1163 2529 1400 2585 adversus
1427 2545 1628 2584 carnem
1657 2545 1678 2584 :
1705 2529 1812 2584 hac
1831 2531 1963 2588 enim

394 2619 965 2687 inuicemadversantur;
1002 2629 1056 2675 ut
1091 2637 1190 2677 non
1215 2620 1494 2692 monitis
1511 2661 1527 2686 ,
1561 2621 1672 2691 ipsa
1714 2621 1910 2691 faciatis
1935 2639 1954 2675 ι

395 2707 588 2779 (Gulat.
613 2725 666 2776 v,
687 2711 796 2783 l7).
821 2711 888 2766 Et
910 2709 1066 2781 paulo
1085 2717 1204 2780 post
1233 2727 1249 2766 :
1275 2709 1486 2768 «Potest
1507 2717 1564 2766 et
1584 2709 1662 2764 sic
1683 2709 1956 2780 intelligi,»

395 2799 596 2869 inquit,
632 2817 652 2852 ι
689 2798 880 2856 fratres
905 2799 1268 2866 dilectissimi,
1296 2806 1354 2854 ut
1379 2797 1627 2868 quoniam
1671 2799 1884 2854 mandat
1908 2808 1964 2854 et

394 2889 548 2946 docet
569 2891 821 2946 Dominus
843 2891 1000 2948 etiam
1023 2891 1265 2948 inimicos
1281 2889 1519 2959 diligere,
1535 2899 1590 2945 et
1615 2893 1710 2959 pro
1732 2889 1814 2944 his
1833 2906 1964 2960 quo-

391 2996 494 3050 que
521 2981 608 3052 qui
635 2997 731 3037 nos
757 2971 1144 3051 persequuntur
1169 2995 1324 3035 orare
1351 2978 1562 3052 (Matth.
1589 2995 1642 3044 v,
1669 2980 1778 3050 ιι),
1812 2989 1962 3050 peta-

395 3085 512 3124 ιιιιιε
527 3079 589 3126 et
613 3088 706 3141 pro
729 3072 838 3126 illis
863 3071 954 3142 qui
979 3071 1154 3126 adimo
1183 3079 1321 3126 terra
1349 3077 1490 3137 sunt,
1518 3077 1574 3124 et
1599 3069 1820 3124 necdum
1845 3084 1960 3126 etu-

396 3161 555 3216 lestcs
573 3175 692 3216 esse
711 3170 1006 3232 coeperunt,
1027 3169 1082 3216 ut
1098 3171 1154 3216 et
1169 3158 1308 3216 circa
1335 3160 1456 3216 illos
1473 3161 1714 3216 voluntas
1736 3161 1826 3217 Dei
1847 3163 1958 3228 liat,

393 3266 549 3322 quam
565 3251 807 3306 Christus
825 3251 1090 3306 hominem
1107 3249 1470 3306 conservando
1484 3260 1537 3306 et
1555 3251 1965 3322 redintegrando

391 3339 630 3411 perfecit.
659 3359 682 3395 s
717 3340 950 3412 Itemque
975 3341 1082 3404 alio
1110 3355 1126 3394 :
1162 3357 1182 3392 ι
1211 3340 1360 3404 nunc
1383 3350 1562 3398 autem
1592 3355 1804 3411 panem,
1835 3359 1854 3392 ι
1880 3342 1964 3396 in-

389 3430 521 3501 quit,
550 3449 572 3485 ι
597 3430 712 3488 dari
741 3431 892 3486 nobis
909 3431 1145 3501 quotidie
1168 3430 1513 3502 postulamus,
1533 3445 1601 3486 ne
1625 3433 1714 3502 qui
1737 3432 1790 3486 in
1809 3431 1961 3488 Chri-

388 3530 474 3578 sto
499 3537 701 3588 sumus,
729 3531 783 3578 et
809 3519 1190 3577 Eucharistiam
1218 3518 1453 3592 quotidie
1479 3521 1546 3576 ad
1574 3521 1750 3577 cibum
1777 3523 1960 3578 salutis

388 3613 710 3683 accipimus,
740 3611 1098 3669 intercedente
1123 3611 1298 3683 aliquo
1337 3611 1584 3682 graviore
1607 3611 1804 3667 delicto
1832 3612 1958 3668 dum

387 3703 613 3759 abstenti
634 3703 656 3734 ⁸
682 3711 738 3760 et
763 3719 868 3760 non
891 3703 1340 3760 communicantes
1365 3718 1397 3758 a
1423 3703 1626 3760 coalesti
1657 3719 1794 3774 pane
1829 3719 1958 3774 pro-

389 3794 650 3860 hibemur,
673 3809 702 3850 a
722 3793 916 3854 Christi
939 3809 1161 3865 corpore
1185 3809 1510 3864 separemur.
1543 3813 1561 3848 ι
1597 3795 1666 3849 Ει
1689 3795 1958 3864 aliquanto

389 3895 508 3956 post
531 3887 584 3942 in
605 3886 794 3944 eadem
827 3903 841 3942 :
879 3903 899 3940 ι
933 3885 1154 3955 Quando
1175 3897 1354 3942 autem
1380 3900 1656 3955 rogamus,
1695 3905 1714 3938 ι
1749 3886 1914 3956 inquit
1937 3928 1954 3949 .

397 3993 419 4028 s
455 3991 526 4030 ne
581 3976 634 4030 in
681 3976 1028 4031 tentationem
1073 3975 1344 4030 veniamus
1389 3973 1500 4045 (Id.
1528 3991 1610 4040 vn,
1641 3975 1831 4044 945),
1862 3976 1960 4030 ad-

387 4079 665 4120 monemur
685 4064 1002 4120 infirmilalis
1020 4073 1073 4121 et
1102 4063 1475 4120 imbecillitatis
1501 4072 1713 4130 nostrae,
1735 4064 1859 4118 dum
1881 4065 1956 4120 sic

386 4168 634 4224 rogamus
651 4194 666 4218 ,
694 4168 761 4208 nc
787 4153 906 4224 quis
931 4169 991 4208 se
1033 4153 1322 4208 insolenter
1343 4151 1554 4208 extollat
1578 4192 1594 4217 ,
1621 4167 1690 4208 ne
1714 4152 1834 4223 quis
1855 4153 1956 4208 sibi

385 4243 615 4312 superbe
633 4253 791 4314 atque
814 4251 1124 4314 arroganter
1143 4241 1342 4311 aliquid
1363 4252 1620 4310 assumat,
1641 4257 1708 4298 ne
1731 4241 1848 4312 quis
1867 4251 1958 4298 aut

384 4331 732 4388 confessionis
759 4341 849 4387 aut
874 4333 1137 4404 passionis
1162 4333 1384 4403 gloriam
1423 4348 1572 4388 suam
1601 4331 1794 4398 ducat;
1834 4347 1954 4388 cum

386 4422 642 4478 Dominus
677 4424 791 4492 ipse
817 4423 1164 4479 humilitatem
1189 4423 1386 4478 docens
1406 4423 1632 4489 dixerit,
1672 4422 1884 4494 i’igilatc
1908 4431 1956 4477 et

384 4523 543 4577 orate,
564 4527 627 4564 ne
650 4511 854 4566 veniatis
877 4511 929 4565 in
954 4513 1273 4567 tcntationem
1295 4526 1314 4564 :
1331 4512 1535 4580 spiritus
1559 4511 1760 4584 quidem
1783 4527 1958 4586 prom-

383 4610 501 4674 ptus
527 4609 633 4664 est,
661 4617 780 4654 caro
806 4611 971 4654 autent
997 4601 1199 4668 inﬁrma
1231 4598 1340 4671 (Id.
1373 4615 1495 4654 xxvr
1515 4639 1530 4664 ,
1559 4601 1651 4670 41)
1685 4617 1700 4658 :
1729 4609 1788 4656 ut
1828 4601 1954 4656 dum

385 4689 641 4760 praecedit
665 4689 876 4744 humilis
903 4699 956 4744 et
983 4689 1243 4744 submissa
1280 4688 1550 4744 confessio
1567 4730 1583 4755 ,
1609 4698 1664 4743 et
1689 4688 1844 4744 datur
1869 4699 1952 4744 to-

387 4788 498 4834 tum
529 4777 942 4849 De0,quidquid
968 4777 1424 4852 supplicitercum
1461 4777 1650 4832 timore
1675 4787 1729 4832 et
1753 4777 1955 4835 honore

387 4865 483 4924 Dei
525 4866 750 4938 petitur,
779 4867 942 4936 ipsius
967 4867 1162 4938 pietate
1187 4874 1483 4936 praestetur.
1522 4883 1542 4918 ι
1578 4864 1706 4921 ltem
1730 4865 1796 4920 ad
1821 4866 1954 4938 Qui.

383 4958 557 5012 riuum
580 4997 596 5024 ,
625 4957 677 5012 in
699 4973 804 5028 quo
827 4973 988 5028 opere
1014 4973 1072 5012 se
1097 4958 1337 5028 Pelagius
1365 4958 1477 5012 vult
1499 4958 1615 5028 ejus
1639 4959 1953 5014 imitatorem

385 5047 574 5112 \‘idcri,
589 5047 659 5100 ait
678 5047 729 5102 in
747 5047 880 5102 libro
899 5046 1081 5102 tertio:
1106 5064 1124 5098 ι
1146 5047 1201 5102 ln
1219 5047 1362 5102 nullo
1375 5047 1728 5114 gloriandum,
1743 5049 1955 5118 quando

387 5147 627 5192 nostrum
657 5138 787 5193 nihil
832 5139 919 5194 sit.
959 5156 978 5190 ι
1011 5137 1108 5193 Cui
1139 5138 1408 5208 proposito
1449 5137 1750 5194 testimonia
1779 5139 1956 5193 divina

445 5355 460 5386 ί
497 5353 615 5404 ιιιιίιί
635 5387 650 5412 ,
687 5352 808 5404 sicut
830 5352 878 5403 in
911 5351 1245 5414 ταξιοηιιιεει,
1289 5351 1439 5414 sicut,
1459 5363 1487 5400 ιι
1511 5352 1858 5414 manuscriptis.

443 5416 464 5490 ξ
500 5411 946 5490 “(adq-priuauit),
971 5413 1171 5490 petimus
1185 5411 1399 5476 imperis:
1423 5412 1564 5464 inter.

443 5473 462 5536 ξ
498 5473 695 5526 vaticani
712 5473 844 5535 'Mss.,
872 5473 1140 5536 raperetur.

445 5535 464 5564 δ
499 5536 615 5586 mliti
640 5536 714 5588 hic
731 5543 784 5586 et
805 5534 1226 5585 inii-a'eonstanter
1263 5534 1471 5584 habent.
1498 5535 1721 5584 absentis.
1765 5539 1818 5582 Αι
1847 5538 1950 5582 uss.

377 5597 596 5646 (διείρειιὶ
641 5607 690 5646 et
727 5600 932 5648 vatiuati
965 5609 1190 5660 semper,
1235 5595 1468 5655 obstanti;
1515 5603 1565 5643 ut
1611 5594 1731 5656 auri
1768 5595 1948 5657 Cypria-

381 5669 510 5709 ιιιιιιι.

1025 259 1296 317 CONTRA
1333 260 1511 317 DUAS
1549 257 1916 314 Ei‘lSTOLAS
1953 255 2510 337 PELAGIANORUH,
2547 268 2604 322 S.
2636 269 2997 329 AUGUSTINI

3547 281 3648 340 6‘28

2078 370 2420 464 subjungens,
2439 376 2578 434 inter
2601 389 2790 436 caetera
2808 385 2983 453 posuit
3003 387 3351 455 apostolicum
3378 391 3526 460 illud,
3545 409 3652 464 quo

2078 460 2296 521 istorum
2317 467 2546 524 maxime
2563 484 2659 526 ora
2678 471 2969 528 claudenda
2989 485 3142 530 sunt:
3170 475 3304 544 Quid
3323 480 3452 534 enim
3471 460 3648 550 habes,

2075 552 2208 620 quod
2231 568 2331 608 non
2357 557 2634 625 accepisti?
2660 557 2724 614 Si
2746 570 2914 614 autem
2933 563 3198 632 accepisti,
3229 567 3350 634 quid
3372 570 3606 638 gloriaris
3624 612 3646 640 ,

2074 642 2219 707 quasi
2247 659 2347 727 non
2371 648 2620 716 acceperis
2643 647 2694 718 (Ι
2718 647 2835 704 Cor.
2863 665 2916 706 tv
2934 691 2948 716 ,
2977 651 3073 724 7)?
3100 652 3228 710 ltem
3255 656 3308 712 in
3331 659 3554 728 epistola
3579 660 3650 717 de

2075 730 2332 789 Patientia
2357 752 2371 789 :
2398 753 2420 787 ι
2447 737 2541 792 Est
2563 739 2706 794 enim
2731 741 2905 806 nobis,
2933 759 2956 794 s
2989 743 3178 814 inquit,
3204 764 3224 798 ι
3252 762 3374 802 cum
3402 749 3514 806 Deo
3533 751 3645 806 vir-

2074 830 2158 878 tus
2179 823 2278 878 ista
2303 829 2620 896 communis;
2635 830 2760 887 inde
2789 832 3039 901 patientia
3063 834 3268 905 incipit,
3287 837 3412 892 inde
3431 840 3648 897 claritas

2072 911 2190 1000 ejus
2213 921 2271 968 et
2292 913 2522 986 dignitas
2551 929 2710 988 caput
2731 921 2928 988 sumit,
2959 923 3108 992 origo
3131 932 3186 980 et
3221 926 3526 996 magnitudo
3550 945 3646 1000 pa-

2075 999 2272 1058 tientia:
2293 1001 2405 1060 Deo
2422 1013 2640 1063 auctore
2659 1009 2918 1078 procedit.
2943 1027 2963 1063 ι

2141 1090 2233 1150 26.
2263 1089 2524 1162 Numquid
2564 1095 2664 1152 iste
2687 1108 2902 1153 sanctus
2939 1108 3044 1156 tam
3075 1103 3432 1162 memorabilis
3458 1105 3644 1181 Eccle:

2071 1180 2268 1236 siarum
2299 1181 2351 1235 in
2393 1185 2555 1239 verbo
2598 1187 2835 1244 veritatis
2877 1189 3196 1256 instructor,
3243 1193 3470 1250 liberum
3493 1180 3639 1256 sibi?

2070 1269 2229 1323 trium
2257 1281 2413 1339 negat
2451 1287 2571 1328 esse
2607 1275 2661 1330 in
2697 1275 3032 1344 hominibus,
3061 1281 3183 1350 quia
3213 1281 3320 1338 Deo
3349 1293 3516 1341 totum
3545 1288 3644 1344 tri-

2071 1353 2184 1448 buit
2205 1358 2344 1426 quod
2368 1369 2513 1417 recte
2539 1361 2801 1420 vivimus?
2823 1365 3088 1438 Numquid
3113 1370 3283 1440 legem
3307 1373 3399 1430 Dei
3424 1376 3604 1446 culpat
3619 1417 3640 1448 ,

2069 1445 2190 1514 quia
2208 1461 2310 1500 non
2327 1463 2394 1502 ex
2417 1450 2529 1520 ipsa
2547 1451 2564 1484 ¹
2580 1451 2862 1522 justificari
2890 1455 3158 1512 hominem
3180 1461 3458 1530 signiﬁcat;
3475 1445 3644 1535 quan;

2069 1537 2352 1610 doquidem
2395 1546 2534 1614 quod
2566 1547 2654 1604 illa
2694 1549 2880 1619 jubet,
2911 1567 2942 1607 a
2972 1553 3197 1611 Domino
3240 1556 3354 1613 Deo
3395 1560 3642 1628 precibus

2069 1628 2455 1720 impetrandum
2481 1650 2602 1694 esse
2615 1637 2846 1696 declarat
2859 1641 2883 1697 ἲ
2896 1641 3160 1715 Numquid
3170 1647 3274 1703 sub
3289 1649 3504 1705 nomine
3519 1665 3641 1720 gra-

2070 1719 2157 1774 tiae
2183 1719 2346 1778 fatum
2374 1726 2600 1796 asserit,
2639 1731 2888 1799 quamvis
2915 1731 3090 1800 dicat,
3135 1735 3190 1790 in
3221 1737 3366 1792 nullo
3405 1719 3636 1809 glorian-

2067 1809 2193 1874 dum
2213 1853 2228 1875 ,
2255 1813 2466 1883 quando
2491 1826 2728 1872 nostrum
2755 1820 2883 1874 nihil
2902 1822 3010 1876 sit?
3029 1823 3293 1895 Numquid
3309 1867 3328 1894 ,
3351 1828 3488 1883 sicut
3511 1828 3597 1884 isti
3618 1869 3634 1897 ,

2069 1898 2320 1968 Spiritum
2349 1913 2589 1961 sanctum
2619 1905 2912 1976 adjutorem
2949 1910 3020 1968 ita
3047 1912 3218 1970 credit
3243 1927 3364 1970 esse
3391 1917 3598 1971 virtutis
3617 1958 3636 1983 ,

2070 1996 2318 2058 tanquam
2348 1991 2460 2061 ipsa
2505 1993 2672 2053 virtus
2711 2011 2830 2066 quae
2873 1997 2942 2054 ab
2969 1997 3072 2056 hoc
3095 2001 3405 2072 adjuvetur,
3434 2007 3636 2064 oriatur

2068 2092 2137 2134 ex
2165 2079 2349 2145 nobis,
2389 2083 2600 2153 quando
2628 2094 2866 2144 nostrum
2897 2089 3029 2144 nihil
3051 2104 3172 2146 esse
3195 2107 3443 2150 asserens
3461 2135 3478 2163 ,
3509 2110 3637 2167 pro-

2069 2175 2188 2236 pter
2207 2167 2310 2224 hoc
2333 2171 2644 2240 Apostolum
2670 2174 2866 2232 dixisse
2887 2191 3270 2238 commemorat
3287 2221 3303 2246 ,
3336 2181 3474 2250 Quid
3505 2185 3636 2238 enim

2069 2257 2220 2312 habes
2237 2298 2252 2321 ,
2283 2261 2418 2330 quod
2441 2277 2541 2316 non
2566 2264 2803 2335 accepisti
2815 2267 2842 2320 .’
2869 2266 3220 2338 virtutemque
3249 2271 3636 2327 excellentissi-

2067 2361 2227 2412 mam,
2254 2347 2353 2402 hoc
2374 2359 2472 2414 est,
2498 2353 2826 2421 patientiam,
2854 2369 2957 2410 non
2986 2371 3017 2412 a
3047 2359 3200 2414 nobis
3228 2359 3357 2416 dicit
3381 2361 3635 2431 incipere,

2065 2451 2130 2492 ac
2151 2438 2343 2495 deinde
2367 2441 2604 2512 adjuvari
2633 2443 2834 2514 Spiritu
2865 2446 2956 2500 Dei
2980 2463 2994 2511 ;
3026 2448 3122 2506 sed
3141 2449 3208 2504 ab
3236 2450 3350 2520 ipso
3373 2461 3549 2521 caput,
3573 2455 3639 2510 ah

2067 2527 2184 2600 ipso
2209 2531 2466 2601 originem
2493 2535 2745 2590 sumere?
2772 2535 3050 2592 Postremo
3074 2553 3172 2596 nec
3198 2542 3522 2612 propositum
3544 2542 3633 2598 bo-

2066 2633 2190 2674 num
2211 2659 2226 2683 ,
2257 2635 2356 2675 nec
2398 2621 2629 2678 studium
2655 2624 2902 2691 virtutis,
2945 2639 3046 2682 nec
3083 2636 3290 2684 mentes
3329 2629 3496 2684 bonas
3521 2631 3637 2688 sine

2064 2709 2231 2779 gratia
2254 2709 2346 2766 Dei
2371 2710 2602 2782 incipere
2617 2728 2736 2770 esse
2749 2717 2771 2748 '
2793 2715 2846 2770 in
2872 2714 3173 2773 hominibus
3195 2719 3498 2788 conﬁtetur,
3514 2735 3635 2776 cum

2065 2799 2228 2866 dicit,
2255 2801 2308 2856 in
2334 2801 2488 2856 nullo
2507 2804 2838 2874 gloriandum
2856 2845 2874 2872 ,
2901 2807 3113 2877 quando
3132 2818 3372 2864 nostrum
3397 2809 3526 2866 nihil
3543 2812 3633 2868 sit.

2063 2887 2200 2960 Quid
2229 2899 2334 2944 tam
2361 2890 2412 2946 in
2457 2892 2626 2948 libero
2649 2893 2868 2949 arbitrio
2905 2897 3249 2952 constitutum
3266 2938 3284 2964 ,
3310 2913 3469 2969 quam
3491 2899 3634 2970 quod
3683 2925 3690 2933 ·

2066 2975 2151 3032 lex
2169 2977 2328 3043 dicit,
2357 2994 2462 3034 non
2483 2981 2808 3038 adorandum
2831 2983 3028 3040 idolum
3047 3025 3061 3050 ,
3089 2999 3196 3040 non
3222 2987 3590 3044 mmehandum
3612 3029 3632 3060 ,

2064 3081 2170 3122 non
2209 3067 2550 3124 homicidium
2579 3072 3028 3141 perpetrandum?
3049 3073 3154 3133 ista
3181 3083 3361 3132 autem
3389 3085 3514 3133 sunt
3548 3088 3632 3133 at-

2064 3169 2168 3226 que
2193 3154 2495 3226 lmjusmodi
2521 3160 2744 3214 crimina
2761 3198 2780 3228 ,
2809 3176 2927 3231 qua:
2954 3161 3002 3216 si
3043 3162 3320 3235 quisquam
3347 3168 3630 3224 commisc-

2065 3245 2150 3312 rit,
2173 3260 2202 3298 a
2221 3247 2458 3316 corporis
2482 3245 2683 3304 Christi
2707 3251 3080 3307 communione
3105 3263 3432 3310 removetur.
3463 3255 3529 3310 Et
3555 3266 3632 3310 ta-

2064 3349 2184 3389 men
2210 3335 2255 3389 si
2281 3335 2618 3393 beatissimus
2658 3339 2951 3411 Cyprianus
2993 3340 3076 3398 his
3105 3357 3211 3397 non
3240 3344 3632 3401 commitlcndis

2063 3424 2391 3482 existimaret
2415 3437 2651 3484 nostram
2677 3430 2926 3487 sufficere
2953 3432 3300 3502 voluntatem,
3324 3451 3427 3488 non
3455 3439 3532 3492 sic
3552 3438 3634 3490 in.

2065 3515 2321 3584 telligcret
2346 3517 2486 3586 quod
2515 3518 2566 3574 in
2593 3520 2833 3575 oratione
2857 3519 3118 3576 dominica
3144 3522 3368 3578 dicimus
3387 3565 3404 3590 ,
3435 3523 3630 3580 Panem

2061 3615 2285 3659 nostrum
2308 3607 2650 3678 quotidianum
2669 3609 2738 3662 da
2761 3609 2902 3664 nobis
2927 3610 3103 3678 hodie;
3125 3621 3183 3668 ut
3202 3611 3303 3670 hoc
3327 3629 3429 3675 nos
3453 3625 3632 3686 petere

2061 3705 2426 3763 asseveraret,
2451 3712 2520 3754 ne
2547 3699 2906 3757 intercedente
2926 3701 3105 3772 aliquo
3122 3705 3364 3774 graviore
3392 3705 3586 3762 delicto
3613 3749 3628 3770 .

2060 3785 2186 3840 dum
2201 3788 2426 3843 abstenti
2441 3799 2494 3844 et
2510 3805 2614 3845 non
2630 3793 3084 3851 communicantes
3097 3809 3129 3850 a
3145 3795 3346 3852 celesti
3367 3811 3502 3866 pane
3519 3814 3634 3868 pro-

2061 3873 2337 3945 hibemur,
2367 3893 2398 3932 a
2428 3877 2621 3936 Christi
2647 3897 2871 3953 corpore
2895 3898 3225 3952 separemur.
3254 3885 3635 3958 Respondeant

2059 3973 2204 4020 certe
2231 3965 2466 4023 haeretici
2507 3971 2630 4025 novi
2649 4011 2665 4038 ,
2696 3971 2819 4042 quid
2849 3972 3106 4028 bonorum
3147 3975 3459 4032 meritorum
3490 3991 3630 4046 pra:-

2043 4055 2213 4116 .ccdat
2242 4057 2294 4119 in
2338 4057 2641 4114 hominibus
2669 4060 2897 4115 inimicis
2936 4062 3136 4116 nomini
3179 4063 3486 4119 christiano.
3516 4065 3630 4120 Non

2059 4147 2233 4203 solum
2249 4149 2391 4204 enim
2416 4165 2524 4204 non
2551 4150 2747 4206 habent
2774 4151 2989 4218 bonum,
3007 4151 3102 4206 sed
3121 4151 3312 4207 habent
3335 4154 3494 4210 etiam
3513 4169 3632 4224 pes-

2059 4237 2250 4292 simum
2275 4241 2543 4294 meritum.
2573 4240 2642 4296 Et
2666 4249 2840 4296 tamen
2870 4241 3028 4297 etiam
3053 4241 3132 4297 sic
3155 4241 3450 4314 Cyprianus
3470 4246 3629 4300 intel-

2061 4325 2204 4396 ligit,
2234 4328 2377 4397 quod
2406 4329 2459 4384 in
2497 4330 2738 4386 oratione
2764 4329 3022 4394 dicimus,
3050 4330 3171 4385 Fiat
3198 4333 3426 4387 uoluntas
3453 4343 3544 4388 tua
3577 4335 3630 4389 is

2057 4416 2180 4470 creto
2205 4427 2252 4470 et
2275 4417 2326 4470 in
2351 4425 2484 4471 terra
2507 4433 2528 4470 :
2559 4426 2616 4472 ut
2639 4427 2694 4474 et
2716 4433 2813 4488 pro
2839 4420 2986 4489 ipsis,
3002 4420 3089 4490 qui
3119 4431 3332 4490 propter
3358 4421 3460 4476 hoc
3488 4430 3628 4478 terra

2059 4504 2422 4576 intelliguntur
2441 4506 2462 4538 ³
2481 4547 2497 4574 ,
2529 4522 2762 4563 oremus.
2787 4507 3014 4563 Oramus
3040 4524 3169 4579 ergo
3191 4525 3297 4566 non
3322 4509 3493 4566 solum
3533 4525 3631 4580 pro

2059 4585 2360 4650 nolentibus
2379 4635 2396 4661 ,
2428 4611 2610 4650 verum
2633 4595 2793 4651 etiam
2819 4611 2915 4665 pro
2941 4598 3356 4667 repugnantibus
3380 4605 3433 4653 ct
3457 4613 3630 4668 oppu-

2055 4687 2357 4760 gnantibus.
2384 4687 2520 4756 Quid
2549 4703 2676 4758 ergo
2705 4688 2966 4758 petimus,
2995 4687 3098 4742 nisi
3123 4696 3178 4742 ut
3209 4689 3336 4742 fiant
3357 4703 3424 4743 ex
3447 4689 3632 4744 nolen-

2061 4777 2198 4832 tibus
2237 4777 2509 4841 volentes,
2554 4791 2620 4832 ex
2643 4778 3066 4846 repugnantibus
3102 4778 3530 4843 consentientes,
3562 4793 3627 4832 ex

2059 4865 2482 4937 oppugnantibus
2523 4867 2799 4922 amantes?
2829 4868 2868 4920 Α
2901 4881 3006 4936 quo
3025 4904 3042 4931 ,
3085 4865 3186 4920 nisi
3214 4865 3282 4920 ab
3311 4865 3402 4920 illo
3430 4867 3496 4920 de
3523 4879 3635 4936 quo

2059 4960 2312 5030 scriptum
2365 4969 2468 5022 est,
2504 4957 2830 5030 Prtrparatar
2869 4957 3098 5012 voluntas
3123 4973 3156 5010 a
3184 4954 3628 5030 DominoA(,Pros.

2059 5019 2188 5117 νιιι,
2229 5067 2332 5106 sec.
2360 5019 2522 5120 LXX)
2555 5049 2579 5104 l
2621 5019 2836 5104 Discant
2878 5062 3007 5116 ergo
3049 5061 3170 5104 esse
3207 5019 3494 5112 catholidi‘,
3538 5047 3629 5116 qui

2059 5139 2448 5210 dedignantur,
2487 5139 2532 5193 si
2571 5137 2694 5208 quid
2737 5137 2860 5192 mali
2901 5151 3006 5192 non
3049 5135 3285 5202 faciunt,
3323 5143 3381 5192 et
3419 5137 3466 5190 si
3503 5133 3628 5205 quid

2033 5213 2184 5285 .boni
2221 5228 2454 5296 faciunt,
2493 5241 2598 5282 non
2639 5226 2690 5280 in
2731 5240 2790 5282 se
2824 5225 2992 5296 ipsis,
3033 5224 3128 5280 sed
3161 5225 3212 5280 in
3251 5224 3477 5280 Domino
3513 5223 3632 5294 glo-

2061 5321 2205 5376 riari.

2127 5473 2139 5504 I
2175 5469 2323 5532 editi,
2350 5469 2569 5532 (quando
2604 5481 2696 5532 non
2739 5479 2803 5518 ex
2845 5467 2963 5532 ipso.
3001 5466 3321 5518 mentiantur
3361 5465 3420 5516 ad
3460 5473 3566 5514 atas.

2124 5533 2144 5594 ξ
2177 5536 2224 5580 ιιι
2241 5530 2416 5594 editis,
2439 5536 2484 5579 et
2507 5541 2624 5580 esse.
2649 5531 2823 5594 abest,
2845 5530 2918 5594 et,
2934 5540 2964 5578 a
2981 5535 3115 5594 Mss._
3473 5583 3485 5594 ,

2125 5592 2145 5624 ³
2177 5585 2413 5642 Gallicani
2431 5597 2555 5645 Mss,
2581 5589 2660 5651 qui
2683 5585 2873 5652 pmptcr
2893 5585 3000 5649 hoc,
3032 5586 3144 5650 quia
3165 5585 3422 5638 cam-diter
3439 5585 3592 5636 virtut
3610 5614 3630 5644 ,

2062 5659 2192 5706 terra
2216 5652 2558 5714 intelliguntur.
