4014 6184
312 390 414 446 629

378 497 603 555 CAPUT
633 496 700 552 Χ.
725 525 794 536 --
811 495 902 550 27.
924 488 1165 564 Cypriani
1185 487 1461 544 testimonia
1486 487 1547 542 de
1560 488 1774 559 justitic
1794 504 1887 541 no-

315 600 432 646 stra:
454 588 851 662 imperfectione.
884 583 1017 641 lllud
1042 582 1151 654 jam
1178 581 1391 644 tertium
1418 579 1690 635 videamus
1708 622 1722 645 ,
1749 579 1890 650 quod

312 696 417 736 non
446 680 621 735 minus
646 680 699 734 in
742 678 858 735 istis
900 690 1059 732 omne
1082 673 1279 730 Christi
1306 671 1604 727 membrum
1642 680 1697 727 et
1723 680 1890 727 totum

310 771 430 841 ejus
446 782 641 842 corpus
662 767 937 834 exhorret,
956 766 1077 835 quia
1093 761 1419 819 contendunt
1433 776 1555 817 esse
1576 762 1627 816 in
1648 761 1746 816 hac
1762 762 1864 816 vita
1875 804 1889 828 ,

311 860 397 915 vel
441 858 605 915 fuisse
639 857 848 928 justos,
894 854 1100 911 nullum
1144 852 1402 908 habentes
1444 851 1661 905 omnino
1701 865 1891 920 pecca-

315 960 424 1006 tum
459 948 555 1021 (a).
585 948 698 1017 Qua
728 946 1146 1018 praesumptione
1171 942 1506 1012 apertissime
1530 942 1755 996 orationi
1792 940 1892 995 do-

314 1039 524 1094 minica:
546 1036 950 1100 contradicunt,
982 1034 1035 1089 in
1061 1047 1165 1104 qua
1184 1032 1361 1086 omnia
1389 1030 1626 1089 membra
1652 1030 1849 1085 Christi
1873 1070 1893 1098 ,

318 1130 525 1184 Dimitte
548 1130 688 1184 nobis
710 1128 877 1183 debita
900 1133 1074 1180 nostra
1091 1164 1108 1191 ,
1140 1122 1317 1179 veraci
1345 1122 1507 1177 corde
1532 1131 1587 1177 et
1626 1119 1893 1192 quatidiaa

317 1220 399 1274 nis
413 1220 631 1274 vocibus
646 1218 894 1273 clamant.
909 1214 1199 1270 Videamus
1214 1227 1341 1281 ergo
1356 1210 1482 1281 quid
1496 1211 1654 1265 etiam
1673 1226 1737 1264 ex
1755 1209 1855 1264 hoc
1876 1211 1890 1241 ¹

315 1310 613 1385 Cyprianus
639 1311 691 1365 in
714 1309 938 1364 Domino
963 1304 1375 1376 gloriosissimus
1401 1302 1618 1356 senserit
1640 1317 1654 1366 ;
1676 1300 1803 1371 quid
1827 1300 1890 1353 ad

318 1399 652 1456 instruendas
678 1397 961 1461 Ecclesias,
992 1409 1096 1449 non
1126 1394 1306 1462 utique
1338 1390 1768 1454 Manichaeorum,
1799 1389 1893 1443 sed

316 1492 707 1547 Catltolicorum
727 1531 743 1557 ,
770 1504 878 1544 non
899 1487 1071 1543 solum
1096 1484 1327 1547 dixerit,
1356 1498 1541 1536 verum
1568 1481 1728 1536 etiam
1754 1480 1896 1534 litte-

319 1584 415 1647 ris,
439 1582 817 1650 memoria'que
846 1576 1192 1632 mandaverit.
1223 1573 1279 1627 lu
1308 1573 1530 1643 epistola
1559 1572 1626 1626 de
1649 1571 1821 1641 Opere
1841 1578 1895 1626 et

321 1671 688 1742 Elcemosynis
719 1685 734 1723 :
769 1687 790 1721 ι
827 1668 1191 1737 [ignoscamus
1235 1664 1446 1732 itaque,
1493 1662 1716 1727 fratres,
1756 1681 1774 1713 ι
1810 1661 1893 1715 in-

317 1761 468 1832 quit,
504 1778 525 1814 s
558 1757 921 1822 dilectissimi,
952 1756 1144 1811 divina:
1171 1752 1511 1824 indulgentia:
1537 1751 1747 1808 salubre
1777 1766 1900 1807 mtt-

320 1865 421 1903 nus
438 1890 453 1912 ,
482 1858 538 1903 et
561 1847 912 1905 emundandis
931 1848 952 1878 ²
984 1843 1373 1915 purgandisqne
1400 1841 1631 1911 peccatis
1656 1840 1853 1895 nostris
1875 1883 1895 1905 ,

318 1940 408 2009 qui
438 1940 554 1995 sine
590 1940 769 2007 aliquo
796 1936 1133 1992 conscientia:
1160 1933 1380 1989 vulnere
1421 1946 1541 1987 esse
1568 1946 1674 1986 non
1705 1945 1894 2001 possu-

321 2045 474 2094 mus,
520 2028 742 2085 medelis
768 2026 1131 2099 spiritualibus
1153 2025 1372 2080 vulnera
1403 2030 1583 2077 nostra
1626 2035 1893 2076 curemus.

320 2118 432 2175 Nec
469 2120 747 2190 quisquam
787 2118 865 2173 sic
888 2117 988 2173 sibi
1014 2116 1083 2171 de
1121 2128 1254 2184 puro
1280 2123 1439 2182 atque
1462 2111 1530 2167 de
1557 2111 1896 2166 immaculato

322 2216 534 2279 pectore
563 2207 892 2270 blandiatur,
932 2214 990 2258 ut
1018 2201 1316 2258 innocentia
1342 2216 1437 2255 sua
1466 2200 1634 2256 fretus
1674 2198 1895 2255 medici~

322 2312 447 2353 nam
466 2312 570 2351 non
596 2304 747 2367 putet
768 2293 1117 2349 adhibendam
1134 2306 1253 2347 esse
1266 2289 1606 2345 vulneribus:
1627 2305 1746 2343 eum
1765 2290 1897 2344 scri-

320 2396 471 2459 ptum
490 2387 580 2451 sit,
603 2386 727 2450 Quis
741 2384 1030 2456 gloriabitur
1052 2390 1244 2436 castum
1268 2396 1322 2434 se
1343 2379 1523 2434 habere
1545 2380 1669 2433 cor?
1684 2388 1771 2433 aut
1786 2380 1896 2452 quis

322 2475 621 2548 gloriabitur
646 2473 887 2527 orandum
910 2489 964 2526 se
1001 2488 1106 2526 esse
1131 2486 1164 2524 a
1190 2470 1405 2536 peccatis
1449 2467 1628 2534 (Prov.
1659 2484 1727 2523 xx
1748 2509 1761 2534 ,
1794 2468 1849 2536 9)
1873 2470 1897 2524 ἲ

324 2579 377 2625 et
413 2571 603 2624 iterum
629 2566 682 2621 in
715 2565 948 2636 Epistola
972 2578 1067 2619 sua
1092 2562 1325 2618 Joannes
1362 2570 1523 2631 ponat
1550 2570 1603 2615 et
1629 2561 1803 2626 dicat,
1838 2561 1897 2616 Si

246 2644 269 2659 ’
324 2662 595 2717 dixerimus
614 2662 735 2733 quia
756 2669 1012 2731 peccatum
1035 2675 1136 2713 non
1171 2657 1409 2711 habemus
1428 2698 1444 2721 ,
1474 2672 1563 2710 nos
1597 2655 1733 2724 ipsos
1756 2654 1895 2707 deci-

324 2752 507 2822 pimus,
532 2761 577 2803 et
599 2750 778 2805 ueritas
803 2750 854 2802 in
874 2748 1013 2802 nobis
1034 2765 1133 2802 non
1154 2757 1225 2801 est
1248 2746 1268 2778 ³
1301 2744 1344 2816 (1
1370 2743 1525 2800 Joan.
1551 2760 1591 2811 ι,
1616 2743 1696 2813 8).
1720 2742 1776 2798 Si
1803 2758 1897 2797 au-

326 2850 429 2896 tem
460 2855 615 2896 nemo
641 2854 757 2896 esse
784 2839 899 2896 sine
926 2847 1139 2909 peccato
1168 2847 1360 2909 potest,
1390 2847 1442 2891 et
1468 2838 1704 2907 quisquis
1729 2851 1787 2889 se
1815 2835 1898 2891 in-

322 2930 588 2999 culpatum
618 2929 831 2996 dixerit,
859 2938 944 2984 aut
977 2928 1234 2998 superbus
1260 2935 1351 2981 aut
1378 2926 1571 2980 stultus
1597 2933 1678 2979 est
1701 2941 1715 2976 :
1738 2938 1895 2993 quam

325 3019 641 3082 necessaria,
661 3033 817 3088 quam
846 3018 1068 3088 benigna
1096 3025 1178 3070 est
1203 3015 1378 3070 divina
1404 3014 1686 3070 clementia
1705 3029 1719 3079 ;
1737 3028 1854 3084 qua:
1876 3011 1897 3045 ⁸

322 3123 442 3162 cum
459 3109 592 3163 sciat
619 3123 721 3160 non
745 3108 931 3162 deesse
947 3106 1145 3161 sanatis
1161 3105 1402 3176 quaedam
1431 3103 1762 3173 postmodum
1784 3103 1899 3159 vnl-

324 3212 450 3250 nera
473 3237 486 3257 ,
517 3195 663 3251 dedit
689 3196 934 3251 curandis
962 3197 1137 3250 denuo
1164 3194 1519 3264 sanandisque
1540 3194 1561 3225 '
1591 3192 1897 3248 vulneribus

323 3288 560 3343 remedia
586 3288 869 3344 salutaria?
897 3308 916 3341 ι
944 3289 1147 3344 llursus
1173 3288 1223 3341 in
1252 3286 1438 3342 eadem
1462 3302 1476 3339 :
1515 3304 1535 3338 ι
1565 3285 1631 3340 Et
1650 3284 1896 3355 quoniam

322 3379 589 3448 quotidie,
628 3397 648 3431 ι
682 3380 883 3449 inquit,
920 3398 939 3430 ‹
976 3379 1161 3434 deesse
1187 3394 1290 3433 non
1329 3385 1504 3451 potest
1540 3377 1680 3448 quod
1708 3391 1896 3446 pecce-

324 3477 411 3522 tur
457 3468 507 3521 in
548 3478 832 3538 conspectu
859 3469 985 3533 Dei;
1026 3468 1281 3523 sacrificia
1308 3466 1609 3537 quotidiana
1655 3482 1759 3520 non
1802 3466 1897 3522 dc-

322 3556 520 3621 crant‘,
544 3558 734 3627 quibus
760 3564 975 3628 possent
1001 3566 1211 3627 peccata
1236 3557 1420 3628 tergi.»
1445 3556 1575 3611 item
1601 3556 1652 3610 in
1675 3556 1896 3625 epistola

321 3647 388 3702 de
433 3648 743 3703 Mortalitate
774 3666 787 3702 :
825 3666 844 3700 ι
880 3648 1012 3702 Cum
1056 3647 1311 3711 avaritia,
1353 3666 1371 3698 ι
1407 3648 1609 3716 inquit,
1646 3666 1666 3700 ι
1703 3645 1854 3702 nobis
1877 3686 1893 3711 ,

320 3755 440 3794 cum
468 3740 791 3811 impudicitia
809 3782 825 3805 ,
854 3755 973 3794 cum
999 3740 1073 3793 ira
1092 3779 1109 3807 ,
1136 3753 1254 3793 cum
1280 3737 1566 3797 ambitione
1591 3738 1896 3807 congressio

319 3836 435 3892 est;
462 3845 582 3883 cum
607 3829 906 3884 carnalibus
930 3829 1090 3893 vitiis,
1121 3844 1239 3883 cum
1268 3828 1530 3883 illecebris
1555 3828 1895 3884 sarcularibns

317 3917 527 3972 assudua
552 3926 606 3973 et
634 3919 854 3972 molesta
899 3918 1115 3973 luctatio
1139 3926 1220 3972 est
1251 3935 1264 3970 :
1298 3918 1513 3974 obsessa
1540 3932 1691 3972 mens
1720 3917 1893 3972 homi-

318 4008 439 4074 nis,
482 4017 537 4062 et
577 4008 807 4079 undique
832 4008 1028 4062 diaboli
1057 4007 1394 4063 infestatione
1420 4008 1608 4063 vallata
1628 4047 1647 4073 ,
1678 4010 1764 4063 vix
1801 4023 1891 4063 oc-

318 4098 485 4152 currit
518 4099 769 4166 singulis,
799 4099 883 4153 vix
912 4099 1130 4153 resistit.
1160 4098 1216 4153 Si
1244 4098 1461 4152 avaritia
1489 4106 1748 4167 prostrata
1771 4107 1851 4153 est
1875 4137 1890 4162 ,

317 4190 554 4259 exsurgit
578 4189 776 4253 libido;
805 4191 849 4243 si
878 4189 1042 4243 libido
1066 4204 1369 4258 compressa
1397 4197 1498 4253 est,
1524 4189 1758 4244 succedit
1781 4204 1895 4243 am-

317 4280 482 4345 bitio;
509 4280 555 4334 si
580 4280 799 4334 ambitio
824 4289 1125 4348 contempta
1153 4288 1234 4335 est
1251 4321 1270 4347 ,
1297 4280 1371 4332 ira
1396 4288 1717 4348 exasperat,
1748 4279 1893 4337 inii-tl

316 4369 584 4437 superbia,
615 4370 898 4425 vinolentia
928 4370 1132 4430 invitat,
1162 4369 1355 4424 invidia
1380 4369 1716 4424 concordiam
1743 4385 1890 4425 rum-

317 4460 430 4529 pit,
455 4459 737 4513 amicitiam
764 4461 908 4514 zelus
927 4461 947 4491 ⁷
973 4460 1235 4515 abscindit
1266 4478 1279 4512 :
1310 4459 1515 4529 cogeris
1536 4459 1849 4515 maledicere
1871 4502 1887 4526 ,

318 4552 458 4621 quod
485 4552 662 4607 divina
704 4552 792 4605 lex
837 4552 1116 4623 prohibet;
1144 4551 1479 4619 compelleris
1507 4551 1721 4619 iurare,
1749 4552 1890 4622 quod

319 4659 426 4697 non
451 4644 592 4699 licet.
621 4643 722 4698 Tot
748 4645 1139 4713 persecutiones
1165 4643 1373 4697 animus
1397 4642 1632 4713 quotidie
1657 4643 1850 4713 patitur
1870 4685 1889 4710 ,

391 4859 407 4890 ί
436 4856 638 4914 within
660 4854 769 4905 hoc.
802 4863 930 4914 Mss,
951 4866 1016 4904 ex.
1037 4852 1142 4903 hoc.

384 4919 405 4950 ¹
439 4918 591 5025 aditi];
621 4924 678 5027 ig.
692 4913 1024 4969 enuntiandis.
1068 4922 1123 4966 At
1158 4916 1207 4963 in
1230 4920 1336 4963 Mss.
1361 4921 1413 4964 ct
1433 4914 1557 4978 apud
1588 4917 1887 4979 Cyprianum,

387 4990 543 5027 anum
564 4990 624 5025 att
663 4990 718 5025 is.

316 4984 364 5028 et
387 4984 718 5027 etnumlattdts.

378 5040 405 5073 ³
434 5039 519 5087 ttic
540 5039 664 5098 amni
694 5037 976 5099 (zniriaaum
1011 5034 1217 5099 additur,
1261 5032 1310 5084 si
1350 5040 1507 5084 autem
1544 5034 1742 5099 comessi
1766 5035 1889 5099 fite-

317 5097 471 5160 rimus
494 5094 687 5160 peccata
704 5094 882 5160 tioitra,
905 5094 1063 5159 ﬁdelis
1082 5102 1126 5144 et
1140 5095 1301 5158 justus
1332 5102 1403 5145 cst
1427 5094 1670 5154 Dominus,
1695 5095 1777 5160 qui
1807 5109 1891 5145 no-

316 5158 390 5209 bis
413 5156 607 5222 peccatu
629 5156 855 5210 dimittat.

382 5215 483 5268 ⁴⁵ἰη
507 5221 887 5279 editisotmssum
903 5222 1025 5273 erat,
1045 5228 1187 5279 quam
1210 5215 1506 5279 necessaria,
1522 5229 1663 5279 quam
1689 5215 1891 5279 benigna

316 5287 388 5331 est
425 5280 586 5330 dicina
621 5278 897 5335 clementia,
935 5276 1065 5340 quw.‘
1100 5278 1311 5327 ttabctur
1335 5278 1381 5325 in
1414 5276 1661 5327 (talliinnis
1695 5276 1815 5328 tlss.’
1840 5288 1892 5328 et

316 5341 441 5407 amid
465 5344 759 5403 Cyprianum.
868 5395 879 5407 _
993 5395 1022 5407 __

380 5402 401 5435 ⁸
436 5395 607 5451 Erf'ut
637 5407 769 5459 l.ov.,
806 5395 1156 5459 saltandisque.
1213 5408 1311 5447 Αιιι.
1357 5406 1409 5448 ct
1451 5404 1555 5447 Mss.
1578 5433 1593 5458 ,
1638 5400 1888 5451 sumentis-

316 5474 552 5572 σῃἕίᾈὶιί
566 5558 584 5579 ,
606 5521 823 5571 deerunt.
847 5519 1143 5582 Castigantur
1170 5531 1232 5569 ex
1257 5526 1357 5568 uss.

380 5584 400 5613 "
435 5590 507 5631 Er.
535 5592 586 5632 et
614 5589 742 5638 ιον..
766 5580 920 5631 scelus
944 5580 1245 5629 :‘tnendose.

380 5644 452 5706 (τι)
488 5651 658 5702 Ungula
684 5641 797 5707 illud
822 5642 1237 5707 l'elat'ianutnjatn
1262 5641 1533 5707 danntatum
1558 5640 1709 5707 fuerat
1738 5655 1760 5686 a
1780 5657 1889 5707 conf

315 5702 443 5753 cilio'
470 5707 632 5753 Aler
678 5702 933 5753 universali
986 5704 1095 5750 anni
1132 5702 1235 5749 iiii.
1288 5704 1395 5750 title
1440 5705 1586 5759 ἱιιιιι,
1636 5704 1891 5763 inplete:

320 5775 364 5827 A;
374 5765 615 5829 .pcmlieis.

1651 378 1852 434 LIBER
1891 377 2231 446 QUARTUS.

3468 383 3569 439 650

1997 497 2076 545 tot
2100 489 2350 559 periculis
2368 500 2549 559 pectus
2575 500 2793 561 urgetur
2811 490 2850 556 ί,
2870 500 2924 545 et
2949 490 3176 546 delectat
3201 489 3287 546 hic
3311 491 3448 547 inter
3463 492 3568 546 dia-

1996 578 2101 633 b’oli
2142 578 2348 649 gladios
2368 580 2391 613 ¹
2416 578 2504 635 diu
2532 588 2704 645 stare;
2733 594 2853 635 cum
2898 581 3064 651 magis
3089 581 3571 651 concupiscendum

1995 669 2064 723 sit
2107 678 2161 723 et
2202 669 2486 739 optandum
2508 711 2525 737 ,
2552 670 2618 725 ad
2646 671 2912 726 Christum
2955 672 3301 728 subveniente
3338 673 3580 729 velocius

1996 768 2167 815 morte
2198 776 2502 831 properare.
2535 782 2553 815 ι
2588 762 2717 817 item
2746 763 2799 818 in
2827 764 2939 832 ipsa
2974 781 2986 816 :
3023 782 3044 817 ι
3082 764 3295 830 Beatus,
3327 783 3345 816 ι
3384 765 3571 833 inquit.

2002 869 2021 901 α
2056 851 2327 921 apostolus
2350 851 2547 907 Paulus
2571 853 2626 907 in
2650 853 2885 924 Epistola
2911 867 3003 909 sua
3025 854 3172 924 ponit
3196 866 3249 910 et
3276 854 3423 919 dicit,
3443 854 3575 908 Mihi

1996 943 2155 998 viuere
2179 941 2406 998 Christus
2430 953 2523 1008 est,
2549 952 2598 1002 et
2620 944 2746 998 mori
2769 943 2964 997 lucrum
2990 943 3249 1014 (Philipp.
3274 959 3312 1010 ι,
3332 944 3428 1013 2i)
3454 961 3466 996 :
3492 944 3573 997 ltt-

1996 1046 2144 1087 crum
2174 1033 2462 1086 maximum
2486 1040 2800 1101 computans
2820 1032 2929 1101 jam
2966 1031 3306 1088 stccularibus
3331 1033 3529 1103 laqueis
3553 1034 3583 1064 τ

1997 1135 2103 1176 non
2147 1122 2313 1177 teneri
2336 1163 2349 1186 ,
2373 1122 2482 1193 jam
2528 1122 2686 1177 nullis
2726 1122 2958 1193 peccatis
2995 1131 3049 1179 et
3077 1124 3220 1179 vitiis
3259 1125 3436 1179 carnis
3474 1126 3571 1179 ob.-

2000 1213 2210 1266 roxium
2239 1211 2370 1267 fieri.
2409 1232 2428 1266 ι
2463 1212 2595 1268 Item
2622 1213 2689 1268 de
2710 1214 2950 1269 oratione
2974 1213 3238 1269 dominica
3260 1256 3274 1279 ,
3301 1230 3570 1283 exponens

1997 1301 2133 1367 (ιι.ιά
2160 1303 2386 1373 petimus
2411 1304 2648 1358 dicentes
2667 1344 2682 1370 ,
2714 1302 3074 1372 Saucti/icetur
3098 1321 3278 1358 nomen
3306 1314 3442 1359 luunt
3463 1321 3482 1369 ,-
3503 1307 3573 1361 ait

1997 1391 2136 1446 inter
2162 1402 2350 1448 castora
2384 1410 2396 1445 :
2433 1413 2454 1447 ‹
2489 1394 2633 1464 Opus
2662 1404 2743 1449 est
2773 1396 2913 1450 enim
2938 1395 3095 1449 nobis
3120 1396 3423 1464 quotidiana
3451 1414 3572 1451 san-

1996 1482 2346 1550 ctificatione,
2376 1494 2433 1537 ut
2458 1485 2547 1553 qui
2574 1484 2811 1553 quotidie
2834 1484 3192 1554 delinquimus
3212 1525 3225 1548 ,
3256 1485 3446 1541 delicta
3477 1503 3575 1540 no-

1997 1581 2104 1625 stra
2130 1572 2545 1627 sanctificatione
2569 1573 2779 1627 assidua
2818 1589 3184 1643 repurgemns.
3226 1594 3243 1625 ι
3281 1574 3484 1629 Rursus
3524 1577 3574 1629 in

1996 1661 2181 1716 eadem
2203 1704 2218 1730 ,
2247 1678 2365 1716 cum
2393 1673 2682 1734 exponeret
2723 1664 2862 1736 quod
2890 1664 3147 1729 dicimus,
3185 1665 3390 1720 Dimitte
3433 1669 3573 1720 nobis

1997 1750 2159 1805 dtbita
2185 1761 2356 1805 nostra
2398 1752 2607 1824 (Matth.
2638 1770 2720 1820 Vl,
2749 1753 2817 1822 9,
2849 1752 2934 1826 12)
2970 1774 2982 1809 :
3020 1773 3038 1806 ι
3076 1755 3242 1823 Quam
3274 1760 3576 1811 necessarie

1997 1851 2193 1907 autem,
2225 1861 2244 1895 s
2279 1842 2463 1913 inquit,
2504 1862 2525 1896 α
2552 1859 2708 1914 quam
2737 1845 3077 1915 providenter
3101 1854 3153 1902 et
3181 1847 3463 1902 salubriter
3481 1850 3572 1902 ad-

1998 1948 2308 2002 monemur,
2337 1936 2477 2006 quod
2517 1944 2824 2006 peceatores
2849 1952 3034 1992 sumus
3054 1979 3069 2003 ,
3098 1938 3186 2004 qui
3216 1955 3309 2008 pro
3345 1940 3575 2008 peccatis

1998 2041 2185 2096 rogare
2225 2028 2624 2097 compellimur;
2656 2036 2716 2083 ut
2740 2028 2865 2084 dum
2894 2028 3213 2100 indulgentia
3245 2029 3312 2085 de
3340 2031 3451 2085 Deo
3480 2046 3572 2100 pe-

2000 2116 2161 2181 titur,
2203 2117 2543 2172 conscientia:
2571 2134 2681 2173 sua:
2720 2119 2929 2175 animus
2955 2119 3296 2174 recordetur!
3338 2120 3415 2175 Ne
3455 2121 3574 2192 quis

1997 2205 2096 2258 sibi
2123 2210 2269 2275 quasi
2298 2207 2549 2263 innocens
2576 2209 2799 2278 placeat,
2817 2218 2872 2265 et
2893 2223 2951 2265 se
2974 2210 3279 2265 extollendo
3303 2212 3422 2280 plus
3447 2228 3574 2282 per-

1998 2305 2083 2349 eat
2101 2337 2117 2361 ,
2165 2296 2440 2351 instruitur
2467 2305 2525 2352 et
2561 2297 2781 2353 docetur
2804 2314 3025 2369 peccare
3052 2314 3109 2357 se
3148 2299 3382 2370 quotidie
3402 2344 3416 2368 ,
3445 2301 3572 2357 dum

1999 2384 2233 2453 quotidie
2251 2400 2345 2454 pro
2357 2386 2587 2455 peccatis
2601 2387 2813 2456 iubetur
2827 2403 3001 2443 orare.
3015 2389 3101 2445 S‘c
3118 2390 3344 2461 denique
3360 2400 3411 2446 et
3424 2392 3577 2447 Joan-

2002 2490 2095 2528 nes
2138 2474 2190 2529 iu
2220 2475 2453 2543 Epistula
2493 2491 2589 2531 sua
2617 2486 2796 2555 monet
2820 2477 3002 2533 dicens
3024 2521 3039 2545 ,
3070 2479 3131 2535 Si
3158 2480 3432 2535 dixerimus
3458 2484 3578 2553 quia

1982 2574 2254 2635 ,peccntum
2282 2580 2381 2620 nou
2406 2564 2672 2632 habemus,
2702 2583 2793 2621 nos
2816 2567 2951 2637 ipsos
2991 2567 3265 2639 decipimus
3285 2611 3299 2636 ,
3329 2579 3375 2623 et
3398 2571 3577 2626 veritas

1999 2655 2051 2707 in
2078 2656 2216 2709 nobis
2240 2672 2340 2710 non
2362 2667 2453 2711 est.
2485 2657 2547 2711 Si
2573 2668 2736 2711 autem
2761 2660 2974 2730 confessi
2999 2663 3242 2730 fuerimus
3267 2670 3468 2729 peccata
3488 2677 3579 2714 no-

1999 2755 2122 2813 stra,
2149 2747 2314 2816 ﬁdelis
2334 2757 2382 2802 et
2396 2749 2571 2817 justus
2588 2758 2660 2802 est
2679 2748 2701 2780 ⁸
2727 2750 2814 2819 qui
2839 2749 2981 2803 nobis
3010 2760 3213 2819 peccata
3236 2751 3452 2804 dimittat
3480 2770 3498 2803 ι
3534 2753 3574 2820 (l

1998 2835 2151 2890 Joan.
2183 2853 2234 2903 ι,
2263 2837 2296 2891 8
2324 2847 2369 2891 et
2392 2837 2469 2908 9).
2509 2833 2693 2893 Merito
2718 2847 2772 2893 et
2796 2838 2860 2891 ad
2886 2837 3161 2906 Quirinum
3189 2839 3254 2893 de
3279 2840 3378 2895 hac
3405 2855 3463 2894 re
3482 2841 3575 2894 ab-

2000 2926 2376 2983 Solutissimam
2406 2929 2723 2983 sententiam
2764 2943 2912 2982 suam
2954 2930 3264 3002 preposuit,
3308 2930 3393 2985 cui
3424 2932 3574 2986 testi-

2000 3019 2174 3073 monia
2203 3017 2378 3074 divina
2416 3019 2788 3090 subjungeret,
2827 3038 2846 3073 ‹
2881 3019 3156 3075 Neminem
3187 3022 3300 3077 sine
3338 3022 3492 3077 sorde
3518 3031 3574 3079 et

2000 3107 2114 3162 sine
2139 3118 2354 3178 peccato
2378 3124 2497 3165 esse
2534 3128 2552 3161 ι
2590 3109 2726 3181 (Lib.
2755 3110 2821 3177 5,
2850 3127 2964 3182 cap.
2992 3111 3101 3182 54)
3138 3129 3152 3171 :
3184 3112 3270 3165 ubi
3297 3112 3454 3167 etiam
3485 3113 3571 3167 ilta

2003 3201 2297 3255 tesﬁmonia
2337 3202 2544 3271 posuit,
2574 3202 2764 3274 quibus
2787 3202 3128 3258 confirmatur
3154 3204 3408 3273 originale
3444 3219 3572 3275 pce-

2000 3298 2172 3344 catn'n
2196 3331 2211 3355 ,
2238 3306 2356 3360 qua:
2384 3300 2643 3345 enitantur
2664 3291 2749 3347 isti
2778 3292 2828 3345 in
2871 3293 3052 3348 nescio
3077 3308 3211 3361 quos
3233 3293 3366 3346 alios
3404 3309 3576 3348 novos

2001 3394 2190 3435 sensus
2232 3395 2523 3451 pravosque
2548 3391 2857 3435 convertere
2890 3399 2903 3435 :
2936 3382 3047 3436 sive
3084 3380 3221 3451 quod
3246 3383 3320 3435 ait
3361 3392 3574 3437 sant-tus

2000 3464 2100 3525 Job
2118 3512 2133 3535 ,
2160 3469 2432 3527 Neminem
2459 3486 2577 3526 esse
2614 3471 2723 3526 sine
2748 3471 2929 3537 sorde,
2970 3487 3057 3529 nec
3091 3472 3237 3541 cujus
3261 3473 3325 3525 sit
3349 3473 3448 3525 vita
3474 3473 3573 3527 dici

2000 3560 2149 3613 unius
2172 3576 2322 3628 super
2348 3570 2530 3614 terram
2556 3558 2678 3628 (Job
2703 3576 2808 3625 xlv,
2835 3561 2869 3616 5
2893 3602 2908 3626 ,
2936 3560 3265 3632 sec.oLXX);
3292 3564 3403 3617 sive
3428 3566 3570 3634 quod

2000 3648 2052 3703 in
2079 3650 2287 3703 Psalmo
2312 3649 2517 3718 legitur,
2547 3647 2612 3702 In
2634 3649 2859 3718 facinore
2877 3660 3142 3719 conceptus
3166 3668 3295 3715 sum,
3321 3662 3367 3706 et
3386 3654 3437 3707 iu
3459 3671 3570 3723 pet“

1999 3740 2121 3793 catis
2147 3756 2224 3795 me
2257 3749 2412 3794 ntater
2436 3755 2546 3793 mea
2569 3739 2620 3792 in
2649 3750 2787 3794 utero
2811 3739 2935 3793 aluit
2960 3739 3130 3808 (Psal.
3162 3757 3192 3795 ι.
3211 3782 3226 3807 ,
3256 3742 3330 3812 7).
3371 3741 3592 3809 Quibus.

2002 3828 2348 3896 testimoniis,
2376 3836 2593 3898 propter
2615 3842 2710 3884 eos
2749 3828 2906 3883 etiam
2935 3829 3022 3898 qui
3039 3828 3147 3897 jam
3178 3829 3228 3882 in
3256 3840 3413 3885 aetate
3453 3847 3568 3885 ma-

1994 3917 2098 3986 jnri
2136 3929 2257 3986 sunt
2283 3918 2447 3973 sancti
2468 3960 2482 3981 ,
2508 3919 2630 3988 quia
2667 3933 2765 3973 nec
2793 3916 2891 3988 ipsi
2920 3924 3044 3972 sunt
3070 3918 3186 3975 sine
3211 3918 3368 3974 sorde
3410 3932 3571 3991 atque

1999 4015 2236 4075 peccato,
2259 4005 2496 4076 adjunxit
2522 4007 2678 4061 etiam
2705 4005 2831 4060 illud
2857 4005 3145 4060 beatissimi
3166 4006 3405 4070 Joannis.
3429 4009 3583 4079 quod.

1998 4096 2177 4149 audtis
2199 4103 2252 4149 et
2274 4096 2391 4150 aliis
2419 4096 2550 4151 locis
2575 4110 2718 4163 saepe
2745 4103 3130 4150 commemorat
3159 4114 3173 4149 :
3206 4097 3267 4151 Si
3293 4097 3570 4152 dixerimus

1995 4186 2112 4255 quia
2141 4194 2396 4254 peccatum
2422 4201 2521 4238 non
2560 4184 2829 4251 habemus;
2857 4191 2911 4238 et
2947 4193 3141 4240 cretera
3168 4186 3403 4255 ejusdem
3443 4202 3567 4243 sen-

1999 4275 2174 4329 lt‘nlitt!
2194 4313 2207 4335 ,
2235 4289 2352 4342 qua:
2380 4273 2446 4326 ab
2472 4274 2715 4327 omnibus
2739 4272 3026 4328 Catholicis
3072 4287 3178 4327 non
3208 4284 3445 4331 tacentur
3469 4278 3564 4333 ad-

1995 4379 2182 4418 versus
2208 4364 2335 4417 isms
2354 4402 2369 4428 ,
2398 4363 2483 4432 qui
2510 4376 2568 4417 se
2611 4362 2752 4430 ipsos
2778 4362 3084 4432 decipiunt,
3112 4373 3167 4420 et
3191 4365 3240 4419 in
3268 4366 3345 4422 eis
3373 4369 3567 4423 veritas

2004 4467 2103 4508 non
2135 4463 2235 4506 est.

2063 4565 2158 4629 28.
2198 4565 2406 4625 Dicant.
2452 4563 2495 4617 si
2540 4562 2736 4618 audent
2772 4563 3069 4635 Pelagiani,
3112 4566 3254 4625 hunc
3301 4569 3583 4626 hominem-

2002 4656 2093 4713 Dei
2121 4655 2523 4711 blaniehtcorum
2558 4669 2739 4710 errore
2770 4670 3073 4724 perversum
3095 4699 3110 4727 ,
3140 4659 3261 4729 quia
3293 4662 3360 4715 ita
3392 4664 3568 4717 laudat

1993 4755 2239 4811 sanctos,
2272 4754 2327 4800 ut
2368 4756 2539 4799 tamen
2572 4746 2793 4800 fateatur
2832 4748 3099 4803 neminem
3140 4749 3193 4803 in
3223 4749 3322 4805 hac
3355 4750 3459 4805 vita
3499 4753 3585 4805 ad'

1997 4846 2190 4893 tantam
2230 4836 2601 4913 perfectionem
2636 4837 2907 4905 pervenire
2932 4839 2953 4870 '
2986 4838 3199 4908 iustitia:
3221 4880 3235 4907 ,
3266 4848 3321 4894 ut
3365 4842 3581 4899 nullum

1994 4928 2186 4984 habeat
2211 4928 2427 4985 omnino
2454 4936 2726 4996 peccatum
2750 4967 2766 4993 ,
2795 4929 3112 4983 sententiam
3144 4942 3292 4983 suam
3326 4932 3571 4985 testimo-

1995 5022 2202 5081 nierum
2219 5018 2588 5075 canonicorum
2608 5019 2879 5089 perspicua
2897 5020 3116 5076 veritate
3131 5029 3183 5075 et
3197 5021 3371 5077 divina
3386 5033 3564 5080 aucto.

1994 5112 2151 5169 ritate
2170 5109 2508 5165 conﬁrmans.
2537 5107 2795 5180 Numquid
2820 5110 2960 5166 enim
2984 5119 3142 5181 negat
3166 5131 3185 5164 ι
3221 5112 3269 5167 in
3298 5113 3567 5182 Baptismo

1997 5202 2237 5257 universa
2267 5209 2477 5269 peccata
2513 5199 2735 5264 dimitti,
2769 5217 2787 5251 ι
2821 5199 2942 5269 quia
2971 5198 3159 5255 fatetur
3202 5217 3416 5258 manere
3455 5203 3566 5259 fra-

1995 5292 2247 5360 gilitatem
2275 5300 2430 5359 atque
2460 5288 2814 5343 infirmitatem
2839 5329 2854 5354 ,
2883 5289 3024 5345 unde
3064 5307 3162 5347 nos
3189 5292 3318 5347 dicit
3347 5310 3568 5363 pvccare

2062 5402 2077 5467 ξ
2111 5399 2328 5467 (unicam
2356 5406 2479 5467 .uss.,
2504 5403 2568 5446 tot
2595 5395 2818 5467 periculis
2840 5404 2885 5448 et
2908 5400 3114 5462 peccatis
3133 5408 3347 5467 urgetur.

2059 5462 2079 5491 '
2112 5460 2385 5524 s_ic_in_.\tss.
2413 5465 2463 5508 et
2484 5457 2609 5521 apud
2633 5457 2930 5520 Cytrianum'.
2969 5469 3023 5510 Al
3049 5471 3147 5512 Am.
3175 5457 3248 5512 ἡ.
3272 5475 3322 5514 et
3345 5474 3475 5524 I.ov.,
3500 5467 3571 5516 in.

1998 5526 2070 5571 ter
2094 5517 2271 5582 diaboli
2305 5517 2512 5582 laqueos.

2060 5582 2081 5644 ἓ
2113 5581 2242 5644 At‘ud
2271 5578 2572 5644 Cyprianum,
2593 5579 2764 5644 εφαιιὶ
2787 5578 2982 5644 laqueis.

1997 5643 2088 5747 ως,
2118 5639 2584 5747 ῒξὲἒάδεδψτξεηωης
2605 5643 2765 5704 justus
2786 5639 2856 5693 est
2881 5639 3141 5705 Dominus;
3181 5650 3234 5694 ut
3273 5655 3432 5709 sui-rs,
3475 5646 3567 5698 col.

2017 5708 2105 5757 :29.
2133 5711 2230 5751 not.
2254 5708 2291 5750 ³.

2062 5766 2080 5795 ⁶
2119 5771 2245 5821 |.ov.,
2279 5762 2532 5824 pertinere.
