4014 6184
349 299 508 358 ,631

411 422 532 482 post
560 412 913 486 Baptistttuzu,
941 421 996 464 et
1030 423 1196 480 usque
1225 409 1278 464 in
1316 408 1471 477 ltujus
1511 409 1631 462 vitze
1667 406 1822 462 linem
1860 421 1980 461 cum

409 501 708 556 carnalibus
745 498 884 554 vitiis
928 499 1315 554 indesinentem
1357 500 1374 530 ¹
1403 498 1600 553 habere
1639 495 1939 552 conﬂictum
1959 497 2002 553 ἓ.

365 643 368 647 ,
413 593 518 648 Aut
541 590 658 644 ideo
686 604 792 643 non
833 587 1178 653 meminerat,
1208 586 1332 656 quid
1367 604 1385 638 ι
1423 586 1490 641 de
1521 585 1847 642 immaculata
1879 585 1982 638 Ec-

413 680 572 734 clesia
603 697 620 730 ι
653 678 874 733 ἀίκίδδοι
905 677 1192 747 Apostolus
1218 675 1434 748 (Ep/tes.
1465 690 1528 740 v,
1554 674 1668 745 27),
1696 675 1816 746 quia
1847 690 1981 743 pne-

413 767 548 836 eepit
596 766 860 824 nemiuem
908 767 986 824 sic
1023 767 1121 822 sibi
1166 765 1233 821 de
1274 781 1404 836 pure
1446 774 1605 837 atque
1651 764 1986 822 immaculato

415 867 624 926 pectore
661 856 855 911 debere
901 855 1151 920 blandiri,
1203 864 1260 910 ut
1302 857 1599 912 innocentia
1645 869 1740 911 sua
1785 853 1982 916 fretus,

413 947 727 1002 medicinam
761 964 864 1001 non
907 957 1049 1017 putet
1090 947 1440 1007 adhibendam
1485 961 1602 1002 esse
1646 942 1988 1000 vulneribus?

415 1039 547 1094 Puto
572 1037 712 1108 quod
753 1037 1049 1092 concedant
1091 1037 1210 1092 novi
1241 1035 1473 1092 h-‘uctici
1503 1035 1628 1091 huic
1653 1032 1855 1089 homini
1894 1046 1986 1086 ca-

412 1128 610 1183 tholico
632 1128 790 1192 seire,
823 1147 840 1178 ι
869 1127 1121 1196 Spiritum
1148 1135 1387 1181 sanctum
1415 1135 1618 1182 mentes
1639 1126 1806 1182 bonas
1825 1123 1986 1178 etiam

411 1219 641 1290 antiquis
669 1219 992 1289 temporibus
1016 1200 1314 1288 adjuvisse':
1351 1236 1369 1270 ι
1402 1217 1509 1272 imo
1537 1217 1692 1274 etiam
1718 1215 1857 1288 quod
1887 1213 1988 1285 ipsi

413 1311 632 1377 nolunt,
660 1325 760 1368 nec
789 1317 991 1365 mentes
1021 1309 1184 1368 bonas
1209 1324 1302 1365 eos
1331 1309 1429 1363 nisi
1458 1323 1555 1382 per
1577 1307 1827 1378 Spiritum
1866 1321 1990 1363 san-

411 1407 556 1454 ctum
587 1398 783 1455 habere
810 1399 1061 1468 potuisse.
1097 1398 1228 1452 Puto
1256 1397 1398 1468 quod
1432 1414 1452 1450 ι
1485 1412 1670 1452 omnes
1696 1396 1988 1466 Prophetas

413 1498 467 1542 et
497 1487 781 1559 Apostolus
809 1487 888 1542 vel
916 1485 1179 1556 quoslibet
1205 1493 1416 1540 sanctos
1441 1526 1454 1551 ,
1488 1486 1574 1557 qui
1603 1485 1826 1547 Domino
1855 1501 1990 1558 quo-

415 1592 640 1646 cumque
682 1586 918 1647 tempore
961 1577 1299 1646 placuerunt,
1347 1590 1451 1630 non
1496 1575 1548 1630 in
1596 1575 1991 1646 comparatione

413 1665 816 1731 sceleratorum,
838 1683 857 1717 ι
875 1664 1009 1720 sicut
1031 1679 1126 1719 nos
1142 1664 1225 1719 isti
1242 1664 1418 1719 dicere
1433 1663 1839 1728 calumniantur,
1859 1681 1877 1713 ι
1898 1662 1988 1720 sed

413 1756 596 1826 regula
623 1755 896 1820 virtutum,
931 1773 950 1806 ι
981 1756 1114 1809 sicut
1141 1770 1201 1810 se
1229 1754 1408 1810 dicere
1433 1754 1740 1825 gloriantur,
1773 1771 1792 1804 ι
1820 1753 1990 1822 justos

417 1847 580 1904 fuisse
609 1867 628 1900 ι
658 1855 876 1901 noverat
901 1847 1196 1920 Cyprianus
1216 1887 1230 1913 ,
1261 1845 1350 1919 qui
1377 1854 1552 1904 tamen
1581 1845 1744 1900 dicit:
1777 1863 1795 1896 ι
1825 1843 1992 1898 Nemo

415 1951 537 1992 esse
572 1937 687 1992 sine
716 1947 929 2006 peccato
970 1946 1174 2006 potest;
1213 1945 1268 1992 et
1305 1935 1540 2007 quisquis
1573 1950 1631 1990 se
1670 1935 1988 2004 iuculpatmn

416 2027 646 2094 dixerit,
675 2034 766 2082 aut
792 2027 1050 2097 superbus
1069 2068 1084 2093 ,
1114 2035 1206 2082 aut
1233 2026 1427 2082 stultus
1454 2035 1554 2082 est.
1585 2045 1603 2078 ι
1635 2025 1741 2081 Nec
1776 2034 1994 2097 propter

415 2117 558 2172 aliud
594 2117 832 2188 intelligit
873 2117 1157 2189 scriptum,
1209 2117 1334 2186 Quis
1371 2117 1666 2188 gloriabitur
1701 2126 1892 2170 castum
1941 2132 1994 2169 se

417 2207 599 2264 habere
619 2208 744 2263 cor?
768 2215 854 2262 aut
882 2207 992 2278 quis
1015 2206 1312 2280 gloriabitur
1336 2207 1578 2264 mundum
1608 2223 1660 2261 se
1686 2223 1792 2261 esse
1813 2223 1846 2260 a
1873 2225 1990 2276 pec-

417 2299 542 2353 catis
568 2297 748 2369 (Prov.
778 2315 848 2353 xx
866 2340 880 2366 ,
909 2298 1007 2368 9)?
1037 2299 1169 2354 Puto
1199 2298 1336 2368 quod
1363 2313 1468 2353 non
1497 2297 1564 2352 ab
1592 2297 1704 2352 istis
1725 2297 1992 2352 docendus

419 2389 591 2443 fuerat
625 2381 948 2460 Cyprianus,
989 2388 1127 2458 quod
1174 2388 1370 2457 optime
1407 2387 1608 2444 sciebat
1631 2406 1694 2454 ,ι
1731 2387 1791 2462 in
1819 2388 1994 2442 futuro

420 2487 661 2546 tempore
690 2475 986 2530 mercedem
1013 2490 1131 2530 esse
1164 2475 1420 2530 bonorum
1454 2491 1703 2546 operum,
1734 2475 1993 2531 malorum

420 2574 597 2618 autem
625 2564 938 2634 supplicium
959 2583 974 2632 ;
995 2575 1243 2622 cmterum
1271 2565 1534 2620 neminem
1558 2579 1732 2634 posse,
1763 2582 1880 2636 qua:
1907 2566 1993 2622 hic

419 2654 830 2724 contempserit,
860 2653 964 2708 illic
993 2655 1014 2686 ³
1045 2653 1288 2709 mandata
1334 2655 1622 2724 perlicere:
1671 2673 1690 2708 ι
1725 2664 1779 2711 et
1819 2663 1992 2712 tamen

421 2745 580 2801 etiam
623 2745 792 2818 ipsum
836 2746 1130 2816 apostolum
1161 2745 1412 2812 Paulum,
1459 2747 1823 2802 mandatorum
1853 2747 1992 2802 divi.

420 2851 610 2890 nurum
639 2852 742 2889 non
771 2837 948 2908 utique
973 2845 1414 2906 contemptorem,
1442 2849 1546 2892 non
1573 2838 1643 2893 ob
1668 2837 1810 2894 aliud
1837 2839 1994 2894 intel-

421 2925 537 2995 ligit
569 2926 862 2996 asseritquc
897 2925 1126 2991 dixisse,
1161 2925 1291 2980 Mihi
1332 2928 1491 2981 vivere
1527 2924 1755 2987 Christus
1796 2937 1896 2994 est,
1947 2937 1996 2982 et

421 3015 551 3068 moti
578 3015 771 3068 lucrum
800 3013 1053 3086 (Philipp.
1086 3031 1137 3082 ι,
1168 3017 1290 3086 21);
1320 3016 1422 3074 nisi
1449 3017 1570 3086 quia
1597 3017 1801 3072 lucrum
1830 3019 1996 3073 maxi.

423 3121 566 3158 mum
609 3105 945 3177 entnputabat
970 3146 982 3169 ,
1005 3106 1113 3174 jam
1145 3116 1264 3175 post
1289 3106 1429 3161 hanc
1462 3107 1618 3162 vitam
1656 3109 1994 3164 smcularibus

423 3195 624 3266 laqueis
651 3211 753 3248 non
783 3195 972 3260 teneri,
1001 3195 1110 3264 jam
1141 3196 1300 3250 nullis
1326 3197 1558 3266 peccatis
1585 3205 1640 3252 et
1659 3197 1800 3252 vitiis
1819 3199 1995 3252 carnis

421 3286 706 3344 obnoxium
737 3285 871 3342 fieri.
914 3286 1091 3342 Sensit
1126 3300 1252 3358 ergo
1294 3287 1628 3342 beatissimus
1666 3287 1990 3360 Cyprianus,

421 3385 580 3447 atque
619 3377 671 3431 in
699 3375 992 3434 divinarum
1022 3375 1412 3449 Seripturarum
1444 3378 1664 3434 veritate
1688 3381 1953 3450 perspexit
1977 3422 1992 3445 ,

421 3467 582 3522 etiam
603 3465 836 3536 ipsorum
857 3465 1231 3535 Apostolorum
1246 3467 1486 3539 quamvis
1501 3467 1716 3536 bonam,
1734 3477 1990 3535 sanctam,

416 3561 722 3636 justamque
762 3543 958 3622 vitam;
1004 3558 1289 3614 nonnullos
1325 3573 1493 3619 nexus
1535 3559 1868 3616 smcularium
1913 3559 1992 3614 la-

421 3663 678 3724 queorum
703 3647 864 3704 fuisse
891 3662 1216 3719 perpessam,
1243 3647 1510 3706 nomiullis
1535 3650 1763 3722 peccatis
1782 3656 1837 3704 et
1856 3649 1995 3703 vitiis

421 3737 597 3793 carnis
623 3737 938 3802 obnoxiam;
961 3746 1016 3792 ct
1043 3737 1162 3792 ideo
1183 3751 1278 3792 eos
1301 3745 1526 3794 mortem
1555 3736 1910 3803 desiderasse,
1937 3747 1995 3792 ut

423 3829 506 3884 his
531 3828 686 3887 malis
709 3836 972 3896 carerent,
1002 3833 1056 3882 et
1085 3836 1140 3882 ut
1167 3826 1233 3882 ad
1259 3827 1424 3894 illam,
1451 3842 1572 3898 qua:
1595 3827 1692 3884 ista
1721 3843 1822 3882 non
1847 3837 1995 3903 pate-

422 3925 600 3981 retur,
633 3930 730 3971 nec
749 3915 856 3986 jam
887 3915 940 3970 in
967 3913 1214 3971 mandato
1239 3914 1498 3980 facienda,
1529 3916 1622 3970 sed
1651 3917 1702 3974 in
1731 3917 1946 3986 praemio
1973 3916 1994 3948 ⁸

424 4004 758 4078 percipienda
795 4013 967 4070 esset,
1017 4003 1303 4074 perfectam
1337 4003 1591 4074 justitiam
1635 4005 1990 4076 pervenirent.

422 4095 602 4165 Neque
631 4096 771 4152 enim
801 4111 918 4151 cum
943 4096 1146 4151 venerit
1173 4095 1312 4166 quod
1341 4109 1554 4168 oramus
1581 4095 1816 4152 dicentes
1837 4135 1852 4158 ,
1895 4095 1992 4150 νε.

425 4188 530 4242 niat
556 4187 576 4218 ‘
603 4203 809 4258 regnum
838 4195 977 4244 tuum
1014 4185 1224 4257 (Matth.
1257 4202 1343 4252 Vl,
1376 4185 1464 4258 10)
1489 4226 1504 4251 ,
1544 4201 1648 4241 non
1680 4187 1781 4242 erit
1823 4185 1876 4242 in
1905 4186 1994 4242 illo

425 4279 518 4334 Dei
546 4293 706 4349 regno
736 4278 836 4334 ulla
857 4277 1056 4347 justitia
1083 4293 1096 4332 :
1127 4293 1247 4333 cum
1273 4277 1414 4332 dicat
1440 4279 1743 4350 Apostolus,
1779 4277 1897 4333 Non
1923 4287 1995 4338 est

424 4368 556 4420 enim
589 4383 793 4437 regnum
823 4365 918 4420 Dei
955 4382 1068 4420 esca
1103 4375 1149 4420 et
1179 4377 1355 4436 potus,
1383 4367 1470 4420 sed
1491 4369 1690 4437 justitia
1729 4377 1775 4423 et
1803 4384 1906 4438 pax
1947 4380 1993 4424 et

426 4455 666 4525 gaudium
692 4456 744 4508 in
771 4455 968 4525 Spiritu
993 4465 1165 4508 sancto
1188 4455 1360 4526 (Rom.
1393 4471 1508 4522 xw,
1535 4456 1642 4528 I7).
1673 4457 1870 4536 Nempe
1894 4457 1992 4513 ista

425 4545 524 4602 tria
555 4543 693 4598 inter
719 4553 908 4597 etetera
956 4551 1216 4612 przeeepta
1259 4543 1432 4598 divina
1467 4545 1856 4614 prurcipluntur.
1898 4547 1994 4602 IIic

429 4634 580 4688 nobis
608 4631 908 4702 praecipitur
931 4631 1130 4700 justitia
1156 4647 1276 4686 cum
1301 4633 1524 4699 dicitur,
1556 4633 1730 4688 Facite
1743 4636 1994 4706 justitiam

428 4724 575 4795 (Isai.
608 4720 720 4786 tlvt,
776 4722 849 4795 I).
901 4723 1208 4792 I’r:ccipitur
1247 4737 1347 4793 pax
1389 4738 1506 4778 cum
1549 4723 1757 4790 dicitur,
1807 4723 1994 4780 Pacem

424 4821 602 4870 habete
639 4816 767 4868 inter
797 4829 882 4867 vos
911 4812 1102 4885 (Marc.
1129 4829 1184 4868 Ix
1211 4855 1226 4879 ,
1257 4814 1367 4884 i9).
1399 4814 1711 4884 Prmeipitur
1745 4817 1992 4888 gaudium

423 4921 544 4960 cum
589 4905 818 4969 dicitur,
867 4903 1091 4958 Gaudete
1119 4903 1170 4956 in
1214 4902 1429 4957 Domino
1470 4919 1663 4975 semper
1709 4903 1989 4976 (Philipp.

425 5012 476 5049 Iv
491 5037 506 5060 ,
532 4997 611 5063 4).
634 4994 836 5062 Negent
855 5007 982 5063 ergo
1003 4991 1264 5061 Pelagiani
1291 4991 1403 5046 haec
1424 4991 1592 5046 futura
1619 4991 1674 5046 in
1694 5008 1858 5063 regno
1881 4994 1990 5059 Dei,

427 5087 512 5140 ubi
540 5087 654 5140 sine
693 5084 796 5138 line
826 5083 1096 5143 vivemus;
1129 5090 1218 5135 aut
1266 5095 1430 5150 usque
1456 5080 1589 5136 adeo
1611 5123 1626 5148 ,
1663 5081 1706 5136 si
1749 5082 1952 5138 videtur
1975 5124 1988 5148 ,

427 5177 690 5231 insaniant
718 5185 772 5227 ut
793 5173 1068 5242 justitiam,
1109 5187 1286 5241 pacem
1317 5211 1330 5237 ,
1359 5171 1604 5242 gaudium
1625 5211 1640 5236 ,
1668 5173 1839 5242 qualia
1869 5185 1994 5228 sunt

427 5267 512 5322 hic
534 5266 692 5336 justis
715 5305 730 5328 ,
764 5262 882 5318 talia
925 5272 977 5317 et
1005 5261 1112 5317 illic
1137 5261 1303 5316 futura
1330 5275 1450 5317 esse
1473 5261 1810 5317 contendant.
1840 5262 1990 5329 Quod

487 5401 502 5430 ⁸
540 5405 588 5446 tn
609 5396 770 5453 editis,
789 5394 1124 5448 imlesincuter,

479 5460 504 5490 ⁸
538 5456 680 5520 aditi,
714 5455 1040 5520 contempserit
1075 5455 1299 5505 mandata
1331 5453 1561 5520 perﬁcere
1578 5491 1592 5518 .
1633 5457 1837 5516 omisso,
1870 5456 1985 5514 illic,

424 5519 566 5590 quod
578 5523 683 5590 Mss.
711 5530 772 5566 ex
799 5518 1082 5590 restituitur.

488 5581 506 5610 ³
539 5585 611 5629 Er.
639 5585 766 5646 non,
803 5574 1268 5646 ipprgntiumuam.
1297 5583 1346 5628 ct
1371 5585 1494 5637 .\tss.,
1519 5578 1566 5628 in
1591 5580 1803 5641 prwmio.

483 5647 503 5670 ⁵
537 5650 635 5689 am.
663 5643 732 5685 Er.
761 5646 812 5688 et
834 5637 962 5708 lii-5.,
985 5637 1222 5691 Adveniet.

1049 296 1319 352 CONTRA
1361 293 1536 351 ΒυΑὸ
1573 292 1941 350 EI’ISTOLAS
1977 292 2525 362 PELAGIANORUH,
2566 295 2622 350 S.
2664 294 3024 354 AUGUSTINI

3567 304 3672 361 632

2094 404 2140 459 si
2169 414 2222 460 et
2247 415 2420 471 erunt,
2449 415 2501 460 et
2533 420 2634 458 non
2657 406 2778 460 talia
2806 417 2960 461 erunt
2985 424 2998 471 ;
3031 404 3268 476 profecto
3295 423 3478 464 eorum
3506 409 3592 466 bie
3616 413 3668 468 in

2093 505 2356 564 praecepto
2381 495 2612 549 curanda
2642 505 2724 550 est
2747 497 2905 560 actio,
2940 497 3047 551 illic
3073 497 3124 551 in
3163 499 3379 567 praemio
3408 501 3667 569 Sperauda

2092 582 2344 654 perfectio
2371 602 2383 636 :
2418 584 2506 637 ubi
2536 583 2872 640 saecularibus
2902 585 3023 640 ullis
3049 587 3249 656 laqueis
3274 601 3378 642 non
3405 589 3597 644 retenti
3625 594 3666 658 ι,

2093 673 2348 744 nullisque
2395 675 2624 743 peccatis
2659 685 2714 730 et
2755 677 2894 731 vitiis
2936 679 3109 732 carnis
3153 678 3368 734 obnoxii
3411 681 3670 750 (propter

2091 763 2231 834 quod
2250 763 2551 833 Apostolus,
2577 765 2714 819 sicut
2733 765 2832 820 hoc
2853 767 3210 823 testimonium
3229 766 3438 840 accepit
3455 767 3670 841 Cypria-

2093 865 2192 904 nus
2210 892 2225 916 ,
2254 851 2390 907 mori
2421 851 2624 906 lucrum
2655 853 2754 907 sibi
2779 867 2900 908 esse
2927 855 3135 910 dicebat
3153 857 3192 924 ),
3221 858 3456 927 perfecte
3489 859 3671 930 diliga-

2095 955 2211 995 mus
2243 941 2407 996 Deum
2428 983 2442 1007 ,
2493 945 2644 1012 cujus
2677 943 2779 998 erit
2814 943 2947 999 facie
2973 944 3036 999 ad
3069 944 3254 1002 faciem
3294 951 3672 1020 contemplatio

2095 1032 2139 1102 (ι
2170 1031 2288 1088 Cor.
2321 1049 2410 1089 xm
2433 1077 2448 1102 ,
2495 1033 2623 1103 12);
2654 1034 2886 1105 perfecte
2928 1036 3206 1106 diligamus
3251 1047 3304 1094 et
3331 1041 3628 1109 proximum
3649 1083 3667 1110 ,

2093 1136 2214 1176 cum
2241 1123 2590 1180 manifestatis
2615 1125 3021 1196 cogitationibus
3046 1128 3222 1182 cordis
3251 1129 3390 1183 nulla
3417 1130 3581 1185 ullum
3606 1129 3676 1186 de

2097 1212 2202 1269 ullo
2234 1213 2355 1267 mali
2385 1213 2543 1270 ullius
2567 1215 2735 1285 possit
2758 1215 3047 1270 sollicitare
3069 1217 3319 1286 suSpicio.

2164 1300 2388 1358 CAPUT
2417 1302 2698 1358 XI.—29.
2731 1303 2980 1358 Ambrosii
3005 1314 3178 1359 contra
3207 1305 3508 1379 Pelagianos
3531 1310 3672 1363 testi-

2095 1391 2290 1457 monia,
2319 1390 2382 1444 de
2416 1392 2651 1462 originali
2686 1403 2884 1462 peccato
2907 1435 2920 1456 ,
2949 1394 3012 1448 de
3033 1395 3196 1464 gratia
3246 1395 3340 1450 Dei
3374 1406 3421 1450 ct
3447 1398 3512 1450 de
3537 1413 3672 1468 prmo

2095 1479 2246 1534 sentis
2261 1479 2476 1549 justitia:
2495 1481 2886 1552 imperfectione.
2909 1479 3016 1537 Sed
3041 1492 3094 1537 et
3120 1483 3264 1552 ’jam
3289 1485 3671 1555 gloriosissimo

2098 1567 2315 1638 martyri
2339 1566 2606 1638 Cypriane
2631 1609 2645 1635 ,
2674 1569 2740 1624 ad
2769 1570 2896 1624 istos
2925 1571 3242 1628 cumulatius
3280 1574 3669 1645 redarguendos

2098 1656 2457 1722 beatissimum
2479 1657 2733 1712 addamus
2753 1659 3088 1716 Ambrosium
3117 1681 3130 1716 :
3155 1664 3404 1733 quoniam
3425 1676 3478 1720 et
3500 1665 3668 1735 ipsum

2096 1744 2340 1815 Pelagius
2362 1745 2430 1800 ita
2457 1746 2708 1812 laudavit,
2734 1756 2792 1802 ut
2813 1763 2879 1803 ne
2903 1749 2972 1804 ab
2997 1749 3222 1808 inimicis
3245 1753 3457 1822 quidem
3482 1754 3531 1808 in
3558 1755 3669 1824 ejus

2097 1833 2246 1890 libris
2283 1834 2425 1906 quod
2463 1835 2980 1906 reprehenderetur,
3009 1839 3212 1896 diceret
3239 1842 3484 1898 inveniri.
3525 1844 3668 1912 Quo-

2098 1928 2238 1982 niam
2268 1943 2394 1998 ergo
2421 1929 2684 2000 Pelagiani
2713 1929 2895 1985 dicunt
2919 1946 3022 1986 non
3052 1946 3170 1988 esse
3195 1935 3451 2004 originale
3483 1953 3666 2006 [3890:1-

2099 2027 2228 2085 tutu,
2256 2033 2374 2074 cum
2400 2034 2506 2089 quo
2531 2029 2813 2074 nascantur
2833 2021 3077 2086 infantes,
3101 2032 3154 2078 et
3176 2023 3456 2080 Catholicis
3484 2028 3569 2098 qui
3593 2031 3668 2084 eis

2099 2122 2194 2176 pro
2216 2107 2576 2178 antiquissima
2608 2109 2859 2164 Ecclesia:
2891 2111 2990 2166 fide
3017 2113 3285 2180 resistunt,
3312 2113 3530 2171 haeresis
3558 2118 3665 2172 Ma-

2099 2197 2316 2252 nicluctc
2349 2199 2548 2252 crimen
2587 2198 2878 2268 objiciunt:
2924 2203 3240 2271 respondeat
3266 2205 3344 2260 eis
3385 2206 3452 2261 de
3482 2207 3578 2262 hac
3613 2226 3669 2264 re

2099 2285 2260 2340 homo
2293 2286 2383 2340 Dei
2429 2287 2752 2356 catholicus,
2791 2299 2844 2345 et
2879 2291 2947 2345 ab
2973 2290 3091 2362 ipso
3115 2291 3330 2363 Pelagio
3369 2296 3420 2350 in
3452 2298 3670 2355 veritate

2100 2375 2221 2432 ﬁdei
2259 2377 2280 2408 '
2306 2377 2546 2437 laudatus
2575 2379 2912 2446 Ambrosius;
2955 2382 3042 2452 qtti
3071 2396 3191 2438 cum
3223 2383 3408 2440 Isaiam
3445 2388 3671 2458 preplto-

2101 2474 2205 2520 tam
2235 2477 2522 2536 exponeret
2554 2466 2663 2540 (tt),
2695 2467 2805 2523 ait:
2847 2487 2867 2520 ι
2904 2469 3100 2525 Idcirco
3129 2469 3369 2528 Christus
3411 2474 3667 2530 immacu-

2099 2555 2254 2623 latus,
2280 2557 2402 2626 quia
2427 2573 2525 2613 nec
2548 2559 2658 2628 ipsa
2683 2559 2894 2630 quidem
2917 2561 3162 2617 nascendi
3193 2565 3344 2621 solita
3368 2569 3672 2625 conditione

2099 2647 2390 2702 maculatus
2418 2657 2520 2703 est.
2551 2666 2572 2700 ι
2597 2648 2664 2703 Ει
2687 2650 2792 2704 alio
2817 2650 2935 2706 loco
2956 2651 3005 2704 in
3034 2652 3219 2707 eodem
3245 2669 3424 2725 opere,
3450 2657 3671 2728 loquens

2095 2736 2165 2794 de
2190 2737 2429 2806 apostolo
2454 2737 2611 2792 Petro
2637 2756 2650 2792 :
2679 2756 2698 2790 ι
2733 2738 2847 2808 Ipse
2875 2755 2954 2806 se,
2985 2764 3004 2792 ι
3034 2741 3220 2812 inquit,
3250 2765 3270 2798 ι
3297 2745 3504 2813 obtulit,
3530 2749 3668 2816 quod

2099 2837 2222 2882 ante
2249 2829 2464 2898 putabat
2503 2842 2622 2884 esse
2669 2837 2974 2898 peccatum,
3005 2831 3166 2887 lavari
3210 2833 3311 2888 sibi
3351 2851 3455 2890 non
3501 2839 3669 2892 solum

2103 2917 2302 2988 pedes,
2331 2917 2424 2974 sed
2467 2927 2521 2974 et
2562 2929 2717 2990 caput
2762 2935 2986 2990 poscens
3012 2919 3186 2995 (Joan.
3225 2939 3350 2992 xm,
3397 2925 3492 2998 9):
3532 2945 3600 2997 qu
3625 2928 3670 2984 vd

2100 3009 2243 3068 illico
2271 3010 2638 3078 intellexisset,
2669 3010 2878 3067 lavacro
2905 3012 3120 3082 pedum,
3150 3015 3238 3084 qui
3267 3017 3316 3070 in
3344 3017 3514 3086 primo
3542 3018 3669 3090 lapsi

2099 3112 2224 3157 sunt
2250 3103 2480 3169 homine,
2509 3102 2718 3160 sordem
2744 3104 2986 3160 obnoxiae
3015 3107 3366 3162 successionis
3391 3109 3609 3164 aboleri.
3647 3129 3664 3163 ι

2101 3193 2228 3248 Item
2255 3192 2306 3248 in
2331 3192 2517 3248 eodem
2540 3207 2701 3263 opere
2729 3211 2744 3248 :
2773 3212 2792 3246 ι
2820 3194 3098 3250 Servatum
3123 3204 3202 3250 est
3231 3196 3454 3265 igitum
3482 3199 3667 3268 inquit,

2105 3303 2124 3336 ‹
2159 3295 2214 3339 ιιι
2251 3300 2313 3338 ex
2341 3285 2454 3339 viro
2483 3293 2536 3340 et
2564 3285 2785 3340 muliere
2805 3327 2820 3350 ,
2853 3285 2904 3340 id
2933 3294 3048 3352 est,
3082 3300 3176 3354 per
3203 3287 3348 3340 illam
3387 3303 3668 3356 corporum

2097 3373 2526 3429 commixtionem
2551 3388 2707 3429 nemo
2731 3373 2969 3430 videatur
2991 3389 3182 3451 expers
3206 3391 3324 3431 esse
3352 3377 3556 3442 delicti;
3580 3379 3669 3448 qui

2099 3474 2275 3521 autem
2303 3481 2490 3534 expers
2509 3465 2686 3520 delicti
2715 3473 2826 3531 est,
2859 3479 3049 3534 expers
3072 3473 3156 3521 est
3181 3467 3338 3522 etiam
3371 3464 3669 3536 hujus-modi

2099 3558 2474 3627 conceptionis.
2501 3575 2522 3610 ι
2542 3556 2670 3612 Item
2690 3564 2872 3612 contra
2892 3555 3210 3612 No’vatianos
3225 3558 3464 3616 scribens
3485 3560 3616 3631 (Lib.
3643 3563 3662 3616 I

2098 3646 2162 3700 de
2187 3645 2396 3712 Paruit,
2431 3661 2544 3716 cap.
2572 3645 2667 3716 3):
2703 3663 2722 3698 ι
2754 3644 2952 3702 Omnes
2981 3645 3270 3714 homines”
3308 3649 3493 3719 inquit,
3526 3668 3544 3701 ι
3573 3651 3671 3706 sub

2101 3744 2318 3805 peccato
2359 3735 2641 3790 nascimur.
2691 3735 2925 3802 Quorum
2964 3735 3078 3806 ipse
3118 3745 3268 3792 ortus
3308 3739 3358 3792 in
3390 3739 3515 3792 vitio
3551 3751 3666 3806 est,

2099 3825 2236 3880 sicut
2265 3824 2427 3879 babes
2456 3823 2669 3890 lectum,
2699 3823 2909 3882 dicente
2935 3823 3098 3880 David
3126 3842 3140 3878 :
3173 3825 3302 3880 Ecce
3329 3827 3460 3880 enim
3485 3827 3538 3882 in
3567 3828 3666 3881 iui-

2097 3915 2368 3987 quitatlbus
2391 3923 2655 3985 conceptus
2681 3930 2812 3983 sum,
2838 3924 2886 3970 et
2907 3915 2960 3968 in
2980 3914 3173 3970 delictis
3199 3916 3388 3986 peperit
3413 3933 3491 3971 me
3515 3928 3671 3972 mata

2099 4024 2209 4062 mea
2235 4025 2254 4060 ι
2288 4005 2457 4080 (Psal.
2489 4021 2553 4073 ι,
2580 4003 2657 4078 7).
2707 4004 2836 4061 Item
2878 4004 2931 4060 in
2963 4005 3216 4076 Apologia
3255 4006 3523 4076 propheta:
3567 4007 3663 4060 Da-

2097 4098 2222 4154 vid:
2264 4115 2283 4149 ι
2315 4097 2608 4166 Antequam
2648 4111 2958 4159 naseamur,
2986 4113 3005 4148 ι
3039 4095 3240 4167 inquit,
3274 4116 3293 4149 ι
3345 4098 3671 4153 maculamnr

2097 4188 2340 4260 contagio
2364 4229 2378 4254 ,
2407 4196 2461 4244 et
2485 4197 2606 4242 ante
2637 4203 2848 4242 usuram
2877 4189 3008 4242 lueis
3033 4189 3252 4259 originis
3280 4190 3444 4260 ipsius
3473 4192 3667 4260 accipi-

2099 4293 2216 4334 mus
2257 4277 2500 4348 injuriam
2526 4319 2540 4344 ,
2586 4277 2638 4332 in
2672 4275 2944 4348 iniquitate
2988 4280 3334 4348 concipimur.
3375 4300 3393 4333 ι
3426 4282 3554 4338 Item
3602 4281 3670 4338 de

2099 4370 2324 4425 Domino
2345 4370 2598 4440 loquens:
2627 4386 2646 4420 ι
2675 4367 2895 4438 Dignum
2917 4368 3112 4423 etenim
3132 4367 3250 4442 fuit,
3285 4388 3305 4422 ι
3329 4371 3535 4440 inquit,
3564 4389 3583 4423 ι
3613 4381 3670 4426 ιιι

2097 4462 2188 4538 qui
2217 4476 2320 4516 non
2363 4468 2477 4515 erat
2513 4459 2786 4515 habiturus
2821 4475 3092 4530 corporeze
3129 4461 3152 4494 ⁸
3176 4471 3449 4532 peccatum
3487 4464 3664 4535 prola-

2099 4549 2297 4620 psionis
2319 4589 2334 4616 ,
2360 4549 2560 4603 nullum
2585 4549 2806 4603 sentiret
2845 4550 3202 4627 generationis
3228 4553 3464 4631 naturale
3488 4564 3666 4608 conta-

2097 4642 2260 4712 gium.
2283 4639 2468 4695 Merito
2489 4655 2616 4708 ergo
2641 4638 2803 4694 David
2827 4639 3071 4695 ﬂebiliter
3092 4640 3144 4695 iu
3165 4656 3224 4698 se
3247 4641 3538 4711 deploravit
3558 4645 3666 4714 ipsa

2098 4729 2488 4799 inquinamenta
2535 4735 2775 4794 naturai,
2823 4737 2877 4783 et
2923 4729 3062 4800 quod
3110 4730 3258 4800 prius
3306 4731 3562 4801 inciperet
3615 4733 3665 4786 in

2099 4817 2312 4872 homine
2339 4816 2541 4872 macula
2569 4831 2724 4885 quam
2761 4816 2864 4870 vita
2895 4836 2912 4868 ι
2951 4817 3102 4888 (Cap.
3131 4817 3244 4890 II).
3273 4818 3404 4874 Item
3431 4819 3498 4875 de
3531 4822 3665 4876 Arca

2095 4908 2209 4964 Noe
2238 4927 2251 4963 :
2280 4927 2298 4961 ι
2325 4907 2426 4962 Per
2456 4921 2615 4960 unum
2644 4906 2820 4976 igitur,
2858 4925 2875 4958 ι
2912 4907 3100 4978 inquit,
3131 4925 3151 4959 ι
3185 4907 3462 4964 Dominum
3489 4909 3666 4964 Jesum

2098 5002 2241 5056 salus
2273 5008 2490 5054 ventura
2517 4999 2816 5054 nationibus
2842 5000 3140 5055 declaratur
3159 5041 3177 5068 ,
3205 5001 3296 5072 qui
3321 5004 3466 5056 solus
3503 5003 3667 5072 potuit

2095 5170 2099 5174 ~
2160 5155 2176 5191 ι
2213 5151 2327 5203 Editi
2351 5159 2448 5200 Am.
2473 5157 2548 5201 Er.
2575 5158 2627 5202 et
2648 5159 2777 5212 Lov.,
2801 5165 2893 5203 non
2921 5160 3060 5206 erunt
3089 5155 3257 5207 retenti
3285 5168 3304 5206 :
3338 5164 3390 5206 et
3408 5155 3535 5206 ﬁnita
3556 5169 3662 5205 seo-

2097 5214 2322 5275 tentiain
2342 5213 2511 5271 verbo,
2537 5212 2722 5275 (licebat
2741 5227 2758 5275 ;
2779 5215 2850 5265 sic
2879 5216 2993 5266 inde
3031 5229 3201 5266 novam
3237 5218 3484 5274 iactitant.
3507 5217 3662 5266 Γαΐου

2095 5281 2168 5324 cte
2189 5273 2466 5341 diligamus,
2487 5273 2584 5333 vel,
2600 5281 2654 5341 ut
2673 5273 2806 5341 apud
2836 5281 2966 5337 Lov.,
3001 5275 3267 5341 diligemus.
3310 5273 3519 5341 Vaticani
3541 5277 3660 5326 auxli-

2095 5349 2178 5405 ces
2198 5402 2205 5405 Α
2222 5333 2320 5405 ho'c.
2333 5333 2438 5385 loco
2468 5349 2576 5405 non
2611 5333 2824 5405 habent,
2853 5333 2992 5405 emit;
3019 5349 3037 5387 :
3060 5333 3145 5405 sed
3170 5346 3302 5400 post,
3329 5336 3552 5398 obtundi;
3579 5342 3658 5386 au-

2095 5398 2230 5456 duut,
2249 5397 2446 5456 arenas.
2466 5403 2693 5456 Neutrum
2716 5403 2793 5446 est
2813 5399 2860 5447 in
2877 5397 3122 5448 Gallicanis
3141 5397 3244 5448 tt'ss.

2157 5460 2176 5520 ξ
2213 5454 2339 5514 atss.,
2363 5454 2448 5520 sed
2460 5457 2568 5518 jam
2577 5455 2942 5520 gloriosissimo,
2965 5461 3072 5520 sine
3096 5471 3167 5520 tat
3181 5457 3341 5520 ticula,
3364 5467 3427 5510 et.

2161 5469 2176 5488 -
2213 5469 2339 5514 uss”
2363 5469 2446 5506 sea
2460 5469 2568 5518 1am
2620 5469 2942 5516 tortostsstnto,
2965 5471 3072 5509 sme
3125 5471 3164 5508 at

2161 5519 2181 5588 ᾗ
2213 5525 2342 5588 tor.)
2365 5469 2670 5588 Menalcam
2689 5519 2853 5570 cmteri
2879 5519 3006 5579 libri,
3033 5475 3164 5583 ﬁdei.

2159 5580 2178 5642 ξ
2212 5579 2284 5626 sic
2297 5577 2545 5642 Mssat-Jditi
2576 5592 2712 5642 vero,
2737 5592 2948 5642 corpore.

2160 5640 2232 5698 (a)
2256 5639 2495 5698 Expositio
2512 5639 2614 5691 hac
2639 5640 2684 5688 in
2708 5639 2870 5689 Lsaia'm
2894 5656 2984 5690 non
3011 5651 3188 5693 exstat.
