4038 6182
408 428 583 497 justus
627 436 765 484 esse,
812 431 934 473 cum
972 410 1241 485 generatio
1281 407 1453 462 omnis
1488 412 1722 467 erraret,
1769 413 1877 454 non
1915 395 1986 450 ob

412 489 554 574 aliud
586 518 636 581 ί,
683 514 783 570 nisi
813 511 933 582 quia
973 516 1126 563 natus
1160 520 1226 560 ex
1266 501 1467 573 virgine
1495 493 1851 569 generationis
1892 489 1989 545 ob-

413 612 584 666 noxiae
627 580 900 677 privilegio
937 598 1154 654 minime
1199 601 1485 650 teneretur.
1532 587 1663 642 Ecce
1686 628 1700 652 ,
1733 603 1751 636 ι
1787 580 1985 651 inquit,

418 722 439 757 ι
472 704 526 756 in
573 671 914 769 iniquitatibus
939 699 1207 760 conceptus
1230 702 1373 745 sum,
1403 692 1448 736 ct
1486 682 1538 733 in
1571 676 1764 731 delictis
1801 671 1991 769 peperit

415 808 494 847 me
521 761 679 842 mater
704 801 812 838 mea
831 782 986 847 ,dicit
1017 780 1061 835 is
1088 778 1176 847 qui
1200 776 1373 845 justus
1403 786 1509 840 pne
1538 765 1743 822 exteris
1767 761 1987 833 putaba-

417 893 521 937 tur.
560 881 727 949 Quem
770 876 927 945 igitur
949 874 1059 941 jam
1097 869 1298 938 justum
1345 862 1602 924 dixerim,
1654 855 1751 909 nisi
1802 855 1991 906 horum

419 973 646 1025 libermn
676 965 1028 1023 vinculorum,
1055 974 1213 1030 quem
1239 966 1438 1010 natura:
1465 947 1759 1005 communis
1782 942 1991 998 vincula

423 1075 526 1116 non
574 1054 894 1113 teneant"?
924 1072 942 1105 ι
975 1051 1111 1105 Ecce
1139 1047 1221 1101 vir
1253 1052 1468 1098 sanctus
1489 1081 1503 1103 ,
1549 1036 1743 1106 Pelagii
1784 1047 1994 1104 quoque

422 1147 727 1205 testimonio
795 1146 848 1198 in
892 1142 994 1197 lide
1045 1138 1302 1195 catholica
1355 1130 1787 1204 probatissimus,
1840 1125 1993 1180 Pela-

419 1242 605 1312 gianos
633 1242 885 1306 negantes
912 1230 1165 1301 originale
1202 1233 1471 1297 peccatum
1502 1229 1645 1276 tanta
1690 1214 1995 1272 manifesta-

417 1305 569 1385 tioue
592 1305 862 1396 redarguit
888 1340 903 1388 ;
933 1336 1030 1377 nec
1058 1330 1234 1374 tamen
1258 1331 1376 1371 cum
1398 1305 1701 1368 Maniclneis
1722 1308 1803 1361 vel
1831 1306 1996 1359 Deum

423 1418 751 1475 nascentium
780 1413 1109 1469 conditorem
1138 1416 1313 1477 negat,
1343 1403 1427 1459 vel
1451 1401 1677 1471 nuptias,
1700 1410 1832 1468 quas
1861 1395 1999 1447 Deus

425 1509 652 1563 instituit
675 1514 732 1560 et
758 1501 1025 1557 benedixit
1048 1538 1063 1564 ,
1097 1504 1333 1552 accusat.

446 1641 458 1650 .
498 1596 588 1651 '50.
628 1591 894 1662 Pelagiani
920 1590 1100 1644 dietmt
1124 1587 1191 1642 ab
1233 1584 1449 1639 homine
1493 1580 1727 1649 incipere
1756 1575 2000 1630 meritum

427 1702 526 1757 per
555 1686 775 1739 liberum
817 1681 1113 1742 arbitrium,
1160 1677 1243 1732 cui
1288 1675 1430 1729 Deus
1458 1671 1785 1739 subsequens
1821 1664 2003 1736 gratim

428 1775 687 1831 retribuat
709 1772 1089 1841 adjumentum.
1120 1767 1293 1822 Etiam
1339 1764 1424 1817 hic
1463 1777 1555 1817 eos
1598 1758 1809 1814 refellat
1846 1769 2007 1809 vene-

431 1867 632 1921 randus
657 1864 990 1927 Ambrosius,
1018 1860 1202 1914 dicens
1244 1858 1294 1910 in
1329 1853 1667 1925 Expositione
1692 1848 1839 1903 lsaia:
1881 1860 2006 1915 pro-

434 1957 640 2025 phetae:
670 1975 689 2007 ι
723 1955 853 2020 Quia
882 1954 1109 2007 humana
1152 1948 1314 2004 cura’
1341 1948 1458 2000 sine
1500 1944 1676 1999 divina
1708 1954 1807 2009 ope
1837 1938 2006 1992 imbe-

432 2046 552 2101 cilla
576 2054 656 2099 est
679 2044 745 2098 ad
770 2041 1111 2102 medendum,
1143 2040 1308 2093 Deum
1334 2034 1698 2089 auxiliatorem
1731 2027 2003 2098 requirit.»

436 2135 635 2190 ltcmiu
667 2134 805 2187 libro
829 2132 916 2201 qui
945 2130 1265 2193 inscribitur,
1284 2126 1351 2181 de
1379 2125 1516 2193 Fuga
1547 2121 1726 2178 szeculi
1759 2118 1906 2190 (Cap.
1936 2115 2006 2197 1):

441 2246 463 2275 ο
486 2226 757 2295 Frequens
782 2224 987 2289 nobis,»
1014 2222 1202 2291 inquit,
1232 2238 1250 2271 ι
1285 2219 1352 2273 de
1380 2214 1678 2286 cll'ugiendo
1698 2212 1893 2267 sseculo
1912 2212 2013 2264 isto

440 2326 523 2372 est
548 2330 756 2380 sermo;
788 2324 944 2382 atque
989 2313 1185 2365 utinam
1232 2324 1388 2379 quam
1441 2306 1606 2360 facilis
1656 2319 1853 2369 sermo,
1906 2310 2013 2356 tam

443 2416 625 2461 cautus
642 2415 693 2459 et
720 2403 976 2458 sollicitus
1001 2401 1217 2455 affectus
1233 2398 1274 2452 ‘.
1302 2397 1403 2453 Sed
1437 2396 1576 2466 quod
1606 2394 1756 2464 pejus
1785 2404 1886 2460 est,
1912 2391 2017 2446 fre-

448 2503 668 2564 quenter
706 2492 888 2561 irrepit
916 2500 1242 2545 terrenarum
1275 2486 1519 2541 illecebra
1551 2484 1914 2553 cupiditatum,
1963 2490 2018 2535 et

445 2584 754 2644 vanitatem,
784 2580 1009 2636 effusio”
1034 2588 1264 2633 mentetn
1291 2585 1533 2646 occupat,
1564 2584 1619 2628 ut
1644 2572 1782 2644 quod
1805 2570 2018 2625 studeas

445 2672 635 2737 vitare,
666 2673 764 2726 hoc
792 2673 990 2742 cogites
1009 2672 1291 2740 animoque
1314 2670 1512 2724 volvas.
1543 2666 1691 2734 Quod
1712 2679 1899 2719 cavere
1920 2660 2020 2715 dil-

450 2763 591 2817 licile
620 2772 700 2816 ρει
720 2762 939 2828 homini,
967 2778 1166 2817 exuere
1205 2771 1381 2815 autem
1410 2757 1751 2827 inqossibile.
1784 2754 2022 2823 Denique

450 2854 557 2906 voti
588 2851 756 2921 magis
781 2867 891 2905 eam
920 2868 1035 2906 esse
1056 2867 1189 2914 rem,
1216 2866 1368 2921 quam
1391 2850 1629 2912 effectus,
1661 2855 1887 2902 tesmtur
1905 2859 2026 2913 pro-

451 2945 607 3012 pheta
630 2944 872 3003 dicendo,
906 2943 1114 2997 Declina
1144 2959 1230 2996 cor
1256 2958 1418 2995 meum
1457 2942 1508 2993 in
1534 2938 1813 2993 testimonia
1851 2947 1952 3001 tua,
1978 2944 2025 2990 et

454 3054 555 3090 non
593 3038 645 3090 in
682 3037 944 3089 avaritiam
988 3034 1159 3104 (Psal.
1186 3048 1365 3099 CXVIII,
1395 3031 1507 3103 56).
1539 3031 1652 3085 Non
1682 3031 1820 3084 enim
1849 3030 1899 3083 in
1928 3043 2026 3097 p0-

456 3138 644 3184 tcstate
674 3137 851 3182 nostra
877 3126 1035 3181 sunt‘
1055 3141 1147 3180 cor
1176 3135 1415 3180 nostrum
1441 3131 1496 3179 et
1525 3133 1719 3177 nostra:
1747 3120 2026 3190 cogitatio-

461 3235 577 3285 nes,
602 3236 718 3289 qua:
746 3219 1032 3288 improviso
1058 3217 1240 3271 effusio
1268 3223 1500 3270 mentem
1528 3213 1867 3281 animumque
1894 3226 2027 3266 con-

460 3309 705 3374 fundunt,
738 3318 896 3378 atque
923 3308 1025 3361 alio
1054 3306 1267 3361 trahunt
1290 3321 1447 3377 quam
1471 3314 1524 3359 tu
1553 3303 1890 3373 praposneris
1917 3320 1929 3356 :
1959 3301 2027 3357 ad

460 3400 733 3455 saecularia
760 3408 1037 3461 revocant,
1056 3396 1320 3451 mundana
1352 3396 1612 3458 inserunt,
1636 3392 1924 3461 voluptaria
1952 3392 2032 3447 in-

460 3498 666 3559 gerunt,
692 3487 998 3542 illecebrosa
1026 3488 1300 3550 intexunt;
1322 3485 1540 3554 ipsoque
1567 3484 1618 3536 in
1649 3492 1905 3551 tempore,
1922 3496 2032 3551 quo

461 3579 669 3634 elevare
700 3586 931 3631 mentem
956 3589 1223 3645 paramus,
1255 3576 1469 3630 insertis
1494 3574 1735 3629 inanibus
1760 3574 2036 3644 cogitatio-

462 3669 616 3723 nibus
635 3664 700 3718 ad
722 3677 927 3720 terrena
949 3666 1254 3734 plerumque
1270 3664 1563 3734 dejicimur.
1584 3664 1713 3731 Quis
1732 3680 1796 3717 an
1807 3673 1907 3718 tem
1927 3673 2033 3717 tam

464 3755 669 3813 beatos.
698 3754 784 3823 qui
814 3755 869 3807 in
904 3752 1063 3807 corde
1107 3768 1203 3807 suo
1245 3768 1456 3822 semper
1491 3753 1774 3806 ascendat?
1802 3752 1905 3807 Sed
1936 3744 2035 3806 hoc

464 3844 579 3897 sine
595 3842 788 3895 auxilio
808 3842 986 3896 divino
1004 3843 1091 3912 qui
1115 3842 1226 3896 fieri
1256 3841 1464 3910 potest?
1482 3840 1639 3895 Nullo
1662 3843 1900 3910 profecto
1924 3856 2037 3893 mo-

466 3935 554 3988 do.
586 3934 819 4003 Denique
848 3949 1006 4001 supra
1041 3933 1225 3987 eadem
1255 3932 1522 4001 Scriptura
1562 3932 1720 3986 dicit:
1751 3931 1933 3985 Beatus
1964 3931 2040 3983 vir

466 4027 611 4094 cujus
625 4035 693 4079 est
710 4024 953 4077 auxilium
974 4025 1080 4093 ejus
1100 4024 1188 4078 abs
1209 4034 1275 4089 te,
1304 4023 1546 4087 Domine;
1567 4039 1798 4076 ascensus
1818 4024 1869 4075 in
1887 4023 2038 4076 corde

466 4117 574 4184 ejus
601 4132 620 4166 ι
657 4113 826 4182 (Psal.
853 4129 1073 4179 Lxxxm,
1099 4112 1173 4181 6).
1204 4113 1337 4181 Quid
1367 4113 1599 4181 apertius
1620 4121 1674 4167 et
1693 4112 2040 4167 sufficientius

468 4204 568 4262 dici
599 4205 800 4273 potest?
830 4204 934 4258 Sed
981 4219 1046 4256 ne
1088 4204 1354 4272 Pelagiani
1387 4202 1521 4259 forte
1566 4202 1936 4273 respondeant,
1972 4217 2038 4257 eo

469 4295 584 4361 ipso
611 4311 716 4363 quo
743 4293 977 4348 divinum
1017 4293 1265 4346 auxilium
1294 4293 1523 4362 poscitur
1541 4293 1581 4359 ⁸,
1614 4292 1915 4361 prmcedere
1944 4291 2041 4345 bo-

470 4386 628 4446 minis
649 4384 925 4445 meritum;
954 4384 1177 4453 itlipsum
1205 4384 1449 4438 meritum
1480 4400 1598 4439 esse
1635 4383 1889 4448 dicentes,
1918 4384 2038 4452 quia

471 4474 671 4528 orando
702 4474 757 4526 fit
782 4473 973 4541 dignus
1001 4473 1083 4526 cui
1124 4473 1288 4542 gratia
1315 4474 1495 4528 divina
1534 4474 1840 4528 subveniat:
1869 4483 2057 4528 ωηιξη-⁸

472 4564 600 4616 dant
622 4562 745 4631 quid
779 4562 915 4617 idem
952 4564 1032 4616 vir
1053 4572 1265 4617 sanctus
1282 4563 1423 4616 dicat
1441 4564 1491 4617 in
1511 4564 1848 4632 Expositione
1872 4564 2037 4618 lsaitn.

478 4671 497 4707 ι
522 4654 587 4707 Ει
613 4667 767 4707 orare
820 4653 1003 4716 Deum,
1038 4670 1056 4704 ι
1108 4653 1297 4722 inquit,
1333 4670 1352 4704 ι
1395 4653 1560 4721 gratia
1613 4654 1898 4722 spiritualis
1940 4662 2038 4707 est.

473 4740 638 4797 Nemo
686 4742 826 4795 enim
872 4742 999 4796 dicit
1051 4742 1331 4796 Dominum
1355 4742 1558 4807 Jesum,
1592 4743 1690 4796 nisi
1740 4743 1792 4796 in
1844 4743 2042 4813 Spiritu

472 4840 655 4886 sancto
679 4850 698 4884 ι
741 4830 781 4905 (1
805 4830 920 4887 Cor.
960 4848 1055 4898 xu,
1098 4832 1176 4903 5).
1211 4831 1364 4888 Unde
1407 4842 1459 4886 et
1502 4847 1771 4902 exponens
1806 4834 2048 4903 Evange-

536 4999 553 5069 ξ
588 4998 705 5048 Etliti
732 5000 981 5069 emittunt,
1006 5012 1097 5069 non
1137 5000 1192 5049 ob
1216 4999 1352 5069 aliud
1371 5013 1387 5059 ;
1434 5010 1481 5069 et
1506 5000 1685 5069 habent
1703 5002 1793 5069 _si_c_,
1815 5000 1910 5069 nisi
1929 5006 2049 5052 esset

473 5064 611 5128 muas
632 5071 696 5107 ea:
719 5060 899 5121 virgine
918 5096 933 5119 ,
959 5061 1039 5122 qui
1055 5060 1376 5171 generationis
1398 5061 1614 5111 o'vtoa‘ite
1636 5060 1883 5126 pritilrgio
1900 5096 1913 5119 ,
1950 5070 2045 5111 etc.

474 5118 844 5171 nedmtezratttr
870 5125 1000 5171 locus
1028 5136 1053 5170 a
1128 5122 1390 5171 Gallicanos
1410 5129 1518 5171 Mss.
1539 5129 1588 5171 ta
1606 5138 1666 5171 eo
1682 5137 1849 5171 rursus
1866 5125 2045 5171 variant

474 5118 846 5190 ned'integrati’tr
870 5118 1000 5171 locus
1028 5118 1086 5171 ad
1102 5122 1390 5190 __Gallicanos
1409 5129 1518 5190 )Iss.
1539 5129 1588 5173 ta
1606 5118 1666 5171 eo
1682 5118 1849 5173 rursus
1866 5118 2050 5172 variant

474 5179 699 5241 codices,—
712 5181 792 5230 lib.
818 5181 848 5230 2
864 5189 1027 5231 contra
1043 5183 1297 5241 .tuiianum,
1321 5196 1369 5231 ιι.
1395 5183 1441 5230 4.

538 5242 557 5270 ⁸
589 5240 810 5291 Gallicani
846 5249 973 5305 Mss,
992 5242 1086 5305 ηἰλὶ
1114 5242 1267 5305 solum
1288 5240 1291 5241 ⁷
1311 5241 1869 5305 liberttnt_t'inculorum,
1912 5256 2050 5302 quem

474 5306 662 5351 natura:
683 5302 945 5353 nomnmnis
968 5302 1154 5353 rincula
1175 5316 1267 5354 non
1291 5303 1546 5354 tenebant?

539 5370 558 5449 ξ
593 5371 640 5449 ξιξ
664 5362 1115 5449 ἓξιίεικςρλςιιιη,
1143 5366 1452 5415 substitutum
1476 5363 1650 5425 fuerat,
1676 5374 1863 5417 natura.

594 5429 639 5473 tn
816 5425 1023 5487 effectus.

540 5484 557 5549 ξ
594 5484 985 5549 la_iistlem'l\:ss.,
1010 5486 1190 5549 effusio.

538 5544 557 5573 ⁸
593 5546 727 5602 Ειηιί,
744 5552 830 5596 est.
857 5554 981 5597 διςς..
1004 5544 1125 5596 sunt.

538 5606 556 5632 ’
594 5607 705 5657 ωιῑί
722 5642 734 5664 ,
758 5608 917 5666 possit.
943 5610 1260 5662 timendam-ar
1284 5621 1309 5658 ε
1328 5618 1429 5661 Mss.

1745 282 1947 345 LIBER
1982 276 2324 348 QUARTUS.

3553 280 3656 340 αδδ

2094 392 2222 467 lium
2260 394 2550 450 secundum
2597 395 2788 450 Lucam
2839 412 2851 449 :
2903 413 2922 447 ‹
2956 379 3115 449 Vides
3159 393 3361 463 utique,
3397 411 3415 445 ι
3468 393 3657 462 inquit,

2100 503 2119 538 ι
2170 486 2290 556 quia
2354 485 2546 556 ubique
2610 485 2817 541 Domini
2867 485 3059 547 virtus.
3094 482 3286 538 studiis
3342 491 3656 551 cooperatur

2096 575 2357 639 humanis,
2404 586 2459 629 ut
2512 591 2668 629 nemo
2728 575 2892 645 possit
2933 573 3200 630 auiiiieare
3249 573 3364 627 sine
3415 572 3658 636 Domino,

2095 680 2252 720 nemo
2306 665 2570 720 custodire
2618 666 2731 720 sine
2777 666 3014 730 Domino,
3063 680 3221 720 nemo
3257 662 3543 732 quidquam
3575 664 3659 717 in-

2096 756 2273 824 cipere
2301 757 2413 810 sine
2446 755 2665 809 Domino
2690 774 2709 807 ι
2743 753 2874 828 (Lib.
2910 755 2945 807 Ξ).
2977 756 3029 808 in
3065 771 3180 823 cap.
3217 753 3251 808 5
3274 752 3457 815 Luca,
3489 769 3542 805 η.
3566 752 3657 819 8ι,
3698 798 3712 809 .

2097 850 2160 900 de
2214 844 2338 900 Iesu
2362 847 2655 917 baptizata).
2702 846 2966 917 Numquid
2993 846 3239 916 quoniam
3269 844 3381 898 haec
3423 844 3549 898 dicit
3587 844 3666 898 vir

2099 944 2274 990 tantus
2300 937 2630 1002 Ambrosius,
2658 945 2713 991 et
2741 937 2961 1005 gratiam
2990 935 3104 1001 Dci,
3137 935 3271 989 sicut
3301 934 3407 987 lilio
3435 934 3664 1005 promis—

2098 1027 2263 1081 sionis
2292 1028 2553 1097 congruit,
2580 1038 2728 1097 grata
2771 1028 2965 1097 pietate
3005 1025 3358 1089 commendat,
3404 1025 3523 1079 ideo
3568 1022 3665 1078 de-

2099 1119 2258 1173 struit
2286 1118 2506 1172 liberum
2528 1119 2837 1172 arbitrium?
2866 1128 2956 1170 aut
2993 1132 3109 1171 eam
3149 1115 3263 1169 vult
3299 1115 3516 1183 intelligi
3545 1129 3665 1183 gra-

2102 1207 2250 1274 tiam,
2283 1222 2438 1276 quam
2464 1206 2689 1261 diversis
2717 1204 3071 1259 locutionibus
3087 1203 3348 1272 Pelagiani
3367 1203 3549 1256 nolunt
3566 1201 3667 1256 nisi

2102 1297 2272 1367 legem
2296 1297 2485 1364 videri,
2516 1306 2575 1351 ut
2600 1296 2846 1351 videlicet
2876 1310 2977 1349 non
3005 1294 3071 1348 ad
3091 1293 3389 1348 faciendum
3414 1291 3554 1362 quod
3579 1307 3669 1346 eo-

2101 1387 2455 1455 gnoverimus,
2484 1385 2577 1440 sed
2601 1385 2666 1439 ad
2686 1384 3107 1454 cognoscendum
3129 1382 3253 1451 quid
3279 1381 3547 1444 facianms,
3576 1394 3673 1434 nos

2106 1478 2244 1531 Deus
2268 1476 2517 1544 adjuvare
2545 1474 2824 1530 credatur?
2852 1474 2906 1529 Si
2938 1475 3039 1528 hoc
3064 1473 3219 1526 istum
3266 1471 3534 1525 hominem
3578 1469 3674 1524 Dei

2106 1581 2291 1634 sapere
2317 1566 2641 1630 existimant,
2670 1563 2792 1632 quid
2819 1562 2886 1616 de
2917 1563 3026 1632 ipsa
3056 1563 3170 1631 lege
3196 1560 3408 1625 dixerit,
3439 1557 3677 1612 audiant.

2105 1654 2161 1709 In
2186 1655 2319 1709 libro
2339 1653 2405 1709 de
2431 1654 2571 1724 Fuga
2602 1653 2779 1708 smeuli
2803 1671 2815 1704 :
2841 1671 2859 1703 ι
2888 1653 3020 1718 Lex,
3046 1671 3065 1704 ι
3090 1652 3278 1721 inquit,
3307 1668 3326 1701 ι
3354 1664 3415 1704 os
3440 1650 3677 1704 omnium

2109 1747 2276 1814 potuit
2325 1747 2597 1799 obstruere
2623 1788 2636 1808 ,
2696 1760 2798 1797 non
2829 1744 2996 1813 potuit
3046 1752 3276 1796 mentem
3316 1751 3625 1795 convertere
3654 1758 3673 1792 s

2114 1837 2262 1908 (Cap.
2308 1838 2381 1907 5).
2432 1836 2560 1891 item
2603 1837 2708 1889 alio
2751 1836 2866 1889 loco
2909 1835 2960 1889 in
3009 1835 3194 1889 eodem
3227 1834 3359 1886 libro
3396 1851 3409 1886 :
3445 1851 3462 1882 ι
3495 1833 3620 1896 Lex,
3655 1851 3676 1884 s

2111 1928 2295 1996 inquit,
2323 1948 2341 1979 i
2367 1927 2558 1980 factum
2578 1926 2809 1990 damnat,
2830 1940 2932 1979 non
2950 1924 3118 1978 aufert
3135 1922 3385 1976 malitiam
3400 1942 3417 1973 ι
3440 1920 3588 1993 (Cap.
3604 1920 3680 1990 7).

2113 2017 2338 2072 Videant
2377 2017 2584 2070 fidelem
2624 2025 2671 2069 et
2713 2015 3029 2069 catholicum
3072 2014 3241 2066 virum
3274 2011 3525 2080 Apostolo
3553 2025 3684 2064 con-

2113 2107 2309 2160 sentire
2335 2106 2548 2170 dicenti,
2574 2105 2774 2159 Scimus
2800 2113 2964 2157 autent
2990 2104 3107 2173 quia
3134 2115 3458 2172 quaecumque
3491 2099 3573 2153 lea:
3611 2098 3687 2153 loc
3768 2112 3775 2115 '

2113 2199 2300 2268 quitur,
2329 2197 2406 2250 his
2433 2197 2516 2267 qui
2537 2198 2588 2250 in
2617 2198 2724 2267 lege
2743 2205 2858 2249 sunt
2879 2196 3118 2266 loquitur,
3142 2203 3196 2247 ut
3217 2209 3362 2248 onme
3381 2209 3436 2247 os
3461 2191 3688 2246 obstrua-

2118 2297 2217 2352 tur,
2249 2296 2294 2341 et
2319 2303 2433 2340 reus
2450 2287 2540 2355 ﬁat
2564 2287 2724 2340 omnis
2749 2286 2962 2338 mundus
2986 2283 3127 2348 Deo;
3151 2284 3268 2353 quia
3301 2300 3401 2337 non
3432 2281 3687 2353 justi/ica-

2118 2379 2247 2431 bitur
2271 2394 2332 2430 ea:
2353 2376 2460 2447 lege
2482 2378 2643 2430 omnis
2669 2392 2785 2428 caro
2804 2391 2972 2428 coram
2996 2374 3086 2428 illo
3111 2373 3286 2445 (Rom.
3311 2388 3387 2438 nt,
3415 2372 3484 2426 i9
3507 2379 3552 2423 et
3571 2367 3688 2441 20).

2119 2469 2200 2524 Ex
2226 2484 2292 2524 eo
2319 2470 2459 2524 enim
2489 2467 2779 2539 apostolico
2807 2481 2967 2522 sensu
3012 2465 3098 2519 illa
3145 2463 3367 2534 sumpsit
3397 2470 3452 2518 et
3477 2461 3690 2532 scripsit

2122 2562 2454 2616 Ambrosius.

2194 2653 2281 2707 51.
2321 2652 2437 2707 Jam
2470 2665 2595 2704 vero
2624 2649 2870 2718 quoniam
2898 2647 3160 2716 Pelagiani
3201 2645 3402 2708 dicunt,
3440 2642 3611 2712 justus
3641 2641 3692 2694 in

2125 2739 2222 2794 hac
2250 2740 2354 2793 vita
2377 2738 2458 2793 vel
2474 2753 2593 2793 esse
2617 2738 2697 2790 vel
2727 2736 2912 2799 fuisse,
2942 2736 3029 2804 qui
3059 2735 3174 2788 sine
3201 2733 3307 2787 ullo
3329 2740 3542 2801 peccato
3559 2730 3698 2782 vixe-

2125 2833 2229 2887 rint
2253 2834 2293 2897 ⁸,
2331 2832 2383 2885 in
2424 2839 2623 2885 tantum
2653 2838 2709 2882 ut
2733 2828 2839 2882 vita
2868 2826 3061 2889 futura,
3103 2840 3220 2894 qua:
3250 2823 3300 2877 in
3333 2822 3550 2892 praemio
3578 2834 3699 2888 spe-

2125 2923 2292 2979 randa
2338 2930 2441 2988 est,
2488 2918 2784 2987 provectior
2811 2926 2863 2971 et
2892 2914 3173 2986 perfectior
3205 2928 3324 2967 esse
3353 2926 3459 2965 non
3487 2910 3651 2980 possit
3681 2926 3696 2962 :

2128 3016 2287 3071 etiam
2315 3013 2404 3068 hic
2445 3012 2523 3067 eis
2560 3009 2878 3080 respondeat
2906 3021 3104 3077 easque
3143 3004 3337 3060 refutet
3367 3001 3699 3081 Ambrosius.

2129 3106 2260 3161 Nam
2290 3116 2560 3174 exponens
2609 3101 2794 3155 isaiam
2839 3098 3169 3168 prophetam,
3218 3102 3429 3163 propter
3470 3090 3522 3145 id
3561 3088 3701 3159 quod

2131 3198 2384 3266 scriptum
2415 3202 2514 3258 est,
2548 3191 2711 3246 Filios
2755 3189 2905 3261 genui
2941 3198 2988 3241 et
3026 3186 3260 3247 exaltari,
3306 3184 3405 3254 ipsi
3432 3192 3599 3236 autem
3628 3197 3706 3234 me

2132 3297 2421 3360 spreverunt
2454 3284 2602 3357 (Isai.
2633 3300 2670 3348 ι,
2696 3284 2774 3354 2),
2806 3281 3037 3351 suscepit
3056 3278 3122 3332 de
3141 3274 3570 3349 generationibus
3584 3287 3702 3342 quas

2134 3396 2198 3436 ex
2232 3379 2341 3434 Deo
2382 3384 2508 3431 sunt
2546 3375 2846 3444 diSputare;
2894 3381 3051 3440 atque
3092 3369 3145 3422 in
3189 3367 3299 3436 ipsa
3348 3362 3708 3433 disputatione

2135 3466 2567 3525 commemoravit
2595 3461 2953 3519 testimonium
2980 3458 3218 3523 Joannis,
3250 3456 3338 3509 tibi
3368 3454 3460 3519 ait,
3489 3452 3589 3520 Qui
3608 3468 3707 3506 na-

2138 3570 2217 3614 tus
2240 3568 2309 3612 est
2328 3573 2392 3611 ea:
2420 3554 2548 3621 Deo,
2585 3568 2686 3605 non
2711 3560 2881 3622 peccat
2910 3549 2955 3620 (Ι
2983 3547 3135 3601 Joan.
3164 3561 3240 3612 ut,
3262 3542 3340 3617 9).
3376 3544 3440 3598 Et
3465 3540 3706 3597 eamdem

2137 3650 2483 3721 quaestionem
2538 3643 2900 3700 difficillimam
2949 3650 3226 3694 tractans:
3276 3656 3295 3689 ι
3330 3636 3458 3692 Cum
3507 3633 3607 3689 hoc
3653 3633 3708 3688 in

2141 3738 2355 3803 mundo,
2391 3755 2410 3789 ι
2440 3735 2628 3805 inquit,
2660 3752 2680 3785 ι
2715 3731 2892 3786 nullus
2917 3729 2987 3784 sit
3012 3728 3100 3798 qui
3128 3725 3377 3781 immunis
3420 3725 3541 3778 sita
3582 3738 3710 3793 pec-

2140 3838 2280 3895 cato,
2307 3842 2427 3882 cum
2451 3825 2563 3896 ipse
2584 3823 2816 3879 Joannes
2836 3818 3000 3883 dicat,
3027 3816 3086 3874 Si
3105 3817 3318 3870 dicimus
3342 3814 3458 3884 quia
3478 3828 3577 3866 non
3596 3827 3715 3881 pec-

2141 3920 2382 3981 cavimus,
2406 3915 2693 3969 mendacetn
2716 3911 2929 3983 facimus
2957 3909 3101 3962 illunt
3127 3904 3236 3977 (Id.
3259 3922 3295 3969 I,
3320 3904 3429 3974 10).
3455 3901 3510 3958 Si
3532 3910 3709 3956 autem
3775 3929 3786 3941 ι

2143 4026 2206 4064 ex
2236 4009 2343 4063 Deo
2365 4006 2470 4061 nati
2500 4020 2604 4059 non
2632 4009 2871 4073 peccant,
2904 4008 2959 4055 ct
2985 3998 3050 4053 de
3077 3998 3158 4051 his
3186 3993 3521 4063 intelligimus
3541 3990 3628 4060 qui
3653 3991 3706 4044 in

2145 4100 2244 4153 hoc
2267 4095 2465 4152 mundo
2490 4103 2610 4148 sunt
2639 4094 2967 4155 innumeros,
3012 4101 3230 4142 necesse
3258 4095 3341 4138 est
3368 4081 3709 4140 :rstimemus,

2145 4189 2232 4259 qui
2266 4202 2358 4256 per
2386 4184 2576 4239 lavacri
2605 4180 3058 4252 regenerationem
3082 4176 3173 4230 Dei
3198 4174 3415 4244 gratiam
3443 4167 3713 4225 consecuti

2145 4287 2288 4333 sunt.
2318 4276 2423 4332 Sed
2465 4286 2640 4329 tamen
2693 4288 2812 4326 eum
2863 4270 3003 4325 dicat
3067 4266 3317 4339 propheta
3342 4306 3357 4332 ,
3392 4261 3575 4318 Omnia
3602 4277 3635 4314 a
3671 4269 3719 4316 te

2147 4378 2452 4438 exspectant,
2484 4376 2538 4420 ut
2565 4367 2650 4420 des
2674 4364 2776 4418 illis
2804 4363 2968 4417 cibum
2994 4361 3047 4415 in
3071 4369 3326 4431 tempore:
3355 4358 3507 4411 dante
3547 4364 3592 4408 te
3614 4353 3676 4408 iis
3698 4396 3713 4417 ,

2148 4460 2381 4529 colligant
2408 4458 2531 4521 sibi;
2554 4456 2807 4525 aperiente
2832 4464 2879 4507 te
2903 4460 3274 4516 manumtuam,
3294 4449 3524 4502 universa
3540 4443 3721 4515 imple-

2149 4552 2332 4605 bantur
2352 4549 2595 4611 bonitate;
2625 4553 2868 4598 avertente
2886 4552 3051 4596 autem
3077 4550 3123 4596 te
3148 4541 3327 4610 {aciem
3352 4549 3510 4603 tuam,
3546 4534 3720 4590 turba-

2151 4642 2329 4695 buntur
2346 4657 2364 4693 :
2380 4641 2574 4710 auferes
2597 4638 2829 4707 spiritum
2857 4651 3048 4698 eorum,
3072 4643 3116 4687 et
3142 4632 3390 4700 deﬁcient,
3406 4639 3452 4683 et
3478 4629 3529 4681 in
3544 4620 3721 4698 pulve-

2150 4750 2254 4786 rem
2280 4748 2424 4786 suum
2447 4738 2791 4782 convertentur
2808 4743 2827 4780 :
2844 4726 3032 4780 emittes
3056 4723 3291 4792 spiritum
3321 4730 3476 4783 tuum,
3510 4728 3555 4771 et
3578 4732 3723 4770 creaa

2151 4821 2356 4883 buntur,
2388 4828 2433 4872 et
2461 4816 2719 4870 innovabis
2750 4815 2928 4886 [aciem
2956 4820 3103 4866 terra:
3126 4809 3296 4879 (Psal.
3339 4822 3451 4871 cm,
3483 4804 3680 4872 27-50)
3706 4818 3722 4856 :

2154 4918 2372 4981 possunt
2401 4924 2504 4963 non
2533 4907 2600 4962 de
2629 4919 2963 4976 quocumque
2990 4912 3229 4972 tempore
3255 4898 3419 4952 videri
3449 4897 3609 4962 dicta,
3630 4894 3726 4949 Sed

2153 5003 2219 5057 de
2248 5001 2442 5066 futuro,
2472 5014 2578 5069 quo
2602 5000 2705 5053 erit
2732 5012 2864 5052 nova
2897 5005 3035 5050 terra
3062 5003 3114 5049 et
3138 5006 3334 5046 novum
3355 4989 3568 5044 ctelum.
3594 4987 3728 5040 Tur-

2156 5091 2415 5146 babuntur
2444 5104 2592 5159 ergo,
2615 5097 2672 5143 ut
2703 5087 3016 5157 principium
3040 5091 3269 5146 sumant,
3294 5090 3450 5149 atque
3477 5078 3729 5149 aperiente

2157 5192 2202 5235 te
2220 5197 2422 5235 nmnum
2467 5189 2622 5243 tuam,
2660 5177 2996 5247 implebantur
3019 5175 3248 5227 universa
3284 5170 3504 5225 bonitate
3523 5170 3579 5234 ’ς
3604 5182 3726 5239 qua:

2157 5289 2259 5326 non
2294 5272 2442 5326 facile
2465 5270 2621 5340 hujus
2649 5267 2830 5323 saeculi
2859 5274 2958 5322 est.
2990 5264 3122 5320 Nam
3150 5262 3216 5319 de
3244 5263 3345 5318 hoc
3372 5260 3566 5316 smculo
3583 5258 3729 5315 Scri-

2221 5428 2237 5460 ί
2272 5427 2343 5475 sic
2363 5432 2468 5474 Mss.
2495 5431 2549 5474 Αι
2574 5424 2707 5481 editi,
2743 5423 2793 5474 in
2818 5421 2908 5472 hac
2931 5421 3027 5472 vita
3060 5420 3169 5472 ideo
3205 5418 3277 5471 vel
3306 5430 3407 5469 esse
3451 5414 3525 5468 uel
3568 5413 3730 5478 misse.

2156 5488 2269 5549 quia
2304 5487 2406 5549 sine
2444 5484 2541 5549 ullo
2583 5491 2773 5548 peccato
2805 5483 3043 5534 rixertmt.

2220 5550 2240 5581 ι
2272 5547 2489 5596 Gallicam
2514 5544 2615 5595 uss.
2641 5581 2653 5602 ,
2679 5552 2881 5606 sumant.
2905 5557 3014 5603 qua!
3036 5544 3171 5606 aperi
3186 5550 3273 5594 nte
3296 5550 3340 5593 te
3364 5552 3557 5591 manuni
3581 5544 3712 5587 tuam

2159 5608 2448 5674 imftleantttr
2486 5608 2703 5655 ttnircrsa
2728 5605 2928 5653 l'mritnte
