4038 6182
307 5453 324 5513 i

343 346 446 402 635

345 467 496 526 plura
525 452 650 523 quid
677 447 843 504 dicit?
869 445 986 500 Non
1011 445 1186 513 estqui
1208 443 1362 515 faciat
1390 441 1680 507 bonitatem,
1713 454 1812 492 non
1840 445 1912 491 est

343 558 497 610 usque
515 541 581 594 ad
607 555 763 592 unum
783 535 952 607 (l’sal.
983 549 1100 598 sui,
1133 534 1210 603 1).
1240 532 1294 588 Si
1323 532 1478 603 igitur
1504 531 1728 586 diverste
1754 543 1916 598 gene-

345 634 576 687 rationes
605 638 751 694 suut,
781 637 833 682 et
863 625 948 681 hic
973 624 1216 680 introitus
1239 623 1295 680 in
1327 622 1462 678 hanc
1483 623 1642 677 vitam
1671 627 1916 686 receptor

345 731 426 776 est
452 720 786 783 delictorum,
817 717 867 771 in
898 725 1100 771 tantum
1126 723 1182 770 ut
1204 721 1484 783 Spernatur
1511 711 1668 766 etiam
1697 710 1808 780 ipse
1826 707 1916 778 qui

345 812 546 881 genuit,
575 808 676 862 alia
703 815 882 862 autem
910 805 1178 877 generatio
1204 812 1418 875 peccata
1460 817 1562 856 non
1589 799 1802 870 recipit;
1834 797 1914 852 vi-

344 901 564 958 deamus
595 915 660 955 ne
689 914 790 970 qua
817 897 886 952 sit
920 906 1038 967 post
1057 896 1212 966 hujus
1241 895 1360 949 vitae
1388 893 1707 948 curriculum
1737 899 1916 945 nostra

345 991 696 1060 regeneratio,
718 989 785 1043 de
813 1002 914 1058 qua
945 988 1142 1041 dictum
1173 995 1274 1048 est,
1305 983 1370 1038 In
1391 983 1780 1053 regen‘eratione,
1802 997 1918 1034 cum

341 1081 524 1136 sederit
565 1077 732 1132 Filius
771 1077 986 1131 hominis
1027 1076 1078 1128 in
1120 1074 1301 1128 throno
1343 1073 1520 1144 gloria:
1558 1086 1664 1125 sua:
1705 1068 1916 1140 (Matth.

342 1183 456 1230 xxx,
481 1167 598 1238 28).
633 1166 781 1222 Sicut
805 1167 944 1222 enim
974 1164 1303 1235 regeneratio
1352 1162 1541 1217 lavacri
1571 1159 1784 1226 dicitur,
1826 1174 1921 1229 per

345 1274 502 1330 quam
523 1259 730 1312 detersa
763 1265 1097 1326 peccatorum
1127 1255 1427 1309 colluvione
1469 1265 1822 1306 renovamur:
1848 1250 1918 1304 ita

343 1347 675 1419 regeneratio
703 1347 807 1400 dici
834 1346 1056 1412 videtur,
1087 1360 1182 1414 per
1207 1358 1362 1414 quam
1389 1342 1455 1396 ab
1481 1343 1622 1395 omni
1649 1353 1920 1410 Corporezn

349 1437 702 1494 ceucretionis
733 1436 988 1507 purificati
1031 1436 1166 1501 labe,
1218 1433 1414 1488 mundo
1458 1431 1650 1485 anima:
1681 1445 1838 1484 sensu
1866 1429 1922 1484 in

349 1531 512 1584 vitam
551 1543 928 1600 regeneramnr
957 1537 1250 1591 mternam;
1283 1539 1348 1579 co
1373 1523 1516 1594 quod
1557 1522 1740 1592 purior
1775 1536 1924 1590 quie-

347 1623 472 1678 tlam
494 1622 719 1692 qualitas
748 1621 817 1676 sit
845 1618 1277 1690 regenerationis,
1320 1633 1478 1688 quam
1510 1614 1702 1670 lavacri
1749 1613 1918 1678 istius,

347 1723 404 1768 ut
443 1729 546 1768 non
587 1713 758 1768 solum
785 1713 835 1767 in
865 1722 1013 1766 actus
1053 1712 1185 1778 ejus,
1228 1709 1320 1764 sed
1363 1725 1428 1762 ne
1459 1709 1510 1761 in
1539 1707 1683 1776 ipsas
1709 1703 1921 1775 quidem

341 1805 699 1876 cogitationes
738 1812 946 1858 nostras
985 1805 1158 1875 aliqua
1200 1801 1354 1857 cadat
1397 1799 1630 1868 suspicio
1672 1803 1920 1866 peccatoo

348 1909 491 1948 rum.
519 1913 538 1946 ι
569 1893 696 1947 Item
721 1893 825 1947 alio
845 1893 962 1947 loco
989 1891 1040 1946 iu
1079 1892 1264 1946 eodem
1307 1903 1500 1957 opere:
1537 1905 1556 1938 ι
1595 1885 1865 1951 Videmus,
1896 1902 1915 1935 ι

355 1981 546 2050 inquit,
579 1999 598 2032 ι
637 1980 964 2052 impossibile
991 1995 1108 2034 csse
1138 1990 1194 2032 ut
1214 1976 1447 2048 perfecte
1471 1977 1586 2046 quis
1609 1973 1919 2029 immacula-

353 2078 435 2122 tus
452 2083 570 2124 esse
595 2069 759 2139 possit
785 2069 836 2123 in
863 2083 1086 2138 corpore
1101 2069 1448 2130 constitutus;
1474 2079 1593 2120 cum
1611 2064 1770 2117 etiam
1789 2063 1924 2116 Pan-

351 2157 437 2214 lus
467 2157 831 2228 imperfectum
861 2173 920 2222 se
939 2158 1098 2213 dicat.
1129 2157 1216 2213 Sic
1249 2157 1390 2212 enim
1422 2153 1612 2209 habet:
1645 2151 1768 2208 Non
1791 2151 1926 2223 quod

351 2250 458 2313 iam
485 2249 779 2318 acceperim,
815 2257 904 2303 aut
920 2249 1036 2320 jam
1073 2251 1322 2320 perfectus
1359 2247 1476 2300 sim.
1508 2245 1577 2300 Et
1603 2252 1777 2300 tamen
1806 2251 1926 2312 post

353 2337 622 2407 paululum
640 2339 744 2392 ait:
776 2337 1087 2409 Quicumque
1110 2353 1228 2408 ergo
1249 2336 1456 2406 perfecti
1471 2351 1644 2388 suutus
1661 2333 1923 2403 (Philipp.

353 2441 437 2490 tu,
467 2427 553 2492 12,
587 2427 698 2496 l5).
725 2427 834 2482 Nisi
862 2427 998 2482 forte
1027 2426 1146 2498 quia
1168 2433 1252 2480 est
1290 2423 1543 2495 perfectio
1583 2423 1682 2476 alia
1723 2422 1776 2476 in
1826 2421 1928 2477 hoc

356 2517 576 2584 mundo,
607 2517 708 2572 alia
730 2525 849 2588 post
873 2517 1000 2572 illud
1023 2515 1312 2586 perfectum
1333 2515 1351 2547 ¹
1376 2513 1444 2569 de
1469 2522 1574 2584 quo
1597 2512 1725 2568 dicit
1741 2511 1808 2567 ad
1825 2511 1929 2566 Co-

355 2607 601 2672 rinthios,
635 2607 773 2662 Cum
803 2605 985 2661 venerit
1013 2605 1147 2678 quod
1186 2605 1461 2675 perfectum
1503 2612 1576 2658 est
1600 2602 1642 2674 (l
1671 2600 1788 2658 Cor.
1811 2617 1926 2668 sui,

353 2697 475 2767 10);
500 2707 553 2752 et
565 2697 710 2764 alibi,
738 2697 908 2750 Donec
921 2712 1242 2750 occurramus
1263 2711 1432 2750 omnes
1451 2694 1505 2747 in
1523 2693 1762 2747 unitatem
1783 2690 1926 2761 ﬁdei,

352 2797 399 2840 et
424 2788 727 2857 agnitionem
751 2786 876 2842 Filii
895 2785 1008 2852 Dei,
1035 2789 1086 2841 in
1116 2787 1276 2840 virum
1305 2789 1606 2857 perfectum,
1633 2785 1686 2837 in
1717 2799 1920 2836 meusu~

353 2895 466 2932 ram
484 2877 644 2932 aztatis
669 2879 996 2948 plenitudinis
1021 2877 1206 2932 Christi
1237 2873 1450 2948 (Ephes.
1473 2891 1548 2943 tv,
1571 2873 1680 2946 15).
1713 2873 1783 2930 Ut
1801 2889 1928 2943 ergo

357 2969 622 3040 perfectos
649 2985 828 3024 secum
859 2971 1054 3024 multos
1083 2970 1157 3024 ait
1186 2968 1472 3038 Apostolus
1515 2967 1568 3021 in
1601 2965 1704 3022 hoc
1729 2963 1928 3020 mundo

355 3059 507 3126 sitos,
529 3061 616 3129 qui
641 3060 684 3114 si
706 3060 770 3114 ad
799 3060 1177 3130 perfectionem
1205 3074 1386 3112 veram
1415 3057 1688 3128 respicias,
1710 3055 1928 3126 perfecti

355 3165 476 3206 esse
503 3167 606 3204 non
638 3159 901 3219 poterant,
930 3151 1050 3220 quia
1079 3151 1192 3218 ipse
1213 3149 1366 3216 dixit,
1407 3149 1646 3204 Videmus
1671 3165 1804 3203 nunc
1841 3165 1931 3219 per

355 3242 614 3312 speculum
631 3241 682 3294 in
703 3242 985 3312 tenigmate,
1008 3250 1126 3294 tunc
1141 3250 1307 3295 autem
1323 3241 1456 3310 [acie
1473 3241 1542 3294 ad
1561 3242 1776 3310 faciem;
1797 3257 1930 3294 nunc

355 3347 598 3400 cognosco
619 3347 683 3384 ea:
700 3339 860 3400 parte,
884 3339 1002 3383 tunc
1027 3339 1193 3384 autent
1215 3347 1511 3400 cognoscant
1535 3331 1662 3384 sicut
1681 3339 1727 3384 et
1751 3331 1929 3400 cogni-

355 3431 434 3478 tus
451 3439 559 3476 sum
584 3421 628 3492 (l
649 3419 766 3476 Cor.
791 3437 908 3488 xm,
935 3420 1054 3492 12):
1084 3421 1153 3475 ita
1175 3431 1228 3476 et
1249 3421 1568 3476 immaculati
1599 3429 1721 3476 sunt
1745 3421 1798 3474 in
1831 3421 1930 3477 hoc

355 3510 576 3578 mundo,
605 3521 658 3566 et
685 3512 1006 3568 innnaculati
1043 3521 1201 3568 erunt
1227 3512 1281 3567 iu
1309 3527 1476 3582 regno
1515 3511 1644 3576 Dei;
1671 3527 1791 3567 cum
1821 3511 1928 3566 uti-

353 3617 458 3672 que
503 3603 548 3656 si
590 3603 844 3657 minutius
885 3604 1158 3670 discutias,
1209 3598 1739 3660 immaculatussesse
1770 3619 1930 3660 nemo

353 3691 538 3763 possit,
567 3693 689 3762 quia
717 3709 872 3748 nemo
901 3695 1016 3750 sine
1045 3703 1284 3764 peccato.
1318 3715 1336 3746 ι
1362 3695 1490 3749 item
1515 3695 1564 3749 in
1589 3695 1702 3764 ipso
1730 3713 1743 3751 :
1781 3713 1799 3746 ι
1830 3695 1926 3750 Vi-

353 3780 562 3844 demus,
594 3801 612 3834 ι
640 3782 829 3851 inquit,
867 3802 885 3835 ι
921 3785 1042 3854 quia
1067 3783 1195 3838 dum
1225 3783 1277 3837 in
1308 3783 1408 3838 hac
1433 3784 1660 3838 vivimus
1685 3786 1811 3849 vita,
1833 3799 1930 3841 nos

352 3871 612 3927 mundare
648 3871 929 3939 debemus,
969 3881 1024 3928 et
1045 3889 1284 3943 qna-rere
1311 3874 1499 3939 Deum,
1527 3883 1581 3928 et
1606 3874 1840 3942 incipere
1863 3874 1931 3930 ab

347 3962 728 4016 emnndatione
748 3963 939 4016 animm
965 3973 1183 4026 nostrm,
1209 3963 1426 4032 etquasi
1447 3961 1786 4018 fundamenta
1803 3978 1932 4018 con-

351 4050 576 4107 stituere
610 4051 838 4116 virtutis,
879 4061 933 4106 ut
981 4053 1357 4122 perfectionem
1403 4053 1728 4124 purgationis
1762 4055 1783 4086 ³
1814 4063 1931 4123 post

349 4139 490 4196 hanc
518 4143 677 4197 vitam
710 4159 1011 4199 mereamur
1051 4144 1293 4216 adipisci.
1333 4163 1352 4196 ι
1386 4143 1622 4216 Itemque
1671 4145 1724 4199 in
1771 4145 1926 4215 ipso:

359 4248 380 4283 ι
412 4231 668 4288 Gravatus
693 4242 888 4299 autem,
921 4253 938 4278 ι
967 4233 1154 4304 inquit,
1188 4253 1206 4286 ι
1235 4243 1288 4288 et
1315 4234 1670 4304 ingemiscens
1686 4235 1804 4304 quis
1821 4250 1925 4290 non

347 4319 616 4390 loquatur,
648 4321 840 4393 Infelix
877 4338 968 4392 ego
1002 4323 1172 4389 homo,
1205 4323 1318 4393 quis
1347 4341 1424 4377 me
1451 4324 1676 4379 liberabit
1713 4325 1776 4378 (le
1812 4341 1925 4378 cor-

354 4427 476 4478 pore
501 4413 671 4464 utortis
692 4412 843 4480 huius
863 4411 1040 4478 (Rom.
1067 4430 1160 4474 vn,
1188 4413 1318 4485 24)?
1354 4414 1428 4468 lla
1465 4415 1651 4470 eodem
1679 4415 1928 4486 magistro

349 4513 542 4554 omnes
563 4501 847 4556 varietates
877 4503 1329 4572 interpretationis
1359 4505 1706 4560 absolvimus.
1735 4506 1864 4560 Nam
1883 4509 1926 4560 si

351 4590 527 4644 omnis
549 4589 728 4644 infelix
751 4591 840 4660 qui
867 4606 925 4647 se
945 4593 1185 4662 corporis
1215 4595 1536 4662 implicatum
1566 4595 1823 4652 molestiis
1837 4612 1925 4652 re-

349 4681 646 4750 cognoscit,
691 4681 872 4750 utique
901 4697 1060 4738 omne
1097 4697 1292 4752 corpus
1333 4683 1547 4738 infelix:
1577 4701 1746 4755 neque
1784 4686 1926 4742 enim

349 4767 558 4826 felicem
590 4770 736 4824 illum
767 4770 1012 4856 dixerim,
1043 4773 1131 4844 qui
1159 4773 1412 4828 confusus
1439 4773 1756 4845 quibusdam
1781 4791 1932 4830 nien-

349 4859 419 4913 tis
439 4873 548 4914 suae
577 4860 808 4915 tenebris
834 4861 1190 4916 conditionem
1221 4877 1368 4918 suam
1394 4863 1582 4919 nescit.
1624 4863 1758 4919 lllud
1795 4880 1930 4934 quo-

349 4962 455 5018 que
497 4965 600 5004 non
630 4949 917 5004 absurdum
962 4948 1026 5005 ad
1067 4951 1390 5006 intellectum
1430 4953 1675 5006 accessit.
1705 4953 1758 5008 Si
1783 4955 1924 5008 enim

348 5035 514 5094 homo
539 5039 628 5110 qui
657 5055 716 5096 se
744 5042 1036 5111 cognoscit,
1069 5041 1246 5099 infelix
1274 5049 1376 5109 est,
1420 5043 1658 5098 infelices
1687 5044 1927 5114 profecto

347 5143 570 5196 omnes;
595 5132 716 5201 quia
753 5134 1113 5204 unusquiSque
1141 5149 1288 5190 suam
1329 5135 1686 5190 infirmitatem
1715 5146 1808 5192 aut
1833 5154 1929 5209 per

344 5220 663 5290 sapientiam
695 5227 1046 5293 recognoscit,
1068 5235 1156 5280 aut
1187 5241 1280 5297 per
1309 5227 1662 5298 insipientiam
1696 5233 1919 5286 nescit.)

344 5310 480 5368 'ltem
511 5313 563 5367 in
592 5314 727 5370 libro
749 5315 816 5371 de
836 5315 982 5372 Bono
1003 5319 1190 5372 mortis
1227 5337 1244 5371 t
1283 5320 1471 5391 (Capp.
1497 5320 1532 5376 ὅ
1553 5333 1599 5373 et
1631 5321 1714 5394 Il)
1741 5341 1752 5375 :
1785 5322 1927 5394 Ope-

414 5544 602 5618 t‘rditi,
640 5545 924 5618 aliapiuhoe
938 5549 1263 5618 nutudo.__ali.‘t
1299 5559 1402 5613 post
1433 5552 1557 5603 Itane
1594 5551 1766 5613 rita'u,
1801 5553 1926 5605 illud

349 5606 630 5674 perfectum.
655 5610 1033 5674 castiganturad
1059 5606 1321 5664 (Lauicano:
1351 5621 1455 5663 Mss.

344 5669 362 5691 "
415 5669 435 5700 ³
465 5669 660 5715 :it‘llss.
698 5670 832 5726 ΡΑΙιιί,
859 5671 1220 5734 puriﬁcationi-5.

656 337 924 396 comas
967 335 1144 392 ouis
1183 311 1548 390 EPlSTOL.tS
1589 323 2143 392 PELAGIANORUM,
2184 322 2241 379 s.
2283 321 2646 382 auersum
2685 321 2890 378 uersu
2928 319 3270 391 QUARTUS.

3484 323 3592 380 636

2021 442 2170 489 retur
2189 432 2365 503 igitur,
2389 449 2410 484 ι
2437 431 2624 504 inquit,
2653 451 2672 486 ι
2710 448 2850 488 mars
2879 432 2929 486 ia
2958 433 3130 498 nobis,
3175 441 3232 488 ut
3256 443 3508 504 operetur
3535 443 3594 490 et

2019 524 2148 588 vita,
2179 523 2315 578 bona
2343 523 2445 579 \ita
2469 533 2587 594 post
2617 530 2862 590 mortem,
2910 523 3012 578 hoc
3037 532 3139 588 est,
3171 523 3310 578 bona
3341 525 3443 578 vita
3475 534 3596 594 post

2022 612 2318 680 victoriam,
2345 611 2482 668 bona
2509 614 2614 667 vita
2655 613 2900 668 absoluto
2933 613 3258 668 certamine:
3285 625 3339 668 ut
3367 613 3478 685 jam
3511 617 3593 670 lex

2021 705 2196 762 carnis
2219 705 2320 776 legi
2352 705 2544 760 mentis
2570 719 2866 774 repugnare
2903 719 3011 760 non
3049 707 3260 760 noverit
3299 705 3476 776 (Rom.
3505 723 3592 772 vn,

2021 793 2138 867 2'5),
2164 805 2223 850 ut
2254 795 2364 864 jam
2390 794 2543 850 nobis
2570 795 2713 850 nulla
2739 793 2810 848 sit
2848 807 2968 848 eum
2993 808 3218 863 corpore
3245 795 3434 848 mortis
3469 810 3598 850 cou-

2025 893 2210 946 teutio.
2243 911 2262 944 ι
2301 891 2504 946 Rursus
2530 891 2580 946 in
2606 891 2830 948 eodem:
2857 910 2876 944 ι
2910 892 3072 962 Ergo,
3106 875 3344 960 tinquit,
3377 888 3495 958 quia
3513 887 3600 957 ju-

2024 985 2091 1040 sti
2117 984 2254 1039 hauc
2279 984 2760 1040 remunerationem
2806 985 3022 1050 habent,
3067 993 3125 1038 ut
3169 981 3382 1037 videant
3411 980 3598 1035 faciem

2025 1072 2143 1140 Dei,
2173 1082 2226 1128 et
2251 1073 2464 1129 lumen‘
2485 1073 2616 1129 illud
2641 1074 2784 1144 quod
2815 1075 3308 1128 illuminatomnem
3329 1071 3601 1127 hominem
3669 1135 3680 1144 ς

2025 1159 2204 1232 (Joan.
2231 1178 2270 1228 ι,
2295 1161 2386 1234 9);
2459 1163 2654 1220 abhinc
2694 1163 2974 1218 iuduamus
3001 1162 3304 1232 hujusmodi
3345 1162 3596 1227 studium,

2026 1259 2084 1305 ut
2109 1253 2495 1322 appr-Opinquet
2518 1253 2693 1309 anima
2721 1263 2900 1308 nostra
2925 1253 3057 1318 Deo,
3075 1249 3462 1322 appropinquet
3481 1265 3603 1304 ora-

2027 1341 2162 1409 tio',
2194 1342 2466 1397 adh-.ereat
2489 1343 2565 1398 illi
2607 1354 2846 1398 nostrum
2873 1343 3218 1409 desiderium,
3249 1358 3354 1396 non
3383 1357 3603 1412 separe-

2027 1448 2149 1488 mur
2167 1434 2234 1486 ab
2258 1450 2341 1488 eo.
2375 1433 2442 1488 Et
2461 1433 2548 1489 hic
2569 1435 2782 1504 quidem
2801 1436 2978 1504 positi,
2998 1434 3324 1502 meditando,
3355 1432 3601 1504 legendo,

2027 1523 2314 1594 quaerendo
2337 1525 2649 1593 copulemnr
2677 1525 2821 1580 Deo:
2845 1539 3228 1596 cognoscamus
3243 1539 3388 1589 cum,
3406 1533 3465 1578 ιιι
3480 1539 3603 1594 pos-

2027 1628 2234 1669 sumus.
2262 1612 2345 1668 Ex
2377 1625 2524 1684 parte
2551 1616 2692 1670 enim
2724 1615 2810 1671 hic
2828 1617 3232 1687 cognoscimus:
3260 1616 3380 1684 quia
3404 1617 3488 1669 hie
3507 1617 3603 1668 im-

2028 1706 2281 1776 perfecta,
2322 1705 2428 1761 illic
2471 1705 2700 1776 perfecta
2742 1707 2956 1772 omnia;
2989 1705 3076 1762 hic
3107 1707 3335 1777 parvuli,
3368 1705 3477 1759 illic
3511 1719 3602 1759 ro-

2027 1794 2190 1850 busti.
2225 1795 2478 1862 Videmus,
2499 1796 2686 1866 inquit,
2704 1810 2836 1850 uunc
2851 1812 2940 1866 per
2956 1796 3217 1866 speculum
3235 1795 3288 1848 in
3306 1794 3597 1864 aenigmate,

2029 1895 2148 1940 tunc
2191 1897 2360 1940 autem
2401 1887 2534 1958 {acie
2572 1887 2642 1940 ad
2667 1888 2868 1956 facient.
2897 1887 3046 1942 Tunc
3070 1887 3304 1942 revelata
3332 1886 3464 1941 facie
3486 1885 3603 1956 glo:

2030 1973 2168 2028 riam
2186 1975 2397 2030 Domini
2422 1975 2682 2044 speculari
2710 1975 2908 2043 licebit,
2937 1990 3093 2046 quam
3119 1989 3260 2030 nunc
3284 1975 3474 2028 anima:
3487 1987 3608 2028 cor-

2029 2063 2174 2134 poris
2203 2063 2358 2134 hujus
2395 2067 2657 2120 concretis
2694 2065 2982 2119 visceribus
3007 2063 3276 2130 involutze,
3305 2071 3360 2118 et
3387 2063 3606 2134 quibus-

2031 2153 2152 2209 dam
2173 2155 2347 2210 carnis
2377 2154 2534 2226 hujus
2561 2155 2782 2210 maculis
2800 2163 2854 2210 et
2871 2155 3256 2210 colluvionibus
3280 2153 3607 2209 obumbrata:

2031 2243 2240 2300 sincere
2267 2245 2448 2300 videre
2475 2261 2580 2300 non
2608 2255 2850 2316 possunt.
2881 2245 3007 2311 Quis
3027 2247 3180 2312 enim,
3203 2245 3394 2314 inquit,
3427 2245 3607 2298 videbit

2032 2334 2225 2390 vultum
2248 2350 2434 2400 meum,
2461 2344 2508 2390 et
2543 2337 2671 2389 vivet
2694 2334 2888 2406 (Exod.
2932 2350 3122 2400 χχχιιι,
3167 2332 3296 2407 20)?
3325 2335 3392 2388 Et
3417 2341 3562 2388 recte
3592 2351 3606 2387 :

2032 2438 2156 2478 nam
2183 2423 2229 2478 si
2257 2424 2386 2478 solis
2410 2423 2589 2478 radios
2613 2425 2756 2480 oculi
2783 2424 2954 2478 nostri
2981 2424 3119 2480 ferre
3145 2438 3252 2478 non
3281 2431 3520 2493 possunt,
3555 2432 3610 2478 et

2030 2514 2078 2570 si
2102 2514 2220 2585 quis
2238 2515 2436 2571 diutius
2454 2531 2484 2570 e
2504 2517 2718 2586 regione
2739 2517 2868 2572 solis
2893 2515 3200 2582 intenderit,
3217 2515 3407 2571 caecari
3434 2517 3609 2570 solere

2033 2606 2368 2676 perhibetur;
2397 2605 2442 2662 si
2472 2615 2717 2662 creatura
2761 2617 3059 2664 creaturam
3100 2609 3216 2664 sine
3243 2608 3426 2662 fraude
3455 2617 3612 2676 atque

2035 2695 2330 2751 offensione
2357 2697 2438 2750 sui
2458 2711 2563 2751 non
2587 2705 2761 2768 potest
2783 2698 3005 2764 intueri;
3024 2699 3288 2767 quomodo
3304 2707 3478 2768 potest
3495 2700 3608 2752 sine

2037 2785 2274 2856 periculo
2301 2787 2380 2840 sui
2408 2787 2702 2842 vibrantem
2721 2803 2942 2844 cernere
2959 2790 3160 2844 vultum
3183 2789 3446 2844 Creatoris
3461 2797 3610 2842 mter-

2035 2877 2109 2942 ni,
2141 2877 2381 2946 corporis
2406 2877 2562 2948 hujus
2589 2889 2804 2948 opertus
2832 2881 3068 2936 exuviis?
3093 2881 3222 2947 Quis
3249 2883 3387 2935 enim
3410 2877 3604 2948 justifi-

2035 2977 2187 3022 catur
2215 2969 2266 3022 in
2294 2978 2581 3038 conspectu
2614 2971 2710 3025 Dei
2743 2969 2916 3042 (Psaf.
2948 2987 3114 3032 cxut,
3163 2971 3252 3044 2);
3293 2987 3413 3026 cum
3455 2971 3608 3024 unius

2033 3072 2248 3128 quoque
2262 3057 2366 3112 diei
2394 3058 2564 3114 infans
2583 3060 2811 3114 mundus
2835 3077 2862 3114 a
2895 3070 3111 3130 peccato
3131 3060 3152 3092 ³
3177 3075 3296 3115 esse
3315 3075 3418 3114 non
3446 3061 3611 3128 p055".

2037 3145 2158 3217 (Job
2184 3161 2294 3212 xw,
2325 3146 2380 3211 5,
2419 3164 2518 3202 sec.
2561 3147 2748 3218 LXX),
2772 3159 2826 3204 et
2851 3165 3007 3204 nemo
3037 3150 3203 3218 possit
3227 3148 3294 3204 de
3330 3149 3409 3203 sui
3435 3149 3610 3204 cordis

2037 3235 2338 3306 integritate
2362 3247 2414 3292 et
2441 3239 2750 3293 castimonia
2779 3240 3024 3309 gloriaris
3052 3237 3230 3306 (Prov.
3259 3255 3350 3302 xx.
3373 3237 3472 3310 9)?

2105 3325 2332 3382 CAPUT
2361 3327 2476 3382 ΧΗ.
2495 3329 2676 3382 -52.
2708 3327 2930 3382 [heresis
2974 3327 3256 3400 Pelagiana
3299 3329 3456 3381 multo
3496 3338 3606 3396 post

2037 3416 2353 3472 Ambrosium
2378 3430 2572 3472 exorta.
2607 3419 2760 3474 Fides
2785 3421 3032 3474 catholica
3076 3437 3272 3489 semper
3299 3421 3510 3491 uigilans
3544 3419 3612 3471 ml

2036 3506 2381 3577 repellendum
2401 3525 2638 3561 errarent.
2695 3509 2894 3581 ευποάὶ
2932 3511 3250 3581 congregatio
3291 3511 3358 3563 ad
3401 3508 3611 3564 ltwreses

2037 3595 2352 3650 damnandus
2375 3613 2472 3651 non
2501 3615 2693 3668 semper
2723 3601 3022 3654 necessaria.
3045 3601 3210 3655 Nimis
3237 3600 3447 3668 longum
3476 3600 3608 3664 erit,

2037 3686 2082 3742 si
2112 3687 2290 3742 omnia
2325 3689 2482 3743 velim
2509 3705 2931 3747 commemorare
2949 3735 2964 3758 ,
2997 3709 3114 3762 quae
3139 3701 3354 3746 sanctus
3381 3693 3610 3746 Ambro-

2037 3776 2150 3853 sius
2178 3777 2432 3833 adversus
2462 3779 2597 3833 hanc
2622 3780 2866 3836 haeresim
2894 3766 3290 3854 Pelagianorum
3325 3791 3467 3846 tanto
3495 3793 3612 3852 post

2037 3874 2339 3920 cmrturam
2359 3909 2373 3931 ,
2401 3885 2504 3922 non
2533 3871 2612 3924 eis
2639 3871 2851 3940 quidem
2881 3874 3240 3944 TCSp‘JlldCllS,
3283 3874 3376 3928 sed
3417 3862 3623 3943 pra-di?

2035 3967 2164 4006 cans
2191 3955 2505 4010 catholicam
2535 3957 2714 4024 fidem,
2738 3969 2896 4028 atque
2925 3963 2975 4014 in
2993 3977 3052 4015 ea
3080 3961 3322 4018 homines
3345 3963 3611 4020 aedificans

2037 4041 2168 4096 dixit
2187 4059 2241 4098 et
2259 4045 2490 4115 scripsit.
2520 4047 2623 4103 Sed
2656 4064 2752 4105 nec
2778 4051 2863 4104 illa
2886 4051 3060 4105 omnia
3085 4067 3504 4110 commemorare
3525 4069 3613 4125 po.

2037 4135 2112 4188 tui
2143 4136 2221 4190 vel
2250 4135 2406 4192 debui
2433 4179 2448 4203 ,
2475 4155 2592 4209 qua:
2615 4141 3025 4210 gloriosissimus
3069 4143 3120 4198 in
3144 4144 3370 4198 Domino
3393 4143 3612 4216 Cypria-

2038 4241 2138 4280 nus
2183 4228 2357 4296 posuit
2405 4230 2456 4283 in
2509 4230 2760 4300 Epistolis
2787 4233 2930 4299 suis,
2962 4234 3152 4303 quibus
3186 4234 3609 4302 demonstretur,

2037 4331 2193 4384 quam
2223 4315 2246 4346 ⁸
2272 4317 2340 4370 sit
2379 4316 2524 4383 lucc,
2558 4335 2716 4388 quam
2746 4329 3008 4387 tenemus,
3053 4321 3184 4376 fides
3219 4339 3341 4377 vera
3385 4339 3613 4393 vereque

2037 4403 2324 4460 christiana
2349 4417 2507 4478 atque
2534 4409 2792 4465 catholica
2812 4451 2826 4474 ,
2861 4413 2997 4466 sicut
3025 4429 3120 4482 per
3163 4413 3462 4483 Scripturas
3486 4428 3609 4467 san-

1979 4495 1987 4502 ’
2035 4503 2152 4548 clas
2202 4497 2494 4564 antiquitus
2539 4500 2762 4564 tradita,
2817 4501 2894 4555 sic
2933 4517 2964 4555 a
3005 4503 3245 4572 patribus
3289 4504 3519 4570 nostris,
3557 4514 3612 4557 et

2037 4598 2204 4654 usque
2227 4587 2292 4640 ad
2319 4587 2419 4642 hoc
2445 4597 2682 4658 tempus,
2712 4607 2820 4660 quo
2850 4592 2933 4646 isti
2955 4607 3071 4647 eam
3100 4594 3404 4650 convellere
3435 4602 3610 4648 tenta-

2035 4687 2260 4742 vct'unt,
2290 4686 2492 4734 retenta
2513 4690 2672 4750 atque
2695 4690 2900 4737 servata
2924 4725 2938 4748 ,
2983 4691 3038 4738 et
3079 4684 3332 4754 deinceps
3379 4686 3608 4754 propitio

2037 4764 2151 4820 Deo
2169 4766 2441 4822 retinenda
2462 4779 2620 4840 atque
2639 4772 2918 4826 servanda.
2950 4772 3080 4828 Nam
3111 4774 3188 4830 sic
3209 4775 3474 4846 Cypriano
3497 4785 3548 4830 et
3576 4790 3606 4828 ιι

1994 4908 2009 4913 -
2035 4855 2300 4928 Cypriano
2326 4859 2514 4913 tradita
2539 4859 2652 4914 lnec
2678 4871 2837 4932 atque
2866 4861 3168 4932 hujusmodi
3196 4881 3260 4919 ex
3284 4865 3399 4934 ejus
3426 4865 3612 4920 litteris

2035 4948 2337 5003 testimonia
2365 4950 2568 5019 prolata
2595 4959 2886 5006 testantur:
2907 4955 2984 5008 sic
3003 4962 3177 5009 autem
3192 4970 3365 5026 usque
3390 4955 3456 5011 ad
3481 4965 3612 5010 tem-

2035 5052 2164 5108 pora
2191 5047 2373 5096 nostra
2403 5051 2607 5095 servata
2627 5079 2644 5106 ,
2675 5058 2734 5096 ea
2763 5058 2882 5111 qua
2907 5042 2974 5098 de
3007 5042 3093 5099 his
3138 5045 3298 5099 rebus
3324 5056 3609 5116 antequam

2035 5127 2122 5182 isti
2143 5129 2366 5184 ebullire
2393 5131 2713 5200 coepissent,
2733 5131 3046 5188 Ambrosius
3073 5134 3409 5204 conscripsit,
3429 5144 3611 5191 osten-

2036 5216 2187 5286 dunt,
2211 5228 2264 5274 et
2289 5219 2430 5290 quod
2457 5235 2640 5278 eorum
2671 5220 2920 5290 profanas
2946 5224 3206 5280 novitates
3233 5224 3506 5282 catholicae.
3522 5243 3614 5280 au-

2035 5323 2124 5364 ris
2149 5325 2266 5380 qua:
2287 5311 2479 5380 ubique
2509 5319 2660 5377 sunt,
2694 5311 3016 5368 horruerunt
3036 5331 3050 5370 :
3069 5315 3146 5370 sic
3170 5329 3329 5384 porro
3357 5315 3609 5386 deinceps

2099 5497 2116 5561 ξ
2153 5499 2284 5559 miti,
2311 5507 2424 5552 etut
2447 5499 2624 5552 lumen.
2653 5503 2815 5560 Abest.
2840 5508 2908 5561 ut,
2934 5517 2963 5554 a
2981 5511 3091 5556 uss.

2100 5559 2126 5632 ζ
2154 5562 2236 5632 ilic
2257 5571 2456 5632 veteres
2488 5563 2596 5614 libri
2631 5559 2914 5632 restituunt,
2957 5567 3299 5632 appropinquat
3323 5568 3492 5620 arula.

2112 5619 2127 5692 ξ
2159 5627 2274 5692 Item
2300 5622 2376 5673 hic
2395 5637 2456 5672 ex
2613 5620 2874 5680 additnr,'a
2895 5619 3103 5690 ριτὲἁιυ.

2107 5680 2124 5711 ⁸
2154 5682 2287 5743 uiui,
2312 5688 2561 5743 quomoda.
2591 5695 2714 5744 λιες..
2741 5680 2899 5748 quanti
