4014 6184
382 271 485 326 637

336 379 343 386 ”
379 374 946 444 esseservan;la,satis
966 373 1246 428 salubriter
1274 374 1492 427 istorum
1521 373 1708 441 partim
1736 373 1926 428 damna

381 470 482 535 tio,
512 468 703 540 partim
728 465 988 521 correctio
1015 463 1320 519 declaravit.
1353 463 1630 529 Quodlibet
1658 464 1799 518 enim
1834 480 1953 518 tnu-

390 561 477 617 lire
498 560 731 615 audeant
753 555 1006 610 adversus
1045 568 1226 607 sanam
1274 552 1430 606 tidem
1471 551 1717 622 Cypriani
1746 560 1800 606 et
1828 554 1955 606 Am-

388 649 542 711 brosii
564 691 578 714 ,
606 664 711 703 non
741 660 836 702 eos
858 655 985 716 puto
1012 645 1064 698 in
1092 652 1198 697 tam
1224 656 1470 712 magnum
1497 649 1846 710 prorupturos
1874 641 1956 695 fu-

329 715 339 726 .
370 755 554 796 rorem
579 780 595 805 ,
622 747 680 793 ut
709 715 1028 791 memoratos
1052 743 1108 789 et
1145 733 1514 789 memorabiles
1560 729 1808 787 homines
1860 734 1952 788 Dei

375 830 605 885 audeant
627 828 806 883 dicere
831 826 1173 881 Manichreos.

443 920 532 975 35.
562 917 699 986 Quid
741 925 823 971 est
851 930 978 985 ergo
1022 913 1162 983 quod
1211 911 1416 967 rabiosa
1470 913 1667 967 mentis
1715 914 1952 969 ctecitate

374 1011 751 1080 nuncjaetant,
780 1016 882 1061 toto
901 1007 1099 1077 penitus
1149 1002 1417 1059 Occidente
1463 1019 1563 1057 non
1610 1005 1775 1058 minus
1820 1006 1950 1059 stulo

375 1113 479 1155 tum
499 1116 648 1171 quant
686 1099 895 1166 impium
941 1097 1123 1165 dogma
1172 1103 1455 1163 susceptum
1475 1110 1496 1147 :
1520 1093 1948 1163 quandoquidem

377 1193 603 1248 Domino
625 1192 910 1246 miserante
938 1201 1194 1257 suamque
1217 1176 1505 1240 Ecclesiam
1534 1185 1949 1240 misericorditer

371 1282 723 1353 gubernante,
747 1280 823 1333 sic
849 1277 1079 1347 vigilavit
1102 1274 1358 1329 catholica
1377 1273 1506 1328 fides
1525 1314 1541 1339 ,
1567 1283 1746 1329 utnon
1773 1289 1948 1328 nnnus

372 1372 587 1427 stultum
611 1386 768 1442 quam
795 1370 1015 1438 impium
1044 1366 1230 1436 dogma
1251 1407 1266 1432 ,
1308 1362 1753 1435 quemadmodum
1784 1363 1949 1417 Mani-

371 1463 662 1523 cltmorutn,
691 1460 763 1513 ita
791 1460 955 1513 etiam
982 1472 1084 1511 non
1117 1456 1474 1524 susciperetur
1513 1454 1731 1508 istorum
1756 1452 1780 1506 ἵ
1807 1452 1948 1508 Ecce

370 1549 538 1605 sancti
562 1558 617 1603 et
645 1547 786 1602 docti
806 1546 899 1600 viri
927 1544 1063 1600 fama
1107 1545 1268 1599 totius
1311 1543 1566 1598 Ecclesia:
1613 1551 1948 1597 contest-ante

370 1638 639 1704 catholici,
659 1646 712 1692 et
731 1645 1026 1691 creaturam
1058 1635 1181 1701 Del,
1200 1642 1254 1688 et
1277 1634 1488 1702 nuptias
1516 1633 1584 1687 ab
1612 1632 1702 1685 illo
1732 1632 1942 1687 institu-

371 1738 471 1793 tas,
500 1736 555 1782 et
577 1726 744 1795 legem
776 1724 844 1778 ab
869 1740 933 1778 eo
952 1725 967 1755 ¹
997 1738 1091 1793 per
1117 1730 1356 1776 sanctum
1380 1721 1595 1792 Moysen
1627 1719 1834 1783 datam,
1892 1728 1946 1775 et

370 1817 594 1871 liberum
611 1815 882 1869 arbitrium
912 1822 1109 1867 naturae
1127 1811 1356 1865 hominis
1372 1810 1588 1864 insitum
1608 1851 1621 1872 ,
1653 1818 1702 1866 et
1733 1819 1945 1864 sanctos

372 1903 707 1960 Patriarchas
732 1912 784 1957 et
811 1902 1102 1972 Prophetas
1119 1900 1313 1955 debitis
1324 1915 1387 1954 ac
1415 1900 1662 1970 congruis
1682 1899 1941 1968 pradica-

371 1994 601 2048 t‘tonibus
653 1992 901 2057 Iamiam;
957 2006 1075 2060 qua:
1113 1991 1287 2043 omnia
1330 1991 1601 2060 quinque'
1629 1989 1938 2055 Monii-brat,

373 2084 558 2153 partim
605 2081 848 2151 negando
876 2121 892 2146 ,
954 2080 1141 2149 partim
1183 2080 1341 2133 etiam
1395 2078 1705 2133 detestanda
1749 2078 1947 2134 conde-

371 2181 582 2234 mnant;
608 2170 745 2224 unde
768 2176 986 2240 apparet
1012 2174 1139 2222 istos
1160 2167 1406 2223 doctores
1427 2167 1715 2223 catholicos
1737 2168 1894 2238 longe
1912 2183 1944 2223 a

370 2259 775 2314 Manichaeorum
806 2258 1048 2313 sensibus
1059 2258 1259 2313 alienos
1282 2266 1364 2311 :et
1387 2266 1560 2311 tamen
1578 2266 1821 2312 asserunt
1835 2258 1944 2312 ori-

368 2351 540 2419 ginale
558 2359 828 2418 peccatum
847 2390 860 2412 ,
884 2356 1129 2404 asserunt
1156 2350 1375 2418 gratiam
1408 2348 1501 2402 Dei
1532 2363 1694 2417 super
1718 2348 1942 2403 liberum

367 2440 664 2504 arbitrium,
684 2453 842 2493 omne
858 2437 1170 2493 antecedere
1200 2438 1442 2492 meritum
1459 2478 1475 2503 ,
1508 2445 1565 2492 ut
1596 2452 1724 2492 vere
1745 2440 1945 2507 gratui-

370 2538 477 2583 tum
501 2528 733 2584 divinum
760 2528 1321 2600 prmbeatadjutorium
1339 2544 1353 2592 ;
1372 2537 1613 2582 asserunt
1632 2537 1846 2583 sanctos
1871 2528 1943 2583 ita

363 2616 503 2686 juste
521 2618 573 2670 in
604 2617 702 2670 hac
718 2632 875 2671 carne
892 2615 1105 2682 vixisse,
1118 2626 1175 2669 ut
1191 2617 1268 2670 eis
1288 2627 1426 2670 esset
1445 2617 1824 2681 necessarium,
1838 2632 1943 2686 quo

365 2707 1003 2780 dimittanturquotidiana
1020 2715 1251 2775 peccata,
1268 2708 1522 2761 orationis
1537 2708 1807 2773 auxilium,
1822 2721 1943 2776 per-

366 2797 661 2866 fectamque
672 2797 946 2866 justitiam,
967 2811 1082 2865 qua:
1102 2812 1206 2850 non
1234 2797 1398 2865 possit
1424 2795 1615 2850 habt-rc
1633 2805 1901 2865 peccatum
1920 2835 1939 2862 ,

366 2889 417 2943 in
434 2889 533 2942 alia
555 2889 659 2942 vita
675 2887 901 2942 futuram
916 2888 1013 2952 eis,
1029 2888 1265 2957 quijuste
1284 2888 1367 2940 hic
1380 2887 1621 2950 vixerint,
1641 2887 1937 2956 prmmium.

439 2979 533 3034 54.
566 2978 702 3044 Quid
725 2989 805 3032 est
828 2993 956 3048 ergo
981 2978 1120 3047 quod
1143 2978 1357 3043 dicunt,
1388 2976 1715 3044 Simplicibus
1743 2976 1939 3048 episco-

369 3071 446 3139 pis
462 3069 505 3132 ³,
529 3069 637 3122 sine
654 3068 1037 3140 congregatione
1056 3066 1236 3138 synodi
1265 3067 1317 3121 in
1345 3066 1467 3121 locis
1493 3066 1596 3120 suis
1619 3065 1898 3120 sedentibus
1922 3104 1938 3131 ,

430 3223 447 3283 ξ
482 3200 599 3283 mliti
622 3219 975 3283 prmterierant,
992 3220 1054 3283 ob
1074 3232 1147 3270 eo.
1172 3226 1335 3270 Exstat
1352 3221 1406 3270 in
1427 3226 1533 3269 ms.

1266 262 1633 320 anuoxma
1673 264 1737 318 av
1775 264 2011 322 uanos
2048 250 2315 322 caetras
2355 269 2715 329 musaea.

3525 286 3633 344 638

2064 388 2254 431 extorta
2273 381 2567 449 subscri,.tio
2596 386 2704 438 est?
2725 385 2983 457 Numquid
3013 388 3332 446 beatissimis
3360 402 3415 448 et
3442 394 3494 449 in
3523 396 3631 455 ﬁde

2060 468 2315 524 catholica
2335 472 2790 529 excellentissimis
2819 477 2944 532 viris
2969 479 3234 551 Cypriano
3262 493 3316 538 et
3343 484 3628 545 Ambrosio

2058 568 2181 611 ante
2212 560 2370 626 istos,
2402 560 2655 617 adversus
2712 566 2841 620 istos
2883 576 3089 623 extorta
3133 572 3453 643 subscriptio
3500 590 3626 634 eSt:

2057 648 2146 717 qui
2174 649 2191 681 ί
2217 664 2401 704 eorum
2429 652 2586 721 impia
2612 654 2856 725 dogmata
2882 665 3024 711 tanta
3047 660 3472 721 manifestatione
3496 668 3630 722 sub-

2057 748 2287 807 vertant,
2311 749 2368 794 ut
2387 756 2505 811 qua:
2534 755 2715 798 contra
2738 761 2832 799 eos
2861 747 3518 820 manifestiora’diéamus,
3540 758 3626 813 vix

2057 844 2153 883 nos
2179 831 2415 888 invenire
2445 836 2705 903 possimus
2731 836 2753 889 ?
2778 837 2882 890 Aut
2905 853 3035 893 vero
3064 842 3473 911 congregatione
3498 860 3629 917 syn-

2055 919 2140 972 odi
2164 935 2296 989 opus
2326 930 2471 988 erat,
2496 932 2551 977 ut
2574 934 2753 993 aperta
2773 927 3032 995 pernicies
3059 928 3439 987 damnaretur?
3477 935 3628 1003 quasi

2056 1007 2198 1061 nulla
2249 1008 2467 1066 hmresis
2507 1012 2788 1082 aliquando
2839 1017 2937 1070 nisi
2982 1019 3170 1089 synodi
3217 1025 3631 1091 congregatione

2055 1097 2298 1154 damnata
2326 1103 2394 1155 sit
2419 1120 2432 1155 :
2458 1117 2577 1157 cum
2609 1105 2782 1172 potius
2801 1107 3089 1162 rarissimae
3115 1110 3469 1176 inveniantur,
3499 1129 3623 1182 pro-

2054 1198 2173 1259 pter
2194 1205 2322 1259 quas
2337 1191 2401 1244 da
2410 1192 2664 1247 mnandas
2685 1195 2970 1250 necessitas
2993 1196 3110 1250 talis
3123 1199 3414 1262 exsuterit;
3429 1203 3593 1256 multo
3603 1231 3626 1245 ο

2053 1296 2156 1349 que
2181 1282 2285 1334 sint
2314 1292 2470 1351 atque
2498 1282 2980 1352 incomparabiliter
3006 1286 3209 1355 plures,
3226 1303 3344 1356 quae
3365 1288 3450 1342 ubi
3471 1291 3625 1345 exsti~

2053 1379 2229 1425 terunt
2247 1411 2262 1437 ,
2297 1372 2405 1425 illic
2434 1374 2719 1442 improbari
2740 1373 3086 1446 damnarique
3114 1389 3446 1443 meruerunt,
3466 1389 3629 1450 atque

2052 1461 2173 1516 inde
2202 1478 2297 1532 per
2323 1472 2542 1519 cteteras
2561 1473 2726 1518 terras
2748 1464 3047 1521 devitanda:
3070 1467 3402 1537 innotescere
3440 1479 3629 1537 potue-

2051 1561 2192 1606 runt.
2225 1553 2418 1607 Verum
2449 1555 2668 1608 istorum
2694 1555 2973 1624 superbia,
3002 1535 3125 1626 qua?
3143 1566 3343 1611 tantum
3373 1535 3622 1611 selextol-

2051 1644 2110 1698 lit
2138 1645 2391 1699 adversus
2413 1645 2603 1708 Deum,
2630 1655 2687 1700 ut
2714 1661 2817 1700 non
2846 1646 2896 1701 in
2921 1647 3009 1700 illo
3039 1647 3195 1711 velit,
3227 1647 3320 1702 sed
3362 1648 3538 1716 potius
3567 1648 3626 1702 in

2050 1734 2215 1790 libero
2240 1737 2460 1791 arbitrio
2478 1738 2710 1806 gloriari,
2732 1737 2867 1792 hanc
2888 1739 3044 1793 etiam
3070 1739 3293 1808 gloriam
3309 1748 3521 1808 captare
3539 1739 3625 1793 in-

2050 1828 2320 1897 teltigitur,
2349 1838 2404 1881 ut
2428 1838 2642 1897 propter
2667 1830 2782 1881 illos
2806 1827 3037 1883 Orientis
3060 1838 3115 1884 et
3140 1828 3439 1884 Occidentis
3454 1843 3619 1900 syno»

2047 1918 2146 1973 dus
2174 1924 2537 1988 congregetur.
2560 1919 2754 1974 Orbem
2772 1920 2964 1989 quippe
2991 1920 3345 1985 catholicum,
3368 1921 3625 1989 quoniam

2049 2007 2272 2061 Domino
2319 2008 2397 2063 eis
2447 2008 2728 2063 resistente
2768 2017 3072 2078 pervertere
3102 2017 3400 2077 nequeunt,
3430 2007 3623 2063 saltem

2047 2110 2385 2151 commovere
2427 2104 2723 2150 Conantur:
2754 2111 2878 2151 cum
2907 2097 3085 2165 potius
3109 2096 3375 2166 vigilantia
3416 2105 3473 2151 et
3501 2095 3623 2150 dili-

2046 2186 2221 2256 gentia
2250 2185 2500 2254 pastorali
2530 2195 2650 2257 post
2678 2184 2874 2240 factum
2894 2184 2964 2240 de
2991 2186 3098 2240 illis
3126 2193 3434 2255 competens
3475 2184 3627 2241 sulti-

2045 2274 2295 2345 ciensque
2318 2274 2575 2344 judicium
2594 2317 2610 2341 ,
2643 2275 2960 2344 ubicumque
2997 2275 3083 2329 isti
3112 2275 3219 2344 lupi
3248 2274 3621 2344 apparuerint,

2049 2365 2365 2422 conterendi
2390 2366 2645 2433 sint,sive
2670 2374 2728 2419 ut
2751 2373 3005 2420 sanentur
3029 2376 3188 2436 atque
3208 2365 3623 2428 mutentur,sive

2048 2463 2105 2509 ut
2130 2454 2198 2508 ab
2221 2454 2444 2508 aliorum
2472 2454 2646 2508 salute.
2666 2462 2824 2522 atque
2852 2454 3151 2523 integritate
3175 2455 3439 2520 vitentur;
3462 2453 3618 2523 adju-

2045 2552 2201 2597 vante
2230 2543 2448 2598 Pastore
2469 2554 2759 2613 pastorum,
2784 2544 2871 2612 qui
2899 2559 3053 2599 ovem
3077 2544 3337 2613 perditam
3350 2554 3405 2599 et
3423 2545 3474 2598 in
3502 2560 3624 2613 par-

2048 2632 2184 2686 vulis
2211 2631 2430 2701 quaerit,
2457 2632 2544 2697 qui
2571 2647 2699 2686 oves
2738 2642 2949 2685 sanctas
2991 2641 3044 2685 et
3076 2632 3249 2700 justas
3274 2633 3436 2700 gratis
3461 2633 3616 2697 facit,

2046 2721 2243 2790 quieas
2270 2722 2511 2789 quamvis
2536 2721 2887 2775 sanetilicatas
2915 2732 2968 2774 et
2991 2720 3307 2789 justilieatas
3327 2760 3343 2785 ,
3375 2723 3629 2776 tamenin.

2046 2812 2147 2867 ἰδία
2174 2809 2455 2880 fragilitate
2482 2820 2638 2877 atque
2668 2810 2972 2864 infirmitate
3001 2824 3097 2879 pro
3126 2810 3450 2879 quotidianis
3492 2825 3619 2878 pec-

2044 2903 2209 2964 catis,
2242 2901 2357 2955 sine
2394 2900 2587 2969 quibus
2610 2899 2697 2954 bic
2724 2916 2826 2953 non
2856 2900 3072 2968 vivitur,
3100 2899 3260 2953 etiam
3309 2914 3430 2953 cum
3481 2899 3619 2954 bene

2042 2990 2239 3046 vivitur
2257 3032 2271 3054 ,
2295 2989 2655 3060 quotidianam
2686 2990 3085 3055 remissionem,
3125 2997 3181 3045 et
3202 2998 3261 3043 ut
3285 2997 3469 3058 petant
3495 3004 3620 3059 pro-

2044 3083 2283 3139 videnter
2301 3083 2509 3137 instruit
2527 3123 2541 3149 ,
2565 3090 2620 3136 et
2647 3091 2885 3155 petentes
2908 3081 3197 3136 clementer
3221 3079 3453 3135 exaudit.

2108 3255 2124 3286 ³
2158 3252 2294 3309 Ειιίιί,
2327 3248 2792 3314 ᾳιιατ-ΑιΜξξηηκί.

427 3282 449 3313 ³
478 3282 551 3329 sic
573 3280 676 3342 Mss.
700 3288 752 3329 at
774 3281 910 3342 editi,

428 3310 447 3375 ί
735 3310 1124 3405 ᾎῖυέδῖιιῆἶῖἓῖἷιξ
1143 3339 1394 3406 episcopis.
1424 3340 1571 3390 Abest
1588 3374 1603 3400 ,
1627 3337 1688 3390 de
1705 3373 1721 3399 ,
1745 3352 1776 3390 a
1795 3347 1904 3390 uss.

2106 3315 2127 3345 ³
2160 3321 2285 3372 Mss,
2309 3310 2700 3375 anestatioru.

2897 3480 3469 3490 ———-———-~——-———-....

3353 3482 3617 3494 -,-—--,~'--,-,—ﬁ

392 3494 877 3504 Ρ
883 3494 3617 3504 ᾐί“ᾼΜ

2536 3483 2891 3491 ..-.-.---,ον

393 3525 1032 3541 ἮῨ-Μῡῖῖ
863 3525 894 3527 ⁷Ῠ⁷
905 3525 984 3526 "iii
1032 3525 1245 3538 ’.ιι-Η
1065 3525 1096 3527 ⁷⁷
1119 3525 1144 3526 ’7
1211 3525 1477 3538 ῨῨῨῶ-..ὢ

2743 3521 2941 3531 -ι--ο

2416 3525 2513 3531 ..-
2527 3522 2737 3532 α--οοα--ρ

1480 3529 1773 3537 —.——————..._.

1462 3575 2497 3709 ADMONITIO

1355 3764 1435 3826 IN
1501 3762 1776 3824 LIBROS
1844 3762 2163 3824 CONTRA
2230 3758 2648 3821 JULIANUM.

1757 3882 2227 3939 οθέδὲἱιέὲθὶοὲἕεὲἓο

433 3988 491 4043 lu
512 3988 597 4043 his
622 3984 770 4042 libris
798 3985 1145 4055 Hieronymus
1173 3983 1445 4054 presbyter
1470 3982 1711 4037 laudatur
1735 3990 1980 4050 tanquam
2012 3979 2119 4033 vita
2143 3977 2251 4048 jam
2282 3976 2493 4034 functus
2519 3977 2537 4046 (
2567 3976 2680 4030 Lib.
2711 3976 2761 4041 Ι,
2791 3992 2844 4029 n.
2875 3975 2980 4040 34;
3008 3973 3096 4028 llb.
3137 3974 3192 4039 2,
3224 3991 3276 4028 η.
3307 3974 3374 4027 55
3394 3974 3437 4044 ).
3487 3972 3620 4028 Por-‘

365 4094 425 4135 ro
452 4095 482 4135 e
503 4080 635 4133 vivis
660 4079 748 4131 ille
775 4093 910 4130 anno
930 4075 1129 4131 Christi
1155 4075 1280 4138 .520,
1314 4074 1478 4142 pridie
1518 4072 1771 4129 kalendas
1802 4069 2032 4126 colubris
2060 4069 2304 4124 exceSsit.
2329 4068 2437 4123 Hos
2466 4082 2592 4135 ergo
2613 4065 2775 4119 libros
2801 4078 2905 4118 non
2928 4073 3050 4117 ante
3074 4078 3268 4116 annuat
3312 4063 3408 4117 421
3456 4063 3632 4116 collo-

363 4185 486 4227 care
512 4170 655 4225 licet.
689 4168 967 4222 Enimvero
1000 4168 1112 4234 ipse
1144 4166 1467 4234 Augustinus
1514 4163 1568 4217 in
1597 4157 2078 4227 Retractationibus
2104 4167 2220 4226 post
2248 4171 2381 4225 opus
2408 4154 2472 4209 ad
2504 4152 2831 4208 Bonifacium
2856 4150 2994 4220 quod
3015 4159 3197 4205 contra
3224 4150 3356 4204 duas
3385 4149 3622 4221 Pelagia.

364 4276 549 4316 norum
579 4259 839 4328 Epistolas
860 4272 1000 4310 anno
1024 4256 1148 4320 4'20,
1176 4266 1267 4308 aut
1292 4270 1393 4308 non
1423 4255 1588 4308 multo
1614 4253 1783 4307 serius
1811 4250 2008 4307 editum
2036 4255 2136 4309 est,
2168 4244 2509 4313 subsequenti
2535 4257 2628 4296 eos
2654 4242 2769 4294 loco
2799 4239 3080 4294 recensuit.
3468 4262 3471 4267 ν

433 4351 487 4406 lu
521 4355 689 4420 primo
711 4351 851 4403 libro
878 4347 1075 4416 peccati
1104 4345 1371 4415 originalis
1396 4347 1603 4413 dogma,
1630 4343 1737 4412 jam
1768 4351 1891 4395 ante
1913 4354 1946 4394 a
1971 4355 2030 4393 se
2062 4339 2199 4392 libro
2228 4336 2401 4405 priore
2426 4335 2492 4389 de
2519 4333 2725 4401 Nuptiis
2751 4342 2805 4386 et
2833 4330 3270 4400 Concupisccntia
3298 4331 3625 4401 explicatum

363 4443 784 4503 eonﬁrtuaturus,
811 4439 1040 4493 ostendit
1067 4437 1290 4507 primum
1319 4434 1586 4489 lllaniehzei
1613 4432 1809 4487 erroris
1834 4430 2276 4494 criminationem,
2308 4440 2409 4496 qua
2436 4424 2756 4485 Catholicos,
2789 4422 3049 4491 dogmatis
3077 4421 3233 4476 istius
3283 4421 3616 4476 defensores.

362 4534 572 4589 allicere
596 4533 834 4588 Julianus
864 4531 1147 4593 nitebatur,
1171 4529 1223 4585 in
1250 4526 1571 4582 clarissimos
1599 4539 1836 4595 quosque
1859 4523 2090 4587 Patrum,
2116 4527 2225 4573 tam
2253 4531 2569 4589 graecorum,
2599 4530 2752 4583 quam
2782 4513 3089 4576 latinorum,
3122 4512 3360 4568 recidere
3404 4532 3417 4566 :
3447 4514 3615 4567 altera

362 4625 553 4679 deinde
580 4632 725 4692 parte
754 4622 869 4676 libri
897 4620 1242 4685 demonstrat,
1272 4616 1586 4671 Manicbzeos
1612 4612 1906 4669 temerariis
1937 4612 2136 4681 aliquot
2161 4609 2326 4679 ipsius
2352 4607 2543 4662 Juliani
2571 4605 2844 4660 sententiis
2873 4604 3153 4674 plurimum
3183 4604 3439 4673 adjuvari.

434 4714 487 4768 In
518 4711 771 4774 secundo,
801 4711 1202 4778 Pelagianorum
1252 4716 1441 4761 contra.
1457 4706 1711 4776 originale
1738 4710 2006 4774 peccatum
2037 4700 2517 4770 argumentationes
2557 4697 2788 4768 quinque
2814 4697 3061 4752 convellit
3085 4699 3394 4752 auctoritate
3419 4710 3616 4764 przece-

362 4806 596 4861 dentium
617 4805 864 4859 Ecclesia:
889 4802 1191 4867 doctorum,
1208 4800 1578 4869 episcoporum
1597 4796 1839 4851 videlicet
1863 4794 2202 4848 illustriorum
2216 4792 2422 4854 decem,
2445 4791 2647 4855 lrenmi,
2677 4790 2948 4861 Cypriani,
2965 4789 3169 4853 lleticii,
3200 4787 3449 4858 Olympii,
3472 4787 3617 4840 llila-

364 4898 451 4963 rii,
481 4897 720 4967 Gregorii
749 4894 1086 4959 Nazianzeni,
1117 4891 1401 4954 Ambrosii,
1426 4889 1623 4955 Basilii,
1641 4887 1858 4943 Joannis
1884 4883 2469 4954 Constantinupulitani,
2488 4892 2541 4938 et
2565 4883 2895 4949 Innocentii;
2928 4896 3130 4937 necnon
3159 4880 3459 4937 testimonio
3489 4895 3613 4950 pre.

362 4990 449 5060 σὺ)
466 4990 563 5043 teri
586 4988 914 5058 Hieronymi,
938 4987 1034 5040 viri
1059 4986 1224 5040 sancti
1251 4999 1315 5039 ac
1338 4984 1648 5054 pereruditi.

432 5080 564 5135 lline
580 5080 689 5149 jam
718 5079 941 5149 singulis
965 5087 1191 5147 quatuor
1211 5075 1401 5131 Juliani
1428 5074 1576 5129 libris
1597 5073 1921 5144 Augustinus
1947 5071 2183 5141 singulos
2212 5070 2428 5125 totidem
2459 5083 2585 5124 suos
2608 5070 2850 5139 opponit,
2898 5068 3037 5123 dicta
3078 5069 3218 5124 illius
3240 5069 3415 5124 omnia
3455 5084 3618 5133 excu-

363 5171 519 5231 tiens.
552 5172 615 5225 iis
635 5179 835 5225 tantum
863 5168 1231 5239 prmtermissis
1257 5181 1374 5237 qua:
1403 5164 1598 5220 nodum
1627 5163 1935 5233 quaestionis
1961 5161 2122 5216 ullum
2154 5177 2259 5216 non
2286 5160 2500 5216 habent.
2529 5161 2605 5214 Ac
2635 5160 2790 5214 tertio
2822 5158 3032 5247 quidem
3050 5173 3147 5214 suo
3172 5160 3396 5229 primum
3424 5159 3615 5215 adver—

362 5261 486 5315 sarii
517 5261 707 5314 librum
739 5260 818 5314 sic
847 5258 1060 5324 refellit,
1102 5264 1363 5311 utcontra
1389 5271 1509 5309 eum
1537 5253 1746 5324 probet,
1778 5254 2018 5323 quamvis
2046 5253 2184 5308 Deus
2222 5254 2390 5308 bonus
2429 5251 2701 5305 hominum
2723 5251 2789 5304 sit
2812 5249 3075 5317 conditor,
3103 5251 3358 5322 bonaeque
3392 5253 3498 5306 sint
3523 5268 3623 5307 nu-

364 5353 484 5421 ptiae
511 5361 566 5407 et
601 5350 668 5404 ab
695 5352 808 5420 ipso
837 5350 1110 5407 institutae.
1138 5346 1329 5402 malam
1363 5355 1536 5400 tamen
1561 5352 1679 5399 esse
1700 5345 2201 5413 concupiscentiam,
2228 5359 2330 5413 qua
2355 5356 2480 5397 caro
2508 5352 2692 5397 contra
2717 5342 2959 5410 spiritum
2983 5344 3327 5412 concupiscit.
3348 5344 3456 5400 lloc
3475 5346 3621 5401 malo
3664 5327 3680 5359 ⁸

364 5441 499 5495 bene
525 5441 598 5495 uti
626 5439 946 5508 conjugium,
972 5437 1265 5506 meliusque
1285 5451 1387 5489 non
1408 5434 1482 5488 uti
1521 5433 1919 5488 continentiam.
1956 5432 2147 5487 Malum
2182 5442 2357 5487 autem
2381 5432 2516 5485 istud
2542 5449 2644 5485 non
2670 5448 2734 5486 ex
2760 5433 2860 5487 alia
2881 5432 3173 5489 substantia
3203 5436 3307 5490 Deo
3327 5448 3612 5501 comtcrna,

366 5546 419 5586 ut
450 5534 770 5587 Manichzens
794 5533 1007 5597 insanit,
1036 5530 1189 5585 nobis
1215 5543 1335 5585 esse
1363 5528 1708 5597 permixtum;
1744 5524 1835 5580 sed
1867 5541 1963 5595 per
1989 5525 2116 5581 Ada:
2146 5524 2552 5580 inobedientiam
2582 5534 2823 5579 exortum
2853 5536 3012 5594 atque
3053 5526 3372 5591 traductum,
3423 5540 3477 5585 et
3519 5545 3607 5600 per

362 5624 556 5678 christ:
584 5625 934 5678 obedientiam
964 5621 1280 5687 expiandum
1309 5618 1721 5687 sanamlumque.
1755 5617 1829 5670 Ex
1854 5617 1981 5687 ipsis
2008 5632 2214 5687 quoque
2239 5615 2429 5670 Iuliani
2456 5614 2608 5670 dictis
2639 5618 2826 5673 malam
2874 5618 3104 5674 ostendit
3150 5636 3266 5677 esse
3312 5623 3597 5687 libidinem.
