4014 6184
385 335 488 392 6‘59
1463 331 1520 391 S.
1560 335 1918 392 AUGUSTI.“
1959 335 2284 394 EPISTOLA
2326 337 2528 396 CCVII.
3526 349 3631 408 σω

457 449 509 502 ln
538 457 740 517 quarto,
768 456 950 502 contra
974 443 1262 500 secundum
1290 445 1480 501 librum
1505 445 1697 502 Juliani
1722 445 1827 502 duo
1852 449 2142 517 przcsertim
2171 448 2345 516 docet,
2396 463 2558 505 unum
2595 448 2826 519 quidem,
2879 451 3102 507 virtutes
3145 451 3434 510 inﬁdelium
3479 473 3632 516 rem

389 556 493 594 non
531 553 650 594 esse
682 556 696 592 :
723 537 946 592 alterum
977 551 1123 604 vero,
1149 538 1342 592 malam
1367 552 1485 594 esse
1518 540 2174 610 concupiscentiam,quod
2205 541 2330 608 ipsis
2351 541 2508 595 etiam
2541 539 2825 597 Gentilium
2838 545 3133 612 sententiis,
3181 547 3448 614 prmbente
3471 565 3632 606 occa-

382 633 584 685 sionem
620 619 850 692 Jutiauo,
877 637 1278 683 commonstrat.
1309 628 1460 684 Circa
1486 628 1716 684 medium
1745 629 1862 683 libri
1891 629 2068 699 paucis
2095 630 2266 684 obiter
2287 629 2540 694 ostendit,
2573 629 2838 701 quomodo
2863 633 3030 703 gratia
3058 647 3162 688 non
3187 635 3477 692 secundum
3518 653 3631 696 me-

381 718 481 771 rita
509 717 683 782 detnr,
711 733 810 772 nec
831 728 1005 771 tamen
1043 717 1098 771 in
1127 716 1290 772 latum
1327 718 1396 773 sit
1435 717 1715 774 referenda
1745 737 1758 772 :
1790 728 1949 789 utque
1984 719 2379 790 intelligendum
2417 719 2556 788 quod
2602 721 2888 792 Apostolus
2927 723 3021 792 ait,
3065 723 3231 780 Deum
3273 728 3410 783 velle
3445 745 3630 786 omnes

382 807 623 862 homines
651 809 826 861 Salvos
864 807 996 862 lieri.

451 898 507 951 lu
535 897 738 967 quinto,
769 899 958 952 librum
989 897 1275 952 adversarii
1306 898 1516 953 tertium
1565 897 1863 963 confutatis,
1908 899 2034 954 dicit
2067 915 2164 954 cur
2191 913 2382 954 novam
2425 898 2670 955 hazresim
2711 917 2828 970 qum
2872 903 3090 972 originis
3136 916 3407 974 peccatum
3453 919 3630 978 negat,

378 991 667 1046 detestetur
691 993 969 1046 multitudo
993 993 1312 1057 christiana,
1338 995 1459 1064 quia
1487 994 1731 1048 nimirum
1759 995 2036 1064 imaginem
2067 995 2156 1047 Dei
2185 1002 2358 1048 tantos
2382 993 2466 1048 hic
2493 995 2546 1049 in
2590 995 2821 1064 parvulis
2859 997 3125 1054 cruciatus
3158 1001 3287 1067 pati,
3338 1009 3394 1055 et
3419 1002 3462 1056 si
3503 1003 3630 1056 abs-

378 1095 480 1150 que
509 1080 1067 1149 antismointercant,
1096 1098 1126 1137 a
1157 1098 1322 1152 regno
1352 1083 1440 1137 Dei
1468 1082 1676 1142 excludi
1720 1083 1882 1137 novit.
1929 1083 2256 1138 Perizomata
2282 1099 2311 1136 a
2343 1084 2648 1152 parentibus
2687 1085 2872 1156 primis
2895 1085 2964 1140 ob
3005 1087 3262 1156 pudorem
3311 1105 3372 1144 ex
3415 1103 3632 1160 peccato

377 1173 674 1226 venientem
693 1183 956 1242 assumpta
978 1175 1182 1242 probat.
1218 1174 1495 1228 Peccatum
1523 1191 1590 1243 po
1620 1189 1678 1230 se
1703 1190 1823 1228 esse
1851 1173 2192 1243 prazcedentis
2211 1174 2412 1243 peccati
2434 1188 2665 1244 poenam.
2711 1176 2787 1230 Ex
2825 1176 3011 1231 eadem
3062 1179 3414 1236 damnationis
3456 1198 3627 1238 massa

383 1278 504 1318 csse
533 1265 665 1316 alios
693 1264 856 1332 gratis
884 1263 1102 1338 electos,
1136 1265 1269 1317 alios
1299 1279 1416 1318 vasa
1445 1266 1536 1318 irae
1563 1264 1748 1318 factos.
1773 1264 2259 1332 Concupiscentiam
2285 1278 2389 1318 non
2421 1263 2540 1318 ideo
2566 1263 2722 1319 laude
2757 1263 2992 1334 dignam,
3019 1268 3158 1337 quod
3185 1284 3277 1338 per
3303 1287 3420 1325 eam
3459 1272 3628 1326 homi-

381 1355 465 1409 nis
509 1354 860 1409 inobcdientia
894 1356 1156 1424 puniatur;
1184 1355 1276 1409 scd
1311 1371 1522 1424 semper
1547 1370 1668 1410 esse
1701 1355 1916 1419 malam,
1949 1353 2002 1408 in
2031 1354 2135 1408 illis
2161 1355 2341 1413 etiam.
2373 1353 2462 1424 qui
2491 1355 2539 1410 ei
2571 1369 2674 1409 nou
2713 1355 3071 1413 consentiunt.
3118 1359 3394 1428 Quomodo
3433 1363 3628 1417 intelli-

377 1449 604 1517 gendum
639 1448 763 1502 illud
797 1450 1032 1518 Apostoli
1052 1489 1068 1514 ,
1096 1457 1150 1501 ut
1183 1449 1306 1502 sciat
1335 1449 1676 1518 unusquisque
1701 1463 1847 1502 suum
1875 1463 1960 1502 ras
1987 1447 2259 1516 possidere.
2296 1447 2488 1502 Verum
2520 1446 2637 1503 sine
2663 1448 2948 1503 concubitu
2972 1464 3112 1516 esse,
3138 1452 3292 1520 quale
3313 1453 3489 1508 Maria:
3509 1469 3626 1508 cum

379 1538 574 1608 Joscph
598 1540 709 1604 luit,
735 1539 1052 1607 conjugium.
1085 1539 1298 1592 Frustra
1329 1537 1595 1592 Juliauum
1624 1553 1694 1592 ex
1721 1535 2068 1590 Aristotelicis
2083 1535 2361 1604 categoriis
2384 1543 2569 1590 contra
2609 1535 2862 1606 originale
2888 1547 3159 1606 peccatum
3189 1541 3442 1608 argutari.
3489 1541 3624 1608 Quid

377 1645 504 1685 caro
525 1630 718 1684 Christi
745 1645 773 1682 a
801 1639 1111 1684 ceterorum
1143 1628 1412 1683 hominum
1443 1643 1602 1683 carne
1630 1628 1828 1698 peccati
1866 1627 2044 1682 distet.
2072 1625 2374 1682 Manicbtcis
2417 1627 2634 1682 minime
2657 1627 2834 1682 favere
2859 1626 3180 1694 Catbolicos,
3221 1631 3346 1686 dum
3395 1631 3627 1688 libidinis

380 1720 575 1774 malum
603 1728 658 1774 et
683 1721 900 1790 originis
928 1720 1109 1774 vitium
1145 1728 1471 1790 agnoscunt;
1501 1719 1594 1774 sed
1621 1719 1928 1790 Pelagianos
1959 1719 2151 1788 potius,
2181 1732 2302 1772 cum
2329 1736 2347 1771 ι
2383 1717 2450 1774 de
2474 1733 2537 1774 ea
2566 1733 2624 1775 re
2647 1733 2767 1789 qua:
2792 1735 2822 1773 a
2851 1729 3071 1790 peccato
3091 1721 3257 1778 libera
3283 1736 3364 1777 est
3391 1742 3412 1776 ι
3443 1723 3624 1780 dicunt

330 1821 345 1838 ⁸
390 1829 414 1863 σ
444 1820 653 1879 peccata
689 1827 791 1864 non
823 1811 989 1865 nasci.
1027 1831 1046 1863 ι

454 1901 616 1956 Sesto
647 1901 856 1955 tandem
887 1901 1022 1956 libro
1059 1901 1123 1955 ad
1153 1901 1344 1956 Iuliani
1369 1909 1612 1970 quartum
1637 1899 1992 1969 respondens,
2021 1899 2166 1955 nasci
2205 1899 2473 1956 hominem
2511 1913 2629 1954 cum
2671 1907 2886 1969 peccato
2929 1902 3210 1956 conlirmat
3247 1915 3312 1957 cx
3354 1903 3624 1972 Daptismo

377 1995 742 2062 parvulorum,
769 2009 832 2046 ex
861 1993 1094 2061 Apostoli
1123 1991 1328 2056 verbis,
1357 2001 1411 2046 et
1441 1993 1549 2046 ritu
1575 1989 1857 2045 exorcismi
1884 2005 1951 2045 ex
1977 1983 2360 2045 exsumationis
2385 1987 2840 2058 baptizandorum.
2867 1989 3011 2044 Olea:
3049 1998 3102 2046 et
3141 1991 3353 2045 oleastri
3383 1993 3624 2062 exemplo

377 2082 752 2135 convenienter
779 2082 994 2151 exponit
1035 2079 1300 2151 quomodo
1345 2097 1412 2135 ex
1441 2079 1742 2150 parentibus
1781 2079 2104 2150 regeneratis
2138 2093 2201 2134 ac
2225 2079 2380 2147 justis
2407 2088 2692 2134 nascantur
2720 2079 2814 2133 lilii
2844 2088 3146 2148 peccatores
3169 2090 3224 2136 et
3252 2083 3616 2152 rcgenerandi.
3673 2113 3681 2117 -

377 2169 659 2225 Peccatum
705 2171 960 2240 originale
1002 2171 1054 2225 in
1098 2171 1281 2242 primis
1321 2171 1630 2240 parentibus
1657 2169 2010 2224 voluntarium
2051 2185 2170 2224 esse
2193 2169 2458 2234 ostendit,
2501 2184 2566 2224 ac
2606 2169 2759 2224 nobis
2785 2169 2997 2239 quidem
3033 2170 3265 2226 alienum
3304 2172 3622 2242 proprietate

379 2261 636 2326 actionis,
662 2271 900 2315 nostrum
929 2272 1102 2316 Lamen
1123 2262 1436 2331 contagione
1468 2259 1784 2330 prOpaginis.
1819 2259 1984 2328 llujus
2013 2259 2211 2329 peccati
2237 2259 2428 2313 merito
2456 2257 2568 2312 ﬁeri
2591 2298 2608 2324 ,
2635 2267 2692 2313 ut
2720 2259 2880 2314 tantis
2902 2259 2970 2316 ab
2991 2259 3210 2316 infantia
3234 2261 3460 2316 miseriis
3489 2273 3620 2320 atte-

379 2361 527 2406 ratur
548 2365 716 2419 genus
744 2351 1028 2405 lnunanum
1050 2389 1066 2416 ,
1093 2359 1256 2420 utque
1290 2351 1491 2420 parvuli
1517 2351 1633 2404 sine
1658 2350 2066 2418 regenerationis
2090 2349 2256 2418 gratia
2281 2347 2567 2403 morientes
2591 2347 2937 2403 excludantur
2958 2363 2990 2403 a
3017 2365 3181 2421 regno
3207 2351 3319 2405 Dei.
3347 2351 3622 2420 Quomodo

379 2441 800 2508 concupiscentia
830 2451 1006 2496 manet
1029 2450 1170 2507 acto,
1195 2440 1431 2508 prasterit
1459 2449 1626 2514 reatu.
1654 2439 1800 2492 Pauli
1826 2438 2120 2492 testimonia
2144 2451 2394 2506 perverse
2421 2451 2451 2490 a
2471 2435 2681 2492 Juliano
2705 2439 2941 2508 exposita
2966 2447 3178 2494 revocat
3203 2440 3270 2494 ad
3293 2440 3618 2496 catholicum

379 2531 724 2584 intellectum.
768 2529 1061 2584 Ezechielis
1091 2538 1357 2598 postremo
1381 2528 1746 2582 auctoritatem
1767 2567 1780 2591 ,
1809 2542 1911 2596 qua
1956 2526 2042 2580 ille
2083 2525 2428 2591 abutebatur,
2475 2524 2761 2579 secundum
2791 2525 3080 2596 legitimum
3118 2543 3330 2583 sensum
3363 2529 3620 2602 interpres

380 2629 538 2674 tatur.

473 2748 554 2807 In
589 2747 781 2810 libros
813 2747 1046 2810 Contra
1078 2749 1426 2818 Julianum,
1457 2747 1594 2808 vide
1625 2745 1732 2807 lib.
1765 2745 1826 2816 2,
1881 2763 2015 2824 cap.
2038 2745 2152 2824 62,
2192 2746 2756 2819 Retractationum,
2797 2755 2844 2808 t.
2883 2749 2940 2819 1,
2973 2749 3090 2810 col.
3127 2749 3246 2810 655
3274 2795 3290 2824 ,
3329 2770 3368 2812 α
3396 2752 3618 2823 verbis,

380 2824 628 2886 Interea
658 2827 802 2886 libri
835 2833 1136 2905 quatuor,
1163 2844 1352 2904 usque
1384 2824 1464 2884 ad
1489 2824 1692 2890 verba,
1724 2822 2155 2884 Contumelias
2185 2827 2326 2885 tuas
2360 2830 2423 2884 et
2449 2826 2648 2886 verba
2674 2825 3014 2900 maledica,
3041 2822 3319 2890 Iuliane.
3402 2829 3488 2891 Μ.

1791 3376 2188 3410 Wo.—

568 3133 1626 3281 AUGUSTINI
1779 3131 2734 3344 EPISTULA
2842 3133 3432 3337 CCVII.

931 3498 1242 3553 Beatissimo
1271 3497 1418 3551 fratr.
1443 3504 1494 3560 et
1519 3496 1832 3564 coepiscopo
1857 3493 2108 3562 CLAUDIO,
2132 3498 2479 3564 Accusrutcs,
2507 3497 2559 3551 in
2585 3497 2808 3552 Domino
2831 3499 3077 3556 salutem.

344 3653 356 3666 .
455 3613 710 3681 Quoniam
747 3613 873 3667 mihi
903 3613 1132 3667 fraterno
1161 3613 1416 3668 excitatus
1455 3611 1643 3667 atl‘ectu
1665 3653 1679 3678 ,
1709 3611 1902 3667 Iuliani
1929 3622 2152 3682 quatuor
2180 3612 2379 3679 libros,
2419 3628 2551 3682 quos
2574 3612 2826 3670 adversus
2863 3632 3023 3671 unum
3052 3634 3226 3674 meum
3255 3617 3328 3692 (ιι)
3368 3622 3613 3691 scripsit,

385 3706 686 3774 priusquam
717 3715 944 3773 peterem
968 3745 982 3768 ,
1017 3705 1128 3772 ipse
1155 3704 1374 3769 misisti;
1403 3703 1534 3757 nihil
1563 3703 1960 3757 convenientius
1989 3703 2164 3772 putavi
2192 3717 2310 3757 esse
2329 3700 2626 3758 faciendum
2645 3745 2660 3770 ,
2687 3720 2842 3774 quam
2869 3715 2929 3761 ut
2947 3721 3006 3761 ea
3033 3724 3149 3777 qua:
3185 3709 3484 3779 respondeo
3502 3753 3518 3778 ,
3557 3720 3613 3766 tu

383 3798 710 3864 potissimum
758 3798 936 3865 legens
977 3795 1215 3864 iudices,
1253 3804 1428 3849 utrum
1457 3805 1600 3850 recte
1637 3805 2090 3864 congruenterque
2115 3793 2502 3864 responderim.
2533 3793 2663 3850 Nam
2693 3795 2760 3850 de
2807 3796 2892 3852 bis
2917 3807 3142 3867 quatuor
3181 3800 3329 3855 libris
3365 3803 3612 3857 nonnulla

381 3887 630 3956 deret-pta
657 3888 940 3956 scripserat
966 3888 1142 3945 nescio
1168 3887 1287 3956 quis
1311 3885 1376 3938 ad
1408 3886 1662 3940 illustrem
1683 3894 1737 3940 et
1767 3884 2068 3954 religiosum
2094 3885 2261 3938 virum
2291 3885 2536 3938 comitem
2565 3883 2851 3949 Valerium,
2873 3885 3130 3941 adversus
3157 3889 3400 3944 eumdem
3425 3890 3612 3945 librum

381 3995 580 4041 memn,
611 3994 764 4048 quem
793 3993 878 4034 me
905 3978 970 4032 ad
994 3979 1138 4032 illum
1163 3977 1438 4047 scripsisse
1465 3989 1780 4046 cognoverat
1809 3992 1962 4046 :qua:
1989 3990 2110 4030 cum
2135 3976 2186 4029 in
2213 3990 2400 4030 manus
2429 3989 2575 4030 meas
2597 3974 2784 4030 eodem
2811 3975 3020 4032 sublimi
3052 3979 3164 4032 viro
3189 3989 3409 4035 curante
3439 3982 3614 4036 venis-

380 4083 533 4140 sent,
557 4075 629 4127 illi
659 4073 826 4141 primo
853 4088 958 4126 non
996 4071 1173 4127 distuli
1210 4071 1501 4127 secundum
1528 4073 1768 4126 volumen
1797 4071 2082 4142 adjungerc
2105 4113 2121 4135 ,
2151 4071 2202 4125 in
2232 4085 2336 4140 quo
2356 4071 2442 4126 illa
2464 4071 2673 4137 omnia,
2705 4071 2842 4126 sicut
2870 4073 3042 4141 potui,
3076 4071 3316 4128 refutari.
3344 4072 3450 4129 Sed
3482 4089 3617 4129 nunc

381 4165 596 4221 eosdem
624 4165 787 4218 libros
809 4181 928 4218 cum
951 4163 1250 4235 diligentius
1277 4163 1612 4234 inspicerem,
1634 4163 1867 4231 comperi
1899 4162 2067 4225 illum,
2097 4161 2186 4232 qui
2207 4161 2455 4216 nonnulla
2485 4161 2608 4216 inde
2632 4162 2911 4232 selcgerat,
2937 4176 3040 4216 non
3069 4163 3246 4218 omnia
3283 4164 3354 4217 ita
3379 4163 3616 4232 posuisse

381 4265 440 4312 ut
477 4257 526 4311 in
555 4257 636 4310 his
674 4256 824 4310 libris
851 4255 1110 4326 leguntur.
1139 4252 1290 4309 Unde
1321 4253 1512 4322 poterit
1541 4245 1716 4308 videri
1734 4252 1982 4320 Juliano,
2008 4251 2090 4306 vel
2119 4249 2335 4306 cuilibet
2371 4250 2578 4304 illorum
2597 4291 2612 4314 ,
2645 4265 2730 4304 me
2757 4251 2934 4320 potius
2959 4250 3121 4306 fuisse
3145 4250 3457 4316 mentitum;
3496 4252 3618 4322 quia

376 4363 484 4402 non
513 4349 689 4416 utique
714 4345 850 4400 sicut
886 4345 940 4400 hi
967 4353 1191 4416 quatuor
1209 4343 1330 4399 libri
1353 4386 1368 4408 ,
1397 4343 1466 4397 ita
1509 4343 1594 4398 illa
1623 4359 1741 4412 qua:
1769 4343 1837 4398 de
1863 4341 1944 4396 his
1971 4348 2214 4410 excerpta
2239 4382 2256 4404 ,
2285 4348 2341 4394 et
2365 4347 2657 4394 memorato
2693 4340 2874 4396 comiti
2903 4340 3061 4394 missa
3100 4349 3256 4407 sunt,
3293 4341 3618 4397 innotescere
3659 4409 3664 4418 Ι

379 4449 684 4508 potuerunt.
711 4438 959 4506 Quisquis
995 4451 1122 4506 ergo
1161 4444 1214 4490 et
1243 4436 1386 4489 illum
1418 4434 1704 4489 secundum
1736 4433 1926 4487 librum
1953 4447 2126 4487 meum
2156 4430 2223 4486 ad
2248 4431 2494 4486 comitem
2541 4430 2823 4485 identidem
2863 4429 3132 4485 Valerium
3157 4469 3171 4492 ,
3215 4430 3352 4486 sicut
3392 4432 3615 4500 primum

377 4528 730 4595 conscriptum
755 4527 910 4597 legit,
943 4524 1144 4578 noverit
1173 4539 1258 4578 me
1285 4524 1336 4576 in
1365 4521 1678 4592 quibusdam
1709 4537 1814 4576 non
1835 4520 2171 4591 respondisse
2198 4519 2440 4585 Juliano;
2485 4519 2576 4575 sed
2611 4519 2659 4574 ei
2687 4519 2860 4590 potius
2882 4519 2971 4588 qui
3000 4519 3066 4574 de
3093 4518 3243 4574 libris
3281 4520 3398 4590 ejus
3423 4520 3510 4574 illa
3537 4536 3620 4574 se-

378 4618 518 4687 legit,
548 4626 602 4672 ct
621 4632 724 4672 non
754 4607 1026 4685 ita'posuit
1053 4623 1110 4668 ut
1137 4613 1353 4679 invenit,
1385 4613 1478 4667 sed
1500 4613 1822 4682 aliquantum
1843 4612 2043 4682 putavit
2066 4625 2186 4667 esse
2207 4611 2484 4676 mutanda;
2513 4611 2736 4665 fortasse
2761 4619 2817 4663 ut
2841 4623 2906 4663 eo
2935 4610 3090 4664 modo
3127 4610 3276 4680 quasi
3310 4625 3402 4664 sua
3425 4611 3618 4666 faceret

377 4725 495 4777 quze
523 4709 692 4762 aliena
722 4722 844 4761 esse
864 4715 1149 4761 constaret.
1179 4704 1328 4760 Nunc
1351 4713 1526 4757 autem
1546 4703 1751 4756 veriora
1778 4703 2000 4758 credens
2024 4701 2361 4771 exemplaria,
2385 4716 2504 4770 quae
2531 4711 2614 4754 tua
2635 4701 2894 4754 Sanctitas
2919 4701 3082 4767 misit,
3110 4701 3206 4770 ipsi
3237 4702 3437 4756 auctori
3470 4702 3617 4757 video

378 4799 829 4868 respondendum,
852 4797 938 4866 qui
964 4812 1126 4850 unum
1155 4811 1330 4850 meum
1354 4802 1580 4864 quatuor
1603 4793 1750 4848 libris
1775 4795 1883 4848 suis
1911 4793 2168 4848 refellisse
2195 4808 2254 4848 se
2279 4793 2442 4862 jactat
2463 4833 2478 4857 ,
2509 4803 2564 4847 et
2594 4807 2965 4862 usquequaque
2988 4807 3236 4863 spargere
3269 4793 3390 4848 ﬁdei
3419 4808 3615 4848 venena

378 4904 482 4941 non
509 4897 703 4943 cessat.
731 4889 1020 4958 Aggrcssus
1051 4900 1166 4940 sum
1191 4886 1346 4955 igitur
1371 4883 1470 4938 hoc
1493 4897 1626 4952 opus
1653 4887 1702 4936 in
1733 4882 1992 4952 adiutorio
2016 4881 2303 4938 Salvatoris
2330 4881 2638 4951 pusillorum
2662 4892 2820 4951 atque
2852 4898 3196 4952 magnorum;
3219 4893 3272 4938 et
3306 4885 3417 4938 scio
3447 4893 3531 4950 te,
3563 4892 3619 4940 ut

379 4979 430 5034 id
463 4980 735 5046 implerem
765 4994 946 5033 orasse
974 4994 1066 5046 pro
1093 4993 1210 5042 me,
1244 4986 1296 5030 ct
1327 4991 1424 5044 pro
1461 4976 1525 5030 iis
1548 4975 1736 5044 quibus
1764 4975 2122 5043 hujuscemodi
2165 4975 2372 5030 labores
2399 4983 2611 5031 nostros
2640 4976 2939 5044 profuturos
2967 4977 3232 5032 credimus
3265 4985 3320 5033 et
3356 4986 3612 5050 optamus.

378 5068 605 5123 Attende
629 5084 754 5138 ergo
779 5067 887 5138 jam
915 5067 1315 5136 responsionem
1337 5080 1530 5129 meam,
1559 5063 1708 5134 cujus
1733 5063 2044 5133 principium
2073 5063 2209 5117 hanc
2233 5063 2510 5132 epistolam
2535 5065 2902 5135 subscquetur.
2929 5064 3056 5120 Vale
3078 5065 3128 5120 in
3155 5067 3376 5123 Domino
3418 5077 3615 5121 memor

379 5163 544 5214 nostri
573 5201 586 5224 ,
618 5159 782 5216 frater
806 5160 1132 5215 beatissime.

440 5294 510 5354 (υ)
545 5295 728 5342 librum
755 5296 956 5356 trimum
978 5293 1039 5342 de
1069 5293 1239 5354 *uptiis
1264 5299 1312 5343 et
1336 5289 1738 5350 Conmyismntta.

1786 5557 1812 5582 ”
1998 5553 2165 5615 15‘3"”

1922 5592 1949 5609 ,ι
1983 5592 2044 5612 ·,ο
2086 5604 2091 5607 ,
