4038 6182
329 369 435 428 645

321 499 439 540 eam
458 483 692 540 tenuisse
718 481 1016 547 veritatem,
1040 477 1320 538 defendam
1350 487 1534 534 contra
1563 485 1638 543 te,
1660 473 1770 530 Deo
1801 469 1895 531 ad-

236 588 260 648 ς,
317 574 558 640 iuvante,
589 583 643 629 et
667 573 900 643 ipsorum
943 581 997 627 et
1033 580 1268 626 nostram
1301 568 1457 623 [idem
1487 586 1499 621 :
1535 567 1621 621 ubi
1659 567 1816 620 etiam
1845 564 1894 618 id

241 694 250 705 ι
325 663 519 732 poterit
547 677 798 732 apparere
816 703 832 728 ,
859 675 972 716 non
991 660 1160 713 solum
1193 667 1247 712 tu
1277 657 1454 712 verbis
1481 655 1582 710 tuis
1601 697 1618 721 ,
1645 653 1783 724 quod
1809 667 1897 708 se-

321 753 494 808 cundo
539 753 656 808 loco
699 767 786 816 me
831 751 1313 807 demonstraturum
1369 763 1486 804 esse
1530 747 1772 819 promisi,
1799 746 1894 802 sed

322 842 490 910 ipsum
518 842 707 912 dogma
738 841 1097 911 Pelagianam,
1123 838 1264 909 quod
1290 853 1570 896 commune
1606 847 1687 898 est
1725 837 1894 896 omnl-

322 931 420 984 bus
448 930 615 995 vobis,
643 943 896 998 quantum
925 931 1139 1000 adjuvet
1162 928 1498 988 Manichaeos.

390 1017 612 1074 CAPUT
652 1017 716 1073 ll.
745 1049 816 1059 —
839 1021 891 1072 4.
933 1019 1164 1072 Primam
1203 1019 1379 1088 itaque
1409 1008 1612 1088 partem
1637 1017 1892 1073 distribu-

319 1111 480 1166 tionis
506 1127 659 1176 meac,
689 1111 1134 1182 quemadmodum
1163 1125 1424 1180 exsequar
1445 1151 1458 1173 ,
1484 1125 1770 1181 parumper
1792 1110 1890 1165 ad-

315 1211 484 1254 verte.
513 1199 716 1269 Nempe
741 1202 877 1255 inter
905 1215 1024 1263 nos,
1051 1210 1304 1269 quantum
1331 1203 1522 1254 attinet
1547 1199 1614 1253 ad
1641 1200 1892 1254 intentio-

319 1302 441 1342 nem
464 1289 580 1343 libri
611 1289 737 1356 mei,
767 1290 851 1344 cui
881 1298 933 1344 te
962 1289 1300 1358 respondisse
1323 1297 1548 1358 quatuor
1577 1288 1678 1342 tuis
1697 1288 1886 1355 jactas,

321 1378 420 1432 ista
447 1381 672 1434 vertitur
712 1380 956 1450 qu:cstio,
987 1381 1126 1450 quod
1151 1395 1251 1450 ego
1278 1380 1396 1434 dico
1435 1381 1510 1434 sic
1535 1381 1748 1450 nuptias
1769 1395 1891 1440 esse

315 1469 625 1534 laudandas,
645 1479 703 1524 ut
719 1471 862 1525 nullo
878 1470 1036 1524 modo
1051 1470 1115 1522 ad
1134 1485 1313 1524 carum
1328 1470 1534 1539 culpam
1552 1470 1890 1538 vituperatio-

314 1573 540 1628 ncmque
555 1561 833 1629 pertineat.
851 1560 987 1630 quod
1005 1575 1189 1614 omnes
1212 1559 1452 1614 homines
1470 1562 1756 1629 primorum
1776 1561 1892 1618 ἰΙΙοε

313 1664 432 1703 rum
468 1650 737 1704 hominum
767 1663 982 1720 peccato
1005 1652 1318 1704 nascuntur‘
1343 1651 1575 1707 obnoxii.
1607 1651 1722 1706 lioc
1742 1653 1887 1710 extim

312 1740 402 1809 qui
417 1749 591 1810 negat,
623 1741 733 1811 ipsa
755 1741 1056 1794 christiana:
1089 1741 1205 1795 lidei
1234 1741 1539 1796 sobvertere
1559 1739 1888 1798 firmamenta

311 1819 554 1886 conatur.
617 1833 750 1885 lliuc
792 1815 985 1901 quippe
1036 1833 1227 1885 factum
1271 1839 1355 1887 est
1400 1841 1456 1886 ut
1491 1832 1560 1887 de
1601 1833 1796 1901 nuptiis
1834 1841 1890 1890 et

313 1921 739 1990 concupiscentia
767 1922 956 1975 librum
975 1921 1266 1976 scriberem
1300 1937 1314 1973 :
1348 1922 1644 1990 nuptiarum
1684 1921 1890 1976 scilicet

285 2011 512 2066 'bounm
542 2011 849 2068 discernens
876 2013 942 2068 ab
969 2029 1033 2068 eo
1061 2013 1202 2066 malo
1227 2011 1366 2066 unde
1392 2013 1614 2066 trahitur
1633 2013 1888 2082 originafe

313 2111 606 2170 peccatum.
635 2102 713 2156 Tu
764 2111 939 2157 autem
971 2102 1106 2158 dicis
1147 2103 1359 2170 nuptias
1405 2103 1518 2155 sine
1561 2101 1888 2158 dubitatione

305 2189 572 2252 damnari,
597 2192 694 2245 nisi
723 2191 862 2262 quod
887 2207 952 2248 ex
979 2195 1056 2248 eis
1089 2193 1345 2257 nascitur,
1377 2191 1446 2244 ab
1477 2192 1622 2246 omni
1659 2193 1728 2246 sit
1753 2192 1887 2247 libe-

306 2295 428 2334 rum
456 2281 776 2350 obligatiOue
803 2281 1003 2350 peccati
1033 2298 1047 2334 :
1077 2288 1294 2349 promer
1321 2279 1460 2350 quod
1486 2281 1635 2336 libris
1659 2291 1887 2350 quatuor

307 2376 362 2423 te
399 2383 565 2423 unum
593 2384 768 2423 meum
801 2368 1063 2424 refutasse
1107 2369 1372 2438 gloriaris.
1416 2368 1471 2423 ln
1513 2369 1704 2440 quibus
1739 2371 1886 2426 libris

309 2457 492 2512 volens
515 2457 757 2512 homines
775 2467 1016 2512 avertere
1030 2472 1060 2512 a
1088 2457 1190 2511 lide
1208 2457 1471 2513 catholica
1491 2456 1880 2524 fundatissima,

307 2547 436 2608 ctad
455 2549 740 2604 novitatem
756 2549 918 2603 vestri
935 2547 1134 2603 erroris
1147 2548 1428 2613 adducere,
1449 2564 1590 2620 saepe
1605 2550 1796 2607 incutis
1811 2553 1886 2608 le-

303 2643 538 2714 gentium
551 2644 794 2700 sensibus
805 2643 1102 2698 Manichzeae
1117 2643 1279 2714 pestis
1291 2643 1606 2700 borrorem':
1621 2645 1766 2716 quasi
1780 2661 1884 2702 ma~

307 2735 414 2788 lum
443 2734 680 2789 naturale
705 2749 824 2788 cum
851 2733 1158 2789 Maniclneis
1183 2733 1376 2802 sapiat,
1395 2735 1484 2805 qui
1505 2735 1632 2792 dicit
1656 2736 1882 2791 infantes

301 2824 595 2879 secundum
627 2824 797 2880 Adam
845 2825 1132 2880 carnaliter
1168 2835 1344 2892 natos,
1369 2827 1674 2896 contagium
1696 2829 1882 2882 mortis

305 2913 534 2985 antiquae
563 2915 730 2982 prima
759 2915 1032 2970 nativitate
1056 2915 1397 2981 contrahere,
1446 2924 1498 2971 et
1547 2917 1616 2972 ob
1644 2915 1744 2972 hoc
1791 2933 1878 2972 se-

305 3003 478 3058 cunda
503 3003 761 3072 indigere,
791 3014 846 3056 nt
874 3019 968 3074 per
992 3004 1261 3060 lavacrum
1292 3008 1708 3076 regenerationis
1733 3009 1880 3076 prius

308 3093 510 3162 peccati
538 3095 810 3164 originalis
841 3095 1155 3150 remissione
1193 3105 1498 3166 purgentur,
1529 3106 1584 3152 et
1611 3098 1665 3152 in
1699 3100 1788 3155 Dei
1821 3099 1883 3154 il-

307 3184 408 3240 lios
435 3185 670 3252 adeptati
699 3185 752 3239 in
782 3201 1005 3255 regnum
1036 3185 1299 3256 Unigeuiti
1327 3187 1729 3244 transferantur.
1771 3191 1882 3247 lloc

305 3273 374 3330 de
398 3274 800 3328 Manichaeorum
843 3273 1056 3328 nomine
1093 3283 1148 3330 et
1189 3275 1410 3330 crimine
1453 3275 1674 3334 faciebat
1719 3280 1876 3335 etiam

304 3363 634 3432 Iovinianus,
676 3379 874 3434 negans
901 3363 1078 3419 Mariae
1113 3375 1310 3420 sancta:
1358 3366 1730 3436 virginitatem,
1758 3384 1878 3438 qua;

305 3452 477 3509 fuerat
521 3453 644 3508 dum
687 3455 1012 3524 cenciperet,
1062 3456 1418 3527 permansisse
1455 3456 1579 3512 dum
1622 3467 1875 3528 pareret:

306 3551 552 3613 tanquam
575 3543 844 3598 Christum
867 3559 990 3598 cum
1018 3543 1319 3599 Maniehmis
1345 3545 1657 3614 phantasma
1683 3547 1876 3603 crede-

309 3649 502 3697 remus,
548 3632 594 3688 si
639 3635 824 3688 matris
876 3633 1178 3704 incorrupta
1230 3636 1546 3715 virginitate.
1574 3638 1876 3696 diceremus

302 3736 572 3780 exortum.
617 3724 723 3780 Sed
767 3725 834 3792 in,
863 3725 1128 3795 adiutorio
1169 3726 1334 3796 ipsius
1379 3727 1690 3792 Salvatoris,
1739 3731 1878 3788 sicut

297 3825 614 3884 spreverunt
639 3813 896 3870 Catholici
922 3815 1065 3870 velut
1091 3815 1451 3872 acutissimum
1479 3818 1621 3888 quod
1641 3818 1875 3874 Iovinia-

304 3919 406 3959 nus
431 3914 741 3960 exseruerat
769 3895 1158 3975 argumentum,
1189 3914 1245 3960 et
1273 3921 1374 3960 nec
1396 3915 1632 3963 sanctam
1661 3908 1874 3964 Mariam

305 3993 558 4062 pariendo
587 3993 750 4048 fuisse
769 4003 1097 4063 corruptam,
1129 4009 1232 4048 nec
1260 3995 1540 4051 Dominum
1561 3995 1874 4066 phantasma

303 4082 466 4138 fuisse
493 4083 850 4151 crediderunt,
879 4083 974 4140 sed
1025 4093 1080 4140 et
1121 4084 1266 4139 illam
1307 4085 1565 4156 virginem
1619 4089 1878 4146 mansisse

300 4187 424 4247 post
449 4187 652 4248 partum
675 4219 692 4243 ,
721 4187 779 4232 et
817 4193 880 4233 ex
913 4177 999 4232 illa
1029 4185 1205 4233 tamen
1233 4193 1417 4232 verum
1446 4177 1640 4235 Christi
1683 4195 1878 4251 corpus

301 4277 546 4324 exortum
578 4285 592 4322 :
617 4269 693 4324 sic
711 4267 987 4336 spernent'
1013 4277 1186 4324 vestra
1207 4269 1530 4324 calumniosa
1554 4269 1873 4340 vaniloquia,

299 4368 363 4410 ut
391 4373 559 4428 neque
577 4373 696 4412 cum
721 4357 1022 4412 Manichaeis
1045 4366 1285 4412 astruant
1313 4359 1435 4412 mali
1465 4360 1707 4415 naturale
1727 4362 1876 4430 prin-

300 4447 524 4514 ('iplltm,
554 4453 610 4500 et
643 4445 933 4501 secundum
962 4434 1234 4516 nationem
1273 4455 1328 4502 el.
1353 4463 1534 4504 veram
1560 4450 1874 4506 Catholicam

297 4534 459 4590 (idem
485 4535 628 4588 nullo
668 4534 827 4588 modo
867 4534 1110 4590 dubitent
1147 4535 1416 4590 Christum
1462 4537 1513 4592 in
1569 4539 1876 4596 evacuando

298 4625 659 4696 chirographo
688 4625 892 4696 paterni
921 4623 1086 4680 debiti
1126 4623 1460 4681 liberatorem
1505 4627 1725 4683 credere
1755 4643 1878 4698 par~

300 4718 563 4771 culorum.

371 4805 599 4862 CAPUT
638 4803 724 4860 lli.
748 4833 821 4846 —
845 4803 900 4859 5.
931 4801 1036 4859 Sed
1064 4812 1118 4858 tu
1137 4803 1224 4874 qui
1248 4811 1353 4858 tam
1375 4804 1565 4860 crebro
1591 4805 1744 4860 nobis
1769 4805 1876 4861 Ma-

297 4899 620 4956 nichaiorum
641 4910 844 4952 nomen
871 4897 1116 4967 opponis,
1161 4911 1298 4968 quos
1325 4908 1382 4952 et
1409 4899 1591 4968 quales
1635 4900 1780 4956 viros
1821 4909 1877 4956 et

298 5001 527 5060 quantos
571 4989 692 5045 fidei
730 4989 1008 5045 catholicae
1049 4988 1359 5045 defensores
1407 4998 1514 5044 tam
1563 4993 1873 5048 exsecrabili

301 5082 668 5138 criminatione
690 5088 940 5151 appetere
966 5081 1181 5147 audeas,
1206 5079 1250 5134 si
1274 5079 1492 5150 evigiias
1513 5081 1736 5136 intuere.
1759 5081 1874 5136 Non

295 5171 510 5242 quidem
545 5171 782 5227 omnium
829 5171 896 5226 de
943 5169 1042 5226 hac
1088 5187 1148 5226 re
1189 5171 1500 5238 sententias,
1550 5186 1650 5228 nec
1689 5187 1874 5230 omnes

295 5276 509 5328 eorum,
536 5276 670 5332 quos
689 5260 1118 5316 commemorabo
1137 5303 1154 5328 ,
1187 5276 1272 5317 me
1295 5271 1734 5333 congregatarum
1756 5279 1876 5320 esse

303 5351 586 5420 polliceor;
613 5351 736 5422 quia
767 5351 926 5406 nimis
950 5351 1161 5422 longum
1182 5362 1282 5416 est,
1309 5360 1364 5407 et
1390 5367 1613 5408 necesse
1629 5368 1748 5412 esse
1769 5369 1872 5409 non

299 5442 530 5497 arbitror
561 5459 576 5496 :
601 5441 695 5497 sed
715 5457 906 5514 ponam
945 5457 1111 5513 pauca
1151 5458 1459 5514 paucorum,
1483 5445 1672 5515 quibus
1699 5457 1874 5506 tamen

297 5532 467 5587 nostri
505 5533 922 5588 contradictores
945 5541 1199 5603 cogantur
1225 5534 1538 5590 erubescere
1563 5535 1832 5592 et-cndcre
1859 5531 1874 5598 ξ

368 5649 382 5678 ¹
419 5646 495 5696 sie
513 5649 621 5692 uss.
645 5643 784 5702 Edlti,
802 5650 1077 5695 nascantur.

364 5709 387 5739 ί
418 5711 490 5754 Sic
513 5713 614 5754 uss.
640 5704 758 5752 Editi
782 5715 963 5758 autem,
982 5719 1210 5756 erroratt.

365 5769 388 5801 ³
423 5765 552 5823 ιιι.υά
574 5772 704 5828 μοι-ο,
731 5777 917 5828 spei-wn
935 5774 972 5816 ι.

1120 360 1391 445 ΕΟΝΤβΑ
1429 355 1765 415 JULIANUM
1797 351 2270 452 PEDACIANUM,
2313 355 2368 411 S.
2413 354 2776 418 AUGUSTIM

3474 365 3576 424 6M

2007 469 2048 525 si
2077 469 2217 526 ullus
2241 471 2292 525 in
2321 470 2400 526 eis
2427 470 2510 526 vel
2541 471 2630 528 Dei
2661 471 2836 540 timor,
2865 473 2948 530 rel
2966 473 3237 537 hominum
3269 476 3438 545 pudor
3459 489 3579 534 tan-

2003 569 2110 614 tum
2150 561 2345 614 malum
2385 562 2696 629 pervicacia:
2725 565 3072 632 superaverit.
3106 564 3336 620 Irenzeus
3363 567 3560 637 Lugdu-

2004 653 2184 706 nensis
2211 652 2490 721 episcopus
2532 668 2636 706 non
2668 653 2822 724 longe
2861 669 2893 708 a
2939 655 3262 726 temporibus
3291 659 3578 728 Apostolo-

2004 757 2119 795 rum
2153 741 2247 795 fuit
2277 760 2290 796 :
2322 743 2423 797 iste
2461 743 2555 809 ait,
2592 761 2612 794 ι
2647 743 2762 799 Non
2807 745 2961 800 aliter
3003 747 3194 802 salvari
3221 747 3464 806 homines
3509 753 3581 816 ab

2001 833 2216 903 antiqua
2242 835 2504 904 serpentis
2527 835 2677 906 plaga
2693 837 2734 903 ί,
2767 837 2866 892 nisi
2889 837 3108 900 credant
3136 839 3192 894 in
3213 853 3338 904 eum
3365 839 3457 920 qui
3484 857 3576 898 se-

1997 921 2227 976 cundum
2259 923 2654 980 similitudinem
2683 931 2862 980 carnis
2885 929 3086 1008 peccati
3116 928 3167 990 in
3190 929 3336 1000 ligno
3361 933 3576 1008 tnzuyrli

1998 1013 2260 1069 exaltatus
2299 1030 2328 1068 a
2374 1025 2512 1070 terra
2543 1017 2720 1072 omnia
2773 1020 2932 1074 traxit.
2973 1019 3040 1074 ad
3072 1035 3152 1086 se,
3183 1031 3237 1076 et
3265 1021 3572 1091 viviticavit,

1997 1113 2264 1168 mortuos»
2301 1103 2436 1176 (Lib.
2469 1107 2521 1172 4,
2550 1123 2664 1178 cap.
2695 1108 2784 1179 5).
2819 1108 2944 1162 Item
2972 1108 3112 1166 idem
3145 1110 3296 1179 ipse:
3333 1131 3352 1164 ι
3375 1113 3574 1182 Quent-

1995 1193 2279 1248 admodum
2295 1196 2606 1252 adstrictum
2637 1209 2743 1264 est,
2757 1199 3170 1270 ιίιιιιιιίι,ιιιιιιι·ιὶ
3195 1217 3360 1270 genus
3387 1203 3575 1258 lnuna-

1997 1298 2120 1336 num
2149 1299 2242 1352 per
2259 1286 2536 1355 virginem,
2563 1288 2800 1342 Solvatur
2814 1304 2908 1356 per
2927 1289 3181 1358 virginem
3195 1291 3238 1354 ⁸,
3257 1307 3405 1360 teque
3426 1292 3575 1346 lance

1994 1371 2268 1441 disposita,
2302 1376 2570 1441 virginalis
2599 1378 2952 1432 inohedicntia
2976 1393 3072 1447 per
3106 1380 3415 1448 virginali-tn
3447 1383 3574 1436 obe-

1993 1460 2270 1516 dientiani.
2303 1464 2491 1519 Adhuc
2537 1467 2678 1520 enim
2720 1470 3028 1540 protoplasti
3061 1480 3281 1538 peccato
3325 1487 3417 1540 per
3453 1489 3574 1529 cor-

1992 1551 2322 1620 reptionem'
2376 1555 2710 1626 primogeniti
2768 1558 3192 1613 emendationem
3243 1559 3568 1630 accipiente,

1992 1641 2254 1709 serpentis
2297 1643 2578 1711 prudentia
2628 1645 2832 1700 devicta
2883 1661 2977 1716 per
3020 1647 3412 1716 simplicitatem
3473 1666 3568 1705 co-

1995 1727 2209 1795 lumbm,
2236 1729 2462 1785 vinculis
2499 1733 2605 1786 illis
2633 1735 2848 1787 resoluti
2877 1749 3080 1799 smnus,
3115 1750 3208 1805 per
3231 1752 3350 1806 qua:
3374 1739 3568 1808 alligati

1992 1833 2206 1874 eramus
2233 1823 2390 1876 morti
2429 1842 2448 1876 ι
2481 1822 2630 1896 (Lib.
2657 1825 2711 1889 5,
2741 1841 2859 1896 cap.
2887 1823 3007 1897 l9).
3038 1827 3261 1882 Videsne
3297 1829 3566 1899 antiquum

1991 1909 2261 1964 hominem
2286 1911 2396 1976 Dei,
2422 1915 2628 1982 qnidde
2643 1916 2858 1983 antiqua
2885 1917 3146 1984 serpentis
3177 1919 3324 1987 plaga
3346 1921 3566 1974 sentiat?

1989 1998 2114 2066 quid
2144 1998 2212 2054 de
2237 2001 2579 2057 similitudine
2609 2005 2784 2058 Carnis
2813 2005 3034 2071 peccati,
3063 2019 3322 2076 perquam
3351 2017 3568 2064 sanatur

1992 2086 2136 2157 plaga
2177 2093 2441 2158 serpentis
2479 2091 2530 2144 in
2555 2106 2716 2146 carne
2744 2093 2989 2160 peccati?
3011 2094 3138 2161 quid
3159 2094 3229 2151 de
3255 2098 3564 2166 protoplasti

1989 2185 2227 2246 peccato,
2257 2193 2351 2248 per
2377 2180 2518 2249 quod
2545 2180 2740 2250 alligati
2764 2180 3070 2235 fueramus?

2059 2268 2112 2323 6.
2143 2271 2304 2324 Multo
2338 2279 2515 2330 autem
2556 2271 2791 2340 apertius
2831 2271 2898 2326 de
2936 2271 3122 2326 eadem
3153 2270 3294 2326 lide‘
3322 2273 3564 2329 beatissi-

1990 2373 2108 2414 mus
2136 2371 2337 2431 niartyr
2371 2371 2427 2415 et
2453 2362 2736 2431 episcopus
2764 2361 3089 2431 Cyprianus:
3113 2379 3132 2412 ι
3153 2361 3210 2416 Si
3241 2361 3504 2428 homines,
3537 2383 3557 2416 ι

1988 2447 2176 2518 inquit,
2212 2467 2232 2501 ι
2263 2450 2520 2518 impedire
2554 2449 2752 2520 aliquid
2785 2450 2851 2504 ad
2887 2450 3316 2505 consecutionem
3343 2452 3566 2522 gratim'

1986 2548 2192 2608 posset,
2241 2541 2408 2610 magis
2445 2540 2656 2596 adultos
2679 2549 2736 2596 et
2763 2549 3042 2611 provectos
3078 2548 3134 2596 et
3168 2541 3398 2612 majores
3438 2553 3562 2598 natu

1987 2639 2204 2698 possent
2247 2630 2505 2700 impedire
2543 2640 2756 2701 peccata
2801 2631 3062 2700 graviora.
3095 2631 3262 2687 Porro
3299 2641 3474 2686 autem
3515 2634 3560 2689 si

1984 2719 2310 2788 gravissimis
2333 2719 2679 2776 delictoribus
2703 2722 2830 2776 etin
2855 2721 3018 2776 Deum
3041 2723 3258 2778 multum
3286 2733 3407 2778 ante
3433 2737 3558 2793 poc-

1985 2807 2250 2872 cantibns,
2282 2823 2400 2862 cum
2433 2820 2612 2878 postea
2642 2810 2997 2876 crediderint,
3039 2811 3292 2865 remissa“
3320 2823 3561 2882 peceato-

1984 2910 2102 2949 rum
2132 2895 2316 2960 datur,
2361 2907 2410 2952 et
2443 2913 2474 2952 a
2506 2898 2772 2968 Baptismo
2797 2906 2955 2969 atque
2996 2902 3160 2970 gratia
3193 2916 3350 2955 nemo
3378 2903 3558 2972 probis

1984 2985 2165 3052 betur;
2193 2995 2390 3057 quanto
2422 2987 2591 3058 magis
2628 2987 2895 3058 prohiberi
2922 3002 3028 3044 nan
3059 2988 3218 3044 debet
3246 2989 3435 3055 infans,
3467 2993 3558 3060 qui

1985 3089 2174 3131 recens
2198 3083 2351 3132 natus
2371 3077 2501 3131 nihil
2525 3077 2782 3146 peccavit,
2801 3077 2899 3131 nisi
2921 3076 3062 3148 quod
3080 3079 3368 3132 secundum
3391 3079 3556 3132 Adam

1983 3165 2268 3220 carnaliter
2312 3175 2496 3232 natus,
2545 3166 2843 3236 contagium
2884 3166 3070 3221 mortis
3111 3167 3342 3238 antiqua:
3389 3169 3554 3238 prima

1985 3253 2262 3312 nativitate
2301 3253 2601 3310 contraxit?
2647 3255 2748 3322 Qui
2796 3254 2860 3309 ad
2907 3255 3182 3314 remissam
3223 3266 3556 3328 peccatorum

1981 3344 2342 3414 accipiendam
2375 3346 2477 3404 hoc
2521 3347 2634 3418 ipso
2681 3345 2885 3402 facilius
2925 3347 3166 3414 accedit,
3197 3347 3335 3418 quod
3376 3348 3446 3402 illi
3475 3359 3558 3403 re-

1982 3436 2280 3503 mittuntur,
2299 3450 2405 3489 non
2425 3435 2656 3508 propria,
2681 3435 2776 3491 sed
2803 3434 2970 3489 aliena
2987 3443 3229 3506 peccata:
3253 3434 3442 3510 (Epist.
3466 3433 3551 3502 οι,

1979 3525 2049 3578 ad
2072 3523 2313 3596 Fidum).

2057 3616 2110 3670 7.
2142 3615 2402 3670 Reticium
2453 3615 2520 3670 ab
2564 3615 2944 3688 Augustoduno
2991 3615 3296 3686 episcopum
3353 3630 3556 3685 magna:

1979 3703 2141 3758 fuisse
2183 3704 2516 3759 auctoritatis
2557 3705 2611 3758 in
2656 3705 2890 3770 Ecclesia
2939 3713 3178 3777 tempore
3225 3704 3556 3780 episcopatus

1979 3795 2082 3858 sui,
2118 3802 2262 3864 gesta
2291 3793 2376 3847 illa
2405 3793 2762 3848 ecclesiastica
2794 3793 2952 3848 nobis
2981 3793 3234 3857 indicant,
3265 3792 3474 3864 quando
3501 3793 3554 3848 in

1981 3884 2112 3938 urbe
2159 3882 2324 3935 Roma
2373 3881 2697 3936 Melchiade"
2745 3882 3060 3954 Apostolicze
3107 3881 3259 3936 Sedis
3307 3883 3556 3952 episc0po

1979 3971 2334 4042 prtesidente,
2371 3971 2489 4025 cum
2533 3970 2650 4028 aliis
2673 3969 2832 4040 judex
2878 3969 3149 4038 interfuit,
3193 3969 3553 4042 Donatumque

1978 4061 2287 4126 damnavit,
2333 4061 2422 4130 qui
2451 4060 2598 4130 prior
2621 4069 2808 4114 auctor
2835 4060 3224 4116 Donatistarum
3256 4061 3553 4116 scliismatis

1979 4153 2095 4220 fuit,
2142 4159 2197 4206 et
2234 4151 2576 4206 Caecilianum
2625 4151 2931 4220 episcopum
2981 4151 3234 4206 Ecclesiae
3281 4151 3555 4222 Carthagi-

1980 4244 2160 4300 nensis
2191 4241 2440 4296 absolvit.
2471 4241 2520 4296 is
2546 4254 2668 4299 cum
2691 4240 2758 4295 de
2783 4241 3055 4312 Baptistae
3079 4251 3286 4312 ageret,
3314 4241 3385 4296 ita
3411 4243 3554 4296 locn-

1983 4343 2068 4388 tus
2095 4343 2215 4388 est:
2243 4352 2260 4384 ι
2287 4332 2436 4386 lianc
2478 4332 2636 4402 igitur
2677 4332 3022 4402 principalem
3064 4346 3184 4387 esse
3231 4333 3281 4386 in
3322 4332 3551 4388 Ecclesia

1978 4421 2358 4490 indulgentiam
2379 4463 2393 4483 ,
2421 4421 2689 4477 neminem
2717 4420 2984 4490 prmterit,
3011 4419 3067 4474 in
3097 4435 3200 4490 qua
3223 4421 3419 4490 antiqui
3445 4422 3551 4475 cri-

1979 4512 2136 4570 minis
2158 4525 2318 4566 omue
2347 4509 2551 4580 pondus
2572 4509 2908 4578 exponimus,
2942 4517 2999 4564 et
3023 4509 3331 4578 ignorantiae
3359 4517 3552 4564 nostra

1979 4599 2210 4656 facinora
2242 4600 2412 4670 prisca
2442 4599 2681 4653 delemus
2704 4638 2720 4664 ,
2769 4597 2858 4652 ubi
2905 4606 2960 4653 et
3001 4608 3238 4652 veterem
3287 4597 3549 4652 hominem

1975 4705 2100 4744 cum
2132 4689 2380 4758 ingenitis
2407 4687 2698 4768 sceleribus
2724 4688 2966 4742 exuimus
2990 4685 3089 4758 (a).
3117 4705 3136 4739 ι
3164 4685 3328 4742 Audis
3352 4687 3549 4757 antiqui

1976 4780 2214 4834 criminis
2256 4779 2482 4850 pondus,
2526 4779 2678 4834 audis
2720 4779 2894 4849 prisca
2935 4778 3202 4846 facinora,
3244 4778 3396 4834 audis
3431 4793 3550 4834 cum

1979 4869 2268 4925 sceleribus
2303 4867 2553 4938 ingenitis
2582 4867 2849 4922 hominem
2894 4879 3129 4923 veterem
3149 4885 3164 4924 :
3183 4879 3238 4924 et
3264 4868 3428 4924 audes
3452 4869 3548 4922 ad-

1983 4975 2171 5016 versus
2200 4959 2314 5014 hmc
2342 4961 2610 5014 ruinosam
2640 4968 2954 5016 construere
2979 4960 3305 5016 novitatem!

2047 5051 2103 5107 8.
2131 5049 2408 5122 Olympius
2452 5049 2716 5125 Hispanus
2755 5051 3074 5120 episcopus,
3124 5051 3208 5106 vir
3247 5065 3450 5124 magna:
3495 5050 3552 5106 iu

2043 5221 2080 5290 ξ.
2095 5218 2290 5290 Quidam
2328 5225 2457 5290 llas”
2476 5216 2574 5290 .alr
2589 5216 2776 5282 adqui
2796 5217 3028 5284 εονρεηιὶε
3057 5217 3220 5284 ρων.
3243 5225 3298 5270 Ει
3318 5217 3468 5279 illi".
3491 5221 3555 5270 εδ

1977 5279 2681 5412 ἽἫᾶᾕῖἔέῗὲἓθέωἝῗρεν

2043 5401 2065 5464 9
2099 5401 2322 5464 Plerique
2343 5410 2468 5464 Mss,
2490 5413 2577 5464 per
2593 5401 2949 5464 correctionem.

2044 5461 2066 5525 ξ
2099 5468 2148 5512 tu
2169 5459 2298 5525 no.7,
2320 5462 2404 5513 sed
2425 5459 2734 5525 eademﬁde.

2009 5585 2015 5591 _
2041 5523 2066 5556 ⁸
2099 5524 2461 5586 summissiores
2499 5521 2809 5572 Floriaeensts
2827 5521 2980 5573 codex
3002 5557 3018 5580 ,
3043 5535 3073 5572 α
3091 5521 3421 5588 consecutum;
3439 5534 3556 5589 gra-

1983 5589 2080 5716 na;-
2101 5654 2203 5716 θΨτ
2223 5649 2310 5716 εὖ.
2325 5651 2375 5693 ei
2393 5642 3022 5716 Ρ¹9τῖίῖᾏ¹θ.⁸²³³·ρ..⁷τῖηξὲῗί⁰ε

2047 5707 2066 5736 ν
2104 5705 2248 5753 \atic.
2274 5703 2405 5757 uss;
2429 5703 2674 5755 micante.
2711 5705 2814 5762 Mli,
2843 5703 3069 5754 m’ltiade.

2043 5769 2118 5828 (η)
2139 5772 2236 5813 non
2252 5772 2409 5814 exstat
2430 5765 2520 5812 hoc
2541 5763 2838 5816 omittendum.

3619 1293 3648 1302 .-

3623 5161 3652 5180 Ω
