4038 6182
344 335 445 390 015

346 446 581 504 Ecclesia
621 452 677 500 et
717 443 769 498 in
798 440 1008 496 Christo
1045 438 1227 510 gloria:
1250 478 1265 502 ,
1304 422 1362 491 in
1403 434 1629 504 quodam
1670 447 1916 488 sermone

344 535 739 594 eectesiastico:
769 550 788 584 ι
811 531 863 587 Si
891 530 1045 596 ﬁdes,
1074 547 1093 581 ›
1126 526 1331 598 inquit,
1377 542 1397 576 ι
1427 539 1656 594 unquam
1683 523 1733 576 in
1764 522 1918 577 terris

345 632 649 697 meorrupta
692 622 1007 683 mansisset,
1050 632 1112 672 ac
1156 616 1371 686 vestigia
1416 614 1586 668 defixa
1629 614 1915 676 tenuisset,

344 732 465 787 quae
493 715 692 784 signata
724 709 993 771 deseruit,
1025 720 1289 775 nunquam
1320 702 1626 773 protoplasti
1651 701 1918 756 mortifera

347 803 767 875 transgressione
792 801 975 852 vitium
999 798 1015 829 ¹
1043 795 1320 866 sparsisset
1346 795 1398 847 in
1419 792 1675 862 germine,
1710 801 1767 845 ut
1790 805 1917 861 pec-

345 905 523 949 eatum
545 906 662 946 cum
691 888 905 942 homine
930 892 1235 939 nasceretur
1266 881 1397 955 ((1).)
1433 880 1676 935 ilabesne
1701 878 1915 949 aliquid,

347 982 487 1052 quod
535 978 788 1034 adversus
832 988 929 1029 nos
972 974 1065 1027 tibi
1115 973 1291 1026 dicere
1336 970 1582 1033 videaris,
1633 968 1771 1040 quod
1813 983 1918 1022 non

348 1068 582 1124 etiamin
608 1067 765 1119 istum
787 1064 965 1117 dicere
991 1059 1348 1128 compellaris,
1373 1059 1455 1114 vel
1482 1058 1654 1127 potius
1677 1058 1730 1111 in
1754 1055 1920 1110 istos?

349 1159 464 1214 Una
492 1166 573 1213 est
596 1155 738 1210 enim
769 1152 1003 1207 omnium
1028 1149 1288 1206 catholica
1317 1148 1448 1203 ﬁdes
1468 1187 1482 1213 ,
1522 1149 1609 1218 qui
1637 1162 1730 1219 per
1756 1160 1920 1201 unum

351 1248 618 1303 hominem
665 1252 938 1313 peccatum
990 1240 1214 1294 intrasse
1261 1239 1314 1292 in
1367 1237 1660 1302 mundum,
1714 1237 1765 1290 in
1816 1250 1924 1305 quo

350 1351 539 1392 omnes
563 1339 910 1405 peccaverunt
936 1329 1108 1402 (Rom.
1136 1344 1191 1396 ν,
1218 1327 1328 1399 12),
1360 1342 1465 1381 uno
1490 1327 1651 1382 corde
1679 1325 1921 1391 credunt,

351 1442 444 1481 ore
471 1439 580 1480 uno
610 1425 857 1484 fatentur,
902 1427 956 1473 et
992 1426 1195 1472 vestras
1236 1416 1459 1470 novitias
1489 1415 1925 1485 praesumptiones

352 1515 611 1570 catholica
636 1510 949 1580 antiquitate
978 1506 1309 1562 subvertant.

425 1608 480 1660 9.
510 1604 647 1659 Audi
679 1601 851 1655 adhuc
878 1598 1016 1669 quod
1048 1607 1099 1652 te
1123 1596 1292 1668 possit
1321 1596 1546 1667 amplius
1570 1609 1924 1660 commovere,

355 1708 512 1766 atque
539 1694 752 1749 turbare
772 1731 789 1759 ,
835 1699 889 1745 et
930 1691 1126 1744 utinam
1154 1690 1213 1742 in’
1233 1687 1423 1742 melius
1447 1695 1789 1741 commutare.
1818 1685 1926 1739 Ec-

356 1788 532 1841 clesia:
571 1784 849 1841 catholicae
879 1782 1134 1835 adversus
1162 1779 1441 1833 lucreticos
1483 1779 1794 1832 acerrimum
1835 1777 1929 1832 de-

360 1876 627 1930 fensorem
650 1871 1006 1927 venerandum
1034 1869 1152 1939 quis
1182 1866 1401 1940 ignoret
1440 1867 1695 1922 Hilarium
1726 1866 1930 1936 cpisco-

361 1983 482 2036 pum
528 1962 781 2020 Gallum?
824 1961 924 2030 Qui
976 1976 1098 2015 cum
1148 1959 1216 2015 de
1260 1958 1455 2015 Christi
1506 1973 1664 2012 carne
1709 1965 1889 2026 ageret
1910 1966 1933 2023 ,'

360 2056 572 2110 attende
591 2054 713 2124 quid
734 2052 927 2107 dixerit
951 2068 964 2105 :
993 2068 1012 2103 ι
1043 2052 1180 2120 Ergo
1199 2066 1317 2104 cum
1342 2048 1533 2103 missus
1552 2056 1650 2113 est,
1682 2065 1701 2099 ›
1729 2048 1925 2117 inquit,

366 2163 384 2196 ι
413 2146 466 2198 in
495 2142 838 2198 similitudine
864 2142 1039 2195 carnis
1069 2136 1394 2211 peccati(1d.
1425 2153 1535 2202 vin,
1560 2138 1634 2205 3),
1666 2151 1771 2191 non
1795 2137 1933 2191 sicut

360 2249 571 2291 earnem
600 2232 815 2297 habuit,
850 2232 921 2285 ita
970 2230 1151 2284 habuit
1180 2240 1233 2285 et
1259 2240 1554 2299 peccatum.
1584 2227 1688 2283 Sed
1717 2228 1834 2298 quia
1865 2243 1931 2281 ex

367 2334 580 2398 peccato
605 2326 778 2379 omnis
803 2338 926 2379 caro
952 2331 1034 2378 est
1056 2362 1071 2387 ,
1102 2336 1130 2374 a
1160 2329 1377 2390 peccato
1403 2320 1603 2375 scilicet
1633 2319 1800 2373 Adam
1833 2334 1931 2388 pa-

362 2426 511 2473 rente
559 2414 821 2476 deducta,
880 2413 932 2468 ln
977 2411 1319 2467 similitudine
1372 2411 1574 2480 peccati
1625 2409 1801 2464 carnis
1851 2417 1933 2479 est

363 2507 575 2571 missus,
624 2504 891 2560 existente
941 2503 993 2556 in
1037 2516 1104 2557 eo
1148 2517 1254 2555 non
1305 2508 1546 2569 peccato,
1593 2498 1685 2554 sed
1733 2499 1931 2568 peccati

363 2602 539 2658 carnis
563 2596 926 2653 similitudine.
956 2614 976 2649 ι
1024 2595 1232 2649 Rursus
1278 2592 1417 2648 idem
1462 2593 1575 2660 ipse
1614 2591 1667 2645 in
1708 2591 1933 2661 Exposi-

366 2692 507 2745 tione
552 2687 824 2744 ceutesimi
872 2683 1286 2754 duodevigesimi
1339 2682 1553 2745 Psalmi,
1598 2698 1717 2735 cum
1764 2682 1831 2736 ad
1880 2681 1932 2736 id

367 2782 596 2837 venisset
621 2778 759 2849 quod
788 2779 1039 2847 scriptum
1067 2784 1167 2842 est,
1210 2775 1346 2830 Vivet
1378 2775 1547 2828 anima
1587 2790 1714 2838 mea,
1749 2784 1793 2827 ct
1823 2773 1936 2826 Iau-

365 2872 501 2926 dabit
526 2882 574 2925 te
601 2869 764 2942 (Psal.
796 2884 979 2934 cxvnt,
1012 2866 1162 2938 175):
1187 2884 1207 2918 ι
1238 2866 1424 2921 Vivere
1450 2880 1527 2931 se,
1555 2882 1573 2916 ι
1607 2864 1802 2933 inquit,
1840 2881 1859 2914 ι
1880 2864 1933 2917 itt

366 2961 466 3018 hac
501 2962 611 3015 vita
652 2975 757 3023 non
794 2965 1033 3027 reputat;
1077 2961 1269 3027 quippe
1309 2955 1397 3025 qui
1439 2954 1677 3021 dixerat,
1715 2950 1849 3006 Ecce
1882 2952 1935 3006 in

366 3053 707 3124 iniquitatibus
747 3058 1015 3120 conreptus
1055 3064 1195 3112 sitm,
1240 3055 1287 3100 et
1317 3047 1369 3100 in
1395 3045 1588 3099 delictis
1614 3044 1803 3115 peperit
1828 3043 1935 3097 mc’

370 3154 525 3196 mater
547 3158 655 3195 mea
685 3138 852 3198 (Prol.
876 3155 926 3203 ι,
948 3134 1026 3208 7).
1055 3136 1165 3192 Scit
1193 3136 1293 3190 sub
1316 3135 1516 3204 peccati
1543 3134 1741 3203 origine
1760 3140 1813 3187 et
1838 3132 1936 3186 sub

371 3232 565 3302 peccati
595 3233 711 3301 lege
750 3245 869 3284 esse
910 3243 968 3283 se
1008 3240 1208 3282 natum.
1236 3245 1256 3279 ι
1296 3225 1540 3281 Sentisne
1568 3225 1690 3295 quid
1722 3222 1938 3278 audias?

372 3322 643 3389 Quaerisue
681 3319 803 3390 quid
832 3318 1008 3373 dicas?
1040 3316 1190 3371 llunc
1216 3317 1387 3371 virum
1418 3323 1557 3369 tanta
1595 3316 1645 3368 in
1676 3311 1938 3383 episcopis

369 3411 640 3467 catholicis
682 3408 838 3463 laude
887 3407 1231 3477 praclarum,
1277 3415 1421 3461 tanta
1467 3405 1653 3459 notitia
1697 3402 1937 3475 famaque

368 3503 708 3572 conspicuum
731 3541 746 3565 ,
788 3500 854 3554 de
896 3507 1113 3568 peccato
1135 3497 1375 3568 originali
1400 3495 1536 3551 aude
1560 3537 1575 3562 ,
1619 3495 1662 3550 si
1693 3496 1815 3567 quid
1844 3495 1936 3550 tibi

373 3595 560 3652 frontis
583 3603 682 3659 est,
713 3592 1000 3648 etiminari.

441 3686 526 3742 19.
557 3683 661 3741 Sed
687 3684 858 3737 adhuc
886 3681 1007 3737 audi
1037 3681 1198 3736 alium
1230 3679 1576 3736 excellentem
1607 3678 1697 3735 Dei
1726 3677 1940 3748 dispen-

373 3785 596 3829 satorem
622 3815 637 3839 ,
679 3790 834 3844 quem
875 3786 1103 3827 veneror
1128 3779 1186 3825 ut
1210 3780 1411 3841 patrem
1437 3786 1449 3824 :
1474 3771 1526 3825 in
1560 3769 1770 3824 Christo
1796 3771 1936 3825 enim

372 3865 493 3920 Jesu
522 3881 617 3934 per
643 3864 981 3934 Evangelium
1024 3862 1138 3933 ipse
1167 3875 1253 3917 me
1276 3861 1455 3931 genuit
1483 3860 1540 3931 (l
1569 3860 1683 3914 Cor.
1714 3874 1791 3924 tv,
1829 3858 1936 3931 l5),

373 3964 425 4009 et
452 3971 515 4010 eo
531 3954 729 4009 Christi
749 3954 990 4009 ministro
1011 3955 1276 4008 lavacrum
1298 3952 1718 4021 regenerationis
1737 3950 1936 4018 accepi.

376 4046 590 4101 Beatum
621 4045 808 4114 loquor
835 4043 1175 4097 Ambrosium
1197 4083 1211 4105 ,
1253 4041 1402 4111 cujus
1430 4054 1524 4109 pro
1551 4039 1804 4094 catholica
1839 4038 1940 4094 fide

373 4125 618 4204 gratiam,
647 4133 996 4188 constantiam
1015 4173 1030 4199 ,
1057 4132 1293 4196 labores,
1327 4130 1592 4199 pericula,
1623 4129 1733 4184 sive
1762 4128 1940 4197 operi-

376 4227 470 4281 bus
492 4226 602 4280 sive
627 4224 987 4286 sermonibus,
1010 4233 1060 4277 et
1088 4223 1199 4291 ipse
1220 4236 1335 4275 sum
1360 4230 1628 4292 expertus,
1657 4230 1709 4275 et
1734 4235 1939 4273 mecum

376 4331 479 4370 non
508 4315 709 4368 dubitat
748 4314 893 4368 orbis
935 4312 1221 4382 prcedicare
1262 4310 1550 4365 Romanus.
1598 4309 1691 4363 llic
1717 4311 1798 4362 vir
1822 4324 1940 4362 cum

376 4405 664 4460 secundum
686 4404 875 4457 Lucam
896 4411 1186 4471 exponeret
1204 4401 1542 4470 Evangelium
1562 4416 1574 4453 :
1596 4419 1614 4451 ι
1632 4399 1893 4465 Iordanis,
1919 4420 1937 4451 ι

377 4493 575 4562 inquit,
610 4509 630 4544 ι
657 4507 921 4546 conversus
948 4502 1018 4544 est
1049 4500 1319 4544 retrorsum
1357 4488 1528 4561 (Paul.
1558 4504 1707 4554 cxttt,
1738 4489 1835 4565 3),:
1866 4489 1942 4542 si—

377 4582 639 4652 gniﬁcavit
683 4580 927 4636 salutaris
963 4579 1157 4635 lavacri
1187 4578 1359 4633 futura
1389 4580 1636 4648 mysteria
1659 4618 1676 4643 ,
1709 4594 1804 4648 per
1827 4594 1943 4648 qum

378 4672 432 4726 in
461 4670 744 4739 primordia
777 4680 979 4724 naturae
1012 4685 1121 4723 sua:
1142 4711 1155 4732 ,
1203 4669 1290 4739 qui
1322 4669 1567 4738 baptizati
1600 4669 1790 4722 fuerint
1817 4682 1944 4738 par-

379 4761 481 4813 vuli
501 4800 519 4825 ,
541 4776 569 4813 a
591 4760 785 4813 malitia
814 4758 1185 4825 reformantur,
1218 4777 1238 4811 ι
1272 4756 1405 4829 (Lib.
1435 4759 1460 4813 1
1495 4759 1544 4810 in
1574 4757 1729 4826 Lua,
1753 4775 1806 4811 ιι.
1830 4757 1943 4828 56).

381 4850 580 4906 Rursus
604 4851 741 4904 idem
772 4853 883 4919 ipsc
911 4850 961 4903 in
993 4849 1179 4904 eodem
1206 4862 1366 4918 Opere
1390 4866 1403 4902 :
1433 4867 1451 4900 ι
1472 4849 1586 4904 Non
1612 4852 1752 4904 enim
1781 4851 1946 4906 virilis

376 4943 568 5005 coitus,
597 4960 617 4995 ι
649 4943 835 5011 inquit,
873 4943 1079 4996 «vulva:
1111 4941 1382 5010 virginalis
1411 4951 1614 4996 secreta
1660 4944 1942 5008 rescravit;

376 5033 470 5087 sed
516 5033 908 5088 immaculatum
954 5046 1135 5087 semen
1186 5031 1471 5085 inviolabili
1523 5041 1672 5086 utero
1719 5033 1947 5103 Spiritus

324 5170 337 5181 .
377 5133 590 5179 sanctus
613 5123 818 5177 infudit.
848 5122 1005 5178 Solus
1028 5132 1110 5176 est
1134 5122 1274 5177 enim
1305 5135 1400 5191 per
1426 5123 1598 5176 omnia
1630 5138 1694 5177 ex
1722 5133 1855 5178 natis
1881 5127 1946 5179 de

378 5215 569 5269 femina
598 5223 813 5268 sanctus
844 5213 1097 5267 Dominus
1124 5212 1297 5276 Jesus,
1330 5213 1419 5281 qui
1449 5223 1674 5269 terrente
1704 5219 1943 5285 contagia

377 5306 686 5376 corruptelae
724 5305 1044 5360 immaculati
1089 5314 1269 5374 partus
1296 5306 1524 5360 novitate
1554 5323 1655 5359 non
1685 5309 1907 5362 senserit
1928 5349 1941 5372 ,

378 5407 431 5453 et
446 5396 648 5453 caelesti
675 5396 947 5463 majestate
969 5395 1257 5466 depulerit»
1289 5393 1492 5465 (Μὰρ,
1507 5414 1558 5448 η.
1583 5397 1691 5466 56).
1712 5397 1944 5467 Itemque

393 5562 400 5572 Α
439 5507 456 5537 ³
490 5512 611 5575 Tres
630 5518 660 5555 e
682 5506 913 5556 Vaticanis
933 5513 1062 5567 Mss,
1079 5505 1325 5570 mortifera
1346 5506 1717 5567 transqressionc
1734 5507 1941 5571 morti/"sn

440 5629 460 5658 θ
492 5637 590 5676 .tm.
613 5634 686 5676 Er.
710 5635 761 5676 et
778 5633 905 5685 Mss.
929 5628 1138 5689 concepit
1164 5641 1253 5677 me.

439 5691 511 5748 (η)
533 5697 627 5738 Nec
646 5688 787 5750 hujus
800 5689 1056 5752 quidquam
1081 5697 1253 5737 exstat.

1703 290 1903 376 uetiti
1946 315 2213 373 l‘iilllUS.

3485 320 3589 377 646

2028 430 2077 483 in
2109 427 2294 484 eodem
2325 441 2440 499 ipso
2470 444 2487 482 :
2519 448 2537 481 ι
2561 428 2778 493 Omnes,
2801 447 2819 481 ι
2855 428 3021 499 inquit
3041 472 3056 493 ,
3093 448 3113 482 ι
3139 430 3190 484 in
3222 430 3388 485 Adam
3424 447 3588 487 mort-

2026 525 2204 587 mur‘,
2236 524 2356 593 quia
2397 529 2681 592 per'unum
2722 522 2973 577 hominem
3009 533 3266 592 peccatum
3298 524 3500 577 intravit
3538 524 3593 579 in

2026 615 2293 681 mundum,
2335 624 2383 668 et
2419 629 2507 684 per
2549 623 2804 684 peccatum
2832 628 2998 679 mors;
3043 623 3091 666 et
3125 613 3196 666 ita
3220 614 3271 667 in
3301 630 3469 669 omnes
3499 615 3595 668 Ito-

2024 707 2181 759 mines
2220 706 2508 776 pertransiit
2530 745 2546 771 ,
2594 704 2646 757 in
2686 720 2783 775 quo
2828 719 2999 757 omnes
3044 713 3387 772 peccaverunt.
3445 704 3591 757 illius

2026 795 2180 865 igitur
2194 796 2365 864 culpa,
2388 810 2529 848 mors
2555 793 2787 847 omnium
2810 801 2892 848 est
2911 812 2930 846 ι
2957 792 3090 862 (Lib.
3111 793 3164 857 4,
3184 810 3236 846 n.
3257 794 3346 858 67,
3373 794 3441 847 ad
3461 793 3587 847 Luc.

2023 902 2099 949 tv,
2142 886 2252 956 '58).
2286 887 2402 940 Alio
2431 886 2556 940 item
2588 887 2703 940 loco
2728 886 2779 939 in
2805 885 2991 939 eodem
3021 885 3308 956 Evangelio
3349 904 3362 940 :
3409 905 3427 937 ι
3448 886 3588 941 Cave

2023 988 2168 1043 ergo,
2191 991 2210 1025 ι
2246 974 2434 1042 inquit,
2468 991 2486 1024 ι
2510 988 2575 1027 ne
2600 980 2722 1028 ante
2747 973 2985 1033 nndcris.
3009 975 3144 1027 sicut
3174 974 3337 1028 Adam
3367 976 3593 1028 nudatus

2024 1071 2123 1126 est,
2158 1061 2388 1131 mandati
2430 1061 2664 1115 caelestis
2692 1060 2928 1114 custodia
2959 1061 3262 1126 destilutus,
3308 1072 3361 1117 et
3398 1073 3592 1117 exutus
3662 1055 3671 1065 ’

2028 1149 2149 1203 fidei
2175 1150 2509 1224 vestimento,
2535 1158 2587 1204 et
2616 1149 2693 1204 sic
2717 1148 2909 1203 lethale
2934 1150 3124 1204 vulnus
3150 1154 3372 1218 accepit,
3405 1152 3454 1203 in
3486 1166 3597 1220 quo

2026 1254 2183 1293 omne
2208 1250 2375 1308 genus
2412 1238 2695 1293 occidisset
2720 1237 3007 1292 humanum
3033 1279 3048 1303 ,
3096 1240 3196 1292 nisi
3236 1238 3592 1294 Samaritanus

2027 1329 2115 1384 ille
2141 1328 2471 1383 descendens
2489 1328 2705 1382 vulnera
2728 1328 2841 1399 ejus
2860 1328 3048 1382 accrha
3069 1338 3305 1382 curasset
3328 1348 3347 1380 ›
3382 1327 3515 1400 (Lib.
3536 1330 3590 1394 7,

2028 1436 2081 1473 η.
2114 1420 2214 1486 75,
2256 1419 2324 1472 ad
2358 1418 2485 1472 Luc.
2517 1435 2568 1482 ιι,
2598 1418 2713 1489 50).
2753 1418 2957 1475 Rursus
3003 1420 3055 1472 in
3102 1435 3263 1488 opere
3293 1421 3407 1488 ipso
3431 1462 3443 1482 ,
3492 1422 3596 1474 alio

2029 1510 2146 1565 loco
2179 1528 2192 1564 :
2230 1508 2406 1577 «Fuit,
2438 1529 2457 1564 ι
2506 1511 2709 1581 inquit,
2769 1510 3005 1573 «Adam,
3057 1521 3109 1565 et
3154 1513 3204 1565 in
3257 1513 3345 1565 illo
3398 1512 3591 1567 fuimus

2028 1614 2247 1653 omnes:
2273 1599 2421 1667 periit
2443 1599 2629 1666 Adam,
2651 1608 2703 1653 ct
2725 1600 2776 1654 in
2798 1601 2886 1654 illo
2909 1617 3091 1654 onmes
3117 1601 3381 1669 perierunt
3408 1622 3426 1654 ι
3454 1601 3590 1663 (lxv.

2031 1689 2084 1755 7,
2108 1706 2161 1742 n.
2187 1688 2308 1753 2‘54,
2333 1688 2401 1741 ad
2424 1688 2547 1741 Luc.
2578 1704 2648 1742 xv
2666 1730 2681 1754 ,
2702 1690 2813 1761 24).
2840 1689 3042 1746 Rursus
3078 1691 3213 1745 idem
3245 1692 3354 1761 ipse
3382 1693 3432 1747 in
3451 1698 3595 1764 Apo-

2031 1779 2164 1850 logia
2191 1780 2460 1849 prophclzc
2479 1780 2638 1833 David
2662 1799 2673 1833 :
2699 1798 2719 1831 ι
2740 1782 3030 1851 Antequam
3057 1784 3375 1848 nascimur,»
3407 1787 3593 1854 inquit,

2037 1886 2056 1920 ι
2086 1869 2406 1922 maculantur
2433 1870 2694 1938 contagio,
2724 1878 2775 1924 et
2802 1880 2925 1925 ante
2953 1874 3165 1925 usurain
3197 1874 3349 1941 lucis,
3380 1878 3600 1945 originis

2034 1962 2197 2031 ipsius
2220 1962 2511 2032 excipimus
2553 1963 2798 2033 injuriam
2824 2006 2838 2026 .
2869 1966 2919 2020 in
2953 1968 3222 2038 iniquitate
3251 1974 3596 2041 concipiuntur.

2032 2050 2145 2106 Non
2175 2054 2456 2120 expressit,
2480 2072 2498 2106 ι
2526 2054 2713 2123 inquit,
2742 2073 2760 2107 t
2784 2067 2954 2113 utrum
2989 2073 3281 2127 parentum,
3309 2080 3374 2117 an
3398 2074 3598 2123 nostra.

2035 2141 2101 2195 Et
2125 2141 2175 2194 in
2199 2141 2405 2197 delictis
2436 2159 2860 2216 unumquemque
2885 2160 3103 2217 generat
3141 2162 3308 2205 mater
3336 2168 3450 2207 sua.
3491 2154 3600 2210 Nec

2033 2228 2121 2284 hic
2147 2230 2469 2297 declaravit,
2516 2241 2690 2288 utrum
2731 2236 2783 2289 in
2818 2236 3026 2292 delictis
3060 2240 3168 2292 suis
3197 2252 3366 2295 mater
3394 2245 3598 2311 pariat,

2033 2337 2099 2376 an
2143 2322 2251 2391 jam
2298 2325 2405 2378 sint
2445 2325 2618 2395 aliqua
2661 2326 2854 2383 delicta
2900 2332 3183 2386 nascentis.
3232 2333 3335 2387 Sed
3378 2336 3495 2390 vide
3536 2352 3601 2391 ne

2037 2420 2319 2483 utrumque
2359 2414 2755 2483 intelligendum
2799 2417 2887 2473 sit.
2935 2418 3044 2473 Nec
3085 2432 3370 2492 conceptus
3412 2440 3603 2480 exsors

2036 2502 2327 2573 iniquitatis
2348 2513 2449 2569 est,
2474 2505 2720 2573 quoniam
2745 2516 2798 2561 et
2824 2520 3066 2577 parentes
3093 2527 3196 2564 non
3224 2524 3404 2567 carent
3426 2516 3604 2585 lapsu:

2035 2599 2090 2645 et
2115 2593 2158 2647 si
2186 2609 2285 2648 nec
2312 2594 2470 2650 unius
2498 2594 2601 2649 diei
2631 2595 2807 2650 infans
2834 2598 2949 2651 sine
2978 2611 3213 2667 peccato,
3245 2604 3412 2657 multo
3439 2608 3604 2675 magis

2036 2694 2135 2735 nec
2177 2681 2248 2734 illi
2296 2683 2521 2737 materni
2565 2694 2852 2754 conceptus
2887 2686 3001 2740 dies
3043 2688 3157 2742 sine
3193 2702 3410 2759 peccato
3457 2705 3604 2748 sunt.

2036 2768 2378 2840 Concipimur
2401 2785 2530 2840 ergo
2570 2773 2624 2825 in
2657 2781 2870 2841 peccato
2897 2785 3171 2843 parentum
3190 2817 3205 2840 ,
3237 2776 3290 2831 et
3318 2780 3368 2832 in
3398 2780 3610 2837 delictis

2036 2871 2218 2913 eorum
2266 2859 2551 2914 nascimur.
2594 2860 2698 2915 Sed
2730 2870 2782 2914 ct
2824 2862 2936 2929 ipse
2965 2873 3143 2933 partus
3176 2866 3331 2920 habet
3358 2874 3604 2939 contagia

2037 2961 2129 3001 sua
2153 2986 2171 3014 ,
2200 2962 2297 3003 nec
2322 2963 2483 3003 unum
2515 2950 2876 3006 tantummodo
2901 2952 3052 3007 habet
3081 2952 3191 3023 ipsa
3213 2965 3393 3010 natura
3418 2972 3605 3013 conta-

2036 3040 2215 3109 gium:
2256 3037 2406 3110 (Cap.
2437 3041 2548 3111 11).
2579 3040 2720 3095 Idem
2750 3042 2862 3110 ipse
2890 3044 2943 3097 in
2972 3044 3309 3112 Expositione
3338 3048 3453 3102 lihri
3496 3049 3607 3105 To-

2039 3132 2137 3186 biae.
2160 3151 2174 3185 :
2203 3150 2220 3182 ι
2247 3131 2375 3197 Quis
2401 3132 2521 3195 iste,
2553 3150 2572 3184 ι
2605 3133 2792 3203 inquit,
2827 3153 2847 3187 ι
2868 3136 3065 3205 peccati
3093 3146 3174 3191 est
3197 3138 3478 3204 fenerator,
3505 3141 3607 3196 nisi

2038 3223 2298 3290 diabolus,
2316 3237 2461 3294 aquo
2489 3223 2597 3278 Eva
2627 3235 2859 3279 mutuata
2889 3230 3204 3296 peccatnm’,
3223 3230 3463 3286 obnoxia:
3490 3248 3607 3289 suc«

2040 3315 2293 3369 cessionis
2338 3315 2513 3370 usuris
2534 3330 2690 3370 omne
2716 3332 2882 3387 genus
2926 3319 3246 3374 defeneravit
3286 3321 3604 3377 humanum»

2041 3403 2189 3474 (Cap.
2228 3404 2337 3476 9)?
2376 3403 2580 3460 Rursus
2635 3406 2687 3460 in
2738 3407 2925 3462 eodem
2977 3428 2991 3464 :
3040 3410 3347 3476 1)ι;ι1›υ1ιιε,›
3403 3414 3606 3483 inquit,

2046 3493 2240 3549 «Evam
2268 3495 2496 3565 decepit.
2526 3506 2584 3550 ut
2609 3499 2972 3567 supplantaret
2999 3503 3184 3567 virum,
3216 3504 3468 3572 obligaret
3496 3504 3607 3559 hm-

2041 3585 2313 3639 reditalcm
2329 3603 2348 3638 ι
2378 3583 2525 3657 (Cap.
2549 3586 2664 3656 25).
2685 3586 2825 3642 Idem
2850 3580 3031 3657 ipsein
3053 3590 3394 3660 Expositione
3416 3595 3611 3649 Psahni

2040 3676 2426 3747 quadragesimi
2453 3679 2623 3732 octavi
2650 3694 2663 3732 :
2697 3697 2716 3729 ι
2738 3679 2850 3733 Alia
2881 3690 2989 3746 est,
3016 3700 3035 3733 ι
3069 3683 3273 3751 inquit,
3323 3686 3613 3756 «iniquitas

2042 3778 2241 3835 nostra,
2270 3769 2370 3823 alia
2399 3769 2630 3825 caleanci
2660 3772 2859 3838 nostri,
2902 3771 2953 3825 in
2995 3787 3101 3841 quo
3125 3774 3288 3827 Adam
3315 3775 3471 3830 dente
3495 3793 3609 3832 scr-

2042 3859 2214 3927 pentis
2250 3868 2330 3913 est
2351 3860 2676 3924 vulneratus,
2704 3869 2757 3915 et
2784 3861 3059 3917 obnoxiam
3101 3862 3455 3919 ln-reditatcm
3482 3881 3611 3921 suc-

2042 3949 2299 4004 cessionis
2329 3950 2569 4004 humana:
2596 3967 2692 4005 suo
2720 3953 2939 4007 vulnere
2963 3953 3282 4025 dereliquit,
3326 3964 3379 4010 ut
3422 3970 3613 4011 omnes

2044 4039 2132 4094 illo
2152 4040 2370 4095 vulnere
2393 4040 2778 4096 claudicentusr
2812 4042 2901 4109 (In
2923 4061 3046 4098 vers.
3075 4046 3151 4112 6).

2113 4131 2338 4188 CAPUT
2378 4132 2463 4186 iV.
2494 4135 2667 4188 —H.
2694 4133 2713 4186 l
2739 4151 2904 4200 nunc,
2932 4146 2983 4189 et
3009 4137 3133 4188 mihi
3163 4136 3331 4207 objice
3356 4138 3618 4206 originale

2046 4221 2641 4288 peccatum:dissimnla
2692 4222 2758 4275 ab
2804 4223 2952 4287 istis,
2999 4225 3132 4295 ﬁnge
3165 4236 3213 4279 te
3244 4229 3447 4280 nescire
3484 4228 3615 4297 quid

2046 4308 2252 4374 dicant;
2283 4320 2336 4364 et
2360 4320 2557 4364 sancite.
2584 4310 2833 4365 Eccle-tite
2866 4319 2940 4364 tot
2968 4316 3233 4383 tantisque
3256 4315 3613 4380 dnct‘m'ihns’,

2046 4400 2261 4468 qui,vita
2288 4400 2485 4468 Optime
2507 4409 2648 4467 gesta
2674 4399 3050 4469 tlebt-llatisque
3076 4418 3287 4457 suorum
3319 4416 3615 4475 temporum

2047 4488 2347 4551 erroribus,
2389 4488 2809 4557 gloriosissime"
2839 4489 2907 4544 de
2950 4492 3048 4545 hoc
3095 4493 3290 4546 Strculo
3331 4504 3615 4565 antequam

2048 4592 2143 4630 vos
2170 4577 2461 4633 ebulliretis
2486 4578 2729 4632 exierunt
2752 4620 2765 4639 ,
2810 4580 2954 4634 velut
2996 4582 3073 4635 eis
3104 4599 3205 4635 nun
3237 4585 3360 4638 visis
3385 4627 3399 4648 ,
3445 4585 3495 4638 in
3527 4601 3615 4639 me

2051 4667 2300 4735 impetum
2333 4665 2550 4731 faciens,
2579 4675 2632 4720 et
2659 4667 2801 4721 velut
2830 4670 3068 4724 nesciens
3097 4672 3237 4740 quod
3267 4673 3336 4726 illi
3367 4673 3464 4725 sub
3493 4689 3617 4727 tneo

2051 4757 2263 4811 nomine
2292 4756 2617 4821 lacerentur,
2655 4766 2900 4825 tanquam
2931 4774 3147 4814 securus
3174 4761 3386 4815 insnlta.
3415 4761 3612 4816 Crede-

2051 4861 2161 4901 rem
2193 4855 2263 4912 te,
2309 4844 2497 4911 fateor,
2527 4846 2651 4914 quid
2685 4848 2803 4900 mali
2833 4846 2993 4901 facias
3021 4835 3283 4917 ignorare,
3319 4866 3415 4904 nec
3442 4853 3611 4920 impu-

2050 4937 2262 5002 dentia),
2295 4939 2386 4991 sed
2430 4936 2794 5005 imprudentia:
2835 4946 2934 4990 tuae
2966 4938 3283 5005 tribuerem,
3327 4941 3465 5009 quod
3498 4941 3611 4996 lucc

2052 5026 2246 5080 lumina
2290 5024 2515 5081 civitatis
2557 5025 2647 5078 Dei
2692 5019 2856 5081 audes
2901 5026 3158 5081 hostiliter
3186 5028 3464 5091 inscctari;
3494 5046 3610 5100 quas

2052 5118 2239 5174 sectari
2268 5116 2496 5172 ﬁdeliter
2518 5116 2744 5171 debuisti
2770 5133 2784 5168 :
2806 5117 3079 5171 crederem
3109 5126 3158 5171 te
3181 5159 3195 5182 ,
3230 5118 3438 5187 inquam
3464 5162 3477 5182 ,
3514 5122 3610 5174 hoc

2053 5220 2249 5264 tantum
2272 5207 2421 5264 nefas
2445 5208 2776 5262 committere
2806 5208 3148 5275 nescientem,
3177 5209 3276 5263 nisi
3299 5212 3346 5265 in
3370 5229 3434 5266 eo
3455 5213 3606 5280 libro,

2048 5408 2053 5413 .
2115 5386 2133 5417 ι
2168 5383 2299 5445 Αροά
2324 5381 2635 5434 ambrosiam,
2660 5377 2850 5447 mortui.
2979 5445 2987 5447 Α
3258 5440 3270 5447 .
3309 5416 3325 5447 ι

2112 5447 2133 5476 ²
2164 5440 2339 5492 (times
2363 5450 2480 5507 μεθ.
2498 5476 2513 5501 ,
2533 5444 2794 5507 Δηιαειιιιιιίι
2829 5445 3033 5507 peccato.
3066 5440 3354 5492 concordant
3383 5443 3472 5507 ipsi
3496 5444 3614 5497 editi

2053 5515 2245 5568 g'ostca,
2289 5520 2336 5553 ιι.
2361 5504 2450 5563 5:2,
2495 5503 2579 5551 ubi
2621 5513 2731 5550 cum
2902 5501 3117 5561 habent,
3148 5515 3178 5551 α
3210 5516 3302 5566 quo
3324 5501 3419 5555 ευά
3450 5519 3616 5557 autcu-

2052 5575 2238 5674 Mf'sic
2257 5634 2359 5675 uss.
2394 5635 2441 5676 at
2465 5627 2599 5675 Fditi.
2625 5631 2865 5687 tantasque
2889 5624 3117 5687 dorw‘ﬂ-

2117 5688 2135 5719 δ
2172 5697 2270 5737 Duo
2294 5703 2321 5736 e
2350 5692 2488 5738 tatie.
2519 5699 2639 5737 Vss”
2666 5685 2815 5744 alain
2837 5685 3003 5735 issinn'.
