4014 6184
263 371 270 376 ’
335 385 438 440 sn

338 501 424 552 cui
455 507 508 553 te
535 493 870 566 respondisse
895 490 976 547 vel
996 490 1286 552 existimas,
1315 478 1711 541 vel‘existimari
1741 485 1909 554 cupis,

349 586 741 655 apertissimum
770 579 1126 636 testimonium
1153 577 1218 632 de
1246 578 1412 631 sancti
1445 575 1706 630 Ambrosii
1731 573 1912 644 dispu-

347 679 544 730 tatione
578 673 866 742 posuissem
913 668 1027 741 (De
1054 666 1262 737 Nuptiis
1287 677 1331 720 et
1355 664 1797 733 Concupiscenlia,
1825 661 1912 716 lib.

349 767 394 827 l,
427 781 478 817 η.
511 764 624 832 40).
666 763 746 816 An
773 760 842 814 ibi
870 775 972 813 non
1001 757 1204 828 legisti,
1241 755 1382 825 quod
1409 769 1526 808 cum
1555 752 1752 807 Christi
1779 751 1916 806 nati-

347 858 556 908 vitalem
609 852 676 907 de
724 851 944 921 virginis
987 857 1143 918 partu
1195 860 1354 914 supra
1405 843 1580 898 dlctus
1629 841 1922 896 in'smuaret

309 993 313 996 .
353 946 682 1014 episcopus,¢
705 943 879 1005 Ideo,»
906 941 1191 1008 inquit,«ct
1209 937 1356 1006 quasi
1383 934 1541 988 homo
1563 947 1656 1002 per
1675 931 1920 986 universa

304 1058 319 1070 -
348 1043 576 1088 tentatus
601 1042 717 1099 est,
753 1040 805 1086 et
835 1031 886 1084 in
915 1027 1259 1084 similitudine
1286 1024 1560 1078 hominum
1589 1031 1779 1077 cuncta
1804 1035 1920 1074 sus-

349 1123 520 1185 tinuit,
553 1120 645 1175 sed
670 1122 818 1188 quasi
847 1119 913 1173 de
937 1117 1132 1186 Spiritu
1165 1123 1321 1170 natus
1350 1111 1602 1167 abstinuit
1627 1127 1657 1164 a
1679 1119 1918 1180 peccato.

347 1211 532 1265 Omnis
553 1211 694 1266 enim
721 1209 882 1262 homo
917 1205 1141 1260 mendax
1183 1202 1352 1275 (Psui.
1389 1216 1516 1264 CIV,
1547 1199 1628 1272 2),
1673 1209 1728 1255 et
1765 1213 1922 1254 nemo

349 1303 464 1354 sine
495 1309 710 1368 peccato
749 1296 848 1350 nisi
888 1311 1026 1349 unus
1069 1295 1224 1348 Dens.
1273 1292 1551 1346 Servatum
1579 1299 1662 1344 est
1690 1289 1845 1358 igitur
1867 1297 1925 1341 ut

351 1403 416 1454 ex
442 1389 556 1440 viro
580 1394 633 1440 et
669 1385 922 1449 muliere,
970 1381 1021 1436 id
1050 1392 1162 1444 est,
1191 1395 1284 1449 per
1305 1379 1444 1433 illam
1472 1393 1756 1447 corporum
1778 1391 1928 1432 com-

355 1475 662 1528 mixtioncm
708 1489 864 1527 nemo
908 1471 1145 1524 videatur
1185 1483 1379 1538 expers
1421 1481 1542 1522 esse
1584 1466 1786 1521 delicti.
1824 1464 1923 1530 Qui

352 1578 528 1620 autem
575 1579 767 1633 expers
809 1563 1014 1627 delicti,
1055 1576 1248 1631 expers
1292 1570 1376 1615 est
1411 1560 1570 1614 etiam
1619 1557 1925 1627 hujusmodi

353 1654 714 1724 conceptionis
740 1671 759 1704 ι
795 1650 901 1722 (Ea;
924 1660 1248 1704 commentar.
1277 1650 1330 1704 in
1367 1645 1603 1721 Isaiam).
1633 1647 1688 1702 Si
1718 1647 1830 1702 lucc
1855 1645 1930 1700 ibi

354 1744 514 1798 verba
544 1741 828 1798 venerandi
869 1741 1135 1795 Ambrosii
1163 1755 1266 1794 non
1295 1739 1486 1809 legisti,
1512 1735 1777 1808 quomodo
1806 1735 1927 1790 red-

355 1835 680 1904 arguendnm
718 1835 932 1900 librum,
961 1833 1010 1886 in
1033 1846 1138 1901 quo
1157 1847 1218 1886 ea
1239 1841 1360 1884 sunt
1384 1829 1572 1898 posita,
1614 1826 1930 1896 suscepisti?

359 1923 419 1980 Si
443 1935 620 1979 autem
665 1923 872 1992 legisti,
917 1921 1042 1992 quid
1069 1921 1348 1974 adversum
1378 1934 1464 1973 me
1495 1918 1624 1972 furis
1645 1959 1661 1986 ,
1700 1924 1756 1972 et
1783 1917 1929 1971 illum

361 2019 413 2072 in
441 2033 525 2072 me
551 2016 793 2086 primitus
819 2013 1035 2080 carpis?
1063 2013 1198 2081 Quid
1225 2026 1419 2066 nomen
1455 2009 1711 2064 dilaniare
1735 2007 1931 2081 niteris

358 2125 556 2174 meum,
584 2117 639 2164 et
662 2105 1000 2162 Ambrosium
1032 2103 1161 2158 facis
1189 2102 1348 2157 tacito
1371 2100 1486 2171 ejus
1515 2098 1732 2155 nomine
1759 2097 1930 2152 Mani-

357 2201 562 2256 elucum
579 2200 604 2254 ?
1229 2184 1250 2198 ’
1655 2183 1666 2190 ’

432 2289 516 2344 12.
555 2289 742 2344 Cernis
766 2301 956 2358 nempe
978 2301 1097 2340 cum
1119 2284 1308 2354 quibus
1339 2291 1425 2338 tua
1453 2280 1734 2337 maledicta
1758 2279 1926 2336 susti-

361 2397 536 2442 neam,
559 2381 735 2434 cernis
763 2395 882 2433 cum
913 2377 1105 2446 quibus
1137 2374 1266 2428 mihi
1311 2373 1382 2427 sit
1413 2386 1571 2427 causa
1599 2369 1932 2433 communis,

361 2487 518 2537 quam
558 2471 700 2524 nulla
727 2467 1152 2524 consideratione
1189 2464 1366 2519 sobria
1406 2463 1616 2533 pulsare
1659 2455 1936 2516 calumniis

359 2571 419 2616 et
443 2575 744 2630 expugnare
769 2555 1020 2611 conaris?
1057 2554 1241 2610 Cernis
1274 2551 1556 2623 quam‘tibi
1586 2551 1935 2622 perniciosum

362 2653 462 2710 sit,
500 2663 604 2704 Iam
637 2649 887 2704 horribile
928 2646 1130 2701 crimen
1167 2645 1400 2714 ohjicere
1445 2645 1672 2709 talibus;
1699 2651 1752 2696 et
1779 2657 1935 2713 quam

363 2741 491 2796 mihi
519 2741 829 2808 gloriosum,
857 2736 1128 2807 quodlibet
1151 2736 1353 2790 crimen
1373 2735 1556 2790 audire
1581 2749 1701 2790 cum
1724 2734 1938 2789 talibus?

363 2831 418 2887 Si
443 2831 636 2891 cernis,
663 2844 844 2894 cerne,
863 2837 917 2882 et
933 2827 1140 2881 tandem
1163 2835 1276 2880 tace
1304 2843 1317 2878 :
1347 2825 1684 2895 Pelagianam
1708 2824 1937 2894 linguam

367 2929 442 2974 tot
471 2919 664 2988 linguis
687 2916 961 2973 catholicis
998 2915 1234 2984 deprime
1258 2955 1270 2974 .
1310 2923 1386 2968 tot
1411 2914 1726 2970 venerandis
1761 2914 1940 2968 oribus

363 3018 610 3078 proterva
639 3023 729 3060 ora
765 3007 1034 3061 submitte.
1061 3005 1133 3082 .Si
1179 3005 1412 3059 scholam
1451 3003 1763 3060 Xenocratis
1805 3002 1942 3058 sicut

362 3097 582 3154 Polemo
607 3095 686 3166 (α)
714 3110 780 3149 ex
806 3096 1116 3149 antelucano
1143 3095 1386 3148 convivio
1412 3094 1731 3149 temulentus
1751 3093 1939 3146 intras-

365 3201 473 3250 ses,
503 3202 608 3238 nun
641 3191 782 3238 tanta
813 3193 1006 3254 quanta
1035 3184 1088 3238 in
1118 3184 1219 3238 isto
1243 3195 1386 3238 cmtu
1416 3193 1492 3238 tot
1519 3193 1820 3238 sanctorum
1847 3183 1939 3239 de-

368 3277 524 3332 beres
573 3275 890 3330 verecundia
951 3275 1204 3330 coerceri.
1264 3275 1358 3329 llic
1403 3275 1544 3330 enim
1597 3285 1744 3331 certe
1793 3284 1940 3330 tanto

366 3370 536 3435 major
557 3366 712 3422 debet
731 3381 848 3422 esse
868 3365 1208 3428 verecundia,
1235 3375 1432 3436 quanto
1454 3367 1632 3422 verior
1653 3367 1942 3424 addiscitur

366 3456 646 3526 sapientia.
674 3455 843 3510 'l‘anto
871 3455 1098 3525 amplius
1120 3455 1394 3510 reverendi
1424 3465 1547 3509 sunt
1573 3463 1650 3510 tot
1675 3471 1940 3512 memora-

367 3546 547 3600 bilinm
589 3546 955 3615 episcoporum
995 3560 1152 3616 quam
1191 3544 1348 3599 unius
1386 3544 1700 3600 Xenocratis
1741 3545 1934 3611 vultus,

364 3647 560 3702 quanto
586 3635 799 3709 Platone
815 3633 1129 3689 Xenocratis
1149 3634 1366 3689 doctore
1386 3634 1572 3689 doctor
1593 3637 1812 3690 istorum
1830 3652 1942 3690 ma—

361 3725 447 3795 jor
470 3733 554 3780 est
589 3725 849 3780 Christus.
882 3724 996 3795 Ego
1032 3735 1176 3780 certe
1203 3725 1370 3782 beata:
1399 3727 1670 3780 memoria:
1694 3727 1942 3782 Memoris

363 3816 529 3888 patris
562 3816 634 3870 tui
665 3831 766 3870 non
799 3817 1076 3872 immemor
1103 3816 1174 3887 (ὁ)
1198 3857 1212 3881 ,
1239 3819 1328 3887 qui
1359 3833 1564 3872 mecum
1591 3834 1693 3872 non
1727 3834 1939 3889 parvam

365 3906 555 3961 inierat
599 3906 882 3960 amicitiam
922 3905 1184 3975 colloquio
1214 3907 1540 3974 litterarum,
1568 3916 1724 3978 teque
1767 3909 1939 3978 ipsum

365 3997 492 4051 mihi
521 3997 888 4052 charissimum
927 3996 1158 4062 fecerat,
1190 4010 1310 4050 cum
1353 4006 1404 4050 te
1431 3997 1662 4058 viderem
1703 3999 1754 4052 in
1795 3998 1941 4054 libris

369 4088 473 4141 tuis
499 4103 604 4142 non
633 4088 951 4143 antelucano
973 4086 1218 4142 convivio
1240 4086 1608 4154 temulentum,
1632 4087 1726 4143 sed
1755 4089 1941 4144 insano

364 4181 607 4236 convicio
635 4179 1025 4244 turbulentum,
1067 4178 1332 4235 introdnxi
1363 4187 1414 4234 te
1447 4179 1740 4234 sedandum
1783 4190 1941 4252 atque

367 4270 680 4338 sanandum,
707 4286 811 4326 non
841 4271 892 4325 in
919 4271 1142 4341 alicujus
1163 4270 1460 4341 philosophi
1481 4270 1820 4337 auditorium,
1846 4272 1938 4327 sed

369 4363 422 4417 in
449 4371 748 4423 sanctorum
779 4373 986 4434 patrum
1011 4363 1288 4434 pacificum
1317 4361 1787 4434 bonorandumque
1814 4377 1943 4418 con-

367 4460 600 4506 ventum.
639 4451 721 4506 Sit
743 4467 918 4521 opera:
951 4454 1175 4522 pretium
1197 4493 1212 4519 ,
1239 4452 1463 4509 obsecro
1491 4460 1574 4520 te,
1619 4455 1796 4524 aspice
1823 4454 1941 4510 illos

365 4541 754 4608 qnodammodo
779 4543 1098 4611 aspicientes
1136 4552 1220 4610 te,
1261 4553 1316 4600 et
1352 4555 1630 4601 mansuete
1653 4561 1716 4601 ac
1753 4547 1940 4602 leniter

367 4631 605 4688 dicentes
631 4632 722 4686 tibi
751 4650 764 4686 :
795 4631 938 4687 itane
961 4648 1074 4698 nos,
1103 4633 1416 4701 tiliJnliane,
1443 4634 1714 4690 Manichaei
1735 4637 1939 4692 smnus?

364 4721 514 4793 Rogo
536 4765 551 4788 ,
582 4722 706 4794 quid
747 4721 1132 4792 respondebis?
1158 4723 1360 4791 Quibus
1385 4739 1475 4780 eos
1505 4727 1670 4780 oculis
1699 4728 1939 4782 intuebe-

363 4815 476 4870 ris?
501 4815 626 4882 Qua:
659 4813 749 4878 tibi
786 4809 1094 4883 a‘rgumenta
1120 4815 1466 4870 succurrent?
1491 4815 1618 4884 Qua:
1643 4816 1939 4873 Al‘ilelCliS

361 4909 639 4968 rategoria:
658 4948 673 4972 ,
715 4907 938 4978 quibus,
965 4916 1020 4960 ut
1047 4907 1098 4962 in
1131 4922 1229 4962 nos
1259 4908 1405 4963 velut
1428 4909 1618 4965 artifex
1645 4910 1938 4981 disputator

362 4999 583 5068 insilias,
615 4997 784 5052 videri
823 4997 1031 5068 appetis
1077 4997 1364 5053 elimatus?
1389 4998 1517 5068 Qua:
1543 5010 1749 5054 tuorum
1776 5016 1935 5070 argn-

362 5095 660 5143 mentorum
691 5087 772 5142 vel
811 5088 954 5143 acies
979 5089 1146 5144 vitrea
1167 5129 1184 5154 ,
1211 5087 1297 5144 vel
1335 5089 1562 5159 plumbei
1599 5092 1857 5163 pugiones
1881 5091 1933 5146 in

363 5175 573 5231 illorum
599 5184 886 5246 conspectu
910 5177 1081 5234 cxscri
1107 5176 1414 5234 audebunt?
1438 5177 1565 5244 Qua:
1592 5178 1690 5234 abs
1715 5187 1765 5235 te
1787 5193 1934 5234 arma

369 5280 470 5321 non
498 5265 694 5336 fugient
719 5266 1024 5338 nudumque
1055 5267 1378 5326 destituent?
1410 5269 1491 5324 An
1534 5267 1669 5323 forte
1702 5268 1936 5326 dicturus

426 5415 801 5494 i9).'f9!et!.'9.9!_
813 5417 1060 5494 ιειιῑιτίοεξ
1077 5421 1400 5494 adolemus
1441 5421 1640 5494 ίρδίεηίε
1659 5421 1814 5494 iam
1829 5423 1935 5486 nbi-

365 5477 616 5552 lpsophus.
637 5479 754 5531 Vide
771 5480 1007 5552 Valerium
1022 5483 1508 5552 mximum,_.libro‘6,
1529 5477 1634 5548 ἄψ.
1657 5484 1707 5546 9,
1725 5492 1777 5536 et
1793 5477 1935 5536 Liter-

364 5541 495 5610 tiunr
508 5541 792 5610 lgiogcnem,
816 5541 940 5610 libro
961 5542 992 5592 4
1015 5543 1081 5593 de
1092 5546 1211 5610 Avita
1225 5541 1629 5610 philosophorum.

428 5599 509 5668 (b)_
526 5599 642 5668 Vide
665 5599 998 5668 Augustinum.
1025 5605 1165 5668 Epist.
1195 5599 1275 5656 101
1297 5621 1312 5666 ;
1336 5599 1448 5668 vide
1471 5609 1616 5659 etiam
1641 5605 1780 5668 infra,
1811 5613 1934 5658 Iler-

361 5662 990 5781 ggtt’wéﬁhmum
1033 5662 1263 5714 adversus
1295 5662 1600 5730 ite-lagianos,
1640 5671 1687 5718 in
1723 5662 1936 5720 secunda

1153 375 1426 434 comas
1462 342 1800 431 temetum
1828 364 2298 439 PLLACIANUM,
2339 369 2396 424 s.
2440 367 2804 426 Aususmu

2023 499 2114 547 es,
2143 485 2406 538 neminem
2447 482 2656 536 illorum
2686 494 2736 536 te
2765 481 2817 535 in
2853 481 2956 536 isto
3001 479 3223 533 crimine
3253 479 3551 532 nominasse
3570 477 3597 531 ?

2025 573 2091 625 Et
2118 573 2243 642 quid
2269 571 2430 627 facies
2450 613 2464 633 .
2508 587 2626 626 cum
2659 571 2750 624 tibi
2780 567 3033 630 dixerint,
3063 567 3412 622 Tolerabilius
3437 575 3598 622 dente

2025 662 2280 717 maledico
2319 663 2530 716 nomina
2559 659 2867 716 concideres
2894 668 3069 712 nostra
3089 700 3104 724 ,
3133 674 3286 726 quam
3317 657 3471 710 fidem
3499 672 3597 713 no-

2024 761 2210 817 stram,
2239 751 2390 822 cujus
2415 753 2604 806 merito
2629 751 2680 805 in
2697 750 2852 805 .ccelo
2882 749 3093 804 nomina
3122 748 3232 818 ipsa
3258 749 3452 816 scripta
3478 759 3601 802 sunt

2028 842 2244 898 nostra?
2272 847 2353 896 An
2381 841 2515 896 forte
2533 841 2678 896 dices
2698 839 2794 904 eis,
2821 838 2929 894 Nec
2955 837 3109 892 fidem
3133 849 3360 892 vestram
3384 838 3490 890 nlln
3513 838 3600 892 tali

2025 934 2249 990 crimine
2277 933 2502 988 violavi?
2529 932 2634 988 Sed
2673 947 2775 1002 qua
2805 929 3123 984 conﬁdentia
3154 928 3204 982 id
3235 927 3412 982 dicere
3437 927 3600 980 nude-

2030 1023 2130 1089 bis,
2163 1024 2323 1078 homo
2359 1023 2450 1092 qui
2473 1022 2604 1076 dicis
2630 1019 2974 1075 Manichmum
3001 1034 3120 1072 esse
3158 1032 3395 1082 sensum,
3433 1014 3601 1070 ccuti-

2029 1114 2128 1170 teri
2157 1130 2224 1170 ex
2257 1113 2426 1168 Adam
2458 1112 2667 1167 trahere
2695 1119 2975 1165 nascentes
2999 1109 3253 1179 originale
3293 1119 3602 1177 peccatum;

2028 1206 2170 1277 quod
2208 1204 2294 1259 isni
2319 1204 2547 1260 confessi
2573 1213 2733 1272 atque
2762 1201 2984 1270 professi
3011 1211 3136 1253 sunt
3160 1199 3300 1269 quod
3329 1199 3379 1252 in
3409 1196 3603 1266 Christi

2031 1294 2264 1350 Ecclesia
2285 1295 2300 1326 ι
2327 1308 2542 1347 suorum
2571 1291 2990 1347 rudimentorum
3021 1298 3256 1358 tempore
3285 1285 3602 1352 didicerunt,

2031 1385 2172 1456 quod
2215 1384 2412 1440 Christi
2453 1383 2748 1440 Ecclesiam
2795 1394 3011 1434 suorum
3059 1377 3319 1432 honorum
3367 1386 3606 1446 tempore

2031 1477 2366 1541 docuerunt,
2413 1475 2499 1544 qni
2547 1489 2644 1543 per
2684 1471 2937 1540 Spiritum
2988 1478 3228 1525 sanictum
3280 1478 3386 1522 tam
3443 1469 3604 1522 multa

2035 1574 2243 1632 peccata
2269 1564 2517 1621 onmibns
2545 1577 2681 1633 quos
2703 1561 2968 1630 baptizare
2993 1567 3294 1629 potuerunt,
3329 1567 3434 1611 tam
3464 1557 3604 1612 mul-

2035 1655 2103 1711 tis
2127 1655 2359 1726 parvulis
2383 1655 2493 1708 sola
2520 1652 2796 1723 originalis
2825 1647 3185 1719 remiserunt?
3213 1643 3408 1701 lterum
3439 1655 3488 1699 te
3513 1645 3606 1699 ad-

2033 1761 2256 1811 moneo,
2287 1745 2476 1800 iterum
2503 1757 2652 1814 rogo,
2687 1742 2867 1810 aspice
2891 1749 2968 1794 tot
2994 1753 3057 1793 ac
3084 1737 3215 1792 tales
3245 1737 3494 1792 Ecclesia:
3521 1751 3608 1789 ca-

2034 1837 2242 1892 tholicae
2267 1835 2573 1890 defensores
2613 1843 2770 1902 atque
2797 1833 3074 1888 doctores”
3099 1849 3113 1886 :
3143 1828 3263 1883 vide
3291 1827 3484 1899 quibus
3504 1839 3608 1882 tam

2037 1943 2254 1998 gravem
2279 1935 2490 1994 tamque
2515 1924 2766 1979 nefariam
2795 1922 3044 1994 irrogaris
3061 1920 3328 1992 injuriam.

2109 2018 2195 2072 15.
2237 2019 2315 2072 An
2343 2016 2461 2071 ideo
2484 2013 2902 2070 contemnendos
2923 2023 3095 2082 putas,
3121 2011 3242 2082 quia
3263 2010 3607 2066 occidentalis

2039 2107 2288 2164 Ecclesia:
2311 2115 2433 2161 sunt
2459 2120 2645 2161 omnes
2663 2145 2680 2171 ,
2708 2119 2807 2160 nec
2835 2104 2974 2159 ullus
2998 2112 3080 2158 est
3102 2103 3153 2156 in
3177 2103 3256 2158 eis
3284 2116 3608 2157 commemo-

2039 2207 2183 2253 ratns
2211 2213 2239 2251 a
2267 2197 2417 2252 nobis
2439 2196 2670 2252 Orientis
2690 2196 2970 2266 episcOpns
2989 2195 3012 2248 ?
3032 2193 3165 2260 Quid
3185 2207 3312 2262 ergo
3337 2192 3605 2254 faciemus,

2039 2306 2158 2346 cum
2189 2291 2261 2345 illi
2289 2288 2457 2344 Graeci
2483 2288 2608 2351 sint,
2634 2301 2732 2341 nos
2756 2286 2966 2340 Latini?
2991 2286 3122 2340 Puto
3150 2285 3241 2339 tibi
3266 2299 3382 2339 eam
3411 2293 3610 2352 partem

2039 2381 2185 2436 orbis
2213 2378 2459 2435 sufficere
2485 2377 2683 2434 debere
2705 2418 2720 2439 .
2765 2377 2818 2432 in
2848 2391 2949 2445 qna
2987 2375 3214 2444 primum
3243 2375 3610 2442 Apostolorum

2040 2486 2255 2526 suorum
2280 2469 2446 2524 volnlt
2474 2468 2728 2523 Dominus
2757 2465 3135 2536 gloriosissimo
3175 2465 3430 2534 martyrio
3456 2477 3612 2518 coro-

2043 2575 2189 2615 nare.
2216 2559 2308 2614 Cui
2341 2557 2592 2613 Ecclesia:
2620 2555 2990 2626 praesidentem
3015 2555 3223 2608 beatum
3251 2553 3610 2608 lnnocentium

2041 2651 2084 2704 si
2114 2649 2299 2704 audire
2323 2649 2602 2714 voluisses,
2627 2646 2735 2718 jam
2767 2655 2888 2700 tunc
2915 2645 3260 2715 periculosam
3283 2643 3610 2712 iuventutem

2045 2749 2185 2794 tuam
2205 2739 2496 2810 Pelagianis
2517 2738 2716 2808 laqueis
2735 2737 2990 2791 emisses.
3017 2733 3155 2802 Quid
3173 2734 3314 2787 enim
3338 2731 3506 2802 potuit
3526 2729 3610 2786 ille

2046 2831 2125 2883 vir
2145 2837 2358 2884 sanctus
2383 2829 2644 2883 Africanis
2680 2824 3004 2895 respondere
3036 2823 3309 2884 conciliis,
3342 2821 3443 2876 nisi
3475 2819 3610 2890 quod

2043 2920 2329 2990 antiquitus
2367 2917 2669 2987 Apostolica
2699 2915 2865 2970 Sedes
2901 2925 2955 2970 et
2995 2914 3226 2968 Romana
3257 2927 3379 2966 cum
3406 2910 3615 2965 eantcris

2046 3019 2188 3064 tenet
2210 3015 2608 3078 perseveranter
2630 3003 2897 3060 Ecclesia?
2923 3003 2989 3058 Et
3013 3013 3188 3056 tamen
3209 3002 3326 3071 ejus
3346 3015 3612 3057 successo-

2047 3117 2156 3156 rem
2181 3095 2495 3174 (Zosimum)
2516 3097 2737 3152 crimine
2772 3093 3217 3164 pnevaricationis
3233 3108 3473 3156 accusas,
3493 3093 3610 3160 quia

2045 3190 2299 3245 doctrina:
2323 3188 2626 3257 apostolicae
2650 3195 2704 3240 et
2729 3186 2808 3240 sui
2832 3184 3126 3239 decessoris
3153 3183 3428 3238 sententize
3451 3183 3614 3236 noluit

2045 3279 2317 3350 refragari.
2341 3278 2444 3334 Sed
2465 3278 2532 3332 de
2556 3279 2654 3332 hoc
2677 3276 2884 3331 interim
2913 3284 3080 3337 taceo,
3105 3290 3170 3328 ne
3189 3273 3424 3327 animum
3447 3282 3610 3336 tuum,

2044 3387 2205 3444 quem
2230 3386 2420 3426 sanare
2446 3371 2624 3440 potius
2639 3369 2792 3438 cupio
2821 3383 2977 3438 quam
3014 3365 3242 3430 irritare,
3275 3365 3515 3419 laudibus
3541 3361 3612 3417 tni

2045 3463 2368 3518 damnaturis
2407 3460 2726 3516 exulcerem.
2761 3457 2952 3513 Sancto
2990 3455 3296 3512 Innocentio
3331 3454 3449 3509 vide
3491 3452 3612 3525 quid

2045 3553 2386 3624 respondeas,
2415 3552 2505 3622 qui
2550 3551 2683 3606 nihil
2716 3549 2857 3605 aliud
2894 3547 2962 3602 de
3004 3547 3102 3602 hac
3141 3561 3199 3600 re
3236 3545 3412 3614 sapit,
3457 3558 3612 3614 quam

2045 3645 2184 3714 quod
2209 3643 2293 3698 isti
2323 3643 2374 3697 in
2401 3637 2624 3712 quorum
2655 3649 2707 3695 te
2747 3647 3092 3702 conventum,
3123 3637 3168 3691 si
3197 3647 3370 3691 tamen
3401 3635 3614 3704 prodest

2045 3733 2263 3803 aliquid,
2294 3732 2596 3788 introduxi:
2626 3745 2748 3786 cum
2779 3729 2860 3784 his
2887 3728 3046 3783 etiam
3077 3727 3186 3796 ipse
3213 3726 3451 3782 considet
3471 3765 3486 3790 ,
3515 3725 3613 3780 etsi

2046 3828 2310 3898 posterior
2338 3835 2598 3895 tempore,
2625 3823 2770 3894 prior
2792 3823 2932 3876 loco.
2957 3821 3032 3876 De
3059 3819 3268 3874 miseris
3297 3818 3524 3888 parvulis
3547 3815 3612 3870 ah

2045 3917 2288 3988 originali
2320 3917 2478 3980 malo,
2509 3913 2654 3985 quod
2699 3912 2924 3967 trahitur
2949 3927 3014 3965 ex
3063 3909 3254 3973 Adam,
3286 3923 3382 3979 per
3416 3905 3611 3963 Christi

2043 4009 2264 4079 gratiam
2293 4005 2578 4062 liberandis
2597 4045 2612 4066 ,
2640 4018 2799 4058 unam
2838 4017 2958 4058 cum
2988 4001 3068 4056 eis
3107 4009 3251 4054 tenet
3273 3998 3609 4053 christianam

2045 4111 2330 4167 veramque
2353 4095 2665 4151 sententiam
2689 4111 2702 4146 :
2731 4092 2817 4163 qui
2847 4107 3005 4146 omne
3027 4089 3348 4160 prmteritum
3369 4087 3551 4141 vitium
3569 4085 3610 4154 ³,

2046 4190 2200 4259 primi
2228 4189 2431 4244 scilicet
2463 4185 2712 4249 hominis,
2741 4185 2830 4254 qui
2860 4184 3024 4238 libero
3053 4183 3270 4237 arbitrio
3296 4189 3378 4236 est
3405 4180 3458 4235 in
3489 4195 3610 4250 pro-

2045 4280 2202 4335 funda
2232 4278 2504 4334 demersus
2523 4317 2537 4342 ,
2563 4275 2830 4330 Christum
2857 4273 2990 4328 dixit
3013 4274 3094 4328 sui
3121 4272 3336 4326 lavacro
3365 4283 3611 4341 purgasse

2047 4369 2378 4440 Baptismatis
2395 4365 2580 4438 (Epist.
2603 4366 2724 4431 181,
2747 4383 2798 4419 η.
2823 4367 2875 4426 7.
2898 4363 3028 4418 inter
3052 4363 3464 4434 Augustiniauas)
3486 4379 3501 4427 ;
3528 4360 3610 4429 qui

2045 4461 2270 4532 denique
2319 4459 2566 4530 parvulos
2612 4457 2852 4512 definivit
2885 4454 3096 4527 (Epist.
3142 4455 3264 4520 182,
3306 4471 3360 4507 n.
3389 4455 3444 4516 5,
3489 4455 3612 4506 inter

2045 4547 2474 4623 Augdslinianas)
2499 4591 2515 4616 ,
2566 4549 2663 4602 nisi
2732 4546 3166 4602 manducavcrint
3225 4561 3441 4599 canta-in
3495 4544 3610 4598 Filii

2045 4641 2294 4708 hominis,
2327 4641 2489 4694 vitam
2517 4654 2733 4710 prorsus
2759 4638 2956 4692 habere
2990 4652 3094 4690 non
3119 4651 3277 4704 posse
3305 4633 3497 4700 (Jonu.
3521 4650 3570 4688 vt
3596 4674 3609 4696 ,

2043 4733 2172 4806 5i).
2203 4733 2335 4788 lluic
2377 4731 2656 4802 responde,
2689 4729 2796 4784 imo
2822 4727 2922 4798 ipsi
2960 4727 3208 4791 Domino,
3235 4726 3387 4794 cujus
3408 4725 3498 4780 ille
3521 4741 3613 4780 an-

2045 4827 2193 4882 tistes
2221 4840 2350 4880 usus
2368 4831 2450 4880 est
2474 4821 2794 4886 testimonio,
2827 4828 2882 4876 et
2907 4819 2994 4874 dic
3020 4819 3160 4874 unde
3187 4818 3361 4889 imago
3385 4818 3480 4872 Dei
3509 4830 3610 4873 tam

2041 4915 2250 4985 capitali
2278 4913 2536 4983 supplicio
2567 4912 2831 4982 puniatur,
2863 4917 2920 4963 ut
2943 4909 3048 4962 vita
3073 4908 3328 4976 privetur,
3351 4907 3394 4960 si
3423 4922 3610 4977 pecca-

2044 5016 2152 5061 tnm
2191 5021 2220 5058 a
2265 5003 2604 5059 nascentibus
2637 5001 2892 5072 originale
2930 5015 3035 5054 non
3075 4988 3322 5054 trahitur.
3353 4999 3460 5055 Sed
3488 4996 3611 5070 quid

2041 5096 2207 5160 dicas,
2240 5103 2332 5149 aut
2359 5093 2478 5165 quid
2519 5092 2873 5163 respondeas;
2902 5091 2992 5162 qui
3022 5091 3181 5149 etiam
3209 5089 3253 5145 si
3285 5091 3495 5145 beatum
3520 5104 3612 5146 au-

2041 5185 2168 5239 deas
2194 5159 2705 5261 lunoce'ntiumhnon
2729 5159 2950 5236 audebis
2975 5189 3150 5236 tamen
3177 5179 3443 5237 Christum
3473 5179 3612 5236 dice-
3655 5159 3670 5170 ’

2040 5294 2100 5333 re
2125 5275 2501 5332 Maniclueum?

2112 5369 2197 5424 li.
2239 5367 2352 5424 Non
2382 5376 2464 5424 cst
2487 5381 2615 5438 ergo
2650 5381 2746 5424 cur
2769 5379 3030 5438 provoces
3052 5365 3118 5422 ad
3145 5363 3378 5422 Orientis
3403 5363 3608 5420 antisti-

2106 5549 2120 5580 ί
2155 5539 2352 5617 Codices
2371 5551 2499 5617 uss,
2530 5545 2656 5610 quod
2686 5543 2739 5598 in
2759 5551 2928 5598 amicta
2957 5542 3167 5598 Ecclesia
3193 5557 3212 5596 :
3236 5551 3292 5595 et
3311 5543 3463 5605 talia,
3485 5545 3606 5607 qua

2039 5615 2253 5660 sanctam
2277 5606 2550 5658 Ecclesium.

2103 5671 2122 5701 ³
2155 5680 2226 5718 sic
2243 5682 2415 5719 omnes
2445 5677 2549 5719 Mss.
2572 5669 2687 5719 rditi
2705 5703 2720 5728 ,
2745 5675 2968 5720 rectores.

2105 5730 2124 5763 ⁸
2157 5740 2252 5779 Am.
2275 5736 2346 5778 Er.
2376 5739 2424 5778 et
2446 5730 2664 5794 plerique
2688 5724 2814 5792 $33.,
2841 5731 2916 5780 hic
2941 5737 2988 5780 et
3011 5728 3153 5790 intra,
3175 5726 3411 5792 prmum:
3429 5724 3602 5778 vitium.
