4038 6182
351 388 467 439 tes;
499 369 620 442 quia
647 375 702 424 et
733 364 833 437 ipsi
855 362 1036 432 utique
1071 353 1345 417 christiani
1385 359 1529 415 sunt,
1571 357 1625 406 et
1660 347 1939 442 utriusque

355 436 532 537 partis
549 436 810 515 terrarum
850 453 981 509 lides
1017 445 1122 505 ista
1145 461 1253 504 una
1279 454 1393 509 est;
1423 443 1545 514 quia
1582 448 1637 496 et
1676 436 1808 494 lides
1837 437 1939 492 ista

355 535 645 613 christiana
672 560 756 607 est
783 565 799 602 :
826 556 878 603 et
909 555 961 601 te
1001 551 1151 599 certe
1175 535 1520 594 occidentalis
1546 542 1687 587 terra
1712 541 1942 601 genera-

357 647 455 711 vit,
484 639 831 700 occidentalis
851 628 1184 709 regeneravit
1209 627 1469 685 Ecclesia.
1503 622 1638 693 Quid
1664 622 1714 677 ei
1751 618 1948 691 quaeris

360 737 585 800 inferre,
608 731 749 801 quod
773 730 824 782 in
840 743 903 783 ea
920 742 1029 782 non
1047 720 1316 785 invenisti,
1337 715 1550 790 quando
1566 714 1618 769 in
1640 713 1757 783 ejus
1778 724 1949 766 mem-

361 831 460 886 bra
493 826 682 884 venisti
703 826 728 878 Ἰ
756 823 869 877 lmo
896 819 1022 895 quid
1052 817 1102 887 ei
1138 813 1337 886 quaeris
1357 809 1568 866 auferre
1587 848 1602 869 .
1635 803 1777 876 quod
1807 803 1859 857 in
1888 815 1952 895 ea

368 937 426 980 tu
471 933 682 993 quoque
711 893 1002 986 accepisti?
1031 909 1162 965 Nam
1189 914 1463 978 peccatum
1503 899 1780 970 originale,
1811 893 1953 966 quod

367 1015 422 1073 in
450 1012 675 1067 aliorum
702 1005 993 1077 perniciem
1022 998 1362 1070 parvulorum
1392 1005 1586 1062 negas,
1622 999 1959 1060 quacumque

369 1111 529 1161 aetate
548 1101 622 1156 sis
642 1098 960 1168 baptizatus,
984 1102 1076 1147 aut
1099 1092 1274 1160 ipsum
1307 1084 1400 1142 tibi
1428 1085 1710 1142 remissum
1736 1089 1836 1143 εει,
1870 1085 1963 1133 aut

365 1206 421 1252 et
443 1195 616 1264 ipsum
632 1194 672 1244 ι.
687 1187 794 1244 Sed
814 1188 860 1241 si
885 1198 1068 1240 verum
1093 1189 1196 1244 est,
1210 1177 1352 1249 quod
1376 1174 1694 1239 audivimus,
1711 1179 1765 1227 te
1789 1169 1962 1225 infan-

376 1258 547 1340 tulum
575 1279 938 1350 baptizatum,
968 1275 1131 1330 etiam
1163 1280 1216 1325 tu
1246 1266 1490 1340 quamvis
1522 1279 1553 1318 a
1592 1262 1699 1317 tuis
1738 1258 1966 1330 propriis

377 1374 615 1448 peccatis
650 1374 945 1435 innocens,
975 1375 1156 1421 tamen
1199 1361 1324 1432 quia
1368 1373 1435 1419 ex
1482 1355 1651 1413 Adam
1677 1351 1967 1409 carnaliter

382 1445 558 1531 natus,
581 1463 884 1532 contagium
905 1458 1091 1513 mortis
1114 1454 1345 1523 antiqua:
1365 1450 1534 1520 prima
1565 1445 1836 1503 nativitate
1861 1453 1970 1498 tra-

384 1558 506 1613 sisti
533 1575 546 1610 :
575 1565 629 1610 et
671 1555 723 1608 in
749 1531 1029 1621 iniquitate
1057 1553 1349 1613 conceptus
1377 1555 1456 1606 es,
1487 1535 1727 1608 profecto
1755 1531 1968 1589 exorci-

382 1660 534 1707 zatns
561 1657 614 1704 et
633 1644 942 1703 exsulilatns
968 1656 1049 1710 es,
1077 1648 1183 1694 uta
1212 1641 1471 1707 potestate
1497 1637 1683 1687 erutus
1717 1625 1969 1682 tenebra-

385 1760 502 1799 rum
530 1737 897 1797 transl'erreris
935 1735 989 1791 in
1029 1745 1252 1802 regnum
1279 1725 1476 1782 Christi
1499 1722 1728 1796 (Colon.
1761 1735 1812 1784 t,
1842 1716 1969 1786 l5).

388 1834 434 1891 0
458 1835 528 1889 lili
559 1832 698 1887 male
724 1844 793 1889 ex
811 1827 979 1883 Adam
1007 1832 1150 1886 nate,
1178 1820 1271 1901 sed
1293 1819 1430 1873 bene
1454 1817 1505 1871 in
1530 1812 1743 1869 Christo
1769 1818 1971 1873 renate,

390 1926 735 1983 Sacramenta
763 1920 959 1991 quibus
985 1927 1037 1972 te
1066 1913 1288 1985 peperit,
1319 1921 1425 1965 tuze
1448 1906 1603 1963 matri
1637 1902 1850 1960 conaris
1877 1915 1976 1955 au-

393 2016 553 2071 ferre.
592 2011 856 2083 Numquid
885 2006 1170 2063 Mauichma
1200 2003 1298 2058 fuit
1319 2043 1335 2066 ,
1366 1999 1580 2071 quando
1608 1997 1710 2052 isto
1737 1992 1899 2048 modo
1929 2001 1980 2083 Ie

394 2104 621 2178 peperit,
650 2117 755 2173 quo
778 2100 937 2157 modo
956 2098 1067 2168 jam
1095 2109 1199 2151 non
1227 2093 1310 2149 vis
1334 2100 1391 2147 ut
1411 2090 1604 2161 pariat,
1630 2096 1686 2143 et
1708 2083 1906 2154 ingeris
1928 2082 1980 2141 ei

395 2176 727 2256 nativitatis’
752 2189 1070 2263 opprobria,
1104 2192 1166 2244 ut
1200 2186 1253 2241 in
1293 2200 1354 2240 ea
1385 2181 1594 2238 caeteris
1619 2176 1871 2243 claudas,
1915 2189 1981 2229 ex

400 2286 593 2358 quibus
614 2284 728 2355 ipse
754 2291 909 2337 natus
941 2294 1034 2343 es,
1062 2278 1268 2332 viscera
1297 2270 1549 2345 pictatis?
1585 2265 1787 2325 Dividis
1812 2265 1863 2321 ei
1883 2278 1984 2319 no-

405 2560 528 2634 quia
554 2560 758 2623 scilicet
773 2557 931 2615 Jesns
969 2554 1215 2611 Salvator
1251 2550 1630 2616 interpretatur
1656 2560 1674 2599 :
1697 2540 1843 2613 quod
1865 2553 1989 2634 eum

406 2628 640 2726 parvulis
659 2666 778 2708 esse
807 2664 913 2705 non
937 2645 1122 2710 vultis,
1151 2642 1243 2714 qui
1268 2640 1403 2699 nihil
1438 2652 1535 2693 eos
1572 2634 1810 2702 habere,
1850 2628 1993 2695 unde

406 2748 530 2811 illos
555 2746 733 2801 salvos
758 2741 936 2806 faciat,
956 2735 1278 2808 praedicatis.
1602 2810 1605 2811 γ

474 2828 705 2887 CAPUT
742 2826 807 2881 v.
834 2803 1023 2881 αἲξ.
1061 2819 1170 2878 Sed
1206 2832 1312 2875 non
1344 2813 1438 2871 tibi
1463 2810 1639 2868 deerit
1675 2803 1855 2879 magni
1897 2818 1992 2863 no-

408 2920 567 2981 minis
594 2929 649 2974 et
685 2900 823 2973 fama
855 2910 1208 2973 celeberrima
1250 2904 1473 2962 illustris
1508 2901 1792 2973 episcopus
1834 2896 1995 2953 etiam

407 3010 478 3068 de
514 3008 752 3080 partibus
791 3003 1057 3068 Orientis,
1096 2997 1248 3070 cujus
1287 2994 1499 3065 eloquia
1531 2991 1760 3062 ingentis
1804 2986 1998 3047 merito

408 3101 617 3173 gratiae,
638 3098 797 3155 etiam
826 3097 880 3150 in
906 3095 1143 3164 linguam
1170 3089 1389 3144 latinam
1410 3083 1669 3141 translata
1696 3093 1999 3150 usquequa-

413 3170 517 3265 que
545 3192 870 3249 claruerunt.
898 3186 1094 3243 Sedeat
1115 3197 1243 3253 ergo
1271 3195 1397 3236 cum
1424 3177 1539 3233 istis
1573 3173 1814 3247 patribus
1837 3170 1997 3233 etiam

413 3264 630 3349 sanctus
653 3281 966 3352 Gregorius,
996 3288 1198 3334 etcum
1236 3274 1316 3330 eis
1340 3280 1448 3327 tute
1469 3264 1857 3325 criminationis
1882 3264 2000 3318 ina-

417 3390 540 3441 nem
566 3370 829 3445 patiatur'
858 3367 1112 3429 invidiam
1142 3382 1157 3421 :
1185 3363 1312 3420 dum
1353 3370 1528 3417 tamen
1554 3371 1677 3413 cum
1700 3355 1780 3411 eis
1815 3362 2000 3409 contra

417 3466 671 3526 novitiam
712 3470 915 3534 pestem
959 3467 1191 3515 vestram
1211 3496 1227 3520 ,
1268 3450 1638 3511 medicinalem
1676 3445 1912 3519 proferat
1948 3451 2004 3501 et

418 3558 531 3629 ipse
556 3555 893 3614 sententiam.
921 3551 1057 3611 Audi
1078 3564 1206 3622 ergo
1229 3546 1353 3620 quid
1379 3546 1521 3601 dicat
1547 3561 1563 3598 :
1598 3560 1619 3596 ι
1647 3542 1846 3610 Imago,
1875 3557 1896 3590 ι
1922 3538 2005 3629 in-

419 3626 552 3721 quit,
586 3666 607 3700 ι
640 3646 737 3703 Dei
766 3645 938 3701 labem
977 3655 1250 3712 corporea:
1276 3634 1635 3696 inundationis
1668 3626 2001 3721 expurget‘,

418 3720 474 3795 et
501 3735 835 3811 conjunctam
863 3733 967 3791 sibi
984 3745 1199 3788 carnem
1224 3726 1374 3784 verbi
1407 3725 1499 3781 Dei
1517 3722 1764 3781 sublevet
1790 3720 2001 3791 pennis.

425 3831 489 3887 Et
517 3829 758 3901 quamvis
781 3826 976 3883 melius
1002 3823 1210 3887 luisset,
1240 3834 1310 3876 ne
1331 3831 1493 3890 egere
1513 3814 1727 3886 quidem
1754 3811 2006 3882 hujusce:-

422 3920 567 3978 modi
596 3918 980 3990 expurgatione
999 3956 1016 3983 ,
1044 3913 1138 3970 sed
1167 3912 1223 3968 in
1258 3910 1350 3965 illa
1387 3908 1561 3979 prima
1594 3904 1857 3976 dignitate
1879 3916 2007 3972 per-

424 3988 707 4073 mansisse,
732 3988 801 4063 ad
825 3988 1071 4077 quamet
1102 4001 1497 4060 refesdnamus,
1531 4002 1653 4066 post
1689 3999 2009 4062 prteseutem

420 4098 851 4158 emendationem
871 4096 893 4127 ⁵
913 4134 929 4160 ,
958 4103 1013 4150 et
1037 4091 1228 4149 melius
1255 4088 1441 4149 fuisset
1464 4099 1571 4142 non
1596 4082 1846 4145 excidere
1872 4095 1904 4136 a
1946 4079 2014 4135 li-

422 4208 531 4266 gno
558 4192 682 4247 vita:
706 4199 864 4262 gustu
881 4186 1217 4244 amarissimo
1235 4181 1474 4253 peccati;
1499 4176 1757 4239 tamenin
1775 4172 2013 4232 secundo

428 4284 548 4339 loco
571 4279 791 4353 expedit
826 4274 1097 4339 emendari
1123 4283 1178 4330 et
1208 4270 1405 4343 corrigi
1432 4278 1554 4342 post
1594 4269 1822 4338 lapsum,
1852 4278 2012 4335 quam

431 4373 489 4433 in
517 4360 765 4441 nequitiis
788 4381 1123 4442 permanere.
1156 4384 1177 4418 ι
1210 4364 1453 4433 itemque
1483 4360 1623 4419 idem
1652 4359 1767 4429 ipse
1798 4374 1813 4412 :
1850 4374 1870 4409 ι
1896 4354 2018 4411 Sic.-

432 4473 491 4519 ut
515 4468 567 4519 in
599 4462 766 4520 Adam
812 4474 1020 4525 omnes,
1055 4478 1075 4512 ι
1107 4457 1296 4527 inquit,
1328 4472 1347 4507 ε
1377 4452 1573 4508 mortui
1618 4463 1825 4517 sumus,
1856 4447 1928 4504 ita
1963 4454 2020 4504 et

433 4555 489 4611 in
521 4552 736 4611 Christo
761 4564 949 4609 omnes
988 4547 1337 4604 vivilieemur.
1365 4544 1498 4600 Cum
1525 4541 1742 4601 Christo
1764 4553 1895 4610 ergo
1919 4552 2021 4595 nai-

432 4659 644 4699 seamur
660 4643 702 4709 ‘,
730 4650 787 4698 et
806 4656 928 4697 cum
954 4638 1172 4701 Christo
1200 4634 1588 4706 cruciﬂgamur,
1616 4640 1670 4690 et
1687 4630 2019 4700 consepelia-

432 4750 557 4790 mur
580 4735 631 4789 ei
656 4733 711 4789 in
737 4740 987 4798 mortem,
1023 4737 1084 4784 ut
1108 4742 1231 4787 cum
1257 4727 1373 4797 ipse
1400 4725 1562 4781 etiam
1586 4735 1930 4791 resurgamus
1949 4718 2018 4779 ad

434 4829 620 4883 vitam.
648 4824 879 4883 Necesse
912 4831 999 4878 est
1026 4820 1169 4882 enim
1199 4833 1301 4874 nos
1339 4816 1545 4890 perpeti
1573 4814 1764 4874 utilem
1803 4812 1943 4867 hanc
1965 4819 2020 4866 et

435 4918 794 4975 necessariam
822 4913 1240 4971 vicissitudinem
1274 4927 1287 4966 :
1321 4918 1380 4965 ut
1406 4910 1543 4964 sicut
1566 4923 1634 4985 εδ
1654 4907 1808 4962 bouis
1829 4904 1895 4961 ad
1919 4904 2020 4961 tri-

436 5011 538 5066 stia
563 5008 797 5065 devoluti
836 5021 1042 5069 sumus,
1069 5005 1139 5059 ita
1161 5019 1227 5058 ex
1262 5002 1497 5065 tristibus
1523 4999 1591 5057 ad
1618 4998 1837 5054 meliora
1863 5013 2021 5068 repa-

438 5115 639 5158 rentur.
660 5098 762 5155 Ubi
782 5097 924 5152 enim
943 5093 1232 5151 abundavit
1254 5099 1551 5164 peccatum,
1578 5089 2027 5160 superabundavit

434 5191 606 5263 gratia
642 5206 658 5245 :
713 5198 772 5244 ut
805 5201 943 5259 quos
991 5195 1178 5256 gustus
1224 5184 1350 5255 ligni
1399 5181 1585 5240 vetiti"
1614 5180 2020 5245 condemnavit,

500 5306 522 5368 ξ
551 5304 627 5354 ste
647 5312 821 5351 clunes
843 5298 980 5368 editi.
1009 5296 1383 5368 aliquidtamen
1405 5294 1485 5346 hic
1503 5293 1685 5345 deesse
1709 5291 1917 5344 videtur.
1965 5297 2026 5351 It.

502 5366 526 5398 ⁸
553 5372 737 5414 omnes
758 5373 910 5425 prope
933 5367 1057 5418 Mss,
1085 5363 1324 5408 amittatis.

501 5427 525 5460 ³
554 5425 753 5473 aridam
776 5431 877 5473 διε..
894 5419 1149 5473 partiatur.

502 5425 877 5559 ἶὲῗὲἓξέῗῗῖ
892 5426 1731 5559 ἮὲἦυὲἦτέρἮΡΞμΨηΜίὲθ
1770 5482 2023 5542 “Parad-

436 5538 678 5618 ﬁogmélli,
704 5538 1470 5618 tabem'corporemuutudatimds
1491 5550 1725 5604 expia-ge.

502 5611 526 5642 ³
557 5605 745 5671 Aliquot
764 5613 896 5665 ωδε..
916 5604 1315 5655 εήιωιάαιὶοηειη.

504 5670 527 5732 ξ
560 5670 750 5732 Aliquot
779 5674 909 5732 Uss"
943 5677 1271 5716 renascantur.

496 5730 528 5771 θ
559 5736 610 5784 In
782 5728 965 5785 mitur.

688 5807 726 5852 ι’
740 5806 961 5851 ιινιιυῐ..
995 5789 1139 5858 XLI
1152 5788 1221 5849 Υ.

1735 248 1935 306 LIBER
1973 242 2247 303 PRIMIIS.

2045 338 2243 395 Christi
2265 352 2395 394 crux
2451 332 3091 405 ratialargiorejustilicet
3113 350 3133 385 ι
3163 330 3431 404 (Oratione
3446 331 3498 385 in
3527 329 3639 384 Na-

3521 233 3631 295 550

2050 429 2202 484 talem
2260 428 2472 490 Christi,
2528 429 2684 498 paulo
2726 435 2836 495 post
2881 423 3124 497 initium).
3191 423 3336 480 Idem
3383 437 3570 477 rursus

2057 539 2076 573 σ
2109 519 2400 587 Venerare,
2436 537 2456 571 ι
2490 518 2679 588 inquit,
2711 536 2730 570 ι
2766 516 3092 571 nativitatem
3112 557 3127 579 ,
3159 530 3255 585 per
3281 528 3440 585 quam
3470 523 3644 569 terre-

2055 627 2137 668 nte
2156 610 2446 675 nativitatis
2463 609 2688 667 vinculis
2708 598 2960 665 liberatus
2985 621 3063 662 es.
3091 606 3305 662 Honora
3329 604 3644 662 Betlileliem

2057 705 2301 775 pusillam
2322 711 2375 759 et
2401 702 2700 767 minimam,
2728 715 2826 771 per
2849 715 3008 769 quam
3037 699 3131 756 tibi
3154 712 3433 769 regressus
3459 697 3526 752 ad
3555 713 3646 767 pa-

2058 795 2293 854 radisum
2324 792 2617 864 patefactus
2644 800 2728 849 est
2759 811 2778 845 ›
2814 790 2998 856 (Ibid,
3033 790 3122 846 sub
3160 791 3312 860 ﬁnem
3333 791 3373 861 ).
3406 789 3645 859 itemque

2062 888 2185 944 alibi
2214 887 2282 943 de
2322 885 2597 957 Baptismo
2623 884 2843 954 loquens
2883 901 2897 938 :
2944 901 2963 935 ι
2997 882 3356 949 Persuadent,
3394 901 3413 934 i
3444 881 3642 951 inquit.

2069 997 2089 1031 ι
2120 978 2304 1034 tibide
2328 977 2430 1032 hoc
2451 991 2666 1047 quoque
2685 990 2862 1034 sermo
2881 973 3079 1029 Christi
3104 974 3352 1039 dicentis,
3382 973 3649 1028 neminem

2065 1087 2223 1143 posse
2246 1070 2469 1128 introire
2495 1071 2546 1126 in
2574 1084 2797 1140 regnum
2817 1067 3101 1132 caelorum,
3129 1067 3230 1125 nisi
3254 1075 3470 1123 renatus
3497 1065 3655 1121 fuerit

2066 1178 2133 1218 ex
2152 1177 2288 1233 aqua
2310 1170 2364 1217 et
2386 1160 2574 1232 spiritu
2604 1177 2623 1213 ι
2651 1158 2831 1229 (Joan.
2861 1173 2939 1222 Ill,
2962 1157 3039 1228 5).
3068 1157 3170 1212 Per
3189 1157 3331 1212 hunc
3348 1158 3534 1227 primm
3557 1171 3657 1210 ua-

2071 1253 2291 1308 tivilatis
2322 1252 2550 1309 maculae
2577 1260 2887 1322 purgantur,
2921 1266 3015 1321 per
3049 1263 3184 1320 quas
3210 1251 3262 1305 in
3293 1249 3659 1320 iniquitatibus

2070 1343 2430 1414 concipimur,
2463 1352 2515 1398 et
2546 1344 2596 1398 in
2636 1341 2845 1398 delictis
2880 1347 3183 1411 genuerunt
3209 1355 3309 1394 nos
3335 1349 3534 1395 matres
3560 1356 3658 1394 ne.-

2072 1444 2218 1490 strm.
2253 1453 2272 1487 ι
2305 1433 2570 1504 Numquid
2605 1441 2662 1489 et
2684 1433 2842 1488 istum
2869 1431 3144 1490 Manichmi
3169 1445 3358 1500 sapere
3377 1432 3459 1486 vel
3481 1431 3663 1501 jacere

2073 1541 2278 1583 venena
2316 1526 2554 1581 dicturus
2591 1542 2650 1580 es
2681 1524 2706 1577 τ
2736 1524 2904 1579 Audis
2953 1538 3142 1579 omnes
3184 1538 3290 1578 uno
3331 1524 3526 1588 corde,
3558 1541 3665 1587 into

2076 1633 2192 1685 ore,
2219 1631 2323 1672 una
2354 1616 2457 1671 tide
2479 1616 2704 1686 idipsum
2729 1615 2927 1672 dicere.
2954 1625 3008 1670 et
3036 1614 3175 1672 hanc
3202 1630 3324 1672 esse
3347 1615 3664 1673 catholicam

2082 1709 2242 1766 tidem
2275 1725 2381 1765 non
2406 1709 2718 1767 dissonante
2746 1709 3137 1767 contestatione
3166 1711 3450 1765 ﬁrmatam.

2154 1823 2244 1878 l6.
2284 1824 2369 1877 An
2415 1821 2508 1879 tibi
2555 1836 2714 1891 parva
2760 1823 2812 1876 in
2853 1837 2961 1877 uno
3000 1819 3258 1893 Gregorio
3296 1822 3668 1892 episcoporum

2081 1916 2419 1976 orientalium
2442 1914 2653 1973 videtur
2677 1915 3000 1970 auctoritas?
3023 1915 3118 1970 Est
3138 1914 3354 1986 quidem
3382 1924 3524 1970 tanta
3550 1932 3673 1986 prr-

2084 2022 2233 2072 sona,
2263 2017 2321 2061 ut
2345 2022 2518 2077 neque
2539 2007 2627 2061 ille
2654 2006 2754 2061 hoc
2771 2005 2871 2060 nisi
2901 2023 2965 2061 ex
2989 2000 3093 2061 ﬁde
3118 2006 3404 2061 christiana
3427 2007 3674 2065 omnibus

2087 2097 2361 2153 notissima
2396 2096 2631 2162 diceret,
2661 2111 2761 2152 nec
2787 2096 2861 2157 illi
2885 2111 3008 2152 eum
3035 2105 3139 2150 tam
3169 2096 3371 2152 clarum
3416 2096 3679 2161 baberent

2086 2199 2246 2260 atque
2271 2186 2632 2243 venerandum
2657 2228 2675 2254 ,
2726 2188 2826 2243 nisi
2851 2186 2968 2243 hzcc
2994 2186 3062 2241 ab
3092 2187 3183 2242 illo
3211 2188 3351 2242 dicta
3380 2203 3447 2243 ex
3495 2189 3679 2258 regula

2090 2278 2384 2335 notissimae
2416 2278 2655 2334 veritatis
2692 2286 3063 2348 agnoscerent.
3105 2278 3210 2335 Sed
3239 2279 3283 2333 si
3314 2280 3393 2334 vis
3436 2279 3682 2337 addimus

1965 2382 1989 2396 ‘
2092 2372 2216 2428 huic
2251 2381 2306 2427 et
2348 2379 2591 2426 sanctum
2619 2370 2901 2437 Basilium,
2953 2371 3061 2424 imo
3086 2370 3219 2425 velis
3246 2370 3384 2425 nolis
3407 2371 3685 2428 addendns

2094 2470 2177 2518 est
2197 2503 2214 2524 .
2243 2462 2473 2517 maxime
2499 2462 2621 2532 quia
2649 2469 2703 2516 et
2743 2470 2796 2515 tn
2822 2460 2891 2516 de
2928 2460 3065 2517 libro
3102 2460 3247 2531 ejus,
3283 2478 3444 2533 quem
3470 2464 3687 2535 scripsit

2095 2554 2353 2610 adversus
2376 2554 2727 2622 Manicha‘os,
2771 2554 2823 2611 in
2852 2564 3042 2625 quarto
3069 2555 3337 2611 volumine
3365 2555 3523 2626 hujus
3550 2573 3683 2628 opt-:-

2100 2644 2176 2699 ris
2206 2645 2281 2699 tui
2305 2644 2504 2714 aliquid
2536 2646 2730 2714 putasti
2763 2659 2884 2700 esse
2919 2645 3248 2714 ponendum,
3281 2646 3423 2716 quod
3467 2648 3534 2701 ad
3560 2663 3689 2705 cam-

2095 2749 2211 2793 sun
2241 2736 2441 2806 peccati
2460 2735 2734 2806 originalis
2753 2749 2851 2806 per
2872 2751 3035 2790 unum
3058 2737 3307 2792 intrantis
3330 2727 3384 2790 in
3403 2737 3685 2798 mundum.

2099 2833 2157 2880 et
2178 2840 2276 2896 per
2299 2840 2489 2883 omnes
2514 2826 2760 2883 homines
2788 2826 3115 2881 transeuntis
3143 2827 3367 2883 omnino
3397 2843 3503 2882 non
3528 2830 3690 2898 perti—

2101 2927 2212 2972 net.
2242 2918 2316 2972 Ibi
2343 2918 2541 2987 quippe
2567 2918 2694 2989 agit,
2724 2932 2791 2972 ne
2815 2918 3013 2973 malum
3041 2917 3393 2974 substantiale
3414 2918 3684 2984 credatur,

2074 3024 2077 3029 '
2102 3006 2310 3063 habens
2328 3023 2478 3063 suam
2505 3009 2791 3078 quamdam
2817 3009 3097 3064 materiam
3119 3051 3133 3075 ,
3169 3011 3306 3064 sicut
3338 3009 3551 3081 sapiunt
3575 2992 3690 3067 Ma;

2105 3099 2314 3155 nichmi.
2342 3100 2480 3154 Dicit
2504 3115 2651 3171 ergo,
2691 3119 2711 3152 r
2743 3116 2846 3156 non
2874 3116 2996 3157 esse
3024 3102 3397 3173 substantiam,
3440 3106 3533 3160 sed
3562 3121 3691 3161 con-

2107 3190 2465 3247 versationem
2491 3192 2507 3223 ¹
2533 3232 2548 3257 ,
2581 3206 2699 3262 qua:
2742 3191 2811 3248 de
2853 3193 2966 3247 sola
3008 3193 3280 3251 voluntate
3316 3196 3627 3268 contingat,
3668 3220 3686 3262 φ

2105 3297 2212 3339 non
2239 3283 2323 3338 his
2353 3284 2443 3355 qui
2479 3285 2782 3355 contagium
2820 3287 3007 3341 mortis
3033 3287 3263 3357 antiquae
3301 3289 3467 3358 prima
3498 3289 3693 3342 nativi-

2110 3383 2215 3430 tate
2236 3382 2533 3443 traxerunt,
2558 3374 2653 3430 sed
2686 3393 2705 3426 t
2735 3374 2800 3429 iis
2821 3376 2906 3446 qui
2929 3377 3296 3448 mgritudinem
3330 3381 3699 3435 conversatio.-

2106 3468 2191 3522 nis
2232 3467 2301 3523 de
2336 3469 2605 3523 voluntate
2636 3468 2845 3538 [impria
2878 3469 3248 3539 collegerunt,
3301 3489 3320 3523 ι
3357 3471 3407 3525 id
3435 3480 3552 3537 est,
3578 3472 3695 3541 jam

2110 3559 2399 3631 majoribus
2448 3560 2654 3617 ratione
2702 3561 2973 3616 utentibus
3013 3571 3068 3616 et
3112 3563 3335 3617 arbitrio
3378 3565 3695 3620 voluntatis.

2115 3667 2134 3702 ι
2172 3650 2320 3706 Hanc
2346 3650 2805 3706 conversationem
2834 3664 2900 3706 ex
2926 3650 3185 3706 accidenti
3212 3655 3515 3710 venientem
3542 3654 3659 3710 facil
3678 3685 3701 3697 ο

2109 3741 2238 3801 lime
2263 3759 2286 3798 ο
2317 3741 2446 3797 dicit
2471 3759 2493 3793 ι
2526 3754 2682 3811 posse
2714 3741 2783 3797 ab
2811 3742 3181 3812 :rgrotantium
3231 3722 3503 3799 voluntate
3542 3760 3698 3816 sella-.-

2111 3834 2238 3890 rari.
2280 3852 2299 3887 ο
2335 3833 2473 3889 Dicit
2512 3832 2703 3899 etiam,
2737 3853 2756 3887 ‹
2792 3833 2835 3888 si
2862 3834 3131 3891 evenisset
3155 3836 3383 3901 malum,
3409 3836 3476 3890 ita
3511 3848 3567 3891 ut
3593 3855 3697 3892 limi

2113 3926 2316 3982 valeret
2344 3926 2565 3983 ulterius
2586 3942 2614 3980 a
2638 3928 2908 3983 voluntate
2933 3927 3216 3994 removeri,
3247 3927 3298 3982 id
3326 3938 3429 3991 est,
3458 3932 3702 3999 quamvis

2096 4020 2415 4083 .accidlsset,
2446 4021 2489 4073 si
2521 4021 2589 4074 ita
2617 4020 2897 4076 accidisset
2925 4028 2980 4074 ut
3018 4020 3256 4091 separari
3283 4019 3505 4075 ulterius
3534 4036 3564 4075 a
3605 4038 3669 4073 vn
3690 4052 3704 4062 ο

2096 4111 2319 4166 οΙηυιειιο
2367 4124 2472 4164 non
2509 4109 2746 4174 valeret;
2782 4110 2973 4165 merito
2996 4109 3097 4165 dici
3130 4119 3327 4180 posset,
3357 4112 3705 4166 substantiae

2116 4201 2329 4272 quidem
2352 4202 2545 4255 malum
2566 4203 2588 4233 ’
2610 4216 2714 4254 non
2736 4215 2875 4267 esse,
2903 4201 2997 4257 sed
3025 4200 3190 4272 ipsam
3216 4202 3566 4259 substantiam
3588 4205 3706 4261 sima

2117 4293 2315 4354 malitia
2342 4308 2460 4363 qum
2484 4291 2696 4356 accidit,
2715 4290 2824 4362 jam
2849 4305 2969 4348 esse
2999 4310 3101 4347 non
3127 4307 3300 4363 posse.
3328 4293 3383 4350 Si
3408 4305 3586 4353 autem
3613 4312 3705 4351 ac-

2119 4384 2300 4449 cessit,
2331 4402 2351 4437 ι
2384 4383 2573 4454 inquit,
2605 4401 2624 4434 ι
2656 4391 2711 4437 et
2740 4382 3056 4454 principium
3087 4384 3412 4443 accessionis
3440 4401 3543 4461 non
3575 4387 3705 4443 sub:

2120 4476 2371 4537 stantiam
2402 4474 2604 4540 habuit,
2631 4474 2727 4530 sed
2747 4474 3111 4542 voluntatem;
3138 4474 3291 4532 facile
3314 4484 3489 4548 potest
3510 4479 3707 4542 malum

2123 4584 2151 4622 a
2194 4567 2484 4641 substantia
2525 4567 2758 4637 separari
2780 4609 2796 4636 ,
2818 4562 2903 4622 "ut
2939 4577 2994 4629 et
3030 4568 3265 4640 subjecta
3295 4569 3549 4633 voluntati
3580 4570 3710 4630 sub—

2120 4661 2315 4718 stantia
2343 4658 2537 4715 munda
2566 4658 2738 4731 possit
2765 4672 2860 4729 per
2881 4661 3057 4719 omnia
3084 4660 3375 4729 possideri,
3403 4661 3476 4725 ita
3507 4669 3565 4715 ut
3589 4663 3708 4721 nul-

2124 4753 2229 4808 lius
2261 4751 2387 4805 mali
2415 4750 2495 4805 vel
2536 4751 2684 4819 signa
2724 4758 3055 4806 remaneant.
3088 4769 3107 4802 ι
3154 4750 3257 4807 lsla
3288 4751 3358 4804 ita
3399 4758 3544 4805 recte
3580 4748 3718 4812 dixit

2125 4852 2341 4898 sanctus
2388 4842 2644 4905 Basilius,
2684 4844 2741 4896 ut
2783 4844 2941 4897 etiam
2983 4842 3053 4898 de
3092 4844 3208 4914 ipso
3246 4844 3422 4908 malo,
3453 4842 3593 4913 quod
3621 4859 3714 4913 per

2127 4933 2296 4989 Adam
2319 4933 2532 4988 intravit
2558 4933 2610 4986 in
2636 4932 2912 4999 mundum,
2934 4942 2986 4989 et
3010 4950 3102 5004 per
3123 4949 3307 4988 omnes
3330 4934 3573 4997 homines
3597 4951 3717 5003 pcr—

2130 5024 2358 5090 lransiit,
2388 5023 2524 5078 bene
2559 5024 2725 5094 possit
2753 5024 3009 5096 intelligi;
3048 5025 3169 5095 quia
3200 5033 3255 5080 et
3293 5025 3461 5094 ipsum
3488 5028 3721 5086 accessit

2131 5125 2332 5171 natura;
2358 5114 2623 5170 humanae.
2652 5115 2767 5170 Non
2796 5116 2938 5172 enim
2965 5117 3041 5171 sic
3072 5126 3188 5170 erat
3207 5116 3228 5147 ³
3256 5116 3500 5185 primitus
3527 5116 3719 5175 condi-

2132 5217 2183 5263 ta
2202 5224 2219 5269 ς
2246 5215 2301 5263 et
2320 5207 2637 5278 principium
2664 5206 2984 5265 accessionis
3005 5221 3111 5262 non
3133 5207 3480 5261 substantiam
3504 5207 3719 5273 habuit,

2132 5299 2226 5361 sed
2255 5299 2582 5362 voluntatem
2602 5340 2616 5360 .
2644 5298 2759 5357 sive
2803 5297 3039 5352 mulieris
3063 5312 3183 5368 quae
3207 5313 3236 5351 a
3267 5308 3520 5367 serpente
3558 5298 3721 5354 sedn-

2195 5453 2221 5523 ξ
2250 5451 2419 5523 plures
2438 5464 2495 5501 ac
2703 5457 2828 5501 notae
2848 5448 3088 5523 Mss,st
3108 5450 3480 5523 memoriam.
3512 5457 3564 5523 tit
3580 5450 3721 5523 intra,

2134 5512 2221 5565 sed
2242 5513 2304 5564 iis
2326 5513 2409 5585 qui
2429 5511 2768 5585 wgfitudiuept
2788 5512 3143 5585 conveniatis:
3166 5525 3223 5563 se
3244 5513 3389 5577 paulo
3423 5521 3558 5577 post:
3588 5522 3723 5574 Hauc

2135 5574 2491 5628 conversionem
2524 5587 2589 5625 ea:
2620 5574 2858 5626 accidenti
2888 5574 3166 5624 vadentem.

2203 5637 2224 5700 ξ
2238 5643 2416 5700 omnes
2430 5637 2757 5698 manuscrirti,
2769 5635 3079 5688 mundule
3091 5635 3305 5700 quidem,
3316 5640 3510 5696 omisso,
3525 5636 3722 5694 malum.

2203 5698 2228 5741 ι
2257 5696 2395 5759 mliti,
2419 5705 2505 5748 est.
2534 5696 2809 5758 Mss.,'erut.

2868 5782 3319 5868 {Viam-une.)
