4038 6182
372 317 483 376 1151

375 439 459 486 eta
482 438 586 495 est,
604 429 724 484 sive
747 424 846 482 viri
869 423 985 494 ejus
1008 421 1096 492 qui
1124 421 1358 477 seducta:
1383 417 1448 474 ad
1473 414 1798 488 peccandum
1823 427 1951 468 con-

371 523 542 578 sensit
570 519 743 574 uxori.
784 515 889 572 Sed
929 512 1070 586 quod
1098 513 1206 580 ait,
1253 530 1273 564 ι
1307 509 1462 566 facile
1503 522 1660 580 posse
1697 505 1895 562 malum
1921 517 1952 556 a

374 615 646 668 voluntate
683 609 762 664 vel
807 623 838 660 a
875 604 1166 662 substantia
1193 602 1464 673 separari,
1500 619 1520 652 ι
1567 613 1672 653 non
1710 597 1955 650 humanae

359 703 528 760 facile
569 710 651 758 est
687 697 964 764 voluntati,
995 695 1090 752 sed
1118 691 1496 749 misericordiae
1540 689 1652 746 Dei.
1682 685 1830 754 Quod
1861 683 1954 739 ad-

297 777 302 782 ’
373 801 564 843 versus
587 785 909 839 Manichzros
937 781 1117 852 utique
1145 779 1357 842 sufficit,
1384 777 1473 848 qui
1503 783 1688 847 putant
1711 787 1832 828 esse
1858 771 1958 824 int-

376 876 630 948 possibile
651 873 840 929 mutari
863 873 916 926 in
941 871 1138 928 bonum
1161 877 1402 925 naturam
1429 865 1575 920 mali.
1603 863 1727 919 ideo
1755 876 1859 916 non
1885 859 1960 914 ait

378 978 593 1022 sanctus
619 965 864 1028 Basilius,
888 965 1056 1034 ipsam
1077 961 1400 1016 voluntatem
1425 957 1676 1023 hominis,
1702 956 1813 1010 sive
1833 952 1959 1010 sub-

376 1060 624 1114 stantiam
651 1058 736 1112 vel
774 1065 1016 1110 naturam
1036 1094 1054 1121 ,
1083 1053 1280 1108 malum
1307 1067 1334 1104 a
1361 1065 1420 1106 se
1447 1061 1604 1120 posse
1631 1045 1786 1102 facile
1815 1057 1961 1112 sepa-

367 1159 529 1208 rare;
569 1141 663 1196 sed
698 1159 718 1193 ι
744 1141 812 1195 ab
839 1155 901 1194 ea
932 1152 1087 1208 posse
1121 1137 1271 1192 facile
1311 1132 1587 1205 separari:
1625 1149 1644 1183 ι
1692 1130 1768 1186 sic
1800 1128 1959 1184 verba

373 1249 478 1287 sua
507 1233 707 1287 librans
730 1273 743 1298 ,
786 1239 846 1285 ut
873 1238 926 1286 et
967 1228 1288 1284 Manichaeos
1306 1267 1322 1294 ,
1353 1231 1538 1282 contra
1567 1237 1700 1294 quos
1727 1221 1956 1292 agebat,

383 1323 682 1387 refelleret,
713 1332 767 1376 et
812 1329 994 1375 contra
1033 1318 1262 1374 divinam
1292 1316 1514 1386 gratiam
1557 1315 1835 1368 humanam
1874 1327 1962 1364 sn-

382 1413 619 1483 perbiatu
653 1427 756 1466 non
782 1411 1080 1466 extolleret.
1130 1409 1223 1466 llle
1260 1410 1454 1478 quippe
1481 1405 1850 1474 Omnipotens,
1875 1401 1964 1458 cui

371 1503 674 1560 secundum
699 1500 1042 1572 Evangelium
1069 1499 1222 1555 facile
1240 1509 1342 1566 est,
1371 1497 1514 1568 quod
1543 1495 1844 1552 hominibus
1865 1496 1966 1548 im-

386 1597 636 1664 possibile
659 1604 742 1650 est
773 1594 979 1668 (Matth.
1000 1606 1086 1648 xu
1115 1634 1130 1660 ,
1157 1591 1275 1661 26),
1305 1590 1499 1646 malum
1535 1587 1674 1659 quod
1699 1587 1852 1642 nobis
1877 1599 1967 1642 ac-

383 1687 534 1752 cidit,
561 1685 644 1741 vel
669 1701 733 1740 ex
763 1685 920 1756 primi
942 1683 1192 1746 hominis,
1220 1682 1304 1738 vel
1325 1697 1389 1738 ex
1417 1687 1598 1735 nostra
1627 1680 1842 1748 insuper
1869 1691 1964 1730 vo-

388 1777 608 1838 luntate,
641 1777 711 1830 ita
740 1791 850 1830 sum
878 1773 1064 1846 gratia:
1103 1773 1344 1844 largitate
1368 1779 1667 1835 consumet,
1698 1787 1718 1822 ι
1750 1778 1808 1824 ιιι
1835 1767 1966 1824 sub-

381 1865 521 1936 jecta
563 1865 854 1920 substantia
886 1863 1141 1919 voluntati
1161 1904 1174 1926 ,
1216 1879 1234 1914 ι
1265 1860 1708 1932 quemadmodum
1733 1872 1970 1912 comme-

389 1957 605 2012 morati
641 1957 840 2012 dixit-St:
868 1955 1116 2010 Basilium
1136 1994 1152 2020 ,
1196 1973 1215 2006 ι
1253 1952 1452 2008 munda
1475 1951 1642 2028 possit
1669 1966 1764 2020 per
1790 1949 1967 2004 omnia

389 2047 679 2117 possideri,
710 2047 789 2102 sic
821 2067 840 2099 ι
870 2053 1123 2112 ontntno,
1174 2063 1194 2098 ι
1230 2053 1288 2099 ιιι
1317 2043 1511 2098 nullius
1539 2042 1665 2097 mali
1694 2041 1776 2096 vel
1819 2038 1969 2110 signa

392 2147 721 2194 remaneant.
753 2158 772 2191 ι
815 2137 931 2193 Fiet
970 2136 1104 2191 hoc'
1125 2177 1142 2200 ,
1183 2145 1239 2190 et
1269 2137 1382 2206 ipsa
1409 2148 1534 2203 spes
1557 2143 1636 2188 est
1679 2131 1970 2187 indubitata

394 2229 650 2286 fidelium.
679 2229 783 2285 Sed
815 2227 1028 2298 quando
1053 2225 1376 2297 perficiatur,
1410 2224 1463 2278 in
1495 2233 1740 2294 promptu
1772 2231 1855 2277 est
1877 2236 1970 2276 ca-

379 2321 603 2376 tholica:
639 2320 782 2375 ﬁdei.
815 2319 966 2374 Tunc
991 2317 1134 2373 enim
1173 2317 1382 2372 dicetur
1410 2313 1714 2370 novissima:
1746 2311 1974 2368 inimica:

393 2411 574 2475 morti,
611 2409 708 2465 Ubi
728 2420 799 2464 est
817 2409 1064 2464 contentio
1093 2417 1180 2461 tua
1193 2407 1220 2462 1'
1237 2405 1322 2460 ubi
1341 2415 1413 2462 est
1432 2403 1638 2460 aculeus
1657 2411 1772 2458 tuus
1795 2401 1836 2475 (l
1853 2399 1972 2457 Cor.

387 2517 480 2566 sv,
503 2500 634 2571 55)?

464 2577 554 2646 Π.
595 2591 722 2647 item
749 2587 890 2658 quod
920 2599 1310 2644 cmmemoras
1333 2585 1534 2642 dixisse
1564 2584 1840 2650 Basiliam,
1877 2600 1896 2636 ι
1919 2583 1977 2639 Si

391 2685 610 2738 castitas
639 2682 807 2738 virtus
831 2690 937 2749 est,
965 2695 1160 2751 corpus
1178 2695 1306 2736 vero
1329 2678 1750 2734 substantiaiiter
1777 2676 1976 2734 malum

391 2780 555 2837 esset,
600 2773 926 2844 impossibile
951 2782 1066 2828 erat
1098 2779 1306 2826 castum
1331 2781 1530 2840 corpus
1557 2767 1813 2831 inveniri;
1852 2767 1976 2838 quia

381 2878 587 2935 corpus
617 2845 992 2932 turpitudinis,
1039 2859 1248 2916 virtutis
1287 2874 1392 2915 non
1421 2858 1573 2914 fieret
1597 2871 1823 2928 corpus;
1853 2871 1978 2912 cum

385 2963 571 3008 autem
595 2953 988 3016 sanctificatur,
1029 2952 1242 3006 virtutis
1267 2948 1516 3013 efficitur,
1545 2957 1600 3004 ct
1637 2948 1707 3002 ita
1737 2961 1980 3002 commu-

397 3043 538 3097 nicat
579 3042 744 3096 virtus
784 3041 998 3111 corpori
1033 3054 1341 3111 corpusque
1363 3039 1582 3106 virtuti,
1609 3053 1707 3108 per
1727 3053 1886 3109 quam
1924 3043 1980 3093 et

399 3132 656 3203 tctnplmn
682 3132 914 3188 efficitur
937 3131 1050 3186 Dei.
1085 3129 1238 3186 Unde
1255 3131 1306 3186 si
1333 3145 1494 3186 omne
1516 3145 1714 3200 corpus
1745 3129 1978 3188 fornica-

385 3221 557 3277 Itionis
581 3230 763 3286 esset,
808 3218 1136 3290 impossibile
1188 3220 1374 3290 utique
1417 3229 1532 3276 erat
1578 3220 1874 3281 castitatem
1925 3221 1980 3277 in

395 3312 712 3382 corporibus
750 3309 976 3366 inveniri
1009 3324 1024 3364 :
1057 3319 1281 3381 tumque
1306 3309 1522 3364 demum
1551 3319 1755 3365 natura:
1782 3324 1978 3382 corpo-

387 3419 518 3460 τιιιιι
547 3415 828 3472 possemus
852 3401 1050 3456 malum
1077 3400 1427 3458 substantiale
1447 3400 1723 3472 deputare.
1767 3401 1822 3457 Si
1853 3417 1981 3458 vero

395 3509 566 3564 usque
591 3507 658 3548 eo
686 3493 927 3564 corporis
955 3492 1142 3549 merita
1170 3500 1564 3562 processerunt,
1601 3499 1854 3564 tantoque
1884 3493 1981 3548 lto-

399 3601 530 3641 norc
569 3585 876 3640 dccoratmn
903 3591 1030 3651 est,
1073 3598 1138 3640 ac
1168 3583 1270 3639 tale
1317 3583 1680 3640 indumentum
1717 3584 1981 3654 pudicitia:

399 3677 669 3746 suscepit,
713 3686 768 3731 ut
809 3675 1001 3731 domus
1042 3676 1124 3731 sui
1166 3675 1383 3732 factoris
1409 3691 1531 3732 esse
1558 3687 1888 3745 mereretur,
1917 3691 1982 3733 ac

401 3768 554 3822 fieret
583 3766 844 3822 thalnnus
871 3765 992 3822 Filii
1027 3767 1138 3832 Dei,
1167 3774 1227 3821 ut
1254 3766 1528 3823 venientes
1555 3766 1712 3822 Pater
1733 3775 1788 3822 et
1818 3767 1981 3823 Filius

398 3857 780 3912 habitationem
799 3871 1082 3926 corporum
1103 3857 1300 3926 eligere
1319 3855 1690 3926 dignarentur;
1713 3856 1981 3928 quomodo

402 3965 507 4004 non
537 3946 879 4002 exsecrabilis
901 3955 956 4002 et
983 3947 1236 4002 ridendus
1263 3944 1546 4002 Manicluei
1563 3961 1744 4002 sermo
1763 3948 1982 4002 convin-

397 4040 576 4098 citur?
602 4059 622 4092 ι
667 4039 794 4110 quid
836 4039 1006 4110 potuit
1029 4038 1135 4096 dici
1177 4039 1354 4094 verius
1391 4046 1448 4094 et
1471 4038 1745 4094 catholica:
1787 4039 1982 4112 reguhe

399 4133 786 4201 congruentius
800 4131 820 4162 ⁸
836 4129 861 4185 1
881 4129 1087 4184 Dictum
1105 4137 1188 4185 est
1202 4131 1346 4186 enim
1362 4129 1623 4186 adversus
1639 4130 1978 4199 Mauiclnros,

404 4231 652 4292 putantes
691 4230 851 4292 atque
875 4220 1206 4279 affirmantes
1228 4220 1272 4288 ',
1315 4219 1383 4278 de
1408 4234 1568 4294 gente
1598 4221 1943 4278 tenebrarmn
1963 4264 1980 4292 ,

405 4329 565 4382 quam
593 4312 785 4368 malam
812 4321 1055 4368 naturam
1085 4311 1272 4370 dicunt
1310 4313 1421 4370 Deo
1445 4311 1586 4370 bono
1622 4323 1940 4369 eomternam
1963 4353 1980 4378 .

402 4405 604 4460 trahere
653 4403 913 4475 originem
939 4418 1200 4476 corpora,
1229 4413 1287 4460 et
1313 4418 1434 4462 esse
1459 4403 1619 4460 etiam
1648 4403 1763 4475 ipsa
1791 4404 1984 4460 immu-

402 4493 586 4548 tabiiia
614 4491 790 4548 mala:
821 4509 928 4549 non
954 4494 1210 4551 adversus
1236 4509 1365 4562 eos,
1409 4494 1500 4567 qui
1531 4503 1772 4552 tenentes
1803 4510 1985 4551 veram

405 4593 462 4640 et
487 4599 613 4640 vere
632 4583 973 4640 christianum
997 4585 1154 4641 fidem
1176 4626 1193 4653 ,
1239 4599 1382 4642 nunc
1401 4585 1617 4658 quidem
1641 4586 1986 4657 eorruptibile

407 4689 529 4732 esse
556 4689 782 4746 corpus,
827 4683 881 4732 et
904 4690 1194 4746 aggravare
1219 4677 1450 4732 animam
1471 4678 1802 4734 confitentur
1827 4677 1986 4753 (Sap.

406 4784 487 4833 ιι,
518 4768 640 4841 l5);
669 4765 766 4823 sed
794 4782 896 4823 nec
925 4767 1031 4824 tale
1055 4767 1302 4840 primitus
1324 4768 1594 4824 conditum
1621 4777 1780 4840 atque
1808 4769 1864 4824 in
1895 4785 1988 4840 pa-

409 4859 587 4914 radiso
613 4858 959 4914 constitutum
975 4900 992 4929 ,
1021 4873 1120 4914 nec
1140 4857 1244 4914 tale
1267 4871 1480 4929 semper
1502 4860 1760 4926 futurum,
1781 4859 1878 4915 sed
1904 4861 1988 4916 ius

410 4952 752 5022 corruptione
779 4960 941 5023 atque
965 4951 1364 5007 immortalitate
1393 4950 1704 5006 mutandum
1721 4994 1737 5020 ,
1765 4961 1822 5008 et
1847 4968 1990 5008 nunc

400 5041 512 5112 jam
558 5056 678 5098 esse
717 5042 954 5112 incipere
996 5044 1252 5112 templum
1295 5041 1423 5112 Dei,
1461 5043 1762 5116 conjugali,
1803 5046 1888 5101 vel
1913 5047 1991 5102 vi-

410 5135 546 5187 duali
565 5176 581 5200 ,
600 5134 684 5189 vel
703 5134 862 5189 etiam
886 5134 1124 5207 virginali
1147 5134 1396 5204 pudicitia
1411 5134 1720 5191 decoratum
1740 5153 1754 5190 :
1777 5137 1990 5208 quando

407 5223 509 5278 e'si
551 5239 676 5278 raro
733 5226 1062 5296 concupiscit
1101 5225 1357 5282 adversus
1395 5226 1673 5297 spiritum,
1703 5226 1783 5282 sic
1811 5235 1989 5284 tamen

411 5316 628 5384 spiritus
653 5317 984 5388 concupiscit
1007 5317 1264 5374 adversus
1291 5315 1747 5398 carnetn.(Gaiat.
1778 5333 1833 5386 v,
1865 5319 1988 5391 i7),

473 5508 491 5576 ξ
532 5506 713 5570 aliquot
735 5511 1042 5576 mannsorlpti
1057 5549 1074 5574 ,
1096 5508 1153 5576 ﬁt
1173 5510 1280 5576 Itoc.

433 5628 445 5643 9
473 5571 492 5599 ί
511 5575 684 5643 tri-se
709 5571 943 5643 yaticanis
963 5571 1316 5643 arenosa-iratis,
1335 5573 1581 5643 catholica
1599 5573 1994 5643 ﬁdeicongruen-

408 5631 518 5681 tias.
557 5631 727 5704 (at-tori
934 5633 1184 5704 catholicae
1206 5631 1220 5638 '
1234 5631 1414 5704 regium
1449 5631 1802 5704 congruentius.
1819 5631 1991 5704 "miti,

406 5696 747 5751 congruentius
768 5701 954 5753 mutant
976 5696 1044 5753 in,
1061 5696 1432 5748 conuenientius.

477 5754 498 5784 ³
531 5759 578 5801 In
605 5759 733 5815 uss,
756 5751 1017 5806 ﬁrmantes.

1149 307 1422 364 CONTRA
1458 299 1798 362 JULIANUM
1837 288 2310 362 PELAGIANUM,
2345 291 2402 351 S.
2445 285 2810 350 AUGUSTI!“

3531 283 3637 342 6112

2059 416 2117 462 ιιι
2141 421 2240 462 nec
2280 402 2446 477 ipsius
2474 403 2715 478 corporis
2737 401 2978 460 membra
3015 399 3266 459 exhibeat
3303 398 3598 476 iniquitatis
3621 403 3640 434 ⁸

2059 511 2206 553 arma
2235 505 2454 567 peccato
2483 492 2660 569 (Rom.
2689 508 2761 560 vr,
2793 493 2904 566 f3).

2133 587 2223 643 18.
2251 585 2358 643 Sed
2387 585 2506 640 audi
2531 583 2672 656 quod
2691 583 2757 639 ad
2783 599 2896 640 rem
2917 591 3236 656 praesentem
3260 589 3485 654 spectat,
3512 579 3640 652 quid

2061 675 2130 732 de
2154 673 2372 747 peccato
2400 675 2552 746 primi
2577 673 2806 730 hominis
2830 673 2898 728 ad
2924 687 3022 730 nos
3047 673 3210 728 etiam
3239 673 3541 742 pertinente
3563 672 3646 725 die

2063 775 2150 822 cat
2174 767 2274 822 iste
2303 775 2516 822 sanctus
2552 765 2668 820 sine
2696 765 2804 820 ulla
2842 765 3186 835 ambiguitate
3219 763 3464 819 Basilius.
3495 763 3644 830 Quod

2063 856 2163 910 etsi
2193 856 2369 924 reperi
2400 855 2806 924 interpretatum
2827 894 2844 922 ,
2893 863 3069 910 tamen
3097 861 3316 924 propter
3348 853 3648 923 diligentio-

2061 961 2179 1002 rem
2207 946 2316 999 veri
2345 945 2523 1010 fidem,
2555 945 2778 999 verbum
2808 959 2840 998 e
2869 943 3033 1014 verbo
3059 943 3216 997 malui
3249 941 3544 997 transferre
3581 940 3648 995 de

2062 1050 2258 1108 grteco.
2289 1035 2344 1090 In
2373 1049 2622 1090 sermone
2647 1033 2711 1088 tle
2739 1033 2986 1104 Jejunio:
3021 1052 3040 1086 ι
3067 1033 3365 1103 Jejunium,
3395 1053 3414 1084 ι
3451 1033 3648 1102 inquit,

2027 1197 2032 1202 η
2070 1143 2090 1178 ι
2119 1126 2174 1182 in
2217 1125 2463 1194 paradiso
2501 1125 2620 1194 lege
2665 1125 3015 1180 constitutum
3061 1131 3163 1179 est.
3216 1123 3452 1178 Primum
3506 1123 3648 1177 cnim

2065 1215 2370 1272 mandatum
2419 1215 2620 1284 accepit
2651 1214 2818 1270 Adam
2846 1230 2860 1268 :
2909 1215 2953 1268 Α
2987 1215 3126 1286 ligno
3153 1213 3349 1268 sciendi
3376 1213 3561 1267 bonum
3606 1221 3652 1266 et

2065 1307 2258 1361 malum
2285 1323 2385 1360 non
2413 1305 2782 1363 ntandttcabitis
2813 1305 2963 1380 (Gen.
2993 1321 3052 1372 tt,
3083 1307 3190 1377 i7).
3227 1304 3347 1360 Non
3377 1305 3654 1358 manduca-

2067 1398 2182 1452 bitis
2207 1409 2382 1452 autem
2421 1399 2472 1464 ',
2488 1398 2747 1470 jejunium
2771 1409 2874 1465 est,
2901 1406 2957 1452 et
2984 1397 3116 1468 legis
3159 1397 3550 1452 constitutionis
3575 1397 3653 1450 in-

2067 1489 2236 1544 itium.
2266 1489 2320 1544 Si
2335 1489 2630 1559 jejunasset
2653 1505 2683 1543 a
2711 1489 2855 1560 ligno
2879 1489 3008 1552 Eva,
3035 1503 3142 1542 non
3173 1488 3280 1542 isto
3300 1487 3655 1559 indigeremus

2065 1579 2290 1651 jejunio.
2321 1578 2437 1635 Non
2461 1581 2603 1635 enim
2633 1593 2768 1650 opus
2797 1578 2992 1634 habent
3017 1577 3256 1632 valentes
3282 1576 3517 1642 medico,
3559 1578 3655 1632 sed

2068 1669 2210 1726 male
2257 1669 2514 1726 habentes
2561 1667 2777 1742 (Matth.
2824 1683 2902 1734 ιι,
2949 1667 3065 1740 12).
3111 1665 3510 1738 Egrotavitmts
3562 1681 3658 1737 per

2069 1768 2372 1830 peccatum,
2391 1775 2642 1814 sancmnr
2663 1775 2756 1830 per
2777 1759 3161 1830 pteuitentiam.
3176 1758 3490 1813 Ptnnitcntia
3512 1773 3646 1812 vero

2071 1853 2187 1906 sine
2207 1851 2410 1922 jejunio
2438 1867 2601 1906 vacua
2629 1859 2733 1906 est.
2758 1849 3032 1904 Maledicta
3061 1857 3194 1904 terra
3211 1847 3386 1918 spinas
3412 1859 3459 1904 et
3487 1849 3652 1902 tribu-

2071 1943 2147 1998 los
2171 1944 2331 2016 pariet
2362 1941 2514 2014 (Gen.
2541 1959 2619 2006 tu,
2650 1943 2735 2004 f7.
2767 1942 2879 2012 18).
2909 1939 3228 1996 Contristari
3254 1939 3527 1994 ordinatus
3559 1955 3649 2004 es,

2071 2035 2329 2105 numquid
2351 2035 2586 2091 deliciari
2603 2035 2627 2088 ?
2647 2053 2666 2086 ι
2696 2034 2762 2088 Et
2783 2033 2941 2102 paulo
2963 2041 3081 2102 post
3101 2031 3152 2086 in
3175 2030 3362 2087 eodem
3387 2045 3658 2097 sermone,

2075 2125 2215 2182 idem
2245 2125 2396 2198 ipse:
2429 2145 2450 2178 ι
2473 2127 2607 2193 Quia
2631 2139 2736 2180 non
2763 2124 3155 2195 jejunavimus,
3183 2141 3204 2175 ι
3235 2121 3440 2193 inquit,
3473 2141 3492 2176 ι
3515 2123 3661 2177 deci-

2059 2215 2251 2273 'dimus
2291 2216 2360 2272 de
2387 2215 2652 2288 paradiso.
2675 2215 2984 2284 Jejunemns
3007 2229 3136 2284 ergo
3153 2254 3169 2278 ,
3193 2222 3250 2268 ut
3277 2214 3345 2268 ad
3372 2228 3496 2268 eum
3523 2213 3658 2268 red-

2075 2320 2260 2364 eamus
2285 2325 2304 2360 ι
2352 2307 2546 2379 (Serm.
2579 2307 2657 2378 i).
2703 2306 2826 2360 I-iznc
2853 2314 3010 2374 atque
3039 2303 3336 2375 hujusmodi
3362 2303 3464 2358 alia
3493 2303 3660 2360 sancti

2078 2398 2258 2454 Basilii
2303 2399 2348 2454 si
2395 2398 2646 2468 legisses,
2688 2397 2774 2453 vel
2811 2398 2856 2452 si
2885 2396 3018 2452 lecta
3059 2396 3286 2452 fideliter
3319 2395 3664 2451 considerare

2077 2488 2338 2543 voluisses
2354 2529 2371 2555 ,
2395 2502 2663 2558 nunquam
2689 2485 2930 2558 profecto
2954 2486 3021 2542 de
3043 2485 3234 2540 litteris
3252 2486 3373 2557 ejus
3396 2485 3461 2540 ad
3486 2485 3664 2542 offun-

2077 2579 2283 2638 dendas
2299 2578 2520 2634 nebulas
2538 2579 2920 2650 ignorantibus,
2941 2593 3004 2633 ea
3029 2593 3148 2648 qua:
3170 2577 3306 2632 nihil
3328 2576 3394 2632 ad
3415 2577 3665 2647 quaestio-

2079 2686 2204 2728 nem
2249 2686 2368 2741 qute
2415 2669 2556 2726 inter
2601 2683 2699 2725 nos
2739 2670 2968 2724 vertitur
3011 2669 3306 2740 pertinent,
3348 2669 3401 2723 in
3440 2669 3522 2724 his
3558 2670 3666 2725 tuis

2081 2763 2232 2822 libris
2247 2766 2429 2822 nescio
2443 2780 2544 2836 qua
2563 2773 2741 2821 mente
2759 2764 3051 2834 posuisses.
3074 2763 3242 2820 Audis
3267 2761 3410 2834 quod
3439 2764 3540 2819 isto
3556 2779 3663 2820 non

2079 2856 2440 2928 indigeretnus
2463 2855 2688 2928 jejunio,
2711 2857 2753 2911 si
2769 2856 2928 2910 homo
2946 2853 3132 2926 jejunii
3147 2855 3322 2926 legem
3349 2871 3452 2911 non
3478 2856 3667 2912 fuisset

2081 2945 2135 3002 in
2165 2947 2394 3017 paradisi
2424 2946 2674 3002 felicitate
2713 2958 3112 3018 transgressus;
3157 2954 3212 3001 et
3240 2960 3414 3017 negas
3443 2955 3667 3018 peccato

2081 3037 2292 3094 illorum
2337 3038 2610 3095 hominum
2635 3038 2896 3094 obnoxios
2920 3047 3146 3094 cauet-os
3165 3039 3336 3094 nasci.
3379 3039 3545 3094 Audis
3566 3039 3668 3094 ad-

2076 3127 2342 3200 junctum,
2373 3147 2391 3182 ι
2408 3129 2524 3184 Non
2545 3129 2688 3186 enim
2709 3130 2824 3186 sani
2853 3129 3092 3202 indigent
3117 3131 3356 3196 medico;
3389 3151 3406 3184 ι
3431 3141 3485 3188 et
3505 3147 3666 3202 negas

2084 3235 2184 3276 nos
2210 3221 2490 3276 sanitatem
2511 3263 2526 3287 ,
2557 3222 2610 3276 in
2639 3237 2740 3292 qua
2771 3220 2938 3277 creati
2967 3237 3181 3288 sumus,
3214 3234 3433 3293 peccato
3458 3225 3666 3280 illorum

2083 3309 2358 3366 hominum
2387 3309 2716 3381 perdidisse?
2745 3311 2912 3368 Audis
2935 3307 3310 3381 sententiam,"
3320 3329 3436 3384 qua:
3465 3316 3666 3385 prolata

2083 3409 2168 3458 est
2193 3402 2245 3456 in
2276 3403 2506 3474 primum
2545 3402 2814 3458 hominem
2849 3413 3219 3472 peccatorcm,
3261 3403 3451 3474 ερίηαι
3493 3415 3538 3459 et
3575 3407 3669 3461 tri-

2085 3491 2226 3546 bufos
2243 3501 2376 3547 terra
2394 3493 2554 3564 pariet
2574 3491 2690 3560 tibi,
2716 3492 2782 3548 ad
2805 3508 2902 3548 nos
2922 3495 3080 3549 etiam
3109 3494 3404 3564 pertinere;
3425 3505 3484 3552 et
3507 3511 3670 3566 negas

2083 3583 2345 3638 obnoxios
2386 3597 2508 3639 esse
2545 3590 2800 3653 peccato,
2831 3598 2964 3653 quos
3003 3582 3185 3638 eidem
3205 3585 3380 3640 cernis
3399 3585 3670 3648 obnoxius

2083 3686 2204 3727 esse
2231 3671 2548 3728 sententiae?
2577 3670 2742 3727 Audis
2767 3671 2832 3726 ad
2857 3671 3170 3740 paradisum
3194 3689 3317 3740 nos,
3352 3676 3492 3729 unde
3519 3675 3668 3732 deci-

2083 3763 2282 3826 dimus,
2317 3763 2493 3819 redire
2520 3762 2754 3828 debere;
2782 3775 2839 3819 et
2867 3779 3033 3834 negas
3059 3764 3124 3820 ad
3155 3781 3251 3820 nos
3275 3781 3462 3822 eorum
3485 3783 3672 3837 pecca-

2085 3861 2230 3922 tum,
2260 3854 2350 3924 qui
2379 3854 2482 3911 soli
2523 3863 2649 3910 tunc
2677 3854 2922 3912 homines
2951 3855 3004 3910 in
3037 3857 3284 3928 paradiso
3330 3858 3573 3927 fuerant,
3613 3860 3668 3915 in

2085 3943 2278 4016 quibus
2305 3953 2359 4000 et
2385 3958 2484 4000 eos
2510 3943 2737 4012 fuimus,
2766 3946 3084 4017 pertinere?

2157 4034 2248 4090 f9.
2274 4033 2413 4103 Quid
2455 4034 2582 4090 hinc
2623 4035 2814 4106 plum?
2867 4036 2995 4094 Vide
3037 4038 3146 4110 jam
3192 4049 3368 4095 utrum
3407 4039 3670 4098 sufficiant

2087 4125 2180 4182 tibi
2209 4141 2273 4182 ex
2297 4125 2530 4183 Orientis
2554 4127 2796 4198 partibus
2821 4128 2930 4184 duo
2951 4130 3040 4186 isti
3069 4139 3176 4185 tam
3203 4132 3440 4203 insignes
3464 4134 3586 4199 viri,
3615 4141 3671 4189 et

2087 4225 2195 4273 tam
2241 4219 2384 4274 clara
2426 4219 2634 4290 prtediti
2679 4223 2992 4290 sanctitate,
3023 4230 3097 4288 et,
3122 4221 3260 4279 sicut
3276 4225 3469 4291 fertur,
3509 4227 3668 4282 etiam

2085 4322 2248 4365 carne
2275 4309 2512 4380 germani
2544 4309 2643 4384 (α).
2686 4308 2792 4368 Sed
2820 4313 2908 4368 die
2937 4328 3042 4368 non
3083 4313 3354 4372 sufficere.
3405 4317 3671 4374 Habemus

2087 4399 2222 4456 alios
2248 4399 2538 4456 orientales
2580 4401 2862 4474 episcopos
2889 4405 3324 4474 quatuordecim,
3357 4407 3669 4478 Eulogium,

2088 4486 2382 4558 Joannem,
2411 4491 2823 4547 Ammonianum
2843 4491 2892 4560 ⁸,
2937 4491 3323 4567 Porphyrium,
3355 4495 3671 4566 Eutonitun,

2091 4579 2682 4662 l’orphyriti.rn,Fidttm
2697 4623 2712 4646 ,
2735 4581 3046 4650 Zoninum‘,
3069 4583 3422 4641 Zoboennum
3445 4587 3489 4652 ⁸.
3512 4587 3675 4660 Nym-

2091 4667 2332 4740 ph'Miutu
2349 4669 2394 4738 ⁸,
2442 4669 2875 4740 Chromatium",
2931 4673 3218 4740 Iovinum,
3271 4677 3672 4742 Eleutherinm.

2083 4757 2436 4828 Clematium,
2481 4775 2616 4831 quos
2652 4777 2760 4817 uno
2800 4764 2921 4819 loco
2949 4765 3104 4819 simul
3145 4767 3390 4822 inventos
3432 4769 3484 4824 in
3515 4770 3672 4825 istum

2084 4863 2402 4904 consessum
2433 4850 2774 4908 introducere
2795 4853 3101 4921 valeamus;
3131 4857 3253 4912 illus
3283 4859 3427 4928 ipsos
3453 4861 3541 4931 qui
3573 4861 3666 4915 Pe-

2094 4941 2234 5011 lagio
2247 4941 2452 5012 judices
2477 4941 2862 5012 praesederunt,
2892 4961 3122 5019 eumque
3149 4957 3207 5004 ut
3236 4949 3500 5018 homines,
3528 4955 3674 5010 nullo

2159 5033 2181 5100 ε
2213 5038 2363 5100 tetas
2381 5031 2576 5100 uorte-
2600 5039 2706 5095 κε..

2162 5093 2184 5126 ³
2217 5093 2355 5152 aditi,
2371 5099 2417 5144 et
2437 5093 2620 5145 malum
2645 5093 2754 5156 non
2775 5093 3112 5152 manducetis.
3135 5108 3238 5152 Non
3258 5101 3677 5156 ιιιωιάιιαιωισιιρ

2094 5157 2204 5216 tan.
2241 5161 2298 5204 At
2318 5162 2444 5216 uss,
2467 5155 2836 5209 manducabitis.

2159 5215 2181 5290 ξ
2213 5220 2367 5290 Quae
2389 5215 2536 5290 vatio.
2559 5223 2689 5290 itas,
2715 5218 3027 5290 Maium.

2159 5275 2183 5350 ξ
2215 5275 2829 5350 Ειιιιίοβλονη-Ζρξὶιιιιςιιι.
2855 5290 2956 5332 Am.
2979 5288 3033 5334 et
3049 5287 3123 5332 Er.
3143 5283 3434 5350 gladium.
3471 5285 3676 5340 vatiam

2096 5341 2260 5449 lissi:
2275 5339 2488 5390 lanium.
2541 5339 2764 5391 milicani
2803 5355 2978 5393 omnes
2993 5377 3011 5404 ,
3055 5339 3304 5398 lanitium.
3351 5349 3466 5398 vide
3525 5339 3641 5398 intra
3657 5380 3674 5403 .

2159 5460 2364 5535 ﬂii“:
2395 5459 2689 5535 κορορηῖηπι,
2713 5469 2845 5535 νὲειο
2886 5465 3224 5535 “Poenum;
3263 5472 3488 5535 exceptis
3525 5471 3677 5522 tribu

2101 5533 2132 5572 θ
2153 5521 2388 5586 {alioaliis
2409 5523 2492 5586 qui
2515 5523 2714 5585 habent,
2742 5525 3060 5586 Zobocmiwn.
3160 5521 3167 5523 ⁷
3203 5521 3216 5527 ’
3319 5575 3344 5585 _

2163 5582 2185 5652 ξ
2219 5589 2321 5632 Duo
2344 5582 2542 5652 erv_atic.
2560 5582 3098 5652 uss.,'.vgmpltindium.

2162 5643 2183 5674 '
2219 5652 2320 5693 Am.
2346 5651 2398 5694 et
2417 5649 2514 5701 Er..
2539 5643 2876 5698 animum

2441 5708 2872 5784 germnusfmter
2892 5711 3150 5784 Gregorius
3171 5719 3430 5784 opacum,
3463 5729 3558 5771 non
3588 5717 3672 5769 ille

2106 5772 2418 5818 r‘atianzeutts
2437 5772 2518 5833 qui
2537 5783 2679 5840 supra
2703 5772 2921 5826 laudatur
2941 5772 3010 5829 ab—
3027 5772 3305 5839 Augustino.
