4038 6182
476 441 592 500 635

471 578 730 626 calorum
771 570 973 620 tantum
1027 554 1338 614 remissione
1379 549 1720 611 consistere:
1750 557 1850 602 nos
1892 547 2072 594 autem

492 664 722 717 honores
743 650 1165 726 computavimus
1184 647 1391 704 decem.
1419 644 1529 710 llac
1547 643 1616 700 de
1633 653 1792 696 causa
1813 635 1974 692 etiam
1994 631 2078 686 in-

493 754 664 808 fantes
687 747 1048 819 baptizamus;
1075 757 1197 798 cum
1223 732 1330 795 non
1355 737 1462 792 sint
1484 729 1812 804 coinquinati
1837 733 2076 798 peccato,

494 853 552 898 ut
576 843 656 898 eis
675 842 691 874 ¹
723 815 947 896 addatur
973 832 1250 896 sanctitas,
1272 827 1501 902 justitia,
1519 823 1754 894 adoptio,
1773 815 2077 879 hiereditas,

494 932 798 990 fraternitas
813 927 1032 993 Christi,
1058 932 1118 982 ut
1139 923 1259 996 ejus
1286 919 1527 977 membra
1549 917 1659 974 sint
1683 933 1704 967 ι
1735 908 1994 985 (Humilia
2013 904 2082 960 ad

507 1020 842 1096 Neopltytos).
1374 1053 1384 1064 .

563 1087 656 1170 2i.
687 1087 831 1168 itane
857 1111 956 1166 ista
981 1106 1144 1174 verba
1179 1102 1351 1162 sancti
1387 1099 1610 1158 Joannis
1641 1091 1878 1166 episcopi
1916 1087 2086 1147 audes

499 1217 750 1278 tanquam
779 1218 811 1259 e
835 1199 1104 1258 contrario
1131 1205 1210 1255 tot
1233 1195 1526 1262 taliumque
1550 1185 1832 1246 sententiis
1848 1181 2088 1250 collega-

501 1316 618 1356 rum
645 1297 763 1368 ejus
788 1305 1080 1366 opponere,
1103 1301 1331 1358 eumque
1347 1285 1414 1340 ab
1434 1283 1645 1338 illorum
1670 1270 2087 1333 cmicordissima

503 1391 760 1446 societate
789 1386 1094 1456 seiungere,
1124 1389 1177 1437 et
1214 1378 1294 1434 eis
1326 1371 1687 1432 adversarium
1722 1359 2090 1421 constituere?

504 1480 676 1545 Absit,
699 1450 972 1534 absit'hoc
992 1473 1185 1527 malum
1215 1468 1284 1524 de
1313 1473 1460 1522 tanto
1489 1463 1604 1522 viro
1633 1457 1857 1514 credere
1887 1460 1982 1510 aut
2007 1450 2092 1506 di-

506 1587 650 1628 cere.
677 1567 844 1632 Absit,
863 1566 1098 1634 inquam,
1118 1572 1176 1617 ut
1195 1551 1818 1625 Constantinopolitanus
1835 1545 2092 1606 Joannes,

507 1663 576 1716 de
607 1633 1318 1728 Baptismateparvulorum,
1350 1657 1644 1714 eorumque
1669 1656 1699 1695 a
1725 1646 1948 1710 paterno
1979 1633 2097 1688 ehi-

509 1753 774 1825 rographo
795 1747 1142 1806 liberatione'
1169 1758 1263 1814 per
1290 1740 1558 1796 Christum
1583 1777 1600 1801 ,
1633 1742 1710 1790 tot
1737 1746 1802 1788 ac
1823 1727 1982 1784 tantis
2006 1739 2098 1780 co-

511 1847 775 1918 episcopis
799 1843 939 1902 suis,
973 1833 1578 1906 maximeqne'llomano
1607 1822 1935 1887 innocentia,
1967 1817 2098 1874 Car-

515 1913 816 2010 thaginiensi
853 1931 1142 2004 Cypriane,
1173 1923 1474 1997 Cappadoci
1512 1917 1739 1980 Basilio,
1764 1913 2101 2010 Naziatiaeno

513 2001 772 2103 Gregorio
788 2001 989 2092 ’,Gall0
1011 2021 1230 2082 Hilario,
1247 2011 1626 2072 Mcdiolanensi
1650 2007 1861 2064 resistat
1877 2001 2102 2058 Ambro-

521 2093 680 2179 sio.vA
690 2120 756 2174 lia
770 2125 916 2181 sunt,
931 2115 984 2168 in
1001 2111 1193 2183 quibus
1210 2110 1348 2164 inter
1364 2121 1424 2162 se
1437 2099 1720 2176 aliquando
1733 2099 1891 2156 etiam
1909 2093 2107 2149 doctis-

517 2216 638 2274 simi
669 2222 827 2284 atque
850 2207 1038 2284 optimi
1061 2202 1264 2276 re'gula:
1291 2198 1567 2257 catholica:
1597 2192 1930 2252 defensores,
1960 2186 2104 2242 salva

523 2307 641 2362 tidei
670 2281 926 2372 compage
957 2315 1063 2354 non
1092 2300 1412 2358 consonant,
1445 2297 1502 2345 et
1529 2287 1666 2343 alius
1687 2283 1792 2338 alio
1820 2281 1890 2336 de
1916 2293 2018 2334 una
2048 2291 2108 2331 re

522 2399 713 2456 melius
741 2371 936 2463 aliquid
963 2391 1092 2447 dicit
1111 2398 1166 2444 et
1190 2385 1384 2442 verius.
1424 2381 1540 2437 Hoc
1575 2385 1751 2433 autem
1787 2371 1930 2428 unde
1967 2383 2110 2425 nunc

523 2494 748 2562 agimus,
768 2461 841 2542 ad»
860 2486 970 2554 ipsa
995 2481 1113 2536 lidei
1142 2478 1370 2550 pertinet
1389 2473 1755 2529 fundamenta.
1783 2462 2055 2562 Quisquis“
2055 2461 2106 2512 in

525 2549 814 2636 christiana
843 2549 946 2629 [ide
966 2572 1076 2626 vult
1095 2549 1414 2626 labefactare
1433 2561 1572 2634 quod
1601 2556 1858 2626 scriptum
1881 2563 1984 2618 est,
2009 2549 2113 2604 Per

527 2672 778 2728 hominem
809 2683 962 2728 mors,
986 2673 1034 2718 et
1055 2679 1144 2734 per
1168 2659 1419 2715 hominem
1437 2651 1734 2710 resurrectio
1763 2655 2071 2708 mortuorum
2095 2657 2113 2694 :

525 2764 651 2817 sicut
675 2760 810 2814 enim
847 2757 901 2811 in
940 2754 1104 2809 Adam
1129 2765 1299 2806 omnes
1325 2746 1606 2802 moriuntur
1623 2782 1639 2808 ,
1665 2741 1739 2796 ita
1764 2748 1812 2794 et
1834 2739 1888 2792 in
1915 2735 2116 2792 Christo

527 2871 696 2910 omnes
721 2848 1100 2918 viviﬁcabuntur
1119 2845 1165 2916 (l
1185 2841 1304 2898 Cor.
1335 2856 1421 2906 xv,
1447 2838 1540 2904 2|,
1567 2834 1682 2906 23);
1707 2842 1876 2888 totum
1897 2827 2036 2900 quod
2063 2825 2114 2879 in

527 2945 798 3002 Christum
829 2939 1100 2996 credimus
1121 2933 1333 2990 auferre
1360 2929 1596 2986 molitur.
1629 2923 1866 2982 Omnino
1902 2929 1956 2974 et
1993 2933 2114 2988 par-

530 3040 774 3094 vulorum
804 3033 1038 3090 salvator
1076 3035 1159 3084 est
1201 3024 1482 3086 Christus;
1529 3018 1770 3082 omnino,
1801 3011 1905 3070 nisi
1931 3009 2119 3065 abillo

532 3130 883 3191 redimantur,
917 3120 1182 3194 peribunt,
1231 3115 1481 3188 quoniam
1527 3113 1647 3167 sine
1693 3122 1856 3164 carne
1900 3104 2020 3173 eius
2065 3109 2120 3156 et

533 3222 788 3292 sanguine
812 3219 975 3274 vitam
1007 3213 1203 3268 habere
1228 3224 1332 3264 non
1360 3211 1602 3276 possunt.
1652 3201 1762 3256 lloc
1791 3199 1982 3258 sensit,
2014 3194 2118 3250 hoc

537 3288 783 3374 credidit,
817 3311 918 3364 hoc
962 3304 1165 3369 didicit,
1197 3300 1300 3356 hoc
1337 3297 1518 3352 docuit
1554 3303 1610 3349 et
1653 3291 1907 3347 Joannes.
1935 3288 2038 3343 Sed
2067 3295 2122 3340 tu

537 3407 656 3475 ejus
677 3402 836 3458 verba
865 3400 916 3453 in
949 3403 1186 3450 vestrum
1211 3391 1401 3460 dogma
1430 3384 1717 3442 convertis.
1751 3381 1973 3436 l‘ecc‘ata
1989 3376 2126 3432 dixit

541 3470 790 3567 parvulos
819 3505 920 3544 non
951 3487 1169 3553 habere,
1207 3482 1303 3540 sed
1344 3478 1577 3552 pr0pria.
1620 3473 1774 3532 Unde
1813 3472 1932 3527 illos
1972 3470 2126 3525 inno-

542 3561 725 3640 evntes
765 3584 957 3637 merito
998 3589 1404 3647 nuncupamus,
1447 3567 1740 3628 seumdum
1781 3564 1836 3620 id
1872 3561 2014 3632 quod
2052 3561 2126 3616 ait

545 3675 854 3745 Apodotos,
877 3670 1115 3726 nomium
1141 3675 1296 3722 natos
1321 3663 1451 3719 nihil
1477 3663 1650 3733 egisse
1682 3659 1808 3714 boui
1848 3658 1962 3712 sive
2000 3652 2127 3708 mali

546 3769 720 3842 (Rom.
751 3781 824 3830 ix,
859 3765 950 3833 li)
998 3780 1011 3817 :
1047 3775 1151 3816 non
1173 3755 1460 3814 secundum
1492 3753 1544 3810 id
1563 3752 1704 3824 quod
1728 3751 1825 3814 ait,
1853 3747 1953 3804 Per
1978 3747 2130 3802 unius

533 3836 930 3914 'inobrdientiam
963 3845 1536 3922 peccatorea’constituti
1573 3850 1689 3898 sunt
1722 3840 1866 3895 multi
1909 3836 2036 3911 (Ιὰ.
2071 3851 2128 3904 v,

549 3950 616 4004 19
642 3950 680 4020 ).
729 3947 941 4001 Poterat
965 3941 1126 3996 etiam
1157 3948 1337 3994 noster
1363 3934 1665 4007 Cyprianus
1705 3931 1809 3984 hoc
1845 3928 2025 3984 dicere
2061 3927 2132 3982 de

550 4039 782 4112 parvulis
807 4037 947 4108 quod
971 4032 1206 4089 Joannes
1233 4047 1248 4083 τ
1276 4025 1704 4099 quandoquidem
1731 4023 1824 4090 ait,
1851 4021 2022 4092 «quod
2053 4020 2134 4074 in-

553 4134 669 4186 fans
711 4137 866 4184 natus
909 4123 1040 4180 nihil
1078 4119 1399 4192 peccaverit,
1431 4124 1487 4172 et
1523 4113 1664 4186 quod
1707 4113 1756 4169 ei
1797 4112 2138 4166 remittantur

544 4240 658 4299 non
691 4219 939 4291 propria,
990 4213 1086 4270 sed
1125 4212 1562 4280 alienmpoccata
1597 4225 1616 4259 ι
1665 4203 1875 4279 (Epist.
1935 4202 2026 4267 64,
2063 4203 2132 4254 ad

557 4316 807 4384 Fidum).
853 4311 1186 4380 Comparans
1234 4318 1363 4375 ergo
1405 4316 1502 4357 eos
1527 4299 1760 4358 Joannes
1811 4295 2135 4368 majoribus,

557 4421 782 4476 quorum
825 4401 1038 4474 propria
1081 4387 1296 4468 peccata
1339 4393 1680 4448 dimittuntur
1731 4389 1784 4444 in
1829 4386 2140 4456 Baptismo,

561 4495 692 4550 dixit
736 4493 856 4547 illos
900 4509 920 4543 ι
943 4505 1048 4544 non
1087 4487 1285 4542 habere
1319 4491 1562 4554 peccata;
1592 4499 1612 4534 ι
1662 4494 1771 4536 non
1809 4479 1948 4534 sicut
1983 4476 2146 4532 verba

562 4589 677 4654 ejus
705 4584 822 4652 ipse
848 4579 1096 4653 posuisti,
1129 4596 1150 4630 ι
1173 4591 1280 4634 non
1307 4573 1682 4644 coinquinatae
1704 4585 1826 4627 esse
1852 4578 2092 4640 peccato,
2119 4583 2138 4619 ι

561 4675 690 4732 dum
713 4673 790 4728 vis
817 4671 998 4738 utique
1023 4666 1266 4738 intelligi,
1294 4679 1402 4725 non
1421 4678 1516 4720 eos
1536 4670 1757 4734 peccato
1785 4659 1942 4730 primi
1970 4657 2148 4712 homi-

567 4769 649 4823 nis
681 4763 1003 4834 inqninatos.
1030 4758 1228 4816 Verum
1249 4758 1353 4814 hoc
1380 4770 1488 4812 non
1513 4754 1605 4810 tibi
1635 4751 1931 4820 tribuerim,
1950 4749 2043 4806 sed
2070 4750 2152 4804 in-

569 4857 786 4930 terpreti
818 4875 832 4912 :
864 4868 1163 4926 quanquam
1189 4853 1242 4906 in
1267 4850 1386 4906 aliis
1411 4847 1684 4904 codicibus
1707 4842 1950 4900 eamdem
1980 4841 2151 4897 inter-

571 4951 922 5024 pretationem
952 4944 1285 5008 habentibus,
1314 4956 1419 4996 non
1446 4957 1466 4992 ι
1492 4948 1762 5008 peccato,»
1796 4934 1890 4991 sed
1921 4952 1942 4984 ε
1963 4947 2153 5004 pecca-

571 5049 639 5101 tis
669 5063 690 5096 s
738 5042 959 5111 legatur.
1003 5035 1159 5094 Unde
1195 5035 1362 5089 miror
1401 5031 1446 5086 si
1484 5045 1590 5085 non
1617 5028 1810 5100 aliquis
1833 5041 1902 5080 ex
1933 5037 2155 5080 numero

575 5144 754 5192 vestro
783 5129 1104 5201 singularem
1135 5125 1322 5181 maluit
1349 5137 1628 5178 numerum
1657 5120 1913 5182 scribere,
1944 5127 2001 5172 ut
2027 5115 2157 5171 illud

575 5227 908 5294 acciperetur
947 5233 1134 5284 unum,
1163 5215 1303 5272 unde
1338 5213 1468 5269 dicit
1503 5211 1812 5282 Apostolus,
1843 5207 1982 5264 Nam
2011 5208 2161 5278 judi-

577 5317 708 5370 cium
738 5313 938 5386 quidem
967 5327 1030 5366 ea:
1064 5325 1164 5364 uno
1195 5308 1248 5362 in
1287 5303 1770 5370 condemnationsm,
1803 5302 1968 5374 gratia
1991 5309 2162 5354 autem

575 5424 641 5460 (τε
673 5407 840 5460 multis
866 5403 1060 5464 delictis
1086 5401 1140 5455 in
1159 5398 1580 5472 justi/irationem
1615 5394 1805 5468 (Rom.
1829 5409 1880 5457 v,
1909 5392 1976 5448 16
1997 5392 2040 5463 ).
2088 5391 2162 5468 lbi

647 5600 669 5672 ξ
699 5598 781 5672 φο
802 5595 927 5672 editi
941 5591 1297 5672 ξίξξιεηιεςιεξςξξ
1305 5587 1414 5672 ρει)
1434 5587 2163 5672 θεοέειδςξξῌιέσξτίξελυεξεε·

607 5644 777 5751 τις.Ξῶ
796 5644 964 5723 plures
987 5665 1090 5705 uss.
1115 5644 1172 5704 Ᾱι
1201 5653 1318 5704 editl
1332 5687 1348 5714 ,
1371 5644 1408 5702 ti
1423 5644 1628 5734 paterni
1645 5644 1970 5716 chirographi
1995 5644 2169 5700 libera-

583 5729 918 5896 ??Eonnnlti
969 5777 1282 5838 manuscripti
1335 5780 1662 5839 praetereunt,
1718 5775 2021 5826 Nazianzrtto
2053 5779 2168 5823 Cre-

605 5886 615 5896 ,
649 5858 672 5891 1'
727 5878 738 5892 ο

597 5878 658 5910 υνι
677 5878 738 5894 ινα

1281 423 1554 484 CONTRA
1594 421 1933 488 JULIANUM
1973 413 2444 483 I’ELAGIANUM,
2487 412 2544 470 S.
2588 404 2954 467 AUGESTINI

3659 403 3766 464 656

2185 533 2382 604 quippe
2409 545 2596 596 unum,
2628 543 2735 584 non
2778 525 2914 580 uisi‘
2946 521 3195 580 delictum
3227 519 3338 575 vult
3377 519 3633 592 intelligi;
3661 537 3770 593 quo

2184 625 2430 682 nolentes
2469 620 2616 678 credi
2657 616 2908 690 parvulos
2935 613 3265 686 inquinatos,
3295 629 3401 669 non
3429 627 3524 670 eos
3551 623 3772 682 peccata

2185 731 2294 774 non
2317 713 2537 781 habere,
2559 710 2704 782 quod
2729 709 2804 764 ait
2821 707 3079 772 Joannes,
3105 720 3174 760 ne
3203 704 3626 774 iutelligerentur
3645 719 3776 776 pro-

2186 806 2335 877 pria;
2361 805 2444 860 vel
2465 801 2720 875 peccatis,
2741 802 2880 855 sicut
2901 797 3060 854 habet
3075 797 3130 851 in
3147 796 3266 852 aliis
3291 795 3566 854 codicibus
3585 796 3777 853 eadem
3867 797 3878 802 ’

2189 895 2592 966 interpretatio,
2635 891 2734 948 sed
2779 907 2799 944 ι
2824 897 3045 962 peccato
3073 903 3178 943 non
3205 887 3508 956 inquinatos
3533 906 3552 940 υ
3595 887 3784 944 dicere

2189 986 2471 1052 maluistis,
2495 993 2552 1038 ut
2577 996 2740 1038 unum
2767 980 2923 1051 primi
2951 979 3180 1036 hominis
3202 987 3476 1049 peccatum
3497 977 3704 1034 veniret
3723 979 3779 1033 iu

2191 1086 2448 1136 mentem.
2493 1073 2602 1130 Sed
2638 1071 3030 1144 suspicionibus
3071 1084 3179 1128 non
3219 1084 3469 1141 agamus,
3496 1077 3553 1124 et
3587 1071 3674 1124 hic
3697 1070 3781 1126 vel

2193 1169 2473 1240 scriptoris
2499 1182 2672 1230 error,
2705 1165 2791 1220 vel
2818 1163 3050 1220 varietas
3072 1171 3286 1235 putetur
3314 1163 3640 1232 interpretis.
3669 1163 3782 1234 Ego

2195 1262 2306 1334 ipsa
2337 1261 2500 1316 verba
2534 1273 2708 1331 graeca
2740 1271 2924 1337 quea
2965 1255 3172 1312 Joanne
3211 1254 3353 1310 dicta
3396 1262 3522 1310 sunt
3563 1269 3783 1326 ponam.

2201 1373 2220 1406 ι
2245 1361 2337 1408 Διά
2363 1357 2501 1408 tauro
2529 1363 2614 1406 asoti
2635 1358 2698 1406 τὰ
2721 1353 2897 1404 «attain:
2923 1357 3250 1420 βαπτιζομν,
3273 1358 3432 1402 καίτοι
3455 1349 3787 1417 ἁμαρτήματα

2196 1449 2280 1505 οὐκ
2301 1454 2470 1520 ἔχοντα
2495 1461 2508 1496 :
2545 1462 2564 1496 s
2599 1440 2742 1512 quod
2765 1447 2850 1498 est
2871 1441 3053 1504 latine,
3089 1457 3109 1490 s
3137 1439 3262 1496 ideo
3281 1447 3337 1494 et
3359 1437 3588 1494 infantes
3611 1438 3786 1508 bapti-

2198 1552 2402 1598 zamus,
2433 1535 2674 1606 quamvis
2703 1540 2921 1604 peccata
2953 1547 3058 1588 non
3090 1529 3368 1587 habentes.
3395 1549 3419 1584 s
3455 1531 3618 1585 Vides
3641 1540 3790 1586 certe

2204 1643 2310 1684 non
2337 1627 2405 1682 ab
2433 1643 2499 1682 co
2525 1626 2726 1682 dictum
2753 1639 2872 1680 esse
2923 1643 2943 1678 ι
2971 1623 3220 1692 parvulos
3267 1637 3372 1677 non
3419 1623 3792 1692 coinquinatos

2205 1734 2325 1774 esse
2351 1726 2621 1788 peccato.»
2655 1716 2768 1772 sive
2796 1713 3110 1784 «peccatisp
3132 1713 3245 1778 sed,
3280 1727 3418 1768 «non
3445 1711 3644 1768 habere
3664 1728 3793 1783 pec-

2203 1819 2359 1868 cata:
2396 1829 2415 1863 ι
2449 1809 2686 1879 intelligo
2715 1805 2948 1876 propria,
2989 1815 3046 1862 et
3082 1806 3228 1862 nulla
3265 1805 3541 1861 contentio
3577 1814 3679 1860 est.
3725 1808 3793 1860 At

2207 1900 2433 1972 inquies,
2459 1899 2568 1955 Cur
2589 1914 2693 1954 non
2717 1898 2828 1968 ipse
2847 1897 3069 1960 addidit,
3105 1897 3349 1967 propria?
3371 1894 3500 1960 Cur,
3520 1904 3793 1966 putamus,

2209 1992 2308 2047 nisi
2335 1991 2456 2060 quia
2477 1989 2752 2058 disputans
2773 1987 2825 2042 in
2851 1987 3114 2043 catholica
3143 1986 3402 2060 Ecclesia,
3425 2003 3532 2042 non
3558 2003 3617 2044 se
3637 1987 3796 2043 aliter

2211 2082 2430 2154 intelligi
2478 2081 2865 2145 arbitrabatur,
2909 2079 2999 2134 tali
3030 2078 3340 2156 quaestione
3377 2079 3574 2136 millies
3611 2081 3798 2150 pulsa-

2210 2175 2368 2232 batur
2383 2175 2426 2240 ⁸,,
2457 2172 2608 2230 vobis
2646 2171 2880 2230 nondum
2928 2170 3251 2241 litigantibus
3271 2171 3510 2227 securius
3546 2171 3800 2242 loqueba-

2214 2265 2334 2322 tur?
2389 2266 2393 2280 ‘

2282 2356 2374 2412 25.
2404 2355 2540 2412 Nam
2568 2353 2646 2409 vis
2672 2353 2856 2409 audire
2884 2351 3009 2422 quid
3031 2352 3192 2434 etiam
3213 2352 3330 2422 ipse
3346 2351 3416 2410 de
3437 2353 3538 2407 hac
3556 2367 3620 2408 ne
3639 2368 3804 2422 aper-

2217 2447 2420 2502 tissime
2443 2445 2670 2500 dixerit?
2697 2445 2837 2500 Ecce
2851 2443 3012 2499 etiam
3038 2443 3208 2513 ipsum
3234 2457 3456 2501 numero
3475 2442 3554 2498 illi
3569 2441 3807 2514 adjungo

2215 2535 2568 2591 sanctorunt'.
2589 2534 2728 2592 Ecce
2757 2535 2896 2606 inter
2925 2547 3072 2586 meos
3101 2540 3282 2594 testes,
3309 2531 3394 2588 vel
3421 2533 3560 2589 inter
3590 2542 3809 2592 nostros

2215 2627 2483 2684 constituo
2497 2625 2724 2696 jndices,
2753 2638 2913 2696 quem
2940 2622 3136 2694 putasti
3163 2633 3446 2692 patronum
3467 2631 3636 2682 tuum.
3668 2623 3811 2680 Ecce

2218 2727 2273 2772 ct
2304 2719 2474 2787 ipsum
2505 2715 2742 2770 dicturus
2781 2729 2841 2770 es
2883 2712 3252 2769 Manicheum.
3283 2712 3590 2783 ingredere,
3623 2723 3812 2772 sancte

2219 2808 2474 2872 Joannes,
2507 2805 2804 2876 ingredere,
2840 2813 2898 2864 et
2937 2803 3155 2860 conside
3183 2819 3304 2860 cum
3341 2803 3598 2868 fratribus
3623 2804 3750 2868 tuis,
3775 2820 3813 2860 a

2205 2896 2414 2969 quibus
2457 2905 2511 2954 te
2553 2893 2696 2953 nulla
2743 2895 2884 2950 ratio
2921 2903 2976 2950 et
3022 2893 3169 2950 nulla
3215 2893 3440 2960 tentatio
3480 2893 3813 2963 separavi“.

2221 2991 2367 3064 Opus
2409 2996 2493 3044 est
2533 2995 2588 3044 et
2626 2996 2736 3052 tua,
2765 2995 2822 3042 ct
2849 2985 3078 3049 maxime
3105 2992 3193 3040 tua
3220 2983 3486 3040 sententia
3514 3001 3530 3040 :
3556 2984 3814 3054 quoidam

2225 3080 2278 3136 in
2321 3080 2424 3134 tuis
2455 3078 2644 3138 litteris
2681 3077 2781 3132 i~te
2815 3075 3027 3146 juvenis
3061 3075 3330 3130 invenisse
3371 3088 3432 3130 se
3469 3083 3638 3145 putat,
3671 3075 3818 3132 unde

2210 3172 2303 3226 tot
2327 3180 2700 3240 tantorumque
2723 3167 3162 3238 coepiSCOporum
3199 3175 3411 3225 tuorum
3437 3180 3497 3224 se
3523 3168 3820 3226 arbitratur

2228 3265 2518 3338 percellere
2557 3273 2611 3320 et
2644 3277 2902 3337 evacuate
2938 3261 3254 3318 sententias.
3306 3261 3458 3330 Quod
3481 3261 3524 3321 si
3555 3275 3682 3326 vere
3709 3260 3819 3320 tale

2227 3358 2426 3430 aliquid
2453 3357 2766 3420 invenisset,
2790 3362 2848 3412 et
2869 3353 3012 3425 quod
3037 3353 3153 3428 ipse
3175 3353 3360 3416 sentit,
3390 3361 3443 3410 te
3469 3352 3672 3410 sentire
3699 3351 3820 3406 cla-

2229 3451 2463 3517 ruisset;
2507 3461 2777 3519 nunquam
2807 3453 2858 3507 te
2883 3461 3070 3511 unum,
3099 3458 3228 3516 pace
3259 3453 3348 3499 tua
3377 3442 3626 3510 dixerim,
3659 3451 3741 3502 tot
3767 3449 3825 3498 et

2233 3543 2427 3600 talibus
2449 3539 2710 3614 praeferre
2733 3539 2788 3596 in
2806 3553 2872 3594 ea
2893 3551 3057 3594 causa
3081 3549 3383 3608 possemus,
3422 3533 3492 3590 de
3527 3549 3632 3604 qua
3675 3547 3823 3588 nun-

2231 3648 2392 3705 quam
2435 3631 2568 3688 (ldes
2603 3628 2890 3686 christiana
2926 3634 2982 3683 et
3024 3625 3259 3682 Ecclesia
3286 3615 3545 3689 catholica
3573 3623 3822 3682 variavit.

2234 3724 2340 3780 Sed
2365 3723 2504 3780 absit
2531 3729 2592 3778 ut
2615 3729 2668 3778 tu
2695 3719 2838 3778 aliud
2859 3732 3098 3789 saperes,
3127 3724 3181 3773 et
3206 3717 3262 3771 in
3293 3730 3354 3772 ea
3384 3725 3490 3776 tam
3517 3713 3826 3784 praecipuus

2235 3815 2520 3872 emitteres.
2566 3813 2662 3878 Dic.
2693 3826 2823 3882 ergo
2857 3818 2914 3872 et
2952 3818 3007 3877 tu
3045 3807 3274 3880 aliquid,
3296 3807 3441 3864 unde
3476 3807 3577 3862 iste
3607 3805 3830 3876 juvenis

2239 3905 2592 3962 confundatur
2630 3912 2686 3960 et
2733 3909 3073 3966 revereatur,
3120 3899 3284 3970 quia'
3331 3897 3524 3970 quierit
3564 3895 3830 3952 maculam

2239 4013 2444 4063 meam;
2485 4003 2541 4051 et
2565 3995 2781 4065 ignosce
2806 3991 2956 4057 mihi,
2983 3989 3108 4061 quia
3128 4005 3250 4047 cum
3277 3989 3353 4044 illi
3377 3989 3446 4044 de
3474 3986 3574 4042 hac
3605 4001 3666 4040 re
3694 3983 3831 4054 quid

2240 4087 2442 4145 sentias
2467 4085 2927 4149 demonstravero,
2953 4081 3272 4152 quaesiturus
3297 4088 3380 4136 est
3402 4086 3458 4134 et
3483 4084 3648 4132 tuam.
3689 4074 3835 4129 Dicit

2242 4179 2386 4235 enim
2411 4190 2626 4232 sensum
2652 4189 2774 4233 esse
2800 4172 3150 4236 Manicltmum
3166 4210 3182 4234 ,
3215 4168 3438 4230 credere
3468 4166 3714 4238 parvulos
3741 4165 3833 4221 in-

2245 4270 2490 4342 digentes
2517 4281 2639 4324 esse
2667 4264 2863 4326 Christi
2891 4262 3196 4326 liberatoris
3219 4260 3440 4328 auxilio,
3467 4268 3527 4314 ut
3550 4273 3582 4314 a
3607 4257 3837 4318 dahmao

2249 4364 2393 4417 tione
2413 4359 2726 4424 liberentur,
2752 4370 2855 4427 qua
2876 4354 2898 4387 ⁸
2923 4370 2988 4411 ex
3019 4360 3241 4424 peccato.
3263 4351 3420 4422 primi
3445 4349 3674 4406 hominis
3695 4347 3838 4404 obti-

2249 4455 2356 4527 gati
2384 4461 2530 4508 sunt.
2559 4453 2638 4507 Ac
2664 4465 2761 4520 per
2785 4448 2890 4506 hoc
2911 4461 3033 4504 cum
3063 4454 3118 4503 te
3145 4445 3250 4501 hoc
3271 4444 3476 4502 sentire
3499 4441 3835 4514 cognoveris,

2249 4553 2343 4601 aut
2370 4543 2484 4615 ipse
2505 4557 2563 4598 se
2589 4541 2822 4612 corriget
2849 4538 2919 4594 ab
2947 4551 3131 4594 errore
3159 4535 3380 4606 Pelagii,
3409 4543 3504 4590 aut
3519 4541 3576 4590 et
3599 4531 3694 4590 tibi
3721 4531 3838 4586 eri.

2253 4651 2378 4692 meo
2407 4634 2622 4706 objiciet
2657 4629 2953 4688 Manichaci.
2994 4627 3100 4686 Sed
3125 4636 3184 4684 ut
3205 4626 3545 4690 conferamus
3571 4625 3621 4682 ei
3646 4637 3838 4685 verum

2255 4727 2595 4793 beneﬁcium,
2625 4724 2814 4782 falsum
2843 4722 2960 4796 ejus
2987 4735 3096 4777 non
3123 4734 3372 4780 curemus
3398 4716 3766 4790 opprobrium.

2326 4817 2416 4874 24.
2445 4815 2582 4872 Audi
2603 4815 2736 4887 jam,
2762 4812 2990 4879 Juliane,
3011 4810 3137 4882 quid
3155 4810 3314 4866 etiam
3338 4807 3572 4864 Joannes
3591 4821 3712 4864 cum
3727 4819 3845 4863 can

2259 4911 2390 4968 teris
2411 4907 2683 4966 catholicis
2704 4905 3011 4963 doctoribus
3047 4903 3208 4960 dicat.
3247 4901 3330 4959 Ad
3366 4898 3665 4972 Olympiam
3709 4897 3847 4956 scri-

2263 5004 2394 5060 bens
2422 5020 2437 5056 :
2473 4997 2726 5069 sQuando
2748 4997 2891 5054 enim
2915 4995 3086 5054 Adam
3111 4993 3371 5066 peccavit,
3401 5011 3421 5046 ι
3452 4992 3644 5064 inquit,
3669 5007 3689 5044 ε
3715 4989 3848 5046 illud

2262 5096 2464 5168 grande
2498 5101 2792 5166 peccatum,
2823 5099 2879 5148 et
2916 5103 3077 5145 omne
3109 5101 3280 5160 genus
3305 5080 3578 5146 hominum
3609 5085 3662 5138 in
3695 5097 3850 5139 cum

2265 5203 2424 5243 mune
2447 5184 2740 5249 damnavit,
2769 5183 2838 5239 de
2865 5195 3098 5240 maerore
3123 5192 3315 5250 pronas,
3335 5175 3531 5235 luebat.
3562 5193 3582 5226 ι
3627 5171 3754 5228 Item
3778 5171 3850 5226 de

2267 5277 2672 5336 resuscitatioue
2715 5273 2936 5330 Lazari:
2988 5290 3008 5324 ι
3037 5269 3228 5326 Flebat
3273 5265 3538 5332 Christus,
3569 5281 3588 5316 ι
3637 5261 3810 5332 inquit
3833 5301 3849 5323 ,

2384 5459 2639 5536 hic“
2649 5450 2921 5536 ﬁdele-bant
2954 5447 3090 5536 editi.
3117 5452 3167 5496 In
3209 5441 3497 5494 Floriaccnsi
3518 5447 3624 5500 llr...
3643 5449 3737 5488 non
3757 5433 3854 5488 m'i

2271 5520 2501 5575 delictum
2519 5515 2617 5568 vult
2649 5511 2868 5577 intelligi.

2334 5561 2898 5633 :"s'ié'iiiti"eiiissfxt
2916 5578 2992 5633 Er.
3027 5576 3080 5621 et
3109 5575 3220 5620 Lor.
3237 5601 3255 5628 ,
3287 5563 3451 5616 uultus
3482 5561 3770 5633 proloquar.

2336 5647 2359 5678 ³
2387 5623 2648 5697 ’ὗῖιὸἶξεζ
2661 5623 2878 5688 soracum
2896 5632 3072 5697 cirum.
3095 5623 3250 5690 Unus,
3267 5623 3544 5681 sanctumst
3562 5623 3787 5676 virorum.

2339 5709 2360 5740 δ
2391 5693 3110 5768 t-‘loriaceusisysq‘separabit.

2339 5770 2361 5802 ⁸
2395 5774 2444 5816 tn
2460 5767 2620 5817 editis.
2641 5758 2740 5824 qui.
2766 5765 2814 5806 tn
2837 5755 2964 5811 Mss"
2987 5755 3116 5818 quia.

2341 5831 2362 5859 ι
2396 5827 2528 5880 editi,
2554 5820 2682 5890 quid.
2710 5830 2832 5879 uss,
2853 5831 2966 5882 qua.
3143 5820 3154 5826 “
