4014 6184
311 269 414 328 657

314 404 334 436 ι
362 397 462 440 cur
487 393 654 452 usque
677 377 744 434 ad
773 377 874 434 hoc
902 375 1198 432 mortalitas
1226 373 1558 445 deliquisset,
1594 381 1650 428 ut
1675 387 1898 428 excussa

309 477 379 531 de
407 471 830 546 perennitatibus
863 469 1061 524 inferos
1093 468 1388 524 adamarat.
1421 466 1612 522 Flebat
1636 465 1902 528 Christus,

308 565 458 636 quod
479 578 573 618 cos
593 562 682 632 qui
706 560 1036 616 immortales
1061 573 1182 614 esse
1213 567 1476 628 poterant,
1507 556 1750 612 diabolus
1778 554 1906 610 fecit

311 670 434 710 csse
463 653 716 708 mortales
737 671 756 704 ι
788 649 1042 721 (Humilia
1068 651 1130 702 de
1161 648 1360 702 Lazaro
1401 643 1737 718 resuscitato).
1767 644 1903 713 Quid

311 744 420 814 dici
449 753 632 812 posset
665 739 1010 812 expressius?
1051 738 1189 806 Quid
1217 738 1285 792 ad
1331 740 1428 792 ista
1474 735 1813 806 respondes?
1851 735 1908 790 Si

316 836 488 890 Adam
517 834 700 901 grandi
745 841 964 902 peccato
1001 846 1100 886 suo
1138 846 1296 886 omne
1323 845 1490 900 genus
1527 829 1814 884 humanum
1855 829 1908 882 in

316 940 602 980 conuuune
630 923 920 988 damnavit,
948 921 1204 992 numquid
1227 921 1328 976 nisi
1347 921 1630 976 damnatus
1654 909 1908 988 parvulus

317 1017 598 1072 nascitur?
649 1017 716 1070 Et
761 1032 856 1085 per
901 1030 1082 1084 quem,
1113 1015 1212 1070 nisi
1251 1029 1348 1084 per
1387 1012 1680 1076 Christum,
1706 1012 1774 1066 ab
1809 1009 1908 1064 ista

317 1109 663 1164 damnatione
691 1105 976 1162 liberatur?
1008 1105 1064 1161 Si
1091 1114 1146 1160 et
1171 1105 1222 1158 in
1245 1104 1448 1158 Lazaro
1477 1102 1667 1156 dicitur
1686 1115 1908 1156 excussa

319 1199 390 1254 de
431 1197 850 1268 perennitatibus
889 1196 1186 1250 mortalitas
1227 1194 1428 1250 inferos
1453 1193 1761 1256 adamasse;
1791 1191 1910 1260 quis

322 1290 626 1346 mortalium
654 1303 762 1344 non
787 1287 855 1344 ad
877 1288 1032 1342 istam
1053 1287 1259 1357 culpam
1277 1300 1566 1356 casumque
1587 1283 1908 1354 pertineat‘,

321 1399 432 1454 quo
459 1381 652 1438 cecidit
679 1381 880 1450 primus
917 1380 1079 1435 homo
1113 1378 1182 1434 de
1211 1379 1334 1434 vita:
1368 1378 1722 1448 perenuitate,
1751 1391 1910 1444 quam

324 1475 369 1527 si
396 1488 501 1527 non
529 1479 776 1540 peccaret
795 1470 1109 1541 acceperat?
1134 1468 1190 1525 Si
1214 1469 1458 1524 diabolus
1483 1483 1674 1523 omnes
1693 1467 1784 1538 qui
1808 1467 1912 1521 im-

325 1564 582 1618 mortales
622 1577 744 1618 esse
792 1569 1056 1630 poterant,
1109 1560 1232 1616 fwit
1276 1573 1397 1616 esse
1437 1558 1730 1620 mortales;
1772 1555 1913 1611 unde

323 1656 484 1710 etiam
525 1653 732 1724 parvuli
776 1652 1096 1717 moriuntur,
1141 1652 1190 1708 si
1233 1651 1448 1708 obnoxii
1498 1661 1716 1720 peccato
1755 1648 1914 1718 primi

326 1745 470 1800 illius
497 1744 728 1800 hominis
752 1759 860 1798 non
884 1743 1046 1798 sunt?
1080 1742 1346 1813 Numquid
1365 1757 1514 1812 ergo,
1545 1743 1642 1796 nisi
1667 1757 1762 1811 per
1788 1756 1912 1796 eum

327 1839 380 1892 in
411 1853 516 1908 quo
542 1851 731 1892 omnes
761 1835 1204 1902 viviﬁcabuntur,
1231 1832 1394 1892 etiam
1423 1835 1626 1905 parvuli
1653 1835 1722 1889 de
1749 1848 1916 1904 regno

325 1928 516 1982 mortis
535 1929 832 1982 emuntur?

397 2019 490 2074 25.
529 2017 742 2072 Tractat
768 2017 907 2072 idem
929 2017 1160 2074 Joannes
1186 2017 1238 2072 iu
1266 2032 1516 2073 sermone
1543 2016 1772 2087 quodam
1813 2016 1916 2070 lut-

330 2107 556 2178 jusmodi
583 2109 952 2178 quaestionem,
985 2124 1083 2164 cur
1106 2109 1290 2164 bestia:
1315 2109 1398 2164 vel
1431 2109 1624 2164 laedant
1648 2108 1914 2174 homines,

331 2203 418 2258 vel
444 2202 770 2266 interimant,
801 2217 925 2258 cum
965 2202 1226 2258 sententia
1268 2201 1476 2256 Domini
1521 2201 1794 2256 manifesta
1823 2200 1914 2266 sit,

331 2309 434 2364 qua
463 2309 554 2348 eas
589 2293 790 2348 homini
828 2294 1080 2360 subdidit,
1124 2304 1182 2350 ut
1213 2309 1396 2350 earum
1445 2295 1638 2350 habeat
1681 2303 1920 2364 potesta-

334 2393 440 2438 tem
472 2383 622 2456 (Gen.
651 2400 690 2448 ι.
715 2384 788 2440 28
809 2384 848 2454 ).
878 2383 1046 2452 Quam
1076 2386 1423 2456 quaestionem
1450 2385 1528 2440 sic
1549 2385 1726 2450 solvit,
1755 2393 1812 2438 ut
1837 2384 1920 2439 di-

333 2483 440 2540 cat,
468 2483 588 2528 ante
616 2483 890 2544 peccatum
921 2490 1108 2531 omnes
1147 2475 1340 2535 bestias
1367 2477 1566 2532 homini
1599 2477 1760 2532 fuisse
1787 2477 1920 2532 sub—

329 2565 532 2635 jertas;
565 2565 704 2634 quod
733 2575 909 2620 autem
941 2581 1083 2620 nunc
1112 2565 1412 2622 hominibus
1438 2575 1662 2632 uocent,
1707 2582 1918 2638 pmnam

333 2655 491 2726 primi
533 2671 652 2712 esse
695 2655 914 2725 peccati.
962 2655 1172 2711 Prolixa
1217 2657 1459 2712 tractatio
1501 2667 1616 2724 est,
1651 2657 1768 2713 ideo
1797 2657 1922 2714 huic

333 2746 484 2815 Operi
527 2763 630 2800 non
674 2761 702 2798 a
734 2761 820 2801 me
867 2747 1156 2802 inseritur:
1201 2747 1296 2802 sed
1341 2747 1536 2816 aliquid
1580 2757 1753 2804 tamen
1797 2749 1924 2804 inde

333 2845 548 2906 Oportet
575 2844 632 2890 ut
657 2851 869 2906 ponam.
905 2856 924 2889 ι
962 2837 1255 2902 Timemus,
1291 2855 1312 2890 ι
1343 2838 1532 2908 inquit,
1563 2856 1586 2890 ς
1623 2837 1840 2905 bestias,
1866 2847 1922 2894 et

335 2941 629 2996 pavemns:
655 2943 760 2982 non
785 2927 1112 2983 contradico.
1136 2928 1202 2982 Et
1225 2943 1256 2982 a
1279 2929 1574 2998 principatu
1591 2928 1918 2983 decidimus:

335 3029 394 3072 et
425 3017 524 3073 hoc
548 3019 667 3073 dico
701 3019 816 3087 ipse
843 3019 1024 3075 etiam.
1068 3018 1173 3076 Sed
1209 3033 1312 3072 non
1343 3019 1446 3073 hoc
1483 3019 1714 3074 ostendit
1751 3018 1922 3088 legem

339 3107 434 3162 Dei
466 3123 585 3162 esse
611 3108 919 3164 mendacem
951 3125 966 3160 :
993 3108 1060 3162 ab
1088 3107 1239 3162 initio
1263 3109 1406 3163 enim
1433 3122 1537 3162 non
1563 3107 1634 3162 ita
1659 3123 1746 3162 res
1771 3116 1924 3162 erant

335 3197 642 3267 dispositae;
672 3199 764 3253 sed
798 3198 1072 3262 timebant,
1116 3206 1174 3254 et
1211 3199 1528 3264 tremebant,
1579 3208 1631 3252 et
1673 3198 1924 3268 subjicie-

339 3288 534 3343 hantur
559 3289 797 3344 domino.
825 3290 891 3344 Et
917 3290 1167 3360 quoniam
1193 3306 1222 3344 a
1255 3290 1440 3344 fiducia
1467 3289 1780 3352 decidimus,
1809 3304 1928 3359 pro-

339 3380 480 3436 fecto
507 3390 563 3435 et
589 3382 657 3434 ab
688 3381 912 3436 honore.
945 3379 1100 3438 Unde
1141 3382 1247 3437 hoc
1289 3381 1628 3436 manifestum
1656 3382 1770 3436 est?
1809 3381 1920 3436 Ad-

337 3469 490 3524 duxit
529 3470 728 3525 bestias
763 3471 830 3525 ad
872 3471 1062 3538 Adam,
1092 3472 1274 3528 videre
1305 3472 1432 3542 quid
1461 3487 1553 3528 eas
1580 3481 1826 3540 vocaret,
1871 3480 1926 3528 ct

341 3574 449 3613 non
479 3561 680 3614 resiluit
707 3560 873 3614 Adam
907 3571 1155 3632 tanquam
1185 3561 1397 3618 timens.
1437 3582 1455 3616 ι
1487 3563 1552 3618 Ει
1577 3562 1738 3634 paulo
1769 3572 1920 3633 post:

346 3667 368 3699 ι
405 3649 515 3703 lloc
539 3664 724 3712 unum,
761 3667 780 3700 ο
817 3649 1004 3720 inquit,
1039 3669 1062 3703 ‹
1098 3651 1304 3722 signum
1333 3693 1350 3719 ,
1395 3652 1534 3723 quod
1580 3668 1684 3707 nou
1731 3652 1926 3708 fuerint

345 3737 544 3792 homini
587 3739 656 3792 ab
699 3741 848 3794 initio
889 3741 1150 3796 terribiles
1191 3743 1411 3808 bestize;
1451 3743 1742 3798 secundum
1779 3743 1924 3798 aliud

342 3831 448 3884 isto
481 3831 834 3896 manifestius,
874 3849 992 3903 qua:
1024 3833 1114 3888 fuit
1157 3835 1221 3890 ad
1263 3835 1542 3890 mulierem
1585 3851 1679 3906 per
1701 3852 1924 3906 serpen-

342 3929 451 3976 tem
481 3923 786 3994 disputatio.
818 3924 872 3980 Si
911 3927 1052 3980 enim
1099 3934 1284 3982 essent
1327 3927 1586 3982 terribiles
1624 3928 1926 3983 hominibus

343 4011 563 4079 besdze,
597 4031 699 4068 non
741 4016 919 4085 utique
947 4018 1138 4072 mulier
1175 4017 1289 4072 viso
1317 4027 1568 4086 serpente
1605 4018 1922 4083 mansisset;

345 4119 454 4158 non
481 4106 774 4176 accepisset
801 4109 1100 4172 consilium,
1135 4125 1239 4164 non
1278 4109 1328 4165 ei
1355 4097 1484 4165 cum
1529 4119 1672 4164 tanta
1717 4125 1926 4166 sermo-

341 4197 614 4251 cinaretur
641 4198 854 4268 fiducia,
886 4201 977 4255 sed
1006 4203 1182 4256 statim
1211 4203 1278 4258 ad
1323 4205 1495 4274 ipsum
1537 4213 1592 4260 et
1627 4205 1928 4274 expavisset

342 4295 400 4340 et
428 4289 724 4345 resiluisset
751 4303 1022 4362 aspectum
1051 4313 1064 4348 :
1096 4311 1236 4351 nunc
1263 4305 1438 4350 autem
1481 4305 1536 4352 et
1563 4297 1796 4367 disputat
1817 4339 1832 4362 ,
1871 4307 1928 4354 et

343 4393 450 4432 non
485 4380 652 4434 timet.
691 4381 932 4438 Nondum
973 4388 1113 4440 enim
1154 4395 1269 4442 erat
1309 4387 1466 4442 timor
1502 4389 1600 4443 iste
1625 4406 1638 4442 :
1662 4387 1756 4443 sed
1804 4390 1928 4460 quia

345 4478 624 4537 peccatum
655 4472 952 4540 ingressum
983 4485 1084 4540 est,
1115 4476 1288 4532 ablata
1319 4486 1438 4532 sunt
1470 4493 1530 4532 ea
1559 4494 1680 4548 qua:
1711 4480 1926 4536 honoris

343 4568 518 4612 erant.
542 4579 560 4611 ι
581 4559 812 4632 itemque
831 4574 950 4634 post
979 4567 1278 4634 paululum:
1305 4586 1322 4620 ι
1351 4568 1612 4636 Quamdiu
1640 4569 1874 4639 quidem,
1901 4589 1922 4623 ι

343 4649 538 4719 inquit,
569 4669 587 4702 ι
625 4651 851 4708 habebat
879 4655 943 4709 ad
977 4656 1138 4712 Deum
1167 4657 1436 4726 ﬁduciam,
1467 4660 1718 4716 terribilis
1745 4661 1930 4718 bestiis

348 4750 492 4806 erat;
518 4742 609 4796 sed
641 4747 760 4813 quia
791 4745 1028 4812 offendit,
1064 4759 1332 4806 extremos
1359 4753 1518 4807 etiam
1545 4767 1927 4810 conservorum

345 4846 562 4886 suorum
592 4835 698 4902 jam
745 4846 919 4906 pavet.
951 4839 1102 4905 Quod
1131 4841 1176 4894 si
1218 4841 1320 4896 hoc
1357 4858 1459 4897 non
1501 4854 1622 4911 εει,
1659 4864 1679 4898 ι
1713 4846 1924 4916 inquit;

351 4939 372 4972 ι
411 4931 465 4977 ιιι
513 4924 640 4978 mihi
689 4929 952 4994 ostende,
998 4941 1121 4986 ante
1163 4940 1435 5001 peccatum
1479 4934 1620 5003 quod
1665 4936 1928 4992 terribiles

343 5022 498 5066 erant
527 5014 828 5072 hominibus
855 5018 1076 5074 bestiae:
1110 5021 1202 5076 sed
1234 5037 1338 5076 non
1378 5023 1618 5080 habebis.
1649 5026 1702 5082 Si
1747 5035 1926 5082 autem

343 5113 468 5173 post
493 5113 638 5158 tanta
668 5106 936 5176 ingressus
966 5119 1050 5164 est
1073 5110 1262 5178 timor;
1304 5124 1356 5168 et
1381 5113 1484 5169 hoc
1509 5115 1688 5171 tutela:
1718 5117 1925 5172 Domini

343 5195 490 5248 est’.
525 5195 580 5249 Si
609 5197 752 5252 enim
779 5200 1030 5255 mandato
1057 5202 1200 5273 quod
1227 5203 1408 5258 datum
1434 5215 1538 5274 est,
1567 5216 1712 5264 moto
1738 5209 1804 5264 ab
1833 5209 1928 5264 ho-

341 5285 490 5338 mine
514 5295 566 5338 et
591 5289 788 5355 soluto,
821 5289 991 5346 honor
1014 5294 1100 5362 qui
1128 5294 1177 5348 ei
1203 5294 1357 5350 datus
1386 5308 1500 5352 erat
1523 5313 1552 5352 a
1580 5300 1688 5354 Deo
1711 5343 1726 5364 ,
1773 5317 1926 5356 man-

341 5376 505 5431 sisset
530 5378 842 5448 immobilis,
865 5399 968 5466 non
999 5383 1153 5442 facile
1181 5392 1564 5447 resurrexisset
1589 5393 1868 5464 »(Ποηιὶιὶα
1894 5397 1927 5452 9

339 5484 780 5596 ιῐιιζειξὲῩι-Μηδίε
817 5497 902 5541 “5'
926 5528 942 5554 ’
984 5507 1078 5546 non
1118 5495 1260 5548 mam
1297 5500 1489 5563 culpam
1527 5515 1781 5568 casumque
1816 5519 1928 5568 Ρεν-

408 5607 535 5685 ξμξίς
553 5616 695 5685 itm"
731 5611 870 5685 juxta
905 5629 1132 5678 graecum.
1161 5627 1213 5671 At
1237 5627 1307 5671 Er.
1335 5631 1386 5673 et
1409 5631 1541 5684 l.ov.,
1568 5625 1714 5678 tutela
1741 5627 1946 5685 Dmuini.

335 5672 411 5717 est
430 5680 447 5723 ε
471 5679 668 5734 omisso,
701 5672 748 5724 et
770 5673 876 5725 hoc.

1666 257 1864 316 LIBER
1907 256 2182 314 PRIMUS.

3489 255 3596 316 658

2017 374 2070 426 in
2100 371 2374 444 Genetii»).
2419 371 2620 442 Nempe
2671 371 3010 429 manifestum
3037 379 3140 438 est,
3161 381 3402 428 sanetum
3428 371 3596 428 Joan-

2016 479 2138 518 nem
2185 463 2284 518 hac
2327 463 2683 532 disputatione
2723 475 3085 530 monstrasse,
3131 462 3260 518 illud
3303 461 3448 532 quod
3499 478 3602 532 per

2015 570 2178 608 unum
2207 554 2474 609 hominem
2503 555 2518 586 ²
2552 555 2850 624 ingressum
2892 563 2998 620 est,
3027 569 3308 609 commune
3350 553 3600 608 omnibus

2018 645 2214 700 factum
2255 659 2379 700 esse
2417 654 2726 716 peccatum,
2753 646 3178 718 quandoquidem
3209 645 3458 700 omuilms
3495 656 3604 699 ter-

2015 754 2106 792 ror
2127 739 2426 792 communis
2453 749 2535 794 est
2563 740 2854 794 bestiarum
2880 757 2892 793 :
2925 756 3044 810 qua:
3071 741 3254 810 utique
3283 754 3381 794 nec
3423 738 3564 792 infau

2017 829 2157 884 tibus
2189 837 2442 898 parcunt;
2481 845 2618 900 quos
2645 831 2906 901 profecto,
2958 831 3250 886 secundum
3303 831 3462 884 istum
3497 840 3610 884 tra-w

2015 929 2214 976 clatum
2230 919 2476 988 Joannis,
2499 922 2642 976 nullo
2671 923 2832 978 modo
2853 923 3125 990 laederent,
3153 924 3267 978 sive
3297 931 3558 978 terrerent
3595 951 3608 980 ι

2017 1011 2118 1065 nisi
2145 1019 2328 1066 essent
2343 1013 2542 1067 veteris
2567 1013 2710 1068 illius
2735 1015 2936 1084 peccati
2963 1014 3283 1083 obligatione
3303 1015 3600 1068 constricti.

2088 1103 2180 1158 26.
2223 1103 2338 1170 Dic,
2369 1103 2598 1170 Juliane,
2626 1105 2714 1160 die
2751 1106 2910 1160 etiam
2943 1106 3102 1160 istum
3131 1105 3298 1176 (quid
3327 1107 3468 1160 enim
3489 1105 3595 1174 jam

2017 1193 2228 1249 dubitas
2250 1195 2508 1265 dicere?)
2538 1195 2884 1250 Maniehmum
2911 1237 2926 1261 ,
2976 1197 3064 1266 qui
3116 1203 3314 1250 tantam
3361 1207 3560 1250 natura:
3585 1237 3600 1258 ,

2017 1287 2172 1362 cujus
2201 1287 2560 1342 innocentiam
2589 1287 2891 1354 defenditis,
2929 1287 3054 1342 fecit
3095 1288 3361 1358 injuriam,
3394 1298 3446 1344 et
3475 1304 3604 1358 pro-

2022 1377 2354 1446 pagationem
2381 1377 2737 1432 damnationis
2767 1379 3014 1432 asseruit.
3044 1377 3157 1432 lmo
3180 1394 3308 1434 vero
3337 1379 3528 1434 cohibe
3555 1389 3608 1434 te

2020 1467 2218 1536 ipsum,
2246 1469 2290 1522 si
2315 1469 2442 1538 quid
2467 1469 2558 1524 tibi
2585 1479 2666 1524 est
2691 1469 2944 1526 sanabilis
2967 1471 3180 1538 mentis,
3207 1481 3260 1527 et
3285 1472 3523 1542 corrige;
3553 1483 3609 1528 et

2019 1557 2306 1627 aliquando
2334 1559 2588 1628 intellige,
2634 1559 2899 1629 quomodo
2945 1562 3179 1630 potuerit
3219 1562 3398 1616 dicere
3443 1563 3608 1616 Joan-

2021 1663 2140 1714 nes,
2173 1650 2424 1718 parvulos
2450 1665 2553 1704 non
2583 1650 2780 1706 habere
2804 1663 3054 1720 peccata;
3085 1669 3188 1706 non
3217 1653 3355 1723 quod
3385 1665 3608 1722 peccato

2022 1743 2318 1808 primorum
2369 1739 2642 1794 hominum
2689 1757 2795 1794 non
2857 1751 3138 1798 teneantur
3179 1744 3458 1808 obstricti,
3511 1745 3607 1799 sed

2021 1828 2162 1898 quod
2191 1844 2288 1884 sua
2321 1830 2463 1886 nulla
2499 1831 2888 1886 remanserint.
2917 1833 2983 1886 Et
3023 1832 3125 1888 hoc
3161 1833 3373 1903 quidem
3409 1837 3467 1888 in
3511 1852 3607 1891 ea-

2021 1921 2142 1976 dem
2165 1921 2277 1991 ips-a
2301 1921 2542 1988 homilia,
2565 1923 2612 1978 si
2635 1932 2798 1978 totam
2821 1924 3062 1994 legisses,
3087 1925 3326 1981 invenire
3345 1927 3564 1995 potuisti
3591 1939 3620 1981 :'

2021 2021 2116 2066 aut
2139 2013 2182 2068 si
2209 2013 2406 2082 legisti,
2460 2013 2642 2069 nescio
2668 2015 3118 2083 quemadmodum
3157 2025 3210 2070 te
3245 2017 3422 2094 potuit
3467 2034 3609 2086 prm-

2025 2104 2186 2158 terire
2216 2121 2230 2158 :
2260 2113 2354 2158 aut
2379 2105 2422 2158 si
2451 2105 2722 2176 praeterire
2751 2121 2857 2160 non
2887 2107 3076 2176 potuit,
3106 2107 3272 2162 miror
3297 2123 3394 2162 cur
3423 2117 3475 2163 te
3503 2124 3606 2164 non

2023 2194 2347 2258 correxerit;
2369 2195 2412 2248 si
2437 2205 2612 2250 tamen
2625 2175 2832 2266 ‘aliquid
2859 2175 2998 2266 apud
3027 2208 3077 2252 te
3092 2199 3234 2254 valet
3259 2199 3479 2255 Joannis
3505 2216 3607 2254 au-

2023 2285 2259 2339 ctoritas.
2291 2285 2396 2340 Aut
2421 2285 2464 2341 si
2493 2285 2581 2340 illo
2609 2300 2857 2342 sermone
2883 2289 3138 2356 perlecto,
3157 2303 3328 2360 eoque
3349 2289 3470 2346 loco
3495 2290 3612 2359 ejus

2023 2392 2180 2446 quem
2211 2388 2724 2434 commemoraturus
2764 2394 2906 2446 sum,
2948 2382 3160 2452 cognito
3188 2393 3348 2452 atque
3385 2397 3609 2452 petspe-

2024 2477 2134 2534 cto,
2165 2466 2220 2522 in
2249 2468 2502 2538 opinione
2531 2478 2620 2524 tua
2649 2470 2972 2525 manendum
3005 2473 3234 2540 putasti;
3275 2473 3458 2542 utquid
3489 2473 3614 2528 inde

2025 2558 2188 2612 verba
2216 2559 2469 2628 quaelibet
2495 2559 2764 2614 inseruisti
2805 2561 2952 2630 Operi
2987 2561 3111 2616 tuo?
3143 2561 3398 2616 Auferte
3425 2572 3486 2616 ut
3515 2578 3614 2618 nos

2029 2657 2198 2704 totum
2243 2649 2464 2720 legere'
2507 2665 2899 2717 commoneres,
2931 2661 2986 2708 et
3029 2653 3266 2708 invenire
3311 2654 3452 2708 unde
3494 2661 3614 2710 tuas

2026 2739 2557 2810 deprehenderemus
2589 2751 2644 2796 et
2681 2743 3122 2798 convinceremus
3169 2743 3432 2797 insidias?
3473 2745 3612 2810 Quid

2025 2830 2168 2886 enim
2195 2831 2451 2900 apertius,
2481 2845 2640 2900 quam
2671 2831 2724 2886 id
2751 2831 2890 2901 quod
2919 2832 2990 2886 ibi
3018 2833 3170 2898 dixit,
3201 2851 3222 2886 ι
3261 2833 3419 2887 Venit
3445 2835 3614 2888 semet

2026 2919 2292 2988 Christus,
2335 2929 2391 2975 et
2422 2921 2658 2991 paternis
2694 2935 2792 2975 nos
2834 2921 3170 2986 cautionibus
3208 2923 3408 2978 invenit
3449 2923 3612 2978 astri-

2025 3021 2162 3084 ctos,
2195 3025 2328 3080 quas
2353 3011 2670 3080 conscripsit
2695 3011 2884 3066 Adam.
2917 3011 3009 3066 Ille
3033 3012 3242 3068 initium
3271 3014 3610 3085 obligatiouis

2025 3101 2278 3164 ostendit,
2311 3101 2544 3170 peccatis
2573 3101 2770 3156 nostris
2797 3101 2948 3157 fenus
2976 3103 3212 3172 accrevit
3233 3104 3516 3177 >(Ilomilia
3543 3107 3612 3160 ad

2027 3189 2405 3264 Neap/agt“)?
2451 3192 2687 3248 Audisue
2715 3193 2986 3250 hominem
3017 3195 3070 3248 in
3115 3195 3221 3251 lide
3271 3197 3530 3252 catholica
3555 3207 3612 3252 et

2027 3285 2294 3340 eruditum
2321 3295 2376 3340 et
2400 3285 2730 3342 erudientem
2753 3327 2768 3353 ,
2805 3286 3219 3359 distinguentem
3249 3290 3484 3346 debitum
3514 3307 3611 3360 pa-

2031 3379 2169 3434 terni
2196 3379 2555 3449 chirographi,
2589 3379 2729 3448 quod
2762 3380 3154 3436 luered-itarium
3187 3381 3339 3438 nobis
3365 3383 3616 3450 inhresit,

2027 3471 2096 3526 ab
2120 3469 2198 3525 eis
2223 3468 2439 3535 debitis,
2469 3484 2694 3539 quorum
2726 3484 2820 3538 per
2857 3479 3036 3527 nostra
3068 3481 3279 3541 peccata
3321 3472 3475 3528 fenus
3515 3489 3608 3529 ac-

2027 3559 2231 3616 crevit?
2262 3558 2426 3614 Audis
2467 3559 2592 3628 quid
2635 3560 2872 3630 parvnlis
2911 3561 2966 3615 in
3007 3560 3279 3632 Baptismo
3320 3563 3608 3631 relaxetur,

2028 3651 2122 3720 qui
2147 3647 2382 3705 nondum
2413 3648 2626 3719 propria
2655 3650 2830 3706 debita
2861 3661 3263 3718 contraxerunt,
3301 3669 3402 3709 nec
3433 3664 3610 3712 tamen

2028 3759 2058 3798 a
2114 3749 2334 3814 paterno
2388 3741 2743 3813 chirographo
2799 3742 3065 3799 immunes
3111 3759 3232 3800 esse
3285 3747 3608 3816 potuerunt?

2029 3837 2204 3892 Verba
2239 3835 2434 3907 quippe
2463 3827 2580 3904 ejus
2617 3852 2720 3890 non
2752 3836 3094 3905 interpretata
3139 3836 3216 3892 sic
3261 3836 3505 3906 leguntur
3551 3839 3604 3892 in

2027 3943 2234 3998 graeco:
2257 3946 2276 3979 ι
2311 3911 2520 3998 ἓρχιται.
2543 3931 2676 3994 ἅπαξ
2698 3933 2724 3981 ὁ
2747 3935 2974 3998 Χριστὸς,
3001 3929 3127 3999 εὗρεν
3156 3935 3287 3995 ἡμῶν
3311 3937 3614 4000 χειρόγραφον

2030 4029 2262 4090 πατρῶσν,
2289 4024 2316 4072 ὃ
2344 4044 2392 4074 τι
2413 4028 2600 4091 ἔγραφεν
2619 4025 2644 4072 ὁ
2671 4008 2824 4086 Ᾱδὰμ.
2869 4007 3056 4080 Exit-ao;
3083 4031 3170 4080 τήν
3197 4021 3348 4088 ἀρχὴν
3375 4029 3616 4085 εἰσήγαγεν

2029 4119 2113 4164 τοῦ
2137 4115 2340 4180 χρείους,
2370 4119 2502 4178 ἡμεῖς
2531 4119 2608 4164 τὸν
2631 4115 2872 4178 datastan
2897 4116 3162 4178 ηὓεήσαμω
3181 4126 3284 4172 ταῖς
3298 4121 3612 4178 μεταγεκστέ·

2029 4222 2136 4269 ραις
2159 4204 2436 4272 ἁμαρτίαις.
2461 4221 2478 4254 ι
2502 4201 2630 4269 Qua:
2645 4201 2864 4256 verbum
2887 4217 2919 4256 e
2944 4201 3139 4256 verbo‘
3162 4203 3502 4270 interpretata
3533 4207 3612 4260 sic

2032 4305 2090 4343 se
2136 4289 2364 4344 habent:
2411 4308 2430 4342 ι
2466 4290 2620 4346 Venit
2649 4291 2812 4346 semel
2843 4289 3108 4358 Christus,
3141 4292 3340 4347 invenit
3367 4304 3607 4350 nostrum

2029 4383 2436 4453 chirographum
2461 4393 2760 4454 paternum,
2780 4386 2922 4455 quod
2965 4387 3178 4457 scripsit
3201 4387 3390 4442 Adam.
3411 4387 3501 4444 Ille
3528 4389 3612 4442 in-

2032 4475 2184 4530 itium
2213 4475 2617 4540 i'uduxitdebiti,
2657 4492 2754 4532 nos
2777 4477 2932 4534 fenus
2957 4479 3201 4534 auximus
3231 4481 3614 4550 posterioribus

2033 4565 2312 4635 peccatis»
2347 4565 2610 4636 Numquid
2635 4575 2916 4623 contentus
2946 4567 3040 4623 fuit
3062 4569 3264 4636 dicere,
3297 4589 3316 4622 ι
3335 4581 3608 4640 paternmn

2031 4656 2474 4726 chirographum;
2505 4677 2522 4709 ι
2549 4657 2650 4712 nisi
2680 4658 2921 4724 adderet,
2952 4678 2970 4712 ι
2999 4662 3278 4716 nostrum?
3307 4681 3326 4714 ι
3351 4661 3418 4718 Ut
3445 4665 3614 4718 scirc-

2031 4764 2170 4815 nms,
2197 4758 2480 4820 antequam
2520 4749 2675 4806 fenus
2719 4753 2952 4822 peccatis
2993 4755 3193 4810 nostris
3231 4757 3614 4823 posterioribus

2032 4854 2371 4910 augeremus,
2395 4841 2506 4910 jatn
2537 4841 2674 4896 illius
2702 4843 3040 4914 chirographi
3067 4845 3274 4916 paterni
3305 4845 3369 4900 ad
3402 4861 3500 4902 nos
3525 4847 3618 4900 de-

2035 4931 2198 4986 bitum
2234 4932 2518 5000 pertinere.

2101 5020 2192 5076 27.
2232 5021 2374 5093 Lege
2400 5023 2561 5078 etiam
2591 5024 3037 5094 quemadmodum
3067 5035 3302 5095 exponat
3329 5025 3467 5081 idem
3501 5027 3614 5096 ipse

2035 5112 2112 5166 vir
2137 5123 2350 5168 sanctus
2379 5113 2626 5170 eumdem
2659 5115 2832 5184 ipsum
2861 5117 3104 5186 Apostoli
3135 5117 3334 5184 locum,
3362 5119 3448 5170 ubi
3477 5120 3612 5171 srri-

2035 5214 2180 5275 ptum
2227 5213 2326 5270 est,
2373 5203 2478 5258 Per
2516 5222 2672 5260 unum
2718 5207 2968 5260 hominem
3011 5219 3266 5276 peccatum
3317 5209 3520 5260 intrarit
3563 5210 3628 5260 in,

2034 5297 2293 5350 mundum.
2325 5295 2399 5350 lbi
2440 5297 2582 5350 enim
2615 5297 2734 5352 luce
2758 5298 2954 5352 clarius
2983 5299 3034 5352 in
3077 5297 3237 5369 hujus
3275 5299 3394 5354 fidei
3434 5303 3616 5354 catho-

2098 5448 2123 5516 I_
2151 5447 2234 5518 llic
2269 5447 2316 5495 in
2342 5445 2484 5496 editis
2504 5446 2696 5496 additur
2714 5482 2730 5508 ,
2769 5454 3051 5510 peccatum;
3087 5449 3214 5512 quod
3240 5449 3376 5498 abest
3400 5461 3428 5498 ιι
3453 5463 3618 5500 mann-

2295 5574 2424 5628 Ιοονο,
2451 5580 2536 5618 nos
2559 5576 2716 5634 tecum
2739 5568 2914 5634 legere.

2100 5631 2119 5661 ³
2152 5631 2294 5694 tiditi,
2335 5639 2449 5690 (mw
2505 5631 2648 5680 verba
2689 5647 2716 5684 ε
2763 5631 2915 5684 uerbo.
2949 5634 3234 5684 Concinnius
3277 5633 3614 5694 manusu'iptis

2035 5702 2147 5751 (mw
2169 5691 2360 5740 verbum
2391 5703 2418 5741 e
2442 5693 2599 5743 rei-bo.
