4038 6182
421 185 525 256 ης

416 316 532 374 ἰίαιε
557 317 782 374 veritate
813 327 1074 376 versatur.
1102 319 1252 388 Quod
1293 328 1462 374 totum
1506 319 1629 388 quia
1671 315 1888 390 longum
1917 324 2001 372 ρει

416 409 544 465 huic
569 424 723 480 operi
754 409 1012 477 inlexere,
1047 423 1214 480 pauca
1241 409 1364 466 inde
1401 409 1725 480 contingam.
1763 424 1785 461 ί
1836 407 2002 463 Mani-

417 499 610 555 festum
633 541 648 565 ,
685 519 705 554 ι
739 501 945 571 inquit,
986 520 1006 553 ι
1043 501 1294 572 quoniam
1336 511 1440 555 ttun
1487 499 1660 570 ipsum
1699 508 1998 570 peccatum,

414 593 558 661 quod
607 608 673 648 ex
719 593 851 660 legis
901 589 1362 664 transgressione.
1409 593 1502 648 sed
1547 593 1678 647 illud
1725 601 2001 662 peccatum

415 683 558 753 quod
583 699 648 738 ex
675 682 803 738 Adze
829 683 1208 749 inobedientia,
1239 683 1341 738 hoc
1363 688 1480 740 erat
1502 682 1644 754 quod
1671 683 1850 738 omnia
1873 697 2006 736 con-

413 775 710 831 taminarit.
759 793 779 828 ι
825 775 890 830 Et
928 775 1086 846 paulo
1116 785 1236 846 post
1277 793 1290 828 :
1331 787 1350 828 t
1399 775 1676 846 Regnavit,
1723 791 1744 826 ι
1794 773 2000 844 inquit,

419 876 439 916 ἁ
475 882 614 922 mors
639 865 703 920 ab
730 867 895 921 Adam
934 883 1092 934 usque
1134 867 1202 922 ad
1237 864 1471 937 Moysen,
1515 877 1563 921 et
1589 867 1644 919 in
1675 881 1759 920 cos
1787 865 1874 937 qui
1902 881 2004 920 non

405 967 761 1028 peccaverunt.
787 957 1066 1028 Quomodo
1090 958 1364 1026 regnavit?
1389 956 1458 1012 In
1481 955 1811 1012 similitudine
1833 966 2001 1010 trans-

403 1047 682 1120 gressionis
701 1047 844 1115 Atlas,
867 1048 954 1118 qui
972 1057 1047 1102 est
1071 1050 1235 1110 [arma
1249 1047 1428 1117 futuri.
1453 1047 1742 1117 Propterea
1757 1053 1811 1102 et
1829 1045 1997 1100 forma

409 1147 496 1195 est
519 1138 718 1196 Christi
746 1138 938 1194 Adam.
969 1138 1249 1207 Quomodo
1275 1137 1444 1193 forma
1480 1147 1590 1202 (εει,
1626 1135 1812 1192 aiunt?
1842 1136 1997 1204 Quo-4

411 1232 556 1287 niam
597 1231 734 1286 sicut
779 1231 872 1286 ille
913 1247 978 1286 ex
1023 1231 1314 1300 semetipso
1356 1227 1715 1295 nascentibus,-
1756 1227 2000 1298 quamvis

410 1338 522 1379 non
550 1322 985 1378 manducavcrint
1013 1322 1080 1378 de
1107 1321 1267 1392 ligno,
1301 1323 1468 1376 lactus
1497 1327 1582 1376 est
1607 1333 1766 1374 causa
1785 1317 1995 1385 martis,

409 1429 532 1484 quae
559 1429 655 1484 per
677 1415 854 1470 cibum
884 1413 1100 1470 inducta
1125 1417 1246 1468 e'st:
1273 1413 1343 1467 ita
1370 1422 1426 1468 et
1451 1411 1692 1468 Christus
1723 1413 1788 1467 iis
1812 1413 1902 1483 qui
1931 1427 2000 1466 ex

409 1504 532 1574 ipso
567 1514 712 1571 sunt,
745 1505 952 1560 tametsi
981 1503 1111 1559 nihil
1143 1505 1288 1574 jnste
1315 1505 1541 1576 egerint,
1569 1501 1741 1561 lactus
1767 1511 1850 1560 est
1874 1519 2002 1574 pro-

408 1595 559 1650 visor
577 1594 818 1666 justitiae,
842 1611 1000 1666 quam
1031 1611 1128 1666 per
1153 1610 1368 1652 crucem
1407 1595 1562 1652 nobis
1588 1597 1839 1652 omnibus
1866 1613 1995 1654 cnn-

409 1687 652 1744 dOnavit.
690 1706 712 1742 ι
740 1681 863 1744 Alio
889 1687 1009 1744 loco
1044 1689 1096 1744 in
1125 1687 1316 1744 eodem
1345 1695 1595 1744 sermone
1635 1705 1650 1744 :
1690 1707 1710 1742 ι
1762 1689 1834 1746 Ut
1874 1705 1995 1746 cum

408 1780 507 1837 tibi
545 1780 739 1837 dixerit
775 1780 1012 1850 Judzeus,
1061 1791 1082 1834 ι
1126 1780 1318 1852 inquit,
1351 1798 1372 1834 ε
1405 1779 1675 1852 quomodo
1700 1782 1858 1838 unius
1885 1782 1998 1839 vir-

407 1880 524 1928 tute
549 1871 747 1928 Christi
774 1873 1006 1929 mundus
1043 1872 1275 1930 salvatus
1305 1873 1426 1928 est?
1466 1873 1640 1944 possis
1675 1873 1728 1929 ei
1779 1873 1958 1929 dicere
1980 1915 1996 1938 ,

411 1963 873 2033 Quemadmodum
955 1979 1064 2020 uno
1125 1963 1466 2020 inobediente
1522 1963 1691 2020 Adam
1765 1963 1998 2019 mundus

407 2055 697 2112 damnatus
739 2064 843 2114 est.
886 2055 1199 2126 Quanquam
1244 2071 1350 2111 non
1403 2055 1511 2112 sint
1558 2055 1780 2126 mquaiia
1827 2057 1996 2128 gratia

409 2157 574 2220 atque
603 2158 899 2220 peccatum,
929 2148 1104 2220 neque
1146 2148 1292 2220 paria
1334 2147 1445 2204 sint
1483 2163 1630 2204 mors
1663 2155 1822 2220 atqde
1851 2146 1958 2204 rita
1979 2190 1996 2214 ,

409 2254 521 2297 non
559 2239 782 2314 aequalis
825 2241 968 2298 Deus
1007 2241 1070 2296 ac
1111 2240 1373 2298 diabolus.
1415 2252 1434 2295 ι
1467 2238 1599 2296 item
1645 2245 1766 2312 pust
1807 2241 1999 2312 paulu;

412 2329 566 2390 ium:
601 2351 622 2385 ι
669 2325 777 2389 Sed
819 2347 926 2388 non
964 2331 1388 2402 quemadmodum
1433 2333 1688 2396 delictum,
1741 2351 1761 2385 ι
1807 2333 1996 2404 inquit,

419 2437 440 2477 α
470 2422 548 2480 ita
573 2433 620 2481 et
647 2425 832 2497 gratia.
859 2425 922 2480 Si
947 2425 1081 2480 enim
1105 2425 1258 2479 unius
1283 2424 1466 2480 delicto
1487 2423 1634 2478 multi
1653 2425 1836 2478 mortui
1858 2433 1996 2488 sunt,

411 2515 575 2571 multo
603 2516 764 2586 magis
786 2517 953 2588 gratia
977 2513 1074 2570 Dei
1101 2524 1148 2570 et
1172 2515 1364 2570 donum
1391 2515 1444 2570 in
1467 2516 1634 2587 gratia
1661 2515 1813 2571 tutius
1836 2515 2000 2570 hami.

410 2607 496 2662 nis
512 2605 638 2662 Iesu
658 2606 845 2662 Christi
867 2606 920 2660 in
944 2606 1129 2661 multos
1147 2606 1436 2660 abundarit.
1457 2605 1608 2673 Quod
1633 2606 1776 2662 enim
1799 2605 1947 2673 dicit,
1975 2626 1996 2660 s

415 2695 608 2768 inquit,
643 2714 664 2749 ι
699 2695 1003 2766 hujusmodi
1031 2705 1114 2752 est
1145 2713 1160 2751 :
1187 2695 1244 2752 Si
1273 2704 1548 2766 peccatum
1577 2695 1762 2764 valuit,
1793 2704 1848 2750 et
1874 2711 1992 2768 pec-

413 2788 592 2862 catum
621 2787 778 2842 unius
818 2786 1085 2852 hominis;
1125 2787 1340 2859 gratia"
1359 2795 1416 2842 et
1457 2787 1552 2844 Dei
1593 2787 1782 2858 gratia,
1809 2797 1866 2842 et
1893 2803 2000 2843 non

414 2878 590 2934 solum
620 2879 816 2946 Patris,
853 2879 948 2936 Sed
993 2879 1154 2934 etlam
1199 2878 1353 2947 Filii;
1399 2880 1848 2951 quemadmodum
1893 2885 2002 2937 non

417 2971 649 3044 amplius
688 2969 1036 3040 praevalebit?
1073 2964 1239 3025 Multo
1284 2971 1429 3026 enim
1473 2969 1574 3026 hoc
1611 2971 1999 3026 ra'tionabilitrs.

415 3058 547 3116 Nam
579 3061 740 3115 alium
775 3075 874 3132 pro
898 3061 1006 3116 alio
1032 3061 1296 3127 damnari,
1321 3076 1428 3116 non
1465 3061 1621 3117 valde
1659 3061 1867 3119 videtur
1900 3060 2001 3118 ha-

415 3151 546 3206 ltere
572 3150 832 3207 rationem
864 3168 879 3206 :
909 3151 1072 3207 alium
1109 3161 1287 3206 autem
1319 3167 1418 3222 pro
1445 3153 1550 3208 alio
1575 3152 1788 3220 salvari,
1815 3166 1869 3209 et
1907 3153 2003 3208 de-

414 3243 625 3298 centius
652 3243 823 3314 magis
849 3251 905 3298 et
929 3241 1298 3298 rationabilius
1324 3251 1564 3312 apparet.
1590 3241 1646 3298 Si
1679 3243 1838 3313 igitur
1871 3243 2000 3300 illud

414 3323 616 3392 iactum
645 3343 745 3403 est,
775 3336 944 3392 multo
972 3333 1144 3408 magis
1168 3335 1293 3392 hoc.
1328 3334 1610 3406 tltemque
1635 3335 1760 3390 alibi
1790 3335 1843 3390 in
1870 3349 2002 3392 cons

415 3429 801 3500 sequentibus:
836 3440 857 3482 t
891 3427 1172 3495 Judidttm,
1207 3445 1228 3482 ι
1261 3427 1454 3499 lnqitit,
1485 3441 1506 3481 ι
1552 3440 1618 3484 ea:
1652 3430 1756 3484 uno
1786 3419 1855 3484 in~
1879 3433 2002 3484 cbna

415 3521 808 3586 ilenmationem,
832 3521 998 3594 gratia
1024 3525 1190 3574 autem
1215 3536 1280 3576 ea:
1304 3519 1476 3575 ntultis
1497 3519 1694 3575 delictis
1726 3521 1780 3576 in
1797 3521 2000 3592 juitiﬁ-

419 3613 670 3668 cntionem
696 3612 912 3680 5(Ro'm.
946 3614 1000 3678 il,
1028 3611 1243 3683 12-16).
1269 3619 1290 3664 t
1315 3611 1427 3668 Hoc
1449 3611 1588 3668 idem
1613 3621 1720 3680 εει,
1758 3617 1778 3666 i
1805 3613 1994 3684 inquit,

421 3704 594 3776 iquod
613 3705 827 3771 dieitur,
850 3707 1102 3776 quoniam
1130 3704 1344 3778 quidem
1371 3704 1598 3762 mortem
1627 3714 1681 3764 et
1695 3706 1998 3762 damnatio-

413 3801 540 3854 itetn
577 3797 754 3869 patuit
795 3806 1070 3868 peccatum
1117 3797 1368 3852 inducere
1392 3839 1406 3859 ,
1452 3797 1622 3868 giatia
1667 3798 1846 3854 autem
1890 3801 1998 3854 n’titi

411 3904 580 3945 unum
627 3888 758 3946 illud
801 3887 1168 3944 tantummodo
1213 3887 1478 3944 interfecit
1534 3899 1848 3960 peccatum,
1898 3888 1995 3949 sed

415 3982 576 4038 etiam
608 3991 727 4054 post
753 3981 882 4038 illud
913 3981 1232 4037 introeuntia
1260 3989 1498 4052 peccata.
1533 3999 1554 4034 ι
1589 3981 1656 4036 Ει
1680 3981 1838 4051 paulo
1867 3992 1990 4052 post

411 4074 484 4130 de
511 4073 614 4130 hoc
640 4074 794 4146 ipso:
827 4091 848 4127 ι
879 4072 1139 4141 Quoniam
1168 4073 1185 4105 ⁸
1213 4084 1360 4144 ergo,
1397 4089 1418 4125 ι
1452 4072 1640 4142 inquit,
1679 4091 1700 4126 ι
1733 4072 1884 4142 plura
1917 4073 2000 4128 in-

416 4165 658 4222 troducta
675 4169 802 4222 sunt
817 4165 978 4232 bona,
995 4169 1171 4222 etnon
1195 4165 1367 4220 solum
1396 4163 1526 4220 illud
1554 4164 1891 4222 interiectum
1916 4178 1994 4222 est

411 4267 714 4328 peccatum,
741 4257 838 4314 sed
865 4247 1026 4314 etiam
1055 4257 1231 4314 omnia
1263 4257 1487 4328 reliqua,
1515 4256 1749 4313 ostendit
1772 4257 1956 4314 dicens
1983 4275 1998 4313 :

314 4418 330 4424 ο
415 4348 596 4404 Gratia
618 4350 787 4406 autem
815 4359 879 4406 ea:
904 4352 1076 4406 multis
1102 4351 1295 4406 delictis
1328 4335 1382 4404 iri
1400 4349 1840 4422 justi/icationcm.
1881 4354 1902 4404 ὑ
1934 4352 2000 4407 Et

412 4451 536 4512 post
568 4443 839 4512 paululum
875 4443 984 4496 ait:
1026 4451 1045 4494 ι
1089 4442 1269 4497 Primo
1302 4443 1445 4497 enim
1484 4442 1620 4498 dixit
1660 4443 1908 4513 quoniam
1953 4443 1997 4498 si

412 4533 574 4587 unius
617 4539 892 4603 peccatum
937 4533 1202 4589 interluit
1241 4538 1468 4600 Omnes,
1519 4533 1690 4590 multo
1735 4536 1903 4606 magis
1945 4531 2000 4590 ci

417 4624 574 4679 unius
599 4624 770 4695 gratia
809 4619 1004 4696 pelei-it
1047 4624 1273 4679 salvare.
1315 4623 1440 4679 Post
1472 4623 1587 4680 lucc
1611 4633 1787 4680 autem
1815 4635 1998 4680 osten-

413 4716 514 4781 dit,
549 4735 570 4770 ι
603 4716 792 4786 inquit,
834 4733 854 4768 ι
886 4715 1138 4786 quoniam
1169 4717 1277 4770 non
1302 4712 1430 4770 illud
1458 4715 1630 4770 solum
1661 4715 1998 4772 interfectum

413 4817 502 4864 est
525 4816 802 4878 peccatum
841 4821 938 4879 per
971 4808 1216 4879 gratiam,
1247 4805 1343 4863 sed
1367 4807 1527 4862 etiam
1555 4807 1733 4862 omnia
1765 4808 1996 4880 reliqua:

415 4911 470 4956 et
515 4916 622 4956 non
655 4899 829 4956 solum
867 4908 1086 4971 peccata
1129 4897 1405 4954 interfecta
1441 4907 1588 4964 sunt,
1618 4897 1713 4954 sed
1755 4892 1915 4954 etiam
1945 4902 2002 4954 et

415 4991 611 5048 tributa
627 4990 830 5062 iustitia
851 4999 954 5048 est.
975 4990 1044 5046 Et
1063 5004 1168 5046 non
1195 4989 1399 5045 tantum
1427 4989 1600 5046 solum
1628 4981 1826 5062 profuit
1844 4988 2002 5046 Chri-

413 5087 550 5145 stus,
581 5091 840 5154 quantum
869 5081 1050 5138 nocuit
1077 5079 1268 5146 Adam,
1307 5078 1406 5136 sed
1443 5079 1613 5135 multo
1646 5079 1873 5150 amplius
1912 5076 1998 5134 at-

413 5173 520 5243 que
547 5172 717 5244 magis
738 5174 782 5226 ⁸.
818 5191 838 5227 ι
872 5172 1002 5228 Post
1029 5171 1146 5228 iure
1174 5171 1228 5227 in
1253 5170 1442 5227 eodem
1469 5185 1591 5226 cum
1622 5168 1690 5226 de
1729 5169 2002 5240 Baptismo

414 5275 615 5333 ageret,
663 5261 986 5334 interposuit
1023 5262 1186 5318 verba
1229 5261 1472 5332 Apostoii
1509 5261 1737 5318 dicentis
1779 5277 1794 5316 :
1844 5277 1864 5314 ι
1920 5261 2001 5316 An

411 5351 659 5425 ignoratis
679 5394 698 5422 ,
764 5355 934 5426 inquit
967 5395 982 5421 ,
1047 5357 1231 5428 fratres
1253 5396 1270 5424 ,
1309 5370 1551 5428 quoniam
1609 5355 1907 5428 quicumque
1943 5354 1998 5410 in

456 5509 494 5576 ,ί
532 5499 668 5568 adiit,
691 5508 942 5573 ottoinodo.
986 5516 1042 5561 At
1082 5508 1394 5576 msnuscripti
1431 5511 1571 5576 juxta
1605 5523 1834 5575 gmum,
1883 5525 1999 5574 quo-

497 5583 632 5683 ";im‘.
660 5640 711 5682 et
733 5645 904 5683 omnes
924 5640 1051 5693 ω..
1077 5632 1250 5696 mqius.

1227 202 1501 262 conm
1537 201 1872 261 JULMNUM
1911 191 2375 277 i‘i-Jl..\Gl.-\.\‘UM,~
2414 208 2472 266 s.
2515 189 2880 287 tuaesrtx’t

2114 317 2315 377 Christo
2344 321 2585 394 baptismi
2609 328 2800 394 sumus,
2831 330 2886 386 in
2914 330 3072 390 moi‘te
3095 333 3112 368 ‘
3139 333 3298 396 insitis
3327 332 3567 410 baptizata
3607 363 3691 400 su-

2113 415 2260 467 mus?
2300 413 2590 484 Consepulti
2636 437 2754 491 ergo
2795 431 2970 478 sanius
3021 425 3101 481 illi
3117 426 3122 434 “
3149 435 3240 498 per
3281 427 3599 499 Baptismum
3640 453 3691 492 tn

2112 513 2292 557 morte.
2317 505 2453 572 Quid
2480 518 2582 572 est,
2611 510 2664 564 in
2694 523 2852 567 morte
2879 515 3017 568 illius
3047 517 3289 587 baptismi
3317 523 3523 578 smmis?
3553 524 3620 580 Ut
3641 537 3694 582 et

2113 590 2211 682 ipsi
2239 591 2530 652 moriamur
2558 599 2694 655 sicut
2718 611 2772 656 et
2799 602 2904 658 ille.
2937 602 3078 660 cum
3120 609 3260 662 enim
3294 620 3376 664 cst
3405 612 3690 682 liaptiSata.

2111 668 2260 750 Quod
2303 691 2432 758 ergo
2475 691 2606 746 crux
2649 685 2863 748 Christo
2903 705 2956 751 et
2993 699 3330 769 sepulcrum,
3387 668 3491 761 hoc
3539 668 3693 764 nobis

2112 773 2376 868 iiaptisnta
2421 779 2614 836 factum
2642 793 2758 850 est;
2807 787 3018 842 tametsi
3060 806 3164 846 non
3197 792 3248 847 in
3291 787 3494 850 eisdem
3537 784 3687 868 ipsis.

2111 861 2230 933 ipse
2254 882 2481 939 namque
2495 887 2657 928 carne
2675 884 2726 928 et
2747 885 2984 934 ntortuus
3000 889 3082 934 est
3097 889 3150 937 et
3167 885 3404 954 sepultus
3424 903 3438 941 :
3469 861 3572 944 nos
3591 907 3691 944 au-

2111 966 2218 1011 tem
2245 969 2464 1028 peccato
2492 962 2542 1017 in
2570 975 2814 1038 utroque.
2844 967 3182 1044 Quapropter
3210 991 3316 1030 non
3345 977 3496 1044 dixit,
3536 979 3691 1036 Com-

2111 1048 2328 1142 plantati
2354 1053 2546 1120 morti;
2576 1056 2690 1123 sed,
2718 1059 3037 1116 similitudini
3063 1065 3236 1120 mortis
3257 1066 3432 1135 (Rom.
3454 1085 3527 1134 τι,
3549 1071 3688 1142 5-5).

2109 1137 2253 1239 μοι-ε
2277 1157 2505 1239 namque
2525 1154 2578 1200 et
2604 1148 2704 1204 hoc
2731 1159 2783 1204 et
2811 1151 2959 1216 illud,
2987 1151 3080 1210 sed
3106 1161 3210 1211 non
3237 1157 3410 1214 cidem
3436 1160 3534 1230 ipsi
3563 1137 3692 1218 stili:

2106 1233 2254 1296 jacet
2278 1249 2292 1285 ι
2322 1233 2415 1286 Sed
2443 1233 2558 1292 ita-e
2581 1239 2796 1308 quidem
2824 1244 3004 1299 carnis
3029 1245 3254 1314 Christi,
3295 1248 3472 1304 nostra
3507 1253 3689 1308 autent

2109 1323 2333 1416 peccati.
2362 1323 2816 1416 Quemadmodum
2830 1349 2958 1404 ergo
2983 1335 3068 1392 illa
3093 1341 3240 1406 rc'ra,
3262 1334 3314 1395 ei
3344 1339 3458 1398 hzec
3490 1360 3509 1396 ι
3543 1343 3685 1416 (ΙΙόο

2106 1412 2249 1466 milia
2276 1413 2344 1469 10
2369 1415 2422 1469 in
2450 1416 2616 1489 Epist.
2648 1421 2718 1475 ad
2743 1423 3002 1482 Rontanos
3018 1427 3060 1498 ).

2175 1501 2268 1558 38.
2308 1503 2572 1578 Numquid
2601 1509 2842 1569 dubitare
2861 1515 2974 1584 jam
3005 1519 3205 1588 poteris
3241 1521 3479 1579 sanetum
3519 1523 3686 1580 Joan-’

2105 1607 2228 1648 nem
2257 1604 2363 1650 uim
2395 1597 2550 1670 longe
2577 1615 2700 1658 esse
2723 1618 2754 1658 a
2781 1617 2944 1661 sensu
2979 1617 3179 1677 vestro,
3215 1612 3372 1681 quam
3401 1615 3504 1668 rion
3537 1623 3688 1672 recc;

2103 1683 2184 1740 dit
2208 1701 2238 1739 a
2264 1701 2424 1743 sensu
2450 1690 2754 1747 catholico?
2784 1693 3050 1766 Numquid
3077 1699 3128 1753 in
3160 1699 3276 1770 ejus
3303 1701 3682 1772 disputatione,

2104 1791 2208 1846 qua
2233 1780 2452 1846 exponit
2475 1782 2712 1852 Apostoli
2738 1786 2910 1842 locum
2939 1787 3064 1844 huic
3090 1792 3371 1862 qumstioni
3398 1811 3517 1866 qua:
3545 1797 3687 1852 inter

2104 1878 2204 1921 nos
2231 1869 2452 1925 vertitur
2475 1876 2954 1942 pet-necessarium,
3001 1879 3089 1934 ubi
3130 1881 3390 1951 scriptum
3429 1893 3546 1951 est,
3581 1883 3685 1941 Per

2103 1971 2260 2012 unum
2286 1959 2538 2017 hominem
2565 1975 2824 2035 peccatum
2847 1969 3051 2024 intravit
3073 1972 3126 2025 in
3155 1974 3434 2040 mundum,
3476 1987 3532 2032 et
3575 1995 3682 2033 eteo

2106 2057 2216 2104 tera
2252 2067 2376 2122 qua:
2415 2067 2652 2112 connexa
2693 2069 2838 2128 sunt,
2881 2061 3077 2118 a’iicu'bi
3115 2065 3322 2122 redolet
3348 2069 3369 2100 ³
3409 2069 3548 2140 quod
3587 2079 3684 2127 ros

2103 2139 2308 2210 dicitis,
2342 2157 2556 2217 propter
2601 2149 2950 2208 imitﬁlidnem
2997 2155 3098 2212 hoc
3138 2162 3258 2214 esse
3301 2155 3503 2216 dictum
3527 2205 3543 2230 ,
3575 2169 3680 2220 non

2107 2238 2328 2330 propter
2347 2239 2617 2296 carnalem
2661 2244 3030 2303 nativitatem?
3055 2244 3244 2306 Nonne
3273 2251 3364 2308 illo‘
3410 2259 3517 2309 uno”
3555 2260 3683 2326 pec-

2103 2329 2224 2380 cato
2249 2329 2606 2386 contaminata
2633 2331 2764 2389 dicit
2791 2349 2911 2392 esse
2931 2339 3130 2405 omnia,
3153 2351 3208 2395 et
3235 2342 3312 2396 sic
3338 2341 3466 2400 illud
3491 2347 3653 2405 distit:
3671 2379 3688 2394 -

2103 2417 2217 2486 guit
2243 2433 2271 2472 a
2299 2422 2510 2478 caeteris
2537 2432 2717 2493 postea
2757 2429 3058 2485 commissis
3095 2422 3516 2506 introducdsque
3557 2443 3684 2508 pel:-

2103 2507 2268 2575 catis,
2299 2526 2419 2582 quae
2444 2520 2540 2568 ros
2567 2516 2740 2571 dicitis
2765 2517 2830 2572 ad
2863 2518 3230 2588 imitationem,
3261 2539 3364 2578 non
3391 2525 3457 2580 ad
3486 2507 3684 2598 prope;

2104 2601 2280 2672 ginem
2309 2605 2594 2673 pertinere,-
2619 2609 2676 2662 u't
2702 2623 2806 2664 non
2835 2609 2922 2664 illa
2950 2619 3176 2676 tantum,
3199 2613 3293 2669 sed
3317 2615 3495 2671 ethoc
3516 2625 3570 2674 et
3597 2619 3683 2675 illd

2105 2705 2203 2761 per
2221 2695 2445 2764 gratiam
2472 2695 2838 2755 Christi-dicat
2876 2703 3099 2758 interﬁci
3129 2703 3190 2760 ’ἵ
3235 2705 3423 2764 Nonne
3467 2709 3535 2765 de
3579 2711 3683 2767 Ba-

2104 2783 2351 2852 ptismate
2383 2787 2619 2856 Apostoli
2649 2789 2829 2855 verba,
2859 2791 2946 2846 ubi
2976 2793 3070 2860 ait,
3105 2792 3418 2866 Quicumque
3439 2797 3682 2868 baptisati

2103 2889 2278 2928 summ
2301 2874 2600 2946 in'CIuisto,
2627 2879 2682 2934 in
2718 2891 2880 2936 morte
2911 2883 3052 2938 illius
3089 2885 3330 2952 baptisati
3354 2905 3564 2952 sumus;
3605 2892 3684 2947 sic

2106 2967 2344 3036 exponit,
2375 2977 2433 3023 ut
2459 2969 2600 3025 dicat
2625 2973 2697 3026 ita
2725 2987 2847 3028 eum
2878 2983 3096 3044 peccato
3125 2977 3281 3044 mori,
3323 2979 3412 3049 qui
3450 2979 3684 3050 baptiza—

2107 3062 2194 3112 thr
2225 3059 2277 3114 itt
2305 3058 2540 3128 Christo,
2580 3063 2718 3118 sicut
2749 3078 2910 3121 carne
2931 3064 2954 3097 ‘
2997 3077 3080 3120 est
3123 3071 3362 3124 mdrtuds
3401 3070 3678 3140 Christus;

2105 3149 2228 3219 quia
2258 3149 2311 3204 in
2342 3159 2515 3207 morte
2537 3153 2736 3208 Christi
2772 3155 3032 3227 baptizari
3071 3157 3202 3212 nihil
3239 3168 3320 3213 est
3357 3160 3494 3214 aliud
3525 3173 3680 3232 quam

2107 3249 2326 3310 peccato
2351 3241 2526 3296 mori?
2548 3241 2646 3297 Cu'i
2677 3257 2804 3314 ergo
2834 3257 3052 3316 peccato
3078 3249 3332 3318 parvulus
3365 3251 3604 3314 moritur,
3636 3252 3680 3306 si

2105 3331 2362 3402 originale
2387 3347 2493 3387 non
2523 3335 2722 3390 traxit?
2747 3336 2827 3390 An
2867 3335 3006 3392 forte
3042 3353 3148 3392 non
3191 3339 3244 3393 in
3287 3352 3459 3396 morte
3485 3340 3680 3397 Christi

2106 3421 2308 3490 parvuli
2337 3422 2706 3492 baptizantur?
2729 3429 2851 3480 cum
2878 3427 3164 3496 Apostolus
3189 3440 3293 3483 non
3319 3429 3531 3498 dixerit,
3556 3431 3683 3501 Qui-

2106 3511 2264 3578 dam;
2296 3513 2411 3578 sed,
2441 3513 2751 3587 Quicumque
2785 3517 3028 3589 baptizati
3053 3528 3225 3574 sumus
3261 3506 3313 3575 in
3351 3519 3550 3578 Christo
3571 3560 3590 3590 ,
3628 3525 3682 3576 iu

2106 3614 2265 3658 ntorte
2290 3604 2451 3673 ipsius
2478 3606 2719 3678 baptizati
2744 3625 2941 3664 sumus.
2984 3610 3067 3666 An
3107 3611 3319 3683 quando
3352 3613 3684 3685 baptizantur
3749 3649 3758 3660 ο

2106 3695 2433 3767 Baptismate
2457 3699 2772 3767 christiano,
2809 3699 3002 3757 dicturi
3029 3703 3160 3760 cetis
3197 3704 3338 3776 quod
3368 3721 3473 3760 non
3511 3707 3686 3778 bapti-

2106 3797 2296 3842 zentur
2321 3789 2372 3844 in
2399 3790 2646 3858 Christo;
2673 3808 2742 3848 ne
2769 3787 2865 3848 'vos
2888 3795 3170 3864 episcopus
3193 3795 3424 3852 Joannes
3446 3812 3540 3854 sua
3581 3799 3681 3856 de-

2105 3879 2346 3936 finitione
2383 3881 2626 3950 snli‘ocet,
2669 3882 2762 3954 qui
2789 3883 2918 3940 dicit
2947 3885 3050 3941 hoc
3083 3899 3204 3942 esse
3247 3887 3574 3959 Bapti-tmum
3602 3890 3682 3948 eis

2105 3972 2194 4041 qui
2234 3971 2568 4041 baptizantur
2601 3975 2652 4028 in
2680 3973 2912 4042 Christo,
2943 3975 3084 4047 quod
3111 3993 3238 4032 crux
3279 3980 3681 4049 «sepulcrum

2107 4061 2208 4116 fuit
2233 4060 2466 4125 Christo,
2503 4071 2562 4118 ut
2585 4064 3030 4134 quemadmodum
3059 4065 3150 4122 ille
3181 4077 3420 4124 mortuus
3447 4079 3527 4125 est
3563 4085 3683 4124 car-

2107 4165 2192 4219 ne,
2233 4154 2312 4210 sic
2337 4163 2391 4208 et
2420 4154 2551 4210 istos
2591 4154 2947 4227 intelligamus
2987 4165 3228 4213 mortuos
3265 4173 3386 4214 esse
3426 4157 3683 4229 peccato?

2106 4245 2246 4302 Ecce
2257 4247 2342 4301 cui
2355 4247 2489 4314 viro,
2502 4263 2662 4317 quam
2684 4263 2876 4320 magno
2890 4248 3196 4304 christiana;
3211 4249 3330 4305 lidei
3347 4253 3506 4322 atque
3526 4252 3682 4322 hujus

2105 4339 2352 4395 catholici
2380 4339 2644 4410 dogmatis
2664 4340 2956 4410 delensOri,
2986 4341 3200 4397 voluiSIi
3229 4352 3462 4397 vestrum
3491 4342 3680 4412 dogma

2105 4439 2442 4500 supponere,
2473 4432 2623 4502 quasi
2663 4430 2878 4500 dixerit,
2915 4443 2937 4486 ι
2969 4434 3218 4503 parvulos
3256 4433 3408 4503 primi
3453 4428 3683 4488 hominis

2107 4537 2214 4576 non
2244 4521 2548 4592 inquinatos
2573 4537 2693 4579 esse
2726 4531 2978 4594 peccato;
3009 4534 3038 4576 ι
3083 4535 3206 4578 cum
3246 4523 3477 4589 dixerit,
3519 4543 3541 4576 ι
3587 4531 3683 4580 ως

2107 4625 2212 4671 n'0n
2247 4613 2445 4670 habere
2475 4625 2688 4684 peccata
2713 4633 2732 4672 :
2775 4626 2796 4670 ι
2841 4623 2962 4687 quae
3001 4625 3107 4672 non
3149 4631 3272 4672 eum
3315 4616 3536 4688 intelligi
3581 4616 3682 4670 nisi

2106 4708 2320 4779 propria
2357 4696 2611 4772 voluisse,
2649 4709 2766 4778 ejus
2793 4713 2901 4763 tam
2939 4703 3107 4762 multa
3140 4706 3442 4766 testimonia
3471 4711 3685 4777 tamque

2107 4798 2386 4855 manifesta
2413 4799 2705 4854 declarant.

2175 4889 2402 4948 CAPUT
2430 4887 2706 4944 νῆά-29.
2728 4887 2864 4956 Quid
2882 4897 2935 4944 te
2949 4887 3110 4959 igitur
3121 4885 3345 4956 adjuvit,
3363 4885 3503 4957 quod
3518 4886 3688 4941 Joan-

2109 4984 2192 5038 nis
2229 4978 2828 5050 Censtantinopolitani,
2874 4986 3124 5048 tanquam
3158 4977 3252 5032 tibi
3281 4975 3682 5048 sull'ragaretur,

2108 5074 2462 5132 testimonium
2484 5071 2705 5144 posuiSti
2720 5071 2746 5125 2
2762 5073 2844 5126 An
2873 5077 2932 5125 ut
2955 5078 3118 5123 unum
3139 5067 3358 5122 Verbum
3374 5080 3522 5137 quast
3536 5066 3603 5120 ab
3617 5080 3684 5122 co

2108 5167 2544 5240 prastermissum,
2575 5163 2718 5219 velut
2736 5169 2888 5217 acuta
2915 5158 3202 5214 calliditate
3227 5169 3488 5228 captares,
3526 5165 3583 5212 et
3607 5165 3688 5212 tot

2171 5367 2186 5394 ³
2225 5357 2390 5410 Plures
2408 5362 2539 5418 κει,
2561 5357 2613 5410 in
2645 5357 2848 5408 mortem
2877 5353 3048 5421 ipsius.
3079 5361 3132 5405 η
3152 5353 3298 5418 mulo
3319 5360 3446 5418 post,
3481 5365 3569 5405 ver
3593 5363 3659 5406 Ba

2107 5422 2332 5490 Ριίὲπιέίπι
2349 5421 2402 5473 in
2420 5428 2640 5490 mrtem:
2723 5478 2754 5490 ..

2170 5487 2190 5517 θ
2221 5485 2295 5534 sic
2313 5490 2421 5534 uss.
2448 5491 2502 5532 At
2525 5482 2660 5548 editi.
2687 5478 2834 5548 αιὲςιιι
2852 5475 3089 5548 νςάριςισ..
3156 5545 3166 5548 -
3193 5535 3208 5548 .

2173 5548 2192 5579 ι
2227 5533 2274 5595 ta
2296 5533 2422 5610 3155.,
2445 5551 2491 5596 ct
2526 5543 2614 5610 illa
2644 5533 2803 5610 gratia
2838 5538 3168 5610 christiuicat
3186 5533 3426 5610 μετῄει..

2162 5613 2190 5638 ’⁸
2225 5614 2330 5658 Ias.
2357 5601 2452 5656 duo
2471 5601 2693 5656 Galiiraz'ti
2718 5612 2769 5654 et
2789 5602 2992 5654 totidem
3015 5601 3220 5651 Vaticani
3247 5631 3262 5659 ,
3285 5601 3442 5650 comi.
