4014 6184
336 366 434 426 66!
743 367 764 422 i

333 481 619 537 verborum
657 476 773 547 ejus
812 474 1002 545 quibus
1026 471 1349 541 obruereris,
1395 484 1500 529 tam
1535 474 1798 545 ingentem
1826 473 1919 529 tibi

332 586 583 645 aggerem
609 566 1094 625 commoverean
1137 574 1339 620 tantum
1385 564 1713 635 improvidus
1752 574 1808 620 et
1835 580 1919 620 tn-

331 671 542 724 cautus,
575 669 634 715 ut
668 673 767 714 nec
794 658 845 711 in
875 655 990 726 ipsa
1033 655 1272 722 homilia,
1301 654 1389 710 ubi
1418 657 1503 710 vix
1534 671 1696 710 unum
1724 655 1793 711 de
1815 670 1922 726 quo

331 752 474 808 male
511 749 782 820 intellecto
813 746 1021 816 decepti
1056 746 1372 817 deciperctis
1398 788 1413 813 ,
1443 746 1803 802 testimonium
1830 762 1920 802 re-

334 843 512 914 perire
538 840 758 912 potuisti
789 840 831 906 ί,
860 839 1172 893 adverteres
1194 846 1435 892 sanctum
1476 836 1735 893 Joannem
1775 837 1921 892 Con-

330 930 862 1002 stantinopolitanum
891 928 1017 982 satis
1038 926 1311 983 evidenter
1333 926 1669 996 expressisse
1689 967 1704 992 ,
1731 941 1920 982 omnes

332 1021 577 1077 homines
605 1018 843 1090 exceptis
877 1016 1074 1074 debitis
1100 1016 1328 1087 propriis
1348 1017 1557 1086 paterni
1592 1030 1715 1072 esse
1741 1016 1921 1072 chiro-

328 1111 518 1185 graphi
543 1110 832 1168 debitores.
856 1107 925 1163 Et
949 1118 1124 1163 tamen
1150 1116 1499 1178 posteaquam
1516 1108 1678 1163 verba
1697 1107 1817 1177 ejus
1841 1107 1923 1161 in-

330 1201 660 1275 terposuisti,
697 1200 889 1271 quibus
924 1198 1274 1254 intentionem
1318 1206 1461 1252 tuam
1489 1197 1683 1268 putasti
1721 1196 1921 1269 aliquid

329 1293 593 1365 adjuvari,
620 1290 863 1362 sequeris
895 1299 950 1346 et
983 1288 1155 1344 dicis:
1189 1305 1209 1341 ι
1242 1286 1376 1344 Cum
1405 1289 1563 1359 igitur
1581 1287 1782 1360 liquido
1807 1289 1919 1344 cla-

329 1392 450 1442 reat
488 1383 629 1439 hanc
671 1396 858 1437 sanam
903 1390 959 1436 et
999 1393 1182 1435 veram
1218 1393 1342 1435 esse
1383 1378 1723 1446 sententiam,
1758 1392 1921 1449 quam

330 1475 507 1546 primo
528 1473 647 1529 loco
672 1473 828 1540 ratio,
849 1470 1045 1527 deinde
1078 1469 1470 1542 Scripturarum
1492 1471 1715 1526 munivit
1731 1483 1922 1527 aucto-

330 1568 484 1632 ritas,
523 1574 579 1621 et
602 1580 760 1636 quam
798 1573 1104 1620 sanctorum
1131 1562 1367 1618 virorum
1396 1576 1610 1633 semper
1632 1562 1922 1619 celebravit

328 1656 582 1724 eruditio,
609 1655 700 1727 qui
729 1660 904 1711 tamen
928 1654 1136 1709 veritati
1171 1652 1541 1709 auctoritatem
1567 1668 1674 1708 non
1699 1666 1799 1708 suo
1828 1653 1924 1707 tri-

329 1747 498 1803 buere
537 1760 826 1813 consensu,
868 1744 963 1800 sed
989 1743 1351 1800 testimoan
1375 1752 1433 1798 et
1455 1741 1678 1814 gloriam
1713 1742 1782 1798 de
1805 1742 1923 1813 ejus

309 1821 620 1914 suscepere
669 1838 982 1905 consortio,
1027 1836 1233 1893 nullum
1279 1835 1599 1907 prudentum
1641 1835 1924 1890 conturbet

328 1931 656 2003 conspiratio
698 1930 1049 2003 perditorum.
1084 1948 1106 1983 ι
1149 1928 1278 1985 Haec
1305 1928 1466 1984 verba
1488 1938 1573 1983 tua
1604 1943 1711 1999 quo
1755 1928 1921 1998 profi-

329 2023 501 2088 ciunt,
530 2021 633 2075 nisi
661 2029 721 2075 ut
762 2027 1038 2092 appareat,
1082 2018 1167 2074 vel
1208 2018 1478 2089 quomodo
1519 2016 1589 2073 de
1631 2019 1730 2073 hac
1761 2032 1921 2074 causa

330 2113 473 2170 scire
493 2111 794 2183 neglexeris
813 2111 1195 2167 catholicorum
1219 2111 1512 2166 sententias
1536 2125 1920 2182 sermonesque

330 2206 640 2272 doctorum;
668 2206 755 2261 vel
775 2205 821 2261 si
850 2219 945 2261 eos
960 2219 1118 2260 nosse
1133 2203 1351 2271 curasti,
1369 2218 1472 2274 qua
1499 2202 1685 2258 fraude
1708 2205 1921 2260 coneris

331 2299 717 2357 circumvenire
749 2296 1085 2353 nescientes?
1108 2295 1242 2351 Nam
1278 2295 1347 2352 de
1373 2295 1580 2351 ratione
1606 2304 1662 2351 et
1687 2295 1755 2351 de
1796 2311 1922 2350 san-

330 2401 537 2448 ctarum
560 2391 953 2461 Seripturarum
991 2388 1307 2444 auctoritate
1334 2396 1388 2443 ut
1429 2402 1571 2443 nunc
1599 2386 1811 2442 interim
1838 2395 1922 2442 ta-

332 2498 518 2547 ceam;
541 2480 803 2538 hanccine
819 2479 1158 2545 sententiam,
1174 2493 1275 2549 qua
1293 2478 1497 2548 negatis
1528 2486 1743 2547 peccato
1768 2476 1922 2547 primi

334 2573 569 2629 hominis
590 2571 852 2627 obnoxios
881 2569 1132 2640 parvulus
1157 2568 1325 2634 nasci,
1351 2576 1661 2623 sanctorum
1685 2570 1921 2623 virorum

331 2680 551 2736 semper
573 2663 866 2721 celebravit
894 2661 1164 2718 eruditio?
1202 2659 1320 2716 Non
1351 2660 1452 2715 hoc
1480 2660 1597 2715 istis
1639 2668 1715 2714 tot
1746 2668 1921 2714 tauto-

331 2771 565 2826 rumque
593 2764 907 2809 sanctorum
949 2762 1005 2809 et
1042 2752 1390 2818 eruditorum,
1433 2768 1554 2822 qua:
1592 2767 1922 2808 commemo-

330 2847 470 2913 ravi,
498 2845 819 2902 testimoniis
843 2844 1106 2900 indicatur
1128 2860 1142 2898 :
1167 2844 1274 2898 imo
1289 2858 1322 2899 e
1341 2842 1610 2899 contrario
1629 2852 1757 2913 puto
1776 2842 1919 2913 quod

328 2940 441 3012 jam
460 2938 663 3005 videas,
690 2946 945 3010 quantum
969 2946 1022 2993 te
1041 2936 1222 3007 opinio
1247 2936 1346 2991 ista
1367 2934 1648 3000 fefellerit;
1670 2935 1714 2990 Si
1744 2943 1922 2990 tamen

261 3058 269 3065 -
331 3049 441 3089 non
469 3032 594 3088 dolo
618 3031 732 3102 agis
758 3039 917 3101 atque
943 3027 995 3084 id
1021 3038 1147 3084 ante
1167 3028 1277 3098 jam
1308 3040 1552 3083 noveras.
1585 3024 1693 3082 Sed
1729 3037 1782 3080 ut
1804 3041 1921 3082 me-

331 3126 439 3184 lius
463 3125 534 3182 de
562 3134 613 3181 te
636 3123 889 3187 credam;
917 3124 963 3177 si
993 3135 1136 3176 nunc
1163 3120 1390 3190 primum
1420 3119 1521 3174 ista
1547 3119 1846 3190 cognoscis,
1875 3116 1924 3175 sl

331 3216 405 3272 de
440 3225 657 3286 peccato
684 3212 845 3285 primi
887 3211 1138 3274 hominis,
1165 3208 1312 3281 quod
1337 3224 1403 3264 co
1429 3208 1538 3264 sint
1563 3208 1799 3280 obligati.
1829 3208 1922 3280 qui

331 3305 618 3361 carnaliter
641 3310 963 3374 generantur
1006 3298 1258 3367 infantes,
1297 3313 1400 3354 nec
1427 3312 1494 3354 eo
1522 3297 1623 3354 nisi
1661 3298 1922 3369 spirituali

334 3398 739 3469 regeneratione
764 3395 1064 3461 solvuntur,
1095 3407 1235 3448 nunc
1261 3393 1490 3463 primum
1522 3393 1776 3463 perspicis
1818 3391 1922 3450 hoc

332 3490 585 3546 didicisse
612 3498 665 3544 et
688 3488 936 3544 docuisse
966 3493 1046 3540 tot
1071 3494 1301 3549 sanctos,
1333 3484 1474 3554 quod
1516 3492 1572 3540 et
1597 3500 1693 3538 nos
1731 3483 1920 3540 didici—

333 3596 455 3636 unus
480 3589 536 3637 et
561 3579 849 3635 docemus:
872 3584 1016 3632 muta
1031 3574 1141 3646 jam
1159 3575 1315 3630 istam
1332 3584 1587 3640 mentem,
1606 3573 1921 3630 obliviscere

333 3671 494 3740 hujus
527 3673 748 3735 erroris,
786 3677 840 3723 et
866 3664 1250 3738 propemodum
1294 3663 1511 3730 furoris,
1542 3681 1647 3735 quo
1676 3665 1730 3719 in
1760 3672 1837 3718 tot
1860 3680 1924 3720 ac

335 3756 471 3811 tales
500 3764 678 3824 patres
707 3752 1055 3809 Manichzeum
1072 3748 1327 3820 jacularis
1352 3748 1716 3819 opprobrium.
1745 3749 1799 3804 Si
1824 3764 1920 3804 ne-

330 3846 513 3901 sciens
539 3847 640 3901 hoc
663 3844 857 3913 fecisti,
884 3860 991 3902 cur
1020 3860 1125 3902 non
1165 3845 1418 3902 miseram
1460 3846 1667 3916 respuis
1703 3846 1923 3915 imperi-

333 3939 504 3995 tiam?
529 3939 575 3994 si
618 3938 813 4004 sciens,
861 3952 960 3994 cur
999 3953 1105 3995 non
1149 3938 1461 4010 sacrilegam
1492 3937 1718 4009 deponis
1759 3939 1923 3993 auda-

330 4031 515 4086 cum?

407 4124 497 4179 30.
542 4122 887 4179 Convinceris
912 4123 1147 4195 undique
1176 4140 1191 4177 :
1222 4123 1340 4179 luce
1367 4123 1590 4179 clariora
1620 4131 1745 4177 sunt
1769 4124 1923 4179 testi-

333 4214 514 4268 monia
543 4221 687 4269 tanta
728 4223 1055 4270 sanctorum.
1087 4214 1144 4270 in
1172 4229 1397 4285 quorum
1423 4224 1741 4269 conventum
1773 4224 1824 4269 te
1845 4214 1924 4270 in-

334 4305 665 4361 troduxerirn
693 4307 963 4376 conspicc.
999 4307 1095 4362 llic
1122 4315 1206 4361 est
1250 4306 1660 4362 Mediolancnsis
1692 4307 1925 4361 Ambro-

333 4395 471 4462 sius,
492 4411 646 4464 quem
678 4398 929 4468 magister
958 4405 1080 4451 tuus
1105 4397 1353 4466 Pelagius
1380 4405 1520 4451 tanta
1549 4397 1923 4467 praedicatione

334 4486 591 4554 laudavit,
620 4495 678 4542 ut
700 4487 921 4555 diceret,
976 4507 997 4541 c
1048 4489 1101 4544 in
1138 4489 1287 4544 libris
1328 4488 1444 4558 ejus
1475 4489 1739 4559 prmcipue
1764 4490 1920 4545 fidem

334 4577 516 4634 lucere
551 4576 864 4647 Romanam,
893 4581 982 4651 qui
1009 4582 1031 4612 ³
1057 4581 1373 4650 scriptorum
1410 4581 1548 4635 inter
1588 4580 1805 4636 Latinos
1824 4581 1923 4638 llos

331 4669 548 4738 quidam
566 4674 835 4739 speciosus
858 4672 1074 4739 enituit,
1100 4673 1168 4727 ita
1192 4681 1249 4727 ut
1270 4673 1385 4741 ejus
1422 4671 1581 4728 fidem
1616 4682 1673 4729 et
1705 4675 1924 4744 purissi-

332 4774 483 4815 mum
506 4760 562 4815 in
590 4759 877 4830 Scripturis
899 4777 1115 4817 sensum
1143 4763 1534 4831 reprehendere
1555 4778 1655 4820 nec
1677 4764 1922 4819 inimicus

331 4851 574 4913 auderet.
610 4870 630 4906 ι
665 4852 763 4908 Hic
796 4862 882 4909 est
923 4864 979 4909 et
1015 4853 1631 4923 Constantinopolitanus
1665 4855 1919 4921 Joannes,

329 4957 492 5012 quem
520 4951 572 4997 tu
612 4943 665 4999 iu
707 4960 929 4999 numero
956 4945 1285 5000 eruditorum
1311 4960 1374 4999 ac
1416 4954 1720 4999 sanctorum
1746 4945 1923 5026 excclf

330 5034 686 5091 lentissimum
716 5036 771 5091 iu
802 5036 903 5092 hac
931 5038 1042 5108 ipsa
1075 5046 1186 5103 tua,
1217 5036 1302 5092 cui
1330 5037 1649 5106 respondeo,
1682 5038 1919 5106 (liSpnta-

333 5128 480 5182 tione
507 5128 749 5196 posuisti.
779 5128 876 5183 llic
904 5137 992 5185 est
1018 5129 1267 5194 Basilius,
1295 5127 1449 5199 cujus
1476 5137 1528 5184 te
1564 5127 1743 5183 verbis
1769 5128 1836 5183 ad
1867 5128 1917 5182 id

328 5215 476 5286 quod
503 5232 644 5272 nunc
682 5218 857 5288 agitur
897 5233 1003 5273 non
1048 5218 1459 5288 pertinentibus,
1497 5217 1690 5288 putasti
1723 5218 1918 5288 aliquid

328 5306 593 5376 adjuvari.
617 5308 713 5363 ilic
730 5319 855 5364 sunt
868 5317 923 5365 ct
936 5310 1137 5376 caeteri,
1162 5324 1389 5379 quorum
1413 5317 1465 5364 te
1490 5323 1706 5364 movere
1728 5308 1922 5364 debeat

332 5407 478 5454 tanta
517 5400 818 5458 consensio.
857 5400 973 5458 Non
1019 5409 1106 5457 est
1144 5401 1266 5469 ista,
1305 5400 1443 5456 sicut
1488 5399 1612 5455 stilo
1659 5398 1920 5454 maledico

330 5490 548 5559 scribis,
592 5511 611 5544 ι
642 5494 966 5563 conspiratio
997 5493 1345 5564 perditorum.
1376 5509 1395 5545 ι
1445 5491 1500 5546 in
1548 5491 1784 5546 Ecclesia
1823 5505 1915 5545 ca-

333 5584 531 5638 tholica
555 5583 811 5640 doctrina:
830 5601 974 5641 same
991 5585 1181 5641 studiis
1198 5585 1506 5641 claruerunt
1523 5600 1537 5649 ;
1557 5582 1918 5653 spiritualibus

398 5673 415 5705 ⁸
452 5671 586 5740 Editi,
613 5672 845 5740 moriaris.
872 5684 927 5726 Ai.
946 5681 1076 5738 Mss,
1098 5673 1319 5740 potuisti;
1341 5681 1395 5726 et
1416 5686 1477 5724 ex
1505 5672 1582 5724 his
1609 5671 1801 5737 quidam
1836 5683 1915 5735 po-

331 5741 458 5789 παι,
482 5734 765 5786 (uiterieris.

399 5798 419 5828 ⁸
453 5803 503 5844 tn
523 5803 645 5857 ius,
667 5796 795 5860 quia.

1691 357 1891 417 LIBER
1930 355 2199 418 PRIMUS.

3509 363 3625 422 062‘

2029 477 2193 532 armis
2242 475 2429 533 muniti
2473 485 2527 534 et
2569 479 2790 536 accincti
2846 488 3058 535 strenua
3105 489 3291 537 contra
3334 479 3613 539 incrcticos

2029 566 2167 623 bella
2196 578 2504 639 gesserunt;
2534 570 2796 639 perfuncti
2823 572 2840 604 ¹
2874 570 3100 627 fideliter
3123 588 3234 626 sum
3260 574 3612 644 dispensatio—

2028 660 2113 716 nis
2134 660 2403 716 laboribus
2442 662 2492 715 iu
2523 663 2668 732 pacis
2709 663 2912 733 gremio
2938 662 3287 719 dormierunt.
3325 684 3344 718 ι
3376 664 3549 722 Unum
3583 685 3604 720 υ

2026 749 2161 805 dicis
2192 770 2210 803 ι
2244 767 2536 822 egressum,
2576 772 2595 806 ›
2627 768 2712 808 me
2745 754 2915 823 ipsum
2948 753 3270 824 significans,
3309 773 3327 805 ‹
3361 756 3448 826 qui
3475 757 3529 811 in
3553 771 3612 811 sc

1990 908 1993 915 η
2027 855 2288 895 summam
2322 843 2487 912 przclil
2524 843 2678 897 sitam
2706 852 2855 913 optat
2892 844 3111 915 intelligi
3141 843 3241 916 (α).
3272 863 3292 898 ι
3339 845 3478 901 Ecce
3504 863 3611 902 nou

2027 946 2128 1001 ego
2153 946 2309 999 unus,
2340 932 2435 987 sed
2461 941 2542 988 tot
2563 949 2625 989 ac
2650 935 2779 989 tanti
2809 934 2979 989 sancti
3017 936 3314 1007 ernditique
3338 937 3611 992 doctores.

2028 1025 2120 1079 tibi
2143 1041 2238 1094 pro
2262 1041 2349 1081 me
2385 1026 2469 1082 vel
2507 1041 2736 1093 mecum,
2780 1042 2984 1098 proque
3020 1028 3257 1083 omnium
3282 1040 3524 1085 neStrum
3553 1040 3616 1087 et

2027 1123 2114 1170 tua
2145 1116 2328 1187 ipsius,
2356 1117 2402 1172 si
2426 1118 2589 1187 sapis,
2611 1116 2783 1173 salute
2803 1118 3143 1188 respondent.

2096 1205 2187 1261 δι.
2239 1206 2358 1264 Non
2401 1208 2518 1273 tibi,
2560 1208 2697 1263 sicut
2744 1208 3121 1274 ealumniaris,
3166 1227 3185 1262 ε
3214 1210 3384 1265 solum
3426 1212 3606 1282 populi

2025 1313 2269 1355 murmur
2293 1299 2609 1369 opponimus
2641 1315 2654 1353 :
2684 1318 2705 1353 ι
2734 1313 3033 1371 quanquam
3059 1309 3112 1355 et
3142 1299 3257 1370 ipse
3274 1302 3500 1372 populus
3515 1301 3611 1357 ad-

2024 1404 2211 1445 versus
2248 1404 2342 1445 vos
2378 1399 2661 1462 propterea
2705 1400 3019 1459 murmuret,
3063 1389 3201 1460 quia‘
3229 1405 3334 1446 non
3373 1401 3455 1446 est
3491 1391 3625 1447 talis.

2025 1482 2250 1553 quaestio
2273 1485 2318 1551 ²,
2340 1498 2456 1554 quae
2482 1484 2647 1553 possit
2670 1483 2832 1539 etiam
2850 1484 3220 1554 cognitionem.
3237 1484 3416 1554 fugere
3441 1498 3599 1556 popu-

2026 1572 2214 1629 lattem.
2244 1574 2442 1629 Divites
2466 1583 2522 1629 et
2546 1588 2830 1645 pauperes.
2849 1574 3045 1630 excelsi
3072 1584 3232 1645 atque
3250 1574 3440 1642 infimi,
3465 1574 3610 1630 docti

2024 1673 2079 1720 et
2104 1662 2321 1729 indocti,
2369 1679 2544 1719 mares
2587 1673 2644 1720 et
2684 1664 2895 1720 femina:
2943 1673 3206 1720 noverunt
3249 1664 3375 1736 quid
3420 1665 3611 1737 cuique

2024 1754 2165 1809 aetati
2203 1755 2255 1809 in
2297 1755 2620 1825 Baptismate
2657 1757 2974 1812 remittatur.
3020 1755 3176 1813 Unde
3213 1758 3371 1812 etiam
3411 1768 3611 1814 matres

2024 1845 2259 1915 quotidie
2283 1855 2394 1901 toto
2421 1846 2551 1903 orbe
2580 1856 2842 1903 terrarum
2866 1863 2971 1903 non
2995 1848 3062 1903 ad
3089 1848 3358 1903 Christum
3382 1858 3608 1916 tantum,

2025 1936 2198 2003 idest,
2228 1936 2295 1992 ad
2340 1947 2592 2005 unctum;
2624 1939 2718 1995 sed
2751 1939 2819 1995 ad
2856 1939 3124 1995 Christum
3167 1940 3372 2008 Jesmn,
3415 1942 3468 1997 id
3505 1955 3607 2009 est,

2024 2032 2185 2086 etiam
2206 2029 2534 2087 Salvatorcm
2561 2047 2679 2086 cum
2703 2032 2933 2102 parvulis
2952 2042 3192 2088 currunt.
3214 2032 3318 2089 Sed
3339 2049 3485 2100 ecce,
3505 2050 3609 2105 quo

2024 2132 2076 2177 te
2097 2121 2381 2189 introduxi,
2425 2131 2718 2177 conventus
2755 2132 3058 2178 sanctorum
3110 2124 3332 2179 istorum
3375 2141 3480 2180 non
3525 2135 3609 2182 est

2024 2213 2307 2268 multitudo
2335 2214 2620 2283 popularis:
2641 2231 2744 2269 non
2769 2215 2942 2269 solum
2962 2214 3074 2281 filii,
3098 2215 3193 2270 sed
3218 2224 3272 2271 et
3299 2225 3479 2286 patres
3506 2217 3609 2271 lico

2022 2304 2202 2360 clcsizc
2240 2314 2381 2361 sunt.
2423 2305 2503 2361 Ex
2546 2306 2640 2361 illo
2670 2320 2890 2361 numero
2919 2315 3062 2370 sunt,
3093 2306 3160 2361 de
3191 2307 3384 2376 quibus
3418 2306 3614 2376 pnedi-

2024 2405 2167 2450 ctum
2183 2405 2283 2460 est,
2308 2393 2416 2450 Pro
2438 2396 2661 2466 patribus
2681 2397 2780 2451 tuis
2800 2396 2906 2450 nati
2929 2407 3047 2451 sunt
3073 2395 3163 2450 tibi
3182 2397 3277 2466 ﬁlii
3297 2414 3315 2463 ;
3336 2398 3608 2451 conslilues

2025 2504 2107 2543 eos
2131 2488 2383 2560 principes
2405 2505 2557 2560 super
2578 2504 2772 2543 omnem
2788 2500 2973 2545 terram
3004 2486 3176 2562 (Paul.
3220 2504 3363 2554 ων,
3396 2488 3508 2558 l7).
3533 2487 3611 2543 Ex

2023 2595 2125 2651 qua
2158 2580 2247 2633 filii
2284 2581 2521 2651 generati
2548 2580 2570 2613 ³
2607 2589 2749 2647 sunt,
2781 2590 2839 2636 ut
2874 2578 2990 2637 inec
3029 2578 3332 2646 discerent;
3370 2578 3487 2650 ejus
3516 2592 3613 2649 pa-

2026 2680 2135 2725 tres
2162 2670 2284 2725 facti
2305 2679 2451 2737 sunt,
2483 2679 2542 2726 ut
2556 2671 2827 2727 docerent.

2095 2760 2183 2816 52.
2206 2759 2340 2828 Quid
2370 2768 2453 2816 est
2475 2760 2615 2831 quod
2635 2776 2731 2816 vos
2757 2759 2986 2831 gaudere
3004 2760 3198 2831 jactas,
3222 2759 3365 2832 quod
3394 2760 3493 2816 ista
3513 2776 3609 2816 ve-

2025 2851 2175 2918 ritas,
2203 2865 2360 2921 quam
2401 2859 2456 2906 tu
2496 2866 2733 2907 errorem
2761 2859 2936 2923 putas,
2962 2851 3044 2907 vel
3072 2851 3244 2922 putari
3272 2851 3443 2921 cupis,
3490 2869 3509 2904 α
3543 2852 3610 2908 dc

2025 2953 2168 2999 tanta
2194 2942 2527 2999 multitudine
2554 2952 2871 2998 assertorem
2918 2957 3026 2998 non
3065 2950 3240 3014 potest
3274 2941 3548 2998 invenire?
3582 2961 3603 2995 ι

2023 3034 2185 3105 Quasi
2240 3049 2402 3106 parva
2452 3034 2520 3089 sit
2566 3033 2682 3103 ejus
2716 3034 2941 3089 assertio
2972 3073 2988 3098 ,
3039 3033 3181 3104 quod
3228 3033 3280 3087 in
3334 3032 3438 3088 hoc
3484 3032 3608 3089 fidei

2027 3125 2332 3180 firmissimo
2360 3132 2413 3179 et
2436 3124 2805 3194 antiquissimo
2829 3121 3177 3178 fundamento
3193 3123 3307 3194 ipsa
3334 3130 3448 3177 toto
3473 3123 3606 3179 orbe

2024 3213 2211 3270 diffusa
2274 3229 2379 3269 non
2427 3229 2457 3268 a
2504 3227 2565 3269 se
2609 3214 2875 3284 discrepat
2943 3211 3249 3268 multitudo.
3314 3212 3368 3268 Si
3427 3222 3608 3268 autem

2024 3301 2320 3361 assertdres
2358 3318 2454 3360 eos
2503 3303 2746 3375 ﬂagitas,
2784 3318 3011 3374 quorum
3049 3303 3247 3374 aliquid
3295 3304 3455 3358 etiam
3520 3305 3610 3359 lit-

2027 3404 2258 3452 terarum
2314 3395 2537 3450 inveniri
2579 3403 2790 3464 potest,
2827 3394 3152 3464 illustrisque
3199 3393 3442 3449 doctrina
3489 3403 3602 3459 est;

2023 3502 2091 3541 en
2131 3486 2283 3541 adest
2332 3496 2658 3541 assertorum
2712 3485 2827 3555 ejus
2877 3484 3236 3540 memorabilis
3287 3494 3338 3540 et
3383 3501 3609 3541 venera-

2024 3576 2165 3643 bilis,
2223 3591 2508 3633 consessus
2551 3586 2711 3647 atqne
2752 3590 3063 3630 consensus.
3104 3573 3329 3632 Sanctus
3374 3574 3609 3631 lrenmus

2026 3669 2173 3735 dicit,
2196 3668 2465 3738 antiquam
2491 3666 2759 3737 serpentis
2781 3665 2988 3736 plagam
3016 3664 3121 3720 fide
3141 3664 3337 3721 Christi
3364 3674 3419 3720 et
3445 3680 3604 3721 cruce

2025 3762 2222 3823 sanari,
2267 3769 2323 3815 et
2357 3756 2498 3829 quod
2536 3757 2841 3828 protopiasti
2875 3765 3091 3826 peccato
3130 3755 3325 3809 fuimus
3360 3764 3606 3825 tanquam

2026 3851 2250 3906 vinculis
2278 3849 2494 3918 alligati.
2521 3847 2748 3903 Sanctus
2782 3844 3078 3917 Cyprianus
3100 3845 3249 3909 dicit,
3279 3844 3454 3915 perire
3483 3860 3607 3912 par-

2025 3943 2228 4007 vulum,
2252 3939 2351 3995 nisi
2380 3938 2538 3993 fuerit
2561 3938 2879 4009 baptizatus,
2906 3934 3148 4007 quamvis
3173 3935 3220 3992 ei
3256 3949 3359 3989 non
3396 3936 3606 4004 propria

2026 4034 2377 4099 dimittanUtr,
2406 4032 2499 4087 sed
2529 4030 2700 4087 aliena
2732 4013 2964 4100 peccata.
2995 4029 3219 4085 Sanctus
3256 4026 3492 4082 Reticius
3527 4028 3607 4081 tli-

2026 4127 2118 4191 cit,
2143 4126 2340 4181 veteris
2369 4122 2619 4190 hominis,
2646 4138 2753 4195 quo
2773 4138 2869 4193 per
2892 4122 3156 4177 lavacrum
3188 4119 3606 4190 regenerationis

2025 4217 2290 4278 exuimur,
2319 4229 2422 4266 non
2449 4220 2653 4267 tantum
2680 4221 2882 4275 vetera,
2925 4211 3017 4265 sed
3058 4210 3287 4280 ingenita
3327 4223 3446 4264 esse
3484 4224 3607 4278 pec-

2026 4316 2164 4361 cata.
2195 4305 2419 4361 Sanctus
2446 4302 2720 4376 Olympius
2744 4301 2893 4368 dicit,
2944 4301 3129 4355 vitium
3171 4300 3238 4355 de
3278 4299 3607 4370 protoplasto

2027 4398 2079 4453 in
2106 4396 2346 4468 germine
2366 4409 2634 4466 sparsum,
2652 4403 2709 4448 ut
2737 4402 3011 4463 peccatum
3037 4406 3155 4447 cum
3182 4390 3396 4445 homine
3424 4405 3602 4446 nascc-

2028 4498 2192 4545 retur.
2220 4487 2448 4543 Sanctus
2475 4485 2706 4541 Hilarius
2733 4483 2881 4549 dicit,
2912 4497 2976 4537 ex
3002 4491 3219 4553 peccato
3246 4497 3369 4537 esse
3392 4496 3604 4539 omnem

2026 4597 2264 4648 carnem,
2294 4589 2491 4651 praeter
2519 4578 2680 4644 illius,
2709 4577 2799 4648 qui
2818 4575 2966 4632 venit
2986 4576 3037 4631 in
3060 4576 3406 4630 similitudine
3425 4578 3603 4632 carnis

2027 4673 2232 4745 peccati
2252 4673 2369 4729 sine
2397 4681 2635 4744 peccato.
2660 4671 2814 4749 Dicit,
2838 4669 2938 4726 sub
2962 4669 3161 4738 peccati
3192 4669 3395 4738 origine
3419 4679 3472 4723 et
3507 4670 3603 4722 sub

2027 4767 2226 4837 peccati
2256 4764 2372 4835 lege
2400 4771 2579 4819 natum
2605 4776 2744 4827 esse,
2774 4761 2926 4831 cujus
2949 4775 3051 4814 vox
3078 4768 3180 4823 est,
3210 4758 3316 4829 Ego
3342 4760 3394 4811 in
3419 4758 3607 4825 iniqui-

2027 4858 2210 4911 tatibus
2231 4864 2500 4924 conceptus
2540 4870 2650 4907 sum
2677 4851 2845 4922 (Psaf.
2865 4851 3015 4921 δτι).
3043 4848 3271 4905 Sanctus
3292 4847 3601 4904 Amlirmius

2025 4948 2175 5013 dicit,
2206 4962 2300 5002 eos
2325 4945 2415 5016 qui
2443 4943 2691 5013 baptizati
2726 4942 2922 4998 fuerint
2959 4940 3207 5012 parvulos
3232 4939 3281 4992 in
3314 4937 3603 5008 primordia

2026 5049 2230 5095 natura:
2257 5051 2367 5091 sua:
2394 5052 2425 5090 a
2452 5035 2648 5090 malitia
2675 5032 2973 5089 reformari.
2999 5031 3153 5097 Dicit,
3177 5030 3346 5084 solum
3370 5043 3440 5083 ex
3463 5029 3603 5081 natis

2024 5132 2092 5187 de
2121 5131 2315 5187 femina
2344 5137 2582 5186 sanctum
2635 5128 2915 5182 Dominum
2954 5124 3157 5189 .lesum,
3191 5122 3331 5177 nulla
3379 5132 3604 5176 terrenae

2025 5221 2266 5292 contagia
2294 5220 2610 5289 corruptelae
2638 5215 2954 5271 immaculati
2995 5222 3173 5283 partus
3200 5213 3434 5266 novitate
3481 5226 3604 5264 seu-

2026 5313 2180 5368 sissc.
2214 5311 2369 5377 Dicit,
2395 5308 2537 5381 quod
2565 5309 2617 5362 in
2644 5305 2811 5361 Adam
2832 5317 3020 5359 omnes
3047 5303 3322 5367 morimur,
3359 5302 3480 5372 quia
3510 5315 3609 5369 per

2027 5420 2189 5458 unum
2212 5402 2478 5457 hominem
2520 5405 2792 5470 peccatum
2836 5395 3049 5450 intravit
3074 5393 3124 5447 in
3156 5392 3432 5461 nmndnm,
3460 5404 3515 5449 ct
3541 5396 3610 5449 il-

2027 5494 2129 5549 lius
2151 5492 2305 5563 culpa
2327 5505 2472 5546 mors
2495 5488 2731 5545 ominum
2763 5494 2862 5541 est.
2890 5484 3046 5550 Dicit,
3073 5483 3213 5554 quod
3256 5482 3307 5538 iu
3348 5484 3461 5555 ejus
3496 5482 3611 5539 κιλ-

2091 5607 2106 5673 '_
2143 5611 2341 5673 amur.
2366 5611 2423 5673 et
2439 5610 2566 5663 διεδ..
2591 5602 2869 5673 perfunctis.
3280 5628 3289 5633 ι
3462 5633 3495 5651 ρ

2089 5671 2109 5700 ι
2144 5667 2453 5717 Μοτίιιοειιδὶδ
2474 5673 2575 5725 31s.,
2595 5667 2827 5728 qua’sitio.

2092 5730 2113 5762 ³
2144 5730 2215 5777 sic
2238 5728 2523 5778 inomnilius
2547 5722 2649 5775 uss.
2680 5735 2729 5776 Αι
2752 5727 2801 5788 in
2826 5724 2988 5785 editis,
3016 5722 3300 5788 i'cgcncralt.

2099 5794 2169 5847 (ι)
2208 5792 2320 5841 \‘idc
2342 5790 2477 5848 intra,
2503 5788 2585 5837 lib.
2616 5790 2662 5845 ὗ.
2683 5804 2730 5839 u.
2757 5787 2804 5839 4.
