4038 6182
378 319 515 389 ,663

406 466 534 510 orre
568 464 727 508 omne
754 464 922 522 genus
960 448 1245 505 occidisset
1280 447 1594 505 humanum.
1622 443 1721 499 nisi
1753 442 1990 499 Samari-

408 546 564 601 tanns
603 546 693 600 ille
728 542 1060 599 descendens
1100 540 1315 594 vulnera
1352 540 1468 609 ejus
1504 539 1695 594 acerba
1725 546 1988 592 curasset.

410 639 566 702 Dicit,
594 637 761 692 fuisse
795 634 987 700 Adam,
1026 641 1079 688 et
1105 633 1157 686 in
1202 631 1292 686 illo
1332 631 1492 686 fuisse
1520 643 1745 694 omnes;
1786 627 1995 698 perisse

411 732 603 789 Adam,
632 735 688 782 et
716 731 768 781 in
799 725 892 780 illo
934 723 1136 794 perisse
1174 737 1383 778 omnes.
1432 721 1587 785 Dicit,
1627 735 1728 776 nos
1752 720 1998 789 contagio

409 819 667 875 maculari
717 827 1001 886 antequam
1049 815 1352 880 nascimur,
1392 828 1495 870 nec
1536 812 1825 868 humanum
1870 826 2001 867 con-

412 919 626 982 ceptum
653 922 774 965 esse
820 908 1113 979 iniquitatis
1147 916 1434 973 exsortem,
1475 909 1598 977 quia
1644 906 1998 976 conclpirrur,

412 1003 608 1073 inquit,
641 1002 694 1057 in
724 1004 941 1073 peccato
971 1004 1270 1070 parentum,
1303 1010 1357 1056 et
1380 998 1433 1054 in
1459 999 1666 1056 delictis
1688 1015 1876 1057 eorum
1906 1015 2003 1055 na-

415 1098 657 1161 scimur;
691 1094 785 1149 sed
812 1103 867 1148 et
904 1094 1017 1163 ipse
1060 1102 1244 1163 partus
1271 1091 1426 1148 habet
1466 1092 1708 1163 contagia
1742 1106 1857 1157 sua,
1902 1104 2003 1148 nec

352 1256 357 1261 _
417 1202 585 1263 unum
634 1184 1000 1241 tantummodo
1060 1184 1218 1240 habet
1264 1184 1377 1255 ipsa
1435 1193 1626 1243 natura
1675 1184 1999 1254 contagitnn.

418 1266 581 1343 Dicit,
621 1274 888 1330 diabolum
929 1274 1308 1341 feneratorem,
1353 1290 1383 1328 a
1421 1289 1528 1344 quo
1580 1274 1686 1329 Eva
1735 1273 2003 1330 maculata

421 1366 667 1422 obnoxia:
696 1367 1048 1421 successionis
1075 1365 1250 1419 usuris
1276 1381 1435 1420 omne
1474 1375 1643 1435 genus
1675 1363 2006 1421 defeneravt't

421 1457 734 1512 humanum.
766 1456 917 1519 Dicit,
944 1471 976 1511 a
1001 1454 1213 1512 diabolo
1241 1454 1406 1510 Evam
1440 1455 1741 1525 deceptam,
1781 1464 1839 1511 ut
1874 1466 2005 1526 supa-

423 1550 687 1620 plantaret
710 1548 904 1613 virum,
934 1547 1188 1615 obligaret
1225 1546 1612 1604 haereditatem.
1647 1547 1802 1613 Dicit,
1833 1546 2005 1603 Adam

424 1642 498 1696 ita
524 1653 706 1696 morsu
732 1639 969 1694 vitiatum
997 1649 1117 1693 esse
1145 1638 1430 1709 serpentis,
1461 1640 1519 1692 ut
1553 1650 1741 1693 omnes
1770 1637 1861 1692 illo
1886 1637 2005 1692 vui-

424 1738 556 1785 ttere
599 1729 976 1786 claudicemus.
1018 1729 1157 1784 Dicit
1185 1770 1202 1796 ,
1234 1744 1333 1799 per
1385 1740 1670 1798 corporum
1698 1726 1801 1784 viri
1837 1737 1892 1784 et
1926 1727 2006 1783 le-

426 1823 586 1878 mina:
610 1822 1041 1878 commixtionem
1073 1822 1340 1877 neminem
1365 1829 1637 1891 expertem
1652 1804 1771 1877 esse
1792 1820 2006 1886 delicti;

424 1916 515 1986 qui
544 1924 722 1969 autem
743 1929 934 1983 expers
960 1913 1138 1969 delicti
1167 1921 1270 1977 est,
1294 1912 1346 1968 id
1372 1919 1457 1968 est
1479 1913 1731 1968 Dominus
1745 1912 2007 1979 Christus,

424 2005 587 2059 etiam
634 2003 935 2073 hujusmodi
976 2017 1096 2059 esse
1141 2004 1507 2074 conceptionis
1538 2012 1833 2073 expertem.
1874 2004 2013 2059 Dicit

428 2095 526 2152 tibi
552 2103 766 2151 sanctus
798 2094 1154 2162 innocentius,
1185 2096 1396 2151 lavacro
1421 2096 1836 2166 regenerationis
1869 2111 2010 2166 prte-

426 2186 645 2265 teritum
672 2187 857 2242 vitium
882 2200 1041 2241 omne
1064 2187 1299 2258 purgari,
1329 2186 1469 2257 quod
1500 2202 1595 2257 per
1618 2186 1765 2241 illum
1793 2187 2007 2253 accidit,

426 2278 517 2349 qui
549 2279 716 2333 libero
736 2278 956 2334 arbitrio
981 2279 1177 2334 cadens
1199 2319 1215 2344 ,
1244 2280 1294 2333 in
1327 2278 1582 2348 profunda
1606 2278 1882 2334 demersus
1907 2287 2008 2334 est.

432 2357 588 2430 Dicit,
622 2367 721 2422 nisi
746 2368 1180 2423 manducavcrint
1208 2382 1421 2423 carnem
1452 2368 1682 2435 Domini,
1713 2376 1767 2422 et
1793 2368 2012 2438 sangui-

430 2465 553 2514 hem
581 2458 831 2523 biberint,
861 2460 1019 2513 vitam
1051 2460 1300 2528 parvulos
1326 2458 1522 2515 habere
1549 2472 1654 2513 non
1685 2473 1857 2528 posse.
1878 2458 2015 2514 San-

428 2560 551 2606 ctus
578 2549 866 2621 Gregorius
888 2550 1037 2615 dicit,
1075 2549 1268 2605 melius
1307 2550 1468 2605 fuisse
1495 2566 1600 2604 non
1624 2550 1872 2605 excidere
1900 2564 1928 2602 a
1951 2549 2015 2603 ii-

429 2648 537 2709 gno
566 2640 687 2694 vitae
712 2647 866 2710 gustu
887 2639 1221 2693 amarissimo
1247 2641 1471 2709 peccati,
1498 2639 1592 2696 sed
1620 2640 1889 2695 emendari
1912 2654 2013 2695 nos

430 2728 630 2784 debere
657 2738 777 2799 post
800 2724 1026 2798 lapsum.
1062 2729 1216 2794 Dicit,
1247 2745 1347 2786 nos
1370 2746 1437 2784 ex
1462 2730 1614 2785 bonis
1641 2729 1707 2785 ad
1734 2732 1900 2785 tristia
1921 2732 2015 2786 de-

429 2820 662 2886 volntos,
690 2828 745 2875 et
769 2821 937 2876 vulta
984 2820 1221 2877 tristibus
1260 2820 1328 2876 ad
1374 2821 1593 2879 meliora
1638 2822 1910 2891 reparari;
1957 2831 2015 2877 ut

430 2926 566 2983 quos
606 2921 792 2983 gustus
834 2912 962 2983 ligni
1006 2912 1152 2967 vetiti
1197 2911 1600 2977 condemnavit,
1641 2911 1837 2969 Christi
1882 2922 2016 2968 crtlx

431 3003 600 3074 gratia
626 3004 852 3075 largiore
883 3003 1154 3073 justiﬁeet.
1195 3004 1350 3070 Dicit,
1389 3003 1741 3060 venerandam
1770 3019 1890 3061 esse
1921 3019 2017 3059 na-

434 3096 712 3161 tivitatem,
742 3110 840 3164 per
868 3110 1025 3165 quam
1056 3104 1283 3150 terrenae
1309 3095 1600 3151 nativitatis
1623 3096 1848 3151 vinculis
1874 3095 2012 3151 hbes

432 3203 634 3242 ramur.
660 3186 817 3253 Dicit,
848 3186 1253 3258 regeneratione
1270 3202 1337 3243 ex
1358 3203 1494 3259 aqua
1514 3197 1569 3244 et
1596 3188 1782 3257 spiritu
1798 3190 2011 3259 purgari

432 3276 671 3332 maculas
695 3276 883 3348 prima?
913 3275 1222 3342 nativitatis,
1268 3292 1364 3347 per
1398 3293 1531 3347 quas
1572 3279 1625 3332 in
1651 3278 2016 3349 iniquitatibus

434 3369 786 3439 concipimur.
816 3366 955 3424 Dicit
985 3368 1080 3424 tibi
1122 3379 1339 3425 sanctas
1367 3370 1614 3437 Basilius,
1664 3387 1763 3426 nos
1800 3374 2015 3443 aegritu-

435 3460 614 3516 dinem
641 3461 977 3516 contraxisse
998 3462 1226 3532 peccati,
1257 3462 1508 3531 quoniam
1537 3462 1646 3517 Eva
1674 3463 1843 3518 noluit
1878 3479 1910 3519 a
1952 3463 2017 3517 li-

433 3563 541 3622 gno
561 3551 826 3621 prohibito
865 3550 1129 3622 jejunare.
1170 3551 1307 3607 Dicit
1346 3562 1653 3622 postremo,
1696 3568 1796 3608 nos
1822 3552 1889 3608 de
1917 3568 2014 3623 pal-

437 3644 617 3697 radiso
644 3643 927 3711 decidisse,
954 3644 1075 3714 quia
1106 3660 1210 3700 non
1233 3644 1609 3714 jejunavimus,
1652 3653 1811 3716 atque
1838 3656 1895 3701 ut
1925 3646 2016 3702 iiio

430 3735 737 3802 redeamus,
763 3736 999 3807 praecipit
1041 3736 1363 3807 jejunemus.
1396 3738 1589 3793 Dicunt
1636 3739 1729 3794 tibi
1758 3754 1872 3796 ore.
1905 3752 2016 3796 uno

434 3828 513 3882 tot
534 3829 702 3883 sancti
731 3828 988 3899 episcopi,
1018 3828 1289 3899 Eulogius,
1318 3823 1574 3897 Joannes,
1606 3830 2009 3898 Ammonianus,

433 3918 781 3990 Porphyrius,
808 3918 1086 3987 EutOnins,
1117 3918 1445 3989 Porphyrius
1469 3919 1603 3976 alius
1630 3920 1672 3987 ί,
1698 3920 1882 3985 Fidus,
1905 3920 2017 3975 Zo-

431 4011 612 4075 ninus,
640 4009 982 4078 Zoboennus,
1003 4009 1370 4083 Nymphidius,
1388 4009 1747 4080 Chromatius,
1768 4010 2010 4079 Jovinus,

433 4093 795 4168 Eleutherius,
822 4102 1149 4157 Clematius:
1182 4102 1292 4158 Nos
1332 4101 1604 4173 Pelagium
1649 4119 1755 4158 non
1784 4102 2014 4159 absolvi-

432 4200 575 4257 tnus,
629 4193 729 4248 nisi
771 4194 895 4264 quia
945 4194 1217 4251 damnavit
1255 4209 1351 4250 eos
1395 4196 1484 4265 qui
1537 4196 1722 4252 dicunt
1765 4196 2015 4266 parvulos

432 4284 640 4338 etiamsi
666 4299 771 4338 non
801 4285 1134 4355 baptizentur
1161 4285 1360 4342 habere
1386 4287 1545 4342 vitam
1586 4297 1864 4343 aeternam.
1894 4286 2012 4342 Jam

431 4374 493 4429 tu
520 4376 804 4445 responde,
833 4386 1008 4433 utrum
1047 4378 1187 4433 Deus
1208 4378 1383 4449 justus
1408 4380 1539 4435 nulli
1573 4381 1856 4436 obnoxiam
1886 4395 2016 4452 pec-

432 4476 553 4520 cato
579 4467 861 4536 imaginem
892 4484 1042 4524 suam
1075 4471 1284 4539 privare
1309 4471 1418 4526 vita
1445 4473 1611 4541 possit
1628 4482 1851 4529 mterna.

503 4559 593 4613 35.
635 4558 914 4614 Postremo
974 4570 1191 4616 sanctus
1242 4562 1527 4632 episcopus
1565 4563 1797 4621 Joannes
1846 4564 2012 4625 dicit.

431 4663 592 4715 quem
624 4657 678 4702 tu
710 4649 1088 4705 honorabiliter
1106 4654 1541 4708 commcmorasti
1564 4694 1579 4719 ,
1609 4670 1768 4725 quem
1796 4664 1850 4711 tu
1875 4658 2016 4713 sicut

432 4748 674 4792 sanctum
706 4737 1078 4809 eruditumque
1103 4738 1359 4802 laudasti,
1382 4757 1539 4812 quem
1569 4751 1623 4797 tu
1651 4746 2012 4801 testimonium

432 4838 487 4884 et
514 4829 736 4899 gloriam
773 4828 841 4883 de
878 4831 1150 4885 consortio
1179 4831 1417 4888 veritatis
1457 4835 1755 4904 suscepisse
1791 4836 2010 4893 dixisti:

435 4920 595 4975 etiam
623 4919 735 4988 ipse
762 4919 910 4984 dicit,
941 4920 1108 4976 Adam
1135 4922 1213 4976 sic
1240 4930 1492 4992 peccasse
1517 4924 1644 4980 illud
1664 4928 1865 4997 grande
1890 4945 2017 5001 pec-

429 5021 630 5075 catum,
658 5020 712 5064 nt
732 5026 891 5066 omne
914 5026 1082 5082 genus
1106 5009 1395 5068 humanum
1416 5014 1467 5068 in
1487 5029 1770 5072 commune
1789 5018 2014 5091 damna-

430 5110 531 5157 ret.
566 5102 735 5166 Dicit,
766 5104 818 5157 in
862 5103 1045 5159 Lazari
1089 5113 1262 5160 morte
1304 5106 1424 5160 ideo
1460 5103 1672 5164 ﬂevisse
1707 5110 2010 5181 Christum,

427 5194 552 5265 quia
576 5194 645 5248 de
675 5196 1097 5263 pcrennitatibus
1124 5211 1344 5252 excussa
1373 5198 1672 5254 mortalitas
1691 5200 1889 5260 inferos
1910 5205 2012 5260 ad-

428 5285 662 5351 amavit;
692 5295 749 5341 et
782 5288 903 5357 quia
932 5302 1027 5344 eos
1064 5289 1156 5358 qui
1197 5289 1524 5346 immortales
1564 5305 1686 5348 esse
1725 5302 2006 5364 poterant,

426 5377 671 5434 diabolus
699 5378 821 5434 fecit
845 5395 965 5436 esse
996 5382 1264 5437 mortales.
1290 5382 1448 5448 Dicit,
1475 5392 1599 5438 ante
1616 5394 1890 5454 peccatum
1912 5387 2011 5443 ho-

427 5469 589 5524 minis
633 5472 775 5523 omni
819 5471 980 5526 modo
1017 5472 1212 5528 bestias
1250 5473 1452 5530 homini
1502 5474 1666 5533 fuisse
1699 5477 2005 5548 subiectas;

499 5601 515 5633 ί
545 5607 594 5650 In
638 5614 832 5668 excusas
877 5604 1066 5668 deerat,
1114 5605 1407 5668 Porphyrius
1444 5606 1582 5659 alius.
1628 5610 1905 5662 nestituitur
1942 5626 2005 5663 ex

423 5665 775 5736 titanuscriptis.
813 5665 1168 5736 t'ro._._Zonimts,
1192 5665 1429 5736 incautus
1465 5683 1495 5719 e
1535 5684 1751 5736 quinque
1776 5674 2007 5724 Vaticanis

427 5723 594 5786 habet,
624 5723 856 5785 territus;
878 5725 957 5775 alii
981 5738 1205 5788 quatuor,
1231 5729 1443 5781 Iasium.

1248 322 1517 385 comas
1556 322 1896 384 JULIANUM
1934 307 2304 388 PELAGIL‘M,
2344 323 2401 379 s.
2441 311 2811 382 anausim

3580 318 3682 385 6M

2104 447 2447 509 posteaquam
2476 454 2602 496 vero
2627 448 2902 511 peccatum
2947 437 3078 495 illud
3113 438 3366 506 intravit,
3396 443 3626 511 omnisse
3654 461 3684 499 ιι

2104 535 2262 591 nobis
2299 536 2496 592 bestias
2522 535 2796 591 formidari
2821 554 2835 591 :
2860 549 3033 606 usque
3075 534 3211 590 adeo
3241 545 3513 605 peccatum
3559 539 3687 592 illud

2106 627 2261 697 primi
2288 628 2519 683 hominis
2544 627 2763 698 intelligi
2784 627 2957 682 'voiuit
2979 626 3046 681 ad
3071 641 3260 682 omnes
3287 626 3532 683 homines
3560 643 3685 697 per-

2108 719 2310 784 linere;
2342 719 2431 775 ubi
2455 734 2574 790 quis
2596 735 2702 775 non
2730 718 2909 775 videat
2936 733 3057 774 esse
3075 731 3431 787 consequens,
3459 729 3514 773 ut
3540 722 3687 774 nulla

2107 808 2393 864 bestiarum
2434 809 2682 877 parvulos
2709 809 2957 873 laederet,
2989 808 3091 863 nisi
3130 817 3186 862 et
3225 810 3370 878 ipsos
3399 810 3538 863 illius
3561 825 3689 879 pec-

2106 900 2210 953 cati
2253 898 2465 954 vincuio
2495 898 2744 955 natis-itas
2783 899 3015 954 carnalis
3038 899 3435 970 obstringeret?
3466 901 3602 955 Dicit
3633 902 3690 956 in

2105 990 2294 1047 eodem
2320 1006 2588 1057 sermone,
2617 1007 2685 1048 ex
2712 1007 2821 1062 quo
2843 1000 2900 1046 tu
2927 991 3154 1046 incautis
3177 992 3193 1023 ¹
3220 993 3483 1063 obrepere
3511 993 3685 1047 voluit

2107 1082 2206 1146 sti,
2236 1081 2380 1152 quod
2419 1096 2517 1138 nos
2543 1081 2789 1138 Christus
2829 1082 3129 1147 invenerit,
3158 1091 3218 1138 et
3257 1094 3483 1150 paterno
3508 1086 3692 1139 chiro-

2107 1174 2313 1245 grapho
2344 1183 2526 1229 nostro
2561 1173 2705 1244 quod
2747 1174 2960 1245 scripsit
2990 1173 3160 1229 Adam
3180 1215 3197 1240 ,
3225 1187 3280 1229 et
3302 1176 3694 1245 posterioribus

2108 1264 2342 1336 propriis
2364 1264 2559 1320 debitis
2582 1264 2865 1335 obligatos.
2899 1263 3135 1334 Exponit
3158 1265 3404 1335 Apostoii
3434 1266 3608 1321 locum
3638 1268 3695 1321 in

2109 1369 2217 1427 quo
2242 1355 2486 1410 tota-ista
2524 1366 2686 1410 causa
2722 1354 3004 1422 consistit,
3035 1354 3125 1409 ubi
3160 1356 3417 1425 scriptum
3444 1368 3561 1423 est,
3594 1356 3701 1412 Per

2110 1458 2267 1500 unum
2293 1445 2547 1500 hominem
2576 1455 2835 1515 peceatum
2859 1445 3064 1499 intrarit
3091 1461 3145 1499 tn
3166 1447 3413 1500 mundani
3437 1446 3615 1517 (Rom.
3637 1464 3697 1514 ν,

2112 1534 2297 1608 t2),et
2319 1545 2512 1591 cetera
2532 1536 2658 1591 huic
2689 1536 2965 1591 sententiae
2991 1536 3339 1592 coluerentia.
3367 1538 3476 1594 Nec
3502 1540 3555 1593 in
3586 1550 3697 1595 tam

2112 1625 2317 1696 prolixa
2337 1641 2429 1680 sua
2443 1624 2803 1695 disputatione
2817 1624 2959 1695 quod
2984 1624 3165 1680 dicitis
3188 1626 3337 1694 dicit,
3368 1641 3472 1682 non
3502 1642 3702 1697 propa-

2112 1716 2324 1786 gatione
2347 1716 2559 1787 generis
2596 1715 2699 1772 hoc
2726 1724 3000 1785 peccatum
3025 1715 3077 1769 in
3098 1730 3291 1771 omnes
3316 1718 3579 1783 homines,
3602 1719 3701 1775 sed
3724 1786 3727 1787 ν

2114 1807 2406 1863 imitatione
2427 1808 2681 1863 transisse
2696 1824 2710 1863 :
2725 1806 3163 1863 imoeeontrario
3183 1823 3342 1878 quam
3360 1824 3424 1864 se
3439 1826 3525 1865 res
3545 1811 3705 1866 aliter

2114 1896 2306 1954 habeat
2323 1914 2354 1953 a
2370 1899 2812 1969 coepiscoperum
2831 1908 3050 1954 saorum
3067 1899 3344 1955 sententiis
3360 1914 3465 1955 non
3486 1901 3703 1957 dissert-

2116 1989 2294 2046 tiendo
2318 1990 2668 2045 demonstrat.
2703 1990 2840 2046 Dicit
2869 1991 3013 2046 enim
3034 2030 3053 2055 ,
3081 1992 3261 2046 omnia
3298 2001 3515 2062 peccato
3542 1996 3703 2063 primi

2115 2080 2347 2136 hominis
2365 2096 2485 2137 esse
2511 2082 2865 2136 contaminata
2890 2092 2980 2136 :et
3003 2096 3071 2136 ne
3092 2082 3194 2136 hoc
3216 2097 3322 2137 non
3348 2099 3414 2152 ge
3424 2086 3701 2139 net-alioue

2115 2174 2337 2241 carnali,
2361 2174 2458 2230 sed
2479 2174 2774 2230 imitatione
2798 2172 2988 2228 morali
3004 2175 3025 2206 '
3051 2174 3246 2228 laetum
3270 2183 3519 2244 putetur;
3549 2174 3699 2241 dicit,

2116 2263 2285 2318 Adam
2327 2274 2606 2334 pmpterea
2646 2264 2845 2320 dictum
2890 2264 3113 2320 formam
3156 2264 3356 2331 futuri,
3400 2266 3519 2336 quia
3562 2268 3705 2322 sicut

2117 2354 2208 2410 ille
2234 2370 2301 2411 ex
2325 2358 2613 2426 semetipso
2643 2358 2985 2412 nascentibus
3004 2396 3021 2423 ,
3057 2358 3301 2427 quamvis
3336 2373 3440 2415 non
3472 2360 3705 2413 mandua-

2116 2448 2354 2504 caverint
2393 2449 2460 2504 de
2488 2450 2628 2518 ligno
2652 2489 2668 2514 ,
2697 2448 2868 2505 lactus
2890 2459 2974 2505 est
2999 2465 3159 2505 causa
3203 2451 3390 2506 mortis
3408 2467 3574 2522 ,-qua:
3605 2464 3711 2520 per

2117 2539 2292 2595 cibum
2318 2540 2528 2595 inducta
2548 2552 2666 2607 est;
2691 2542 2761 2597 ita
2780 2550 2835 2597 et
2858 2541 3102 2598 Christus
3122 2544 3187 2598 iis
3203 2544 3294 2613 qui
3319 2559 3388 2598 ex
3413 2544 3534 2613 ipso
3554 2554 3702 2611 sunt,

2120 2632 2331 2687 tametsi
2375 2632 2502 2686 nihil
2527 2634 2673 2703 juste
2697 2634 2939 2704 egerint,
2972 2634 3140 2688 factus
3166 2645 3248 2689 est
3279 2638 3521 2703 provisor
3538 2636 3708 2704 justi-

2119 2724 2240 2790 tiaz,
2269 2738 2429 2795 quam
2473 2741 2567 2795 per
2617 2741 2831 2781 crucem
2868 2728 3114 2781 omnibus
3148 2726 3489 2781 condonavit.
3535 2729 3703 2795 Dicit,

2121 2814 2363 2871 Judaaum
2411 2826 2693 2887 negantem
2739 2818 2939 2872 virtute
2989 2818 3145 2872 unius
3195 2816 3393 2872 Christi
3444 2818 3707 2874 mundum

2120 2922 2276 2979 posse
2304 2909 2493 2963 salvari
2519 2944 2535 2976 ,
2562 2910 2629 2965 de
2659 2910 2824 2981 ipsius
2851 2910 3006 2979 primi
3035 2909 3270 2966 hominis
3313 2922 3530 2981 peccato
3558 2913 3710 2966 retu-

2119 3000 2359 3063 taudum,
2389 3017 2495 3073 quo
2521 3018 2629 3057 uno
2655 3003 2993 3058 inobediente
3031 2986 3314 3059 damnatus
3340 3012 3425 3059 est
3454 3004 3705 3059 mundus.

2121 3089 2282 3156 Dicit,
2312 3107 2417 3147 non
2445 3092 2597 3148 valde
2624 3093 2789 3148 videri
2816 3093 3015 3149 habere
3039 3095 3296 3149 rationem
3317 3126 3334 3161 ,
3367 3104 3425 3148 ut
3449 3095 3585 3149 alius
3609 3110 3711 3165 pro

2119 3184 2228 3239 alio
2247 3184 2547 3248 damnetur,
2571 3190 2628 3240 et
2653 3196 2828 3241 tamen
2857 3186 3052 3242 factum
3073 3201 3192 3241 esse
3216 3197 3316 3255 per
3336 3187 3501 3241 Adam
3527 3204 3541 3240 :
3565 3187 3713 3242 unde

2122 3277 2293 3346 magis
2323 3274 2609 3344 persuadet
2649 3291 2769 3333 esse
2797 3277 3119 3333 credendum
3141 3314 3156 3342 ,
3184 3277 3324 3346 quod
3351 3275 3625 3332 decentius
3650 3285 3711 3332 et

2118 3366 2489 3422 rationabiiius
2517 3378 2775 3437 apparet,
2806 3368 2998 3423 salvari
3038 3369 3201 3422 alium
3248 3383 3347 3437 pro
3385 3369 3528 3433 alio;
3560 3369 3719 3439 quod.

2119 3457 2369 3527 impletur
2396 3457 2449 3512 in
2490 3456 2722 3514 Christo.
2756 3459 2887 3527 Quis
2913 3469 3090 3514 autem
3132 3474 3239 3514 non
3268 3456 3479 3525 videat,
3506 3461 3551 3513 si
3581 3476 3711 3528 peca-

2119 3560 2295 3606 catum
2339 3552 2494 3622 primi
2529 3550 2761 3606 hominis
2799 3565 2903 3606 non
2944 3552 3327 3622 propagatione
3350 3591 3366 3615 ,
3393 3550 3487 3605 sed
3528 3549 3709 3605 imita-

2121 3642 2268 3697 tione
2310 3658 2405 3712 per
2432 3658 2619 3698 omnes
2649 3643 2892 3697 homines
2938 3643 3283 3712 pertransiit,
3314 3644 3580 3698 neminem
3611 3659 3711 3713 pro

2120 3734 2259 3799 alio,
2291 3733 2387 3788 sed
2425 3748 2524 3789 suo
2553 3734 2791 3788 damnari
2820 3746 3253 3803 unumquemque
3281 3743 3498 3803 peccato
3517 3772 3532 3799 ,
3564 3735 3708 3803 quod

2120 3839 2229 3880 non
2256 3825 2396 3879 alius
2421 3825 2473 3878 in
2502 3839 2625 3879 eum
2647 3823 2955 3894 generando
2980 3824 3294 3885 transmisit,
3317 3823 3409 3879 sed
3441 3823 3559 3892 ipse
3586 3824 3710 3878 imi-

2119 3915 2286 3971 tando
2307 3930 2401 3971 sua
2427 3916 2699 3970 voluntate
2725 3914 3032 3970 commisit?
3056 3915 3215 3982 Dicit,
3237 3929 3333 3984 per
3350 3915 3576 3985 gratiam
3597 3930 3704 3969 non

2121 4006 2248 4061 illud
2292 4023 2456 4061 unttm
2506 4006 2871 4061 tantummodo
2914 4007 3069 4076 primi
3116 4006 3367 4071 hominis,
3408 4006 3503 4061 sed
3538 4006 3697 4061 etiam

2122 4106 2243 4168 post
2286 4097 2413 4151 illud
2464 4098 2784 4152 introeuntia
2830 4094 3107 4151 interiecta
3151 4110 3273 4150 esse
3318 4105 3554 4164 peccata.
3602 4094 3702 4151 Ubi

2121 4188 2252 4243 satis
2280 4190 2459 4260 utique
2500 4184 2779 4259 distinguit
2822 4197 3039 4257 peccata
3082 4188 3383 4258 posteriora
3405 4230 3419 4255 ,
3446 4204 3567 4258 qua:
3600 4188 3702 4242 dici

2122 4291 2344 4349 possunt
2372 4280 2665 4335 imitatione
2698 4280 2980 4335 commissa
3001 4318 3017 4345 ,
3045 4280 3114 4334 ab
3140 4279 3235 4333 illo
3262 4295 3369 4333 uno
3391 4280 3532 4349 quod
3577 4294 3705 4350 pro-

2124 4370 2401 4447 pagat‘ione
2445 4371 2756 4440 pertransiit
2779 4388 2792 4425 :
2817 4381 2872 4426 et
2900 4370 3135 4426 ostendit
3159 4383 3386 4440 utraque
3428 4372 3705 4426 interfecta

2122 4477 2243 4518 esse
2270 4478 2365 4533 per
2390 4464 2638 4533 gratiam,
2668 4474 2724 4517 ut
2751 4463 3044 4518 secundum
3071 4465 3312 4533 Apestoli
3358 4464 3704 4519 intentionem

2121 4556 2242 4627 plus
2265 4564 2517 4625 appareat
2557 4555 2820 4625 profuisse
2855 4557 3191 4627 regeneratio
3212 4597 3229 4622 ,
3262 4570 3421 4627 quam
3452 4565 3709 4610 nocuerat

2119 4646 2412 4715 generatio.
2440 4646 2528 4701 Sic
2549 4646 2693 4701 enim
2715 4646 2933 4715 exponit
2960 4646 3104 4717 quod
3128 4646 3329 4701 dictum
3354 4654 3439 4701 est
3465 4664 3480 4701 :
3510 4644 3578 4699 Et
3602 4662 3709 4700 non

2120 4736 2250 4791 sicut
2276 4736 2532 4802 delictum,
2558 4737 2630 4790 ita
2653 4745 2725 4791 est
2747 4748 2795 4792 et
2823 4738 3012 4791 donum
3031 4748 3050 4790 :
3070 4753 3187 4790 nam
3209 4736 3467 4808 judicium
3495 4737 3700 4807 quidem

2122 4844 2187 4882 ex
2207 4842 2309 4883 una
2334 4829 2389 4882 in
2415 4828 2919 4895 condemnationem;
2943 4829 3108 4899 gratia
3133 4838 3301 4882 autem
3329 4845 3394 4883 ea:
3422 4829 3593 4883 multis
3616 4828 3708 4883 de-

2122 4920 2252 4974 lictis
2271 4920 2324 4973 in
2336 4919 2754 4990 justiﬁcationem
2780 4918 2888 4991 (Id.
2920 4935 2973 4985 v,
2998 4920 3248 4989 16).Qua
3275 4920 3557 4983 sententia,
3586 4920 3709 4973 imi—

2122 5013 2252 5068 tatio
2277 5012 2365 5067 illa
2393 5021 2571 5068 vestra
2592 5053 2610 5077 ,
2637 5012 2779 5083 quod
2818 5023 2903 5068 est
2929 5013 3188 5067 novitium
3217 5012 3483 5082 Pelagiani
3507 5014 3710 5066 erroris

2119 5105 2633 5171 machinamentum,
2664 5104 2830 5162 Paulo
2854 5105 3102 5177 apostolo
3120 5106 3408 5169 scribente,
3432 5114 3486 5159 et
3503 5104 3712 5160 Joanne

2119 5200 2375 5271 episcopo
2401 5208 2708 5270 exponeute
2746 5198 3091 5255 subvertitur.
3125 5198 3260 5253 Dicit
3296 5198 3455 5253 etiam
3492 5197 3564 5252 de
3594 5197 3711 5265 ipso

2119 5294 2421 5363 Baptismo,
2449 5307 2722 5362 exponens
2746 5290 2889 5362 quod
2925 5291 3002 5346 ait
3037 5290 3324 5363 Apostolus
3351 5330 3365 5354 ,
3399 5288 3712 5357 Quicmon

2119 5384 2359 5455 baptizati
2401 5400 2575 5438 sumus
2615 5384 2670 5436 in
2712 5383 2944 5449 Christo,
2973 5383 3029 5436 in
3067 5389 3229 5435 morte
3272 5380 3434 5449 ipsius
3467 5378 3708 5448 baptizari

2117 5492 2290 5530 sumus
2318 5473 2427 5548 (Id.
2458 5490 2510 5529 Vt
2535 5516 2549 5539 ,
2578 5474 2633 5545 5)
2652 5514 2668 5539 ,
2694 5472 2827 5528 nihil
2858 5486 2979 5529 esse
3014 5471 3159 5527 aliud
3206 5471 3259 5526 in
3301 5478 3477 5525 morte
3504 5468 3702 5522 Christi

2181 5612 2195 5644 ¹
2231 5613 2303 5662 Sic
2325 5610 2518 5663 Fioriac.
2547 5618 2629 5662 Its.
2653 5611 2790 5671 aliti,
2812 5610 3043 5663 incautus.

2118 5675 2368 5786 "igrﬁlt‘iiti,
2403 5674 2610 5725 mortali.
2652 5667 2830 5736 Altius,
2856 5676 2946 5725 nisi
2983 5672 3215 5735 fallimur,
3252 5667 3564 5722 Floriacensis
3602 5672 3703 5726 ΙΙ-ὐιε

2225 5750 2254 5785 a
2295 5772 2305 5783 .

2225 5750 2305 5785 αιι.
