4014 6184
319 291 423 363 665

316 617 423 657 non
444 603 464 634 ⁸
504 602 858 672 baptizentur,
889 610 979 656 aut
1009 603 1052 655 si
1097 601 1452 672 baptizautut‘,
1484 603 1536 656 in
1579 611 1754 656 morte
1781 602 1898 670 ejus

316 691 684 762 baptizentur;
717 707 780 747 ac
801 692 879 745 sie
906 700 1121 761 peccato
1150 692 1247 762 ipsi
1268 706 1479 762 quoque
1508 691 1820 757 moriantur,
1844 700 1900 745 ct

314 786 438 856 Quia
464 798 571 839 non
600 784 799 846 habent
841 785 1111 853 proprium
1136 826 1150 851 ,
1181 785 1248 838 ab
1285 784 1442 838 alieni
1486 784 1627 837 illius
1647 823 1664 848 ,
1695 783 1746 838 id
1774 792 1857 838 est
1881 822 1895 848 ,

312 874 604 947 originalis,
633 876 772 946 quod
800 876 1038 931 onmium
1064 891 1350 932 commune
1388 876 1586 931 factum
1613 886 1695 931 est
1713 918 1728 943 ,
1762 890 1893 930 cons

313 968 656 1021 taminatioue
682 966 1019 1021 mandentur.

383 1058 474 1113 3s.
515 1057 608 1112 His
638 1065 714 1113 tot
750 1072 814 1112 ac
840 1057 1000 1111 tantis
1042 1056 1269 1112 molibus
1312 1056 1544 1112 virorum
1588 1067 1891 1113 sanctorum

309 1147 696 1219 doctorumque
725 1148 967 1213 vallatus,
995 1146 1170 1203 adhuc
1204 1165 1409 1202 causam
1435 1159 1658 1204 nostram
1688 1149 1893 1219 putabis

313 1238 513 1292 nullum
544 1252 841 1293 assertorem
870 1240 932 1293 de
960 1250 1099 1293 tanta
1125 1240 1443 1295 multitudine
1464 1242 1682 1295 invenire
1696 1240 1890 1310 potuis-

306 1329 403 1382 se?
428 1335 506 1382 Au
540 1338 738 1382 tantam
783 1330 1188 1384 consensionem
1219 1329 1556 1384 sacerdotum
1595 1329 1887 1384 catholico-

309 1436 449 1486 rum,
478 1421 898 1489 conspirationem
924 1419 1163 1475 dictortts
1190 1435 1248 1475 es
1270 1422 1617 1489 perditorum?
1635 1419 1744 1476 Nec
1766 1434 1890 1486 san:

308 1520 450 1563 ctum
469 1510 868 1580 Hieronymum,
888 1510 1007 1580 quia
1024 1511 1301 1581 presbyter
1314 1510 1428 1578 fuit,
1443 1508 1887 1568 contemnendum

307 1602 581 1656 arbitreris
605 1643 620 1666 ,
649 1602 738 1672 qni
770 1617 942 1671 grch
970 1610 1024 1656 et
1064 1602 1261 1669 latino,
1296 1605 1513 1674 insuper
1539 1614 1595 1660 et
1634 1603 1849 1660 hebrreo
1869 1645 1885 1669 ,

305 1693 546 1747 eruditus
574 1693 803 1762 eloquio,
834 1709 896 1748 ex
924 1692 1242 1751 occidentali
1271 1695 1336 1751 ad
1367 1697 1680 1752 orientalem
1709 1706 1886 1752 trans-

304 1784 425 1840 lens
453 1785 743 1840 Ecclesiam
763 1827 777 1849 ,
809 1786 860 1839 in
890 1785 1023 1840 locis
1051 1788 1251 1841 sanctis
1278 1796 1436 1858 atque
1464 1788 1515 1842 in
1553 1788 1768 1845 Litteris
1796 1802 1885 1844 sa-

311 1876 440 1941 cris,
472 1890 638 1947 usque
663 1876 729 1931 ad
756 1875 1081 1946 decrepitam
1122 1879 1249 1933 vixit
1277 1887 1488 1934 aetatem
1507 1881 1528 1912 ²
1552 1899 1565 1936 :
1594 1895 1885 1952 omnesque

304 1972 391 2025 vel
438 1987 575 2041 pene
617 1988 804 2028 omnes
833 1974 920 2043 qui
962 1980 1087 2028 ante
1130 1974 1278 2028 illum
1325 1974 1525 2045 aliquid
1565 1990 1633 2031 ex
1661 1984 1886 2043 utraque

303 2072 456 2133 parte
482 2062 627 2117 orbis
654 2062 722 2118 de
745 2063 984 2118 doctrina
1001 2065 1355 2119 ecclesiastica
1377 2066 1702 2136 scripserant
1730 2067 1876 2137 legit,

301 2167 404 2208 nec
429 2153 585 2207 aliam
611 2151 680 2207 de
719 2153 818 2208 hac
845 2169 903 2208 re
928 2154 1096 2209 tenuit
1135 2157 1498 2227 protnpsitque
1540 2158 1878 2213 sententiam.

302 2245 546 2311 Quicum
590 2253 882 2313 exponeret
922 2245 1110 2300 Jonam
1156 2248 1468 2317 prophetam
1493 2289 1507 2312 ,
1548 2250 1882 2318 apertissime

301 2334 451 2398 dixit,
470 2334 609 2404 quod
633 2334 783 2388 etiam
799 2337 997 2404 parvuli
1025 2348 1225 2405 peccato
1240 2336 1537 2409 oﬂ'endentjs
1552 2338 1714 2393 Adam
1743 2351 1881 2394 tene-

299 2435 473 2479 rentur
494 2424 699 2479 obnoxii
726 2424 813 2497 (In
841 2442 956 2496 cap.
985 2428 1020 2483 5
1039 2427 1083 2500 ).
1112 2426 1256 2482 Itane
1283 2437 1427 2483 tuum
1456 2429 1538 2484 sie
1562 2430 1765 2486 amabis
1792 2446 1880 2485 cr-

301 2531 496 2581 rorem,
529 2517 581 2570 in
608 2532 765 2586 quem
789 2518 1006 2586 juvenili
1030 2519 1348 2574 confidentia
1374 2529 1427 2575 et
1469 2519 1702 2575 humano
1728 2523 1878 2591 lapsu

300 2605 564 2662 incautius
604 2606 884 2677 decidisti,
916 2618 975 2663 ut
1001 2610 1069 2664 ab
1098 2609 1214 2665 istis
1253 2612 1528 2667 catholicae
1568 2614 1783 2669 unitatis
1825 2622 1876 2670 et

305 2699 549 2754 veritatis
603 2700 1002 2767 sacerdotibus,
1051 2716 1116 2756 ex
1159 2686 1384 2757 diversis
1428 2703 1574 2758 orbis
1619 2714 1876 2761 terrarum

297 2791 538 2860 partibus
569 2801 708 2845 tanta
741 2791 880 2846 inter
906 2807 964 2848 se
987 2792 1107 2847 fidei
1135 2793 1415 2848 concordia
1438 2797 1872 2864 congruentibus,

297 2884 351 2937 in
380 2891 484 2935 tam
514 2898 700 2953 magna
728 2899 904 2947 causa,
936 2885 1023 2938 ubi
1046 2886 1348 2940 christiana:
1375 2886 1648 2956 religionis
1669 2903 1875 2943 summa

297 2971 569 3036 consistit,
601 2984 707 3026 non
753 2974 925 3027 solum
954 2973 1270 3040 dissentire,
1297 2973 1388 3029 sed
1417 2990 1510 3030 eos
1545 2977 1742 3045 audeas
1766 2977 1876 3032 Ma-

295 3055 532 3116 hichwos
560 3063 777 3132 insuper
821 3067 1164 3135 nuncupare?
1191 3062 1340 3134 Quod
1373 3067 1415 3120 si
1446 3083 1549 3122 non
1580 3064 1743 3138 facis,
1777 3085 1877 3126 nec

295 3154 425 3208 mihi
471 3154 570 3211 hoc
604 3155 746 3225 ju5te
793 3157 919 3212 facis
943 3200 959 3222 ,
991 3174 1149 3228 quem
1193 3160 1369 3213 cernis
1416 3158 1467 3213 in
1499 3160 1683 3214 eadem
1714 3174 1875 3217 causa

295 3242 734 3314 disputationibus
774 3249 940 3311 meis.
970 3248 1158 3318 quibus
1199 3248 1453 3304 adversus
1501 3265 1585 3304 me
1625 3250 1876 3306 ferociter

295 3336 539 3404 irritaris,
564 3338 771 3392 illorum
801 3351 1039 3394 secutum
1064 3340 1225 3395 fuisse
1250 3343 1486 3411 vestigia.
1515 3341 1568 3398 Si
1592 3352 1765 3397 autem
1788 3360 1874 3399 me

294 3428 467 3481 solum
500 3429 587 3482 tali
616 3430 856 3499 aspergis
875 3431 1182 3500 Opprohrio,
1213 3448 1315 3486 non
1341 3432 1410 3486 ob
1435 3433 1597 3499 aliud,
1627 3434 1726 3487 nisi
1750 3435 1871 3503 quia

293 3518 360 3573 de
396 3527 609 3588 peccato
650 3521 804 3590 primi
837 3520 1068 3578 hominis
1087 3523 1226 3593 quod
1264 3525 1497 3579 sentiunt
1517 3526 1710 3593 sentio,
1730 3526 1872 3597 quod

295 3614 475 3662 tenent
501 3616 675 3674 teneo,
696 3610 836 3679 quod
866 3611 1149 3679 prtedicaut
1167 3614 1427 3681 pranlico;
1452 3616 1569 3686 quis
1597 3626 1648 3672 te
1670 3632 1773 3670 non
1796 3617 1872 3671 vi-

291 3698 415 3752 deat
440 3699 492 3754 in
522 3706 607 3755 ine
633 3712 871 3771 apertum
893 3703 1094 3772 jactare
1121 3706 1439 3774 convicium,
1470 3709 1537 3763 de
1563 3708 1668 3764 illis
1693 3711 1871 3765 occul-

291 3792 401 3843 tum
430 3790 639 3858 quidem
659 3832 674 3856 ,
703 3791 797 3847 sed
825 3799 1000 3847 tamen
1027 3795 1201 3850 simile
1243 3797 1440 3852 habere
1479 3798 1777 3867 judicium?
1804 3802 1871 3857 Et

289 3886 469 3934 tamen
495 3881 842 3937 consideratis
866 3923 880 3946 ,
910 3894 968 3938 ut
995 3884 1094 3938 alia
1129 3895 1329 3940 taceam
1353 3929 1368 3953 ,
1396 3889 1478 3943 ’vel
1505 3888 1724 3945 Joannis
1749 3893 1866 3963 epi-

288 3971 436 4040 scopi
467 3972 641 4027 verbis
661 3974 727 4028 de
744 3982 928 4031 nostro
957 3987 1178 4045 paterno
1197 3978 1550 4049 chirographo
1574 3982 1712 4051 quod
1736 3986 1868 4038 scri-

287 4063 395 4133 psit
423 4064 612 4132 Adam,
645 4080 765 4137 quae
790 4069 949 4123 verba
982 4069 1035 4124 in
1060 4084 1126 4124 eo
1152 4084 1418 4138 sermone,
1444 4074 1586 4131 unde
1609 4077 1748 4146 quod
1777 4094 1866 4130 vo-

284 4154 497 4209 voluisti
542 4158 836 4225 protulisti,
876 4159 1141 4215 invenisse
1182 4171 1232 4216 te
1277 4163 1473 4227 credo;
1508 4165 1589 4219 vel
1629 4167 1864 4238 episcopi

284 4245 580 4312 Ambmsii,
627 4247 767 4318 quod
812 4249 880 4302 de
928 4251 1307 4307 commixtione
1351 4255 1510 4308 maris
1552 4263 1607 4310 et
1654 4254 1866 4313 femina:

283 4335 463 4390 nullus
495 4346 666 4404 potest
700 4354 890 4407 expers
918 4354 1038 4395 esse
1080 4342 1315 4410 peccati,
1345 4359 1463 4413 quae
1507 4344 1559 4400 in
1588 4362 1707 4401 meo
1730 4348 1865 4404 libro

282 4422 488 4493 legisti,
520 4426 614 4481 sed
640 4427 692 4481 iu
719 4429 822 4483 tuis
849 4430 1106 4500 attingere
1134 4432 1385 4499 timuisti;
1423 4435 1522 4489 etsi
1553 4451 1734 4492 coram
1763 4438 1863 4493 ho-

282 4515 514 4571 minibus
538 4517 607 4573 sit
626 4516 756 4573 dura
784 4517 930 4573 frons
951 4528 1062 4588 tua,
1087 4523 1352 4578 erubescit
1373 4540 1554 4580 coram
1582 4527 1691 4582 Deo
1713 4544 1864 4586 mens

350 4696 440 4751 35.
482 4697 594 4768 Ego
616 4700 829 4769 quidem
858 4717 954 4773 pro
993 4702 1275 4761 dilectione
1300 4723 1419 4778 qure
1465 4711 1593 4766 mihi
1621 4723 1705 4768 est
1732 4730 1858 4786 erga

277 4794 351 4854 te,
381 4804 537 4858 quam
572 4789 680 4846 Deo
721 4794 952 4864 prepitio
976 4796 1299 4866 quibuslibet
1337 4803 1589 4859 conviciis
1624 4806 1764 4861 absit
1805 4818 1861 4863 ut

272 4879 344 4934 de
370 4880 618 4937 medullis
645 4884 750 4939 mei
792 4886 968 4941 cordis
994 4891 1276 4961 exstirpes,
1310 4893 1523 4949 mallem
1543 4936 1558 4960 ,
1591 4897 1661 4953 fili
1691 4898 1859 4954 Julia-

270 4985 367 5036 ne,
400 4980 457 5025 ut
476 4971 755 5038 iuventute
777 4978 994 5033 meliore
1019 4984 1178 5049 atque
1202 4982 1420 5041 fortiore
1442 4996 1492 5041 te
1514 4989 1775 5058 vinceres,
1805 5002 1861 5047 et

267 5062 666 5120 animositatem
719 5066 875 5138 (quid
919 5071 1061 5126 aliud
1112 5089 1269 5144 quam
1318 5077 1709 5155 humanam?),
1753 5100 1854 5153 qua

265 5154 424 5223 cupis
453 5163 613 5223 tuam,
643 5161 1045 5232 qualiscumque
1072 5166 1162 5231 sit,
1191 5172 1441 5238 quoniam
1480 5182 1565 5227 tua
1585 5154 1694 5243 jam
1719 5177 1855 5236 facta

264 5254 374 5314 est,
405 5249 693 5318 praevalere
723 5254 1064 5324 sententiam,
1092 5263 1388 5329 potentiore
1414 5265 1609 5334 pietate
1632 5284 1855 5340 supera-

332 5362 352 5429 ξ
387 5360 471 5429 llic
491 5361 768 5429 particulam
791 5373 1056 5429 negantem
1079 5373 1381 5424 restituimus
1400 5389 1462 5425 ex
1488 5384 1593 5429 Mss.

329 5422 819 5503 Ltbil‘kovanieqses
968 5429 1173 5494 Belgicis
1192 5422 1335 5503 ν
1354 5422 1671 5503 addiderant,
1717 5444 1856 5503 cujus

258 5483 401 5557 ειοδίε
683 5485 756 5557 ab_
775 5487 969 5557 φξεηιε
1009 5483 1159 5555 idque
1182 5494 1235 5545 in
1273 5483 1671 5553 miliae}:de
1701 5483 1855 5556 ἇίέῖἑὲῑ

258 5543 847 5629 memisse;
869 5559 986 5629 ’Ἧι
1002 5543 1331 5629 segnem“;
1343 5543 1853 5629 ’ξίὲὲὂῑὴὶῑιτῑῖηεῑὶῖὲῑςξ

254 5610 1023 5689 Ἦὲνέἒξοὲἓίὲἒδὲιέἓεέεΐιιέ
1049 5610 1137 5689 “ia.
1152 5631 1245 5689 ηψπ
1269 5610 1411 5689 ιιιὶτᾱο
1431 5610 1852 5689 ηιιέιὶιῖἱῖιιῖἶότῖίιῆξ

257 5667 430 5723 editis.
449 5669 540 5719 sed
566 5672 711 5721 etiam
734 5684 761 5721 ει
785 5673 1031 5725 Gallicanis
1052 5685 1103 5729 ct
1125 5686 1145 5724 \
1158 5667 1723 5751 aneane“riuiiaiséiif'ii;

1697 299 1894 356 LIBER
1935 296 2202 360 PRIMUS.

317 418 609 489 baptizari,
642 432 799 490 quam
828 429 1047 489 peccato
1073 417 1236 485 mori,
1270 419 1407 475 sicut
1434 414 1522 474 ille
1551 428 1793 475 mortuus
1821 427 1905 471 est

316 525 498 566 carne.
541 508 697 567 Unde
738 522 957 566 necesse
994 518 1075 566 est
1117 519 1174 565 ut
1212 510 1415 580 parvuli
1458 520 1546 565 aut
1588 510 1640 565 in
1687 509 1900 565 Christo

3493 324 3598 391 666

2009 432 2129 482 res;
2162 431 2214 477 et
2242 422 2381 478 sicut
2405 424 2622 481 Polemo
2645 470 2660 497 ,
2689 424 2909 486 luxuriae
2950 436 3162 491 coronis
3189 441 3385 495 sensim
3413 445 3594 516 capite

2007 506 2260 567 detractis
2287 516 2469 586 eisque
2503 518 2721 589 abjcctis
2744 564 2758 585 ,
2793 538 3004 580 manum
3036 528 3195 596 pallio
3223 506 3499 602 subdidit,
3528 554 3588 592 os

2005 611 2061 655 et
2105 605 2302 659 vultum
2347 606 2595 665 formavit
2638 612 2702 666 ad
2748 618 3153 688 verecundiam,
3185 622 3248 678 ad
3288 635 3589 684 extremum

2006 702 2175 751 totum
2203 710 2261 750 se
2292 696 2396 763 illi,
2424 700 2489 753 ad
2517 716 2671 772 quem
2704 704 3050 763 deridendum
3083 723 3317 780 venerat,
3353 715 3588 787 discipu-

2005 784 2113 861 lum
2148 789 2395 856 tradidit;
2424 794 2501 849 sic
2526 806 2579 849 et
2615 806 2667 851 tu
2698 798 3034 869 loquentibus
3077 804 3167 860 tibi
3202 815 3277 861 tot
3309 784 3586 866 venerabi-

2002 876 2140 933 libus
2168 881 2311 945 viris,
2345 886 2676 957 maximeque
2704 892 2954 963 episcopo
2979 896 3260 953 Ambrosio
3289 900 3340 953 in
3361 899 3582 973 integri-

2001 977 2108 1025 tate
2132 975 2405 1030 catholicae
2445 977 2564 1033 fidei
2594 983 2755 1036 etiam
2801 986 2872 1039 tui
2904 988 3026 1042 mali
3056 989 3291 1049 doctoris
3324 1005 3377 1048 et
3420 995 3582 1051 dece-

2002 1062 2166 1128 ptoris
2195 1078 2289 1119 ore
2333 1065 2544 1123 laudato
2567 1112 2583 1136 ,
2628 1079 2682 1126 et
2718 1075 2982 1146 episcOpis
3022 1080 3219 1137 Basilio
3256 1093 3310 1139 et
3337 1085 3578 1153 Joanne,

1998 1164 2133 1221 quos
2162 1161 2215 1208 tu
2250 1169 2460 1225 quoque
2502 1160 2552 1213 in
2584 1164 2779 1218 sanctis
2805 1168 3029 1223 eruditis
3052 1169 3069 1202 ¹
3100 1172 3324 1228 veridica
3356 1185 3577 1232 attesta-

2001 1242 2143 1298 tioue
2172 1248 2415 1315 posuisti.
2441 1261 2688 1321 tanquam
2716 1270 2940 1313 coronas
2963 1261 3293 1318 ebriosorum
3321 1264 3579 1335 abjiceres

1996 1330 2179 1390 laudes
2207 1335 2632 1409 Pelagianorum,
2657 1345 2845 1414 quibus
2876 1357 3122 1420 tanquam
3149 1370 3367 1423 magnus
3393 1373 3578 1412 eorum

1995 1422 2244 1480 defensor
2288 1430 2596 1498 extolleris;
2644 1445 2696 1488 et
2733 1435 2947 1506 stilum,
2992 1451 3048 1494 ut
3096 1422 3275 1499 mitius
3321 1445 3576 1516 dixerim,

1994 1520 2459 1587 contumeliosum,
2490 1539 2597 1578 non
2626 1534 2874 1597 tanquam
2914 1532 3076 1599 pallio
3103 1534 3319 1602 pudoris
3344 1538 3573 1594 abscon-

1991 1604 2167 1674 dercs,
2199 1611 2293 1666 sed
2323 1622 2568 1684 tanquam
2597 1633 2754 1674 manu
2781 1622 3144 1681 cmendatiore
3168 1627 3572 1700 conlringeres;

1994 1705 2247 1769 tuumque
2277 1712 2461 1770 pectus
2489 1706 2709 1762 veritate
2736 1711 3104 1779 complendum
3126 1752 3142 1781 ,
3171 1732 3275 1771 non
3304 1718 3575 1777 Platonico

1992 1785 2311 1855 Xenocrati,
2342 1793 2435 1847 sed
2478 1795 2592 1849 istis
2617 1799 2978 1887 sacerdotibus
3004 1802 3336 1875 christianis,
3371 1809 3448 1865 vel
3478 1826 3572 1882 po-

1992 1879 2095 1934 tius
2118 1879 2169 1934 iu
2197 1882 2274 1935 eis
2316 1882 2415 1952 ipsi
2460 1884 2684 1941 Domino
2709 1879 2950 1956 Christo,
2980 1908 3084 1949 non
3126 1897 3270 1951 velut
3294 1899 3385 1969 qui
3425 1879 3567 1957 nunc

1992 1972 2216 2039 primum
2246 1976 2459 2030 veneris
2482 2018 2496 2042 ,
2528 1976 2795 2046 traderes,
2824 1981 2918 2037 sed
2947 1984 3092 2040 velut
3115 1988 3203 2057 qui
3234 2004 3532 2045 recesseras
3551 2028 3566 2058 ,

1988 2063 2258 2119 redderes.
2289 2063 2437 2132 Quod
2470 2068 2513 2122 si
2549 2068 2641 2124 tibi
2668 2072 2948 2129 consilium
2976 2092 3150 2133 meum
3178 2079 3440 2150 displicet.
3471 2097 3570 2153 age

1987 2164 2047 2207 ut
2072 2155 2263 2223 placet.
2296 2157 2408 2227 Ego
2432 2159 2572 2213 enim
2604 2168 2657 2215 et
2682 2162 2726 2216 si
2757 2175 3030 2222 correctus
3060 2166 3243 2235 fueris,
3268 2185 3390 2242 qua:
3410 2174 3432 2205 ¹
3462 2189 3569 2228 ma-

1981 2242 2098 2314 jora
2127 2255 2247 2301 vota
2275 2262 2392 2303 mea
2422 2260 2565 2316 sunt,
2594 2251 2948 2312 abundantius
2977 2260 3402 2333 cumulatiusque
3429 2279 3563 2335 gau-

1986 2333 2125 2390 debo
2150 2353 2164 2389 :
2191 2347 2248 2392 et
2289 2339 2364 2401 si,
2404 2339 2546 2409 quod
2589 2342 2887 2413 abominor,
2917 2347 2969 2400 in
3000 2347 3100 2403 hac
3144 2352 3405 2419 pravitate~
3439 2333 3567 2424 pars

1986 2430 2250 2485 manseris
2270 2471 2285 2495 ,
2317 2446 2381 2486 ex
2408 2434 2707 2505 opprobriis
2746 2437 2847 2493 tuis
2884 2437 3211 2496 fructuosum
3240 2442 3449 2499 habebo
3468 2487 3483 2508 ,
3514 2454 3567 2502 et

1984 2532 2082 2591 pro
2109 2537 2194 2578 me
2217 2524 2451 2581 caelestis
2476 2528 2739 2584 mercedis
2767 2541 3127 2603 augmentum,
3154 2543 3207 2590 et
3234 2534 3303 2592 de
3326 2546 3376 2593 te
3402 2538 3564 2595 mise-

1983 2612 2206 2667 ricordis
2235 2614 2435 2670 doloris
2459 2618 2722 2673 aculeum.

2052 2701 2280 2759 CAPUT
2308 2705 2418 2761 Vill
2445 2704 2543 2778 (α).
2588 2738 2656 2748 —
2677 2710 2766 2766 56.
2787 2710 2890 2766 Sed
2925 2713 3172 2783 quoniam
3192 2715 3302 2785 jam
3325 2719 3554 2784 ostendi,

1982 2804 2109 2863 quot
2126 2806 2179 2850 et
2193 2796 2377 2866 quales
2394 2807 2446 2852 et
2460 2809 2684 2870 quantos
2696 2803 2836 2858 viros
2854 2802 2976 2860 lldei
2999 2803 3275 2862 catholica:
3302 2808 3559 2866 defenso-

1980 2898 2068 2938 res
2096 2893 2255 2956 atque
2269 2887 2514 2945 doctores
2532 2889 2690 2946 falsos
2718 2892 2880 2947 facias
2908 2893 3226 2951 Maniehreos
3250 2915 3266 2964 ;
3309 2899 3429 2954 audi
3448 2900 3557 2970 jam

1981 2990 2289 3046 parumper,
2318 2979 2579 3035 inerudita
2605 2983 2901 3039 temeritate
2928 2996 3181 3055 quantmn
3219 3001 3376 3043 veros
3401 2991 3556 3059 adju-

1979 3080 2072 3119 ves
2101 3065 2436 3124 Maniclttcos.
2467 3069 2580 3124 Hoc
2616 3073 2757 3127 enim
2788 3089 2874 3128 me
2902 3075 3138 3130 secundo
3164 3076 3284 3132 loco
3317 3079 3560 3149 disputa-

1981 3154 2138 3211 tionis
2166 3172 2300 3213 mea:
2329 3157 2816 3216 demonstraturum
2847 3178 2965 3218 esse
2993 3167 3231 3234 promisi.
3259 3165 3557 3239 Manichmi,

1977 3245 2120 3317 quod
2159 3249 2316 3303 etiam
2358 3258 2410 3305 te
2451 3251 2580 3306 satis
2610 3268 2769 3308 nosse
2807 3254 3085 3323 indicasti,
3127 3256 3261 3313 duas
3303 3268 3557 3328 naturas,

1978 3346 2135 3391 imam
2165 3339 2287 3394 boui
2309 3382 2323 3406 ,
2352 3341 2575 3396 alteram
2606 3344 2730 3397 mali
2753 3381 2768 3410 ,
2811 3359 2880 3400 ex
2907 3339 3130 3402 diversis
3152 3356 3311 3419 atque
3337 3351 3476 3407 inter
3501 3368 3563 3408 se

1976 3427 2215 3483 adversis
2256 3431 2645 3501 coaeteruisque
2686 3435 2997 3505 principiis,
3028 3437 3260 3494 vanitate
3302 3441 3558 3513 sacrilega

1976 3516 2189 3573 nefandi
2263 3522 2463 3576 erroris
2564 3523 2839 3579 inducunt.
2897 3525 3094 3581 Contra
3127 3534 3298 3600 ;quos
3368 3533 3555 3589 catho-

1977 3608 2075 3663 lica
2106 3609 2253 3676 fides,
2291 3611 2381 3666 Dei
2409 3614 2774 3670 tantummodo
2811 3616 2928 3671 sine
2965 3617 3116 3673 initio
3143 3629 3384 3676 naturam
3415 3638 3557 3692 pra:-

1974 3698 2133 3765 dicat,
2165 3702 2355 3756 summi
2384 3704 2581 3759 scilicet
2603 3714 2762 3775 atque
2787 3707 3237 3764 incommutabilis
3265 3710 3387 3767 boni
3406 3754 3419 3777 ,
3448 3713 3552 3770 hoc

1972 3798 2079 3855 est,
2108 3790 2246 3846 illius
2276 3792 2554 3849 inelfaoilis
2577 3795 2850 3851 Trinitatis
2875 3814 2889 3852 :
2910 3812 2941 3852 a
2978 3812 3084 3868 quo
3111 3812 3352 3865 summo,
3382 3811 3438 3856 ut
3466 3803 3553 3857 di-

1972 3889 2114 3934 ctum
2142 3892 2253 3947 est,
2281 3891 2440 3953 atque
2468 3884 2885 3941 incommutabili
2924 3886 3065 3942 bono
3090 3883 3390 3945 universam
3419 3905 3553 3947 con-

1973 3970 2139 4025 ditam
2168 3972 2296 4027 dicit
2325 3987 2445 4028 esse
2466 3984 2785 4041 creaturam,
2812 3987 3135 4048 naturasque
3157 3994 3343 4035 omnes
3364 3979 3553 4049 bonas,

1971 4063 2213 4130 Quamvis
2257 4063 2486 4132 impares
2532 4065 2810 4131 Creatori,
2837 4068 2957 4136 quia
3000 4085 3066 4123 ex
3109 4070 3275 4124 nihilo
3303 4081 3550 4139 creatas,

1970 4150 2197 4221 ideoque
2235 4153 2517 4208 mutabiles
2545 4139 2741 4210 :ita'ut
2777 4158 2994 4212 omnino
3035 4159 3181 4215 nulla
3221 4170 3406 4216 natura
3444 4162 3549 4230 sit,

1969 4256 2088 4312 qua:
2118 4259 2222 4297 non
2253 4253 2343 4298 aut
2370 4244 2483 4314 ipse
2511 4247 2598 4312 sit,
2629 4256 2722 4302 aut
2749 4249 2817 4303 ab
2842 4248 2957 4320 ipso
2986 4250 3118 4306 facta
3149 4253 3251 4320 sit;
3283 4262 3343 4308 ut
3379 4270 3552 4326 quan-

1970 4342 2251 4405 tacumque
2286 4347 2378 4391 aut
2404 4338 2807 4411 qualiscumque
2852 4349 3038 4398 natura
3077 4329 3182 4410 sit,
3217 4347 3269 4401 in
3295 4357 3551 4419 quantum

1968 4441 2156 4486 natura
2188 4442 2289 4499 est,
2318 4431 2514 4488 bonum
2544 4434 2633 4489 sit.

2038 4522 2125 4578 57.
2167 4523 2423 4591 Quaerunt
2450 4525 2625 4596 itaque
2649 4541 2679 4580 a
2725 4526 2898 4595 nobis,
2928 4530 3069 4585 unde
3092 4530 3162 4586 sit
3185 4532 3407 4587 malum.
3448 4533 3553 4590 Re.

1966 4614 2309 4684 spondemus,
2324 4615 2403 4670 Ex
2418 4616 2579 4685 bono,
2593 4615 2687 4672 sed
2709 4633 2812 4673 non
2833 4635 3042 4675 summo
3060 4630 3114 4676 et
3134 4623 3551 4680 incommutabili

1965 4705 2125 4760 bono.
2166 4705 2246 4761 Ex
2276 4708 2429 4762 bonis
2458 4708 2619 4778 igitur
2647 4708 2986 4767 inferioribus
3014 4704 3173 4783 atque
3210 4715 3553 4783 mutabilibus

1964 4808 2078 4853 orta
2108 4807 2230 4853 sunt
2254 4799 2412 4853 mala.
2441 4799 2571 4868 Qua:
2600 4801 2737 4855 mala
2765 4803 2889 4858 licet
2916 4804 3270 4874 intelligamus
3297 4820 3401 4860 non
3429 4822 3552 4863 esse

1963 4900 2200 4957 naturas,
2241 4890 2337 4948 sed
2364 4892 2489 4946 vitia
2518 4904 2826 4950 naturarum
2851 4913 2866 4948 :
2896 4904 3075 4952 tamen
3105 4896 3264 4952 simul
3294 4898 3548 4969 intelligi-

1964 4998 2084 5038 mus
2110 4998 2191 5047 ea,
2220 4984 2321 5038 nisi
2352 4999 2417 5039 ex
2441 4985 2703 5055 aliquibus
2728 4996 2785 5042 et
2821 4987 2874 5042 in
2906 4988 3172 5059 aliquibus
3200 4991 3405 5045 naturis
3431 5006 3554 5047 esse

1965 5090 2069 5130 non
2106 5088 2304 5146 posse;
2348 5091 2447 5131 nec
2488 5076 2687 5147 aliquid
2715 5091 2835 5134 esse
2860 5079 3076 5146 malum,
3120 5079 3225 5134 nisi
3251 5095 3281 5134 a
3309 5080 3552 5138 bonitate

1962 5166 2246 5221 delectum.
2288 5164 2394 5221 Sed
2419 5165 2569 5236 cujus
2596 5165 2885 5232 defectum,
2915 5167 3015 5222 nisi
3044 5167 3270 5239 alicujus
3298 5170 3415 5226 sine
3445 5172 3551 5226 du-

1962 5254 2218 5313 bitatione
2255 5260 2495 5313 naturae?
2533 5261 2664 5324 Quia
2691 5266 2746 5312 et
2786 5261 2900 5328 ipsa
2927 5262 3171 5316 voluntas
3210 5264 3372 5328 mala,
3409 5279 3549 5318 non-

1962 5348 2060 5402 nisi
2088 5347 2310 5418 alicujus
2334 5348 2576 5402 voluntas
2603 5356 2686 5403 est
2712 5351 2945 5418 profecto
2974 5359 3196 5407 naturae.
3226 5353 3297 5410 Et
3324 5356 3549 5424 angelus

1960 5439 2153 5510 quippe
2190 5449 2244 5494 et
2282 5440 2441 5494 homo
2471 5452 2671 5495 natura:
2709 5453 2853 5497 sunt.
2901 5443 3014 5498 Non
3041 5446 3184 5500 enim
3224 5456 3398 5518 potest
3426 5461 3548 5504 esse

2023 5572 2038 5603 ι
2076 5570 2387 5621 t‘loriacensis
2408 5577 2513 5630 Ms,
2545 5569 2596 5621 in
2618 5578 2795 5625 sancta
2810 5572 2992 5627 Litteris
3009 5573 3229 5629 eruditis.

2023 5634 2041 5663 ι
2076 5632 2209 5697 editi,
2234 5632 2285 5697 in
2315 5644 2425 5695 quo.
2452 5639 2544 5683 uss
2566 5667 2581 5692 ,
2606 5647 2732 5697 quae.

2020 5696 2091 5754 (rt)
2130 5705 2175 5755 πη
2195 5695 2256 5742 ιυΙ
2284 5703 2382 5743 Am.
2411 5702 2462 5744 et
2482 5701 2555 5743 Er.
2574 5734 2588 5756 ,
2608 5695 2750 5759 eam
2771 5699 2818 5748 3.
