4038 6182
462 318 566 386 001

462 441 660 510 nullius
672 442 933 508 voluntas,
947 439 1158 512 quando
1170 447 1251 495 est
1267 439 1530 494 voluntas.
1553 436 1623 492 Et
1643 444 1848 492 tantum
1871 434 2047 488 valent

461 537 664 586 eadem
685 531 1003 596 voluntates,
1019 537 1077 584 ιιι
1091 543 1277 586 earum
1302 538 1633 592 naturarum,
1653 539 1876 596 quarum
1898 531 2042 587 sunt,

462 620 656 676 l‘aciant
675 623 976 692 qualitates.
1006 621 1138 677 Nam
1154 621 1198 677 si
1225 629 1514 692 quaeratur,
1546 619 1717 691 qualis
1737 616 1808 671 sit
1829 614 2046 684 angelus

462 704 544 758 vel
586 705 744 759 homo
773 706 928 759 malae
958 705 1242 760 voluntatis
1278 721 1291 756 :
1335 702 1631 758 rectissime
1666 697 2040 769 respondetur,

459 782 657 860 lilalus;
689 795 857 865 magis
875 795 1142 864 accipiens
1169 795 1438 865 qualitatis
1456 807 1652 848 nomen
1673 806 1737 846 ex
1769 789 2045 844 voluntate

462 885 620 951 mala,
649 902 808 956 quam
838 901 902 940 ex
933 895 1118 940 natura
1147 886 1304 941 bona.
1329 885 1588 954 Quoniam
1611 892 1798 938 natura
1823 887 1907 934 est
1931 879 2044 948 ipsa

458 977 752 1035 Bubslatttia
773 1003 790 1030 ‹
805 988 822 1032 ι
835 977 1084 1033 bonitatis
1100 989 1150 1034 et
1166 978 1376 1032 malitia:
1395 992 1562 1048 capax
1581 993 1596 1030 :
1615 975 1867 1030 bonitatis
1877 987 2046 1042 capax

455 1074 560 1128 est,
588 1068 990 1138 participatiOne
1010 1069 1134 1125 boui
1153 1085 1184 1124 a
1203 1083 1308 1140 quo
1331 1067 1466 1123 facta
1481 1077 1566 1122 est
1597 1084 1611 1120 :
1640 1065 1896 1122 malitiam
1918 1076 2046 1117 vero

455 1165 601 1228 capit
628 1173 732 1214 non
760 1160 1164 1231 participatione
1193 1159 1344 1223 mali,
1372 1152 1470 1214 sed
1499 1156 1795 1230 privatione
1824 1153 1969 1217 boni,
1993 1151 2044 1206 id

457 1259 562 1314 est,
613 1266 719 1305 non
761 1265 882 1306 cum
913 1251 1167 1306 miscetur
1209 1261 1412 1304 natura:
1439 1263 1559 1319 quae
1601 1243 1815 1317 aliquod
1845 1243 2042 1298 malum

457 1347 546 1392 est
571 1331 612 1405 ¹,
642 1340 765 1410 quia
792 1340 936 1394 nulla
981 1340 1244 1396 naturain
1273 1346 1528 1411 quantum
1564 1345 1752 1392 natura
1795 1342 1898 1401 est,
1932 1346 2046 1386 ma-

459 1428 569 1483 lum
599 1440 682 1485 est
702 1449 718 1494 ;
741 1430 834 1486 sed
861 1444 982 1486 cum
1008 1428 1184 1487 deiicit
1207 1447 1237 1485 a
1256 1441 1439 1486 natura
1459 1445 1578 1500 quae
1600 1433 2045 1494 summumatque

459 1519 888 1579 incommutabile
929 1533 1013 1579 est
1051 1523 1287 1588 bonum;
1336 1532 1618 1592 propterea
1659 1519 1782 1591 quia
1827 1533 1932 1574 non
1975 1515 2045 1571 de

459 1614 572 1680 illa,
601 1613 694 1670 sed
721 1615 787 1670 de
814 1615 980 1672 nihilo
1007 1609 1142 1672 facta
1181 1625 1284 1671 est.
1325 1613 1576 1684 Alioquin
1601 1627 1700 1668 uec
1730 1609 1924 1664 malam
1951 1623 2045 1660 vo-

458 1705 714 1764 luntatem
747 1704 943 1764 habere
970 1717 1169 1780 posset,
1202 1708 1302 1762 nisi
1332 1706 1600 1762 mutabilis
1623 1711 1786 1761 esset.
1819 1698 2045 1757 Mutabi-

458 1799 526 1854 lis
553 1805 715 1872 porro
740 1811 925 1854 natura
951 1815 1055 1856 uou
1083 1808 1245 1862 esset,
1273 1800 1317 1854 si
1347 1798 1414 1854 de
1442 1799 1550 1854 Deo
1571 1803 1737 1859 esset,
1769 1802 1826 1850 et
1850 1807 1954 1847 ιιοιι
1975 1789 2044 1845 ab

457 1891 553 1946 illo
581 1893 648 1947 de
670 1893 835 1948 nihilo
860 1893 995 1949 facta
1025 1903 1185 1949 esset.
1213 1894 1546 1964 Quapropter
1569 1891 1828 1948 bonorum
1853 1894 2044 1942 auctor

456 1993 540 2037 est
568 1985 727 2048 Deus,
769 1985 892 2039 dum
923 1995 1110 2040 auctor
1132 1995 1216 2041 est
1241 1995 1548 2042 naturarum
1582 2001 1598 2038 :
1627 1996 1850 2052 quarum
1879 1994 2045 2050 spon-

459 2083 648 2130 taneus
671 2071 912 2132 defectus
935 2093 965 2131 a
991 2077 1153 2144 bono,
1179 2094 1285 2132 non
1314 2075 1514 2132 indicat
1531 2091 1562 2130 a
1583 2091 1689 2146 quo
1717 2073 1868 2129 iactze
1894 2080 2039 2137 sunt,

456 2154 550 2220 sed
580 2166 719 2221 unde
742 2165 894 2223 faclte
913 2179 1056 2223 sunt.
1097 2169 1164 2224 Et
1192 2172 1296 2224 hoc
1315 2185 1420 2223 non
1444 2176 1525 2224 est
1545 2165 1766 2238 aliquid,
1787 2164 2040 2238 quoniam

455 2257 669 2324 penitus
695 2256 823 2311 nihil
844 2266 964 2325 est;
990 2266 1047 2314 et
1070 2257 1193 2316 ideo
1215 2273 1326 2315 nou
1350 2267 1526 2331 potest
1543 2266 1815 2313 auctorem
1842 2255 2042 2310 habere

453 2346 596 2417 quod
625 2347 754 2404 nihil
783 2355 884 2404 est.

527 2437 618 2493 38.
664 2439 1004 2510 Quapropter
1047 2437 1186 2496 sicut
1235 2435 1548 2496 adversatur
1593 2437 1868 2495 catholica:
1918 2435 2040 2492 ﬁdei

453 2524 796 2599 Manichmus,
827 2531 932 2588 hoc
949 2540 1054 2598 est,
1081 2529 1212 2589 ﬂdei‘
1228 2532 1468 2588 veritatis
1488 2547 1734 2604 veraeque
1761 2530 1972 2602 pietatis
1991 2531 2036 2596 ',

455 2623 546 2692 qui
574 2622 770 2678 bonum
793 2631 850 2680 et
876 2615 1074 2679 malum
1099 2624 1176 2679 sic
1205 2624 1344 2680 inter
1367 2641 1427 2681 se
1448 2624 1580 2681 dicit
1605 2639 1725 2680 esse
1747 2621 2037 2689 contraria,

455 2724 638 2769 utnon
667 2725 908 2771 natumut
945 2732 1068 2772 cum
1093 2715 1272 2773 deﬁcit
1299 2732 1330 2772 a
1373 2717 1537 2784 bono,
1575 2717 1720 2773 dicat
1762 2715 1876 2770 lieri
1921 2729 2038 2768 ma-

453 2804 560 2861 lam
591 2805 633 2872 ³,
667 2807 946 2879 ipsumque
969 2807 1235 2865 defectum
1261 2809 1379 2877 ejus
1406 2823 1527 2864 esse
1553 2807 1750 2864 malum
1779 2806 1916 2878 eius,
1945 2805 2040 2862 sed

453 2896 632 2966 potius
651 2897 822 2968 ipsum
851 2898 1050 2954 malum
1075 2899 1215 2956 dicat
1236 2915 1357 2956 esse
1386 2909 1649 2965 naturam,
1677 2907 1752 2966 et,
1779 2899 1919 2970 quod
1959 2907 2045 2954 est

455 2987 714 3056 insanius,
744 2989 861 3044 sine
890 2989 1040 3044 initio
1065 2991 1443 3061 sempiternam
1469 3007 1484 3055 ;
1512 3005 1737 3061 eamque
1765 2988 2042 3061 appellat‘

453 3090 651 3148 corpus
697 3089 754 3134 et
795 3079 1076 3149 spiritum;
1123 3096 1319 3151 corpus
1359 3081 1606 3137 videlicet
1644 3079 1786 3136 unde
1823 3080 2044 3150 Spiritus

455 3179 728 3240 operetur,
755 3171 997 3241 spiritum
1042 3187 1168 3228 vero
1193 3173 1281 3242 qui
1309 3181 1560 3242 operetur
1595 3187 1664 3226 ex
1687 3186 1913 3242 corpore
1935 3189 1950 3226 :
1969 3171 2041 3225 ita

457 3259 603 3318 hunc
628 3262 989 3317 adversarium
1023 3262 1144 3318 lidei
1186 3261 1290 3318 dici
1321 3278 1424 3317 non
1455 3271 1633 3333 potest
1659 3269 1914 3331 quantmu
1941 3259 2041 3315 ad-

453 3355 623 3424 juvet,
668 3355 756 3425 qui
784 3355 920 3410 mala
963 3370 1028 3409 ex
1055 3354 1211 3410 bonis
1251 3354 1378 3409 oriri
1409 3363 1584 3424 negat,
1618 3362 1672 3408 et
1711 3353 1764 3407 in
1793 3352 2040 3407 eumdem

455 3458 671 3499 sensum
713 3445 906 3514 awipit
932 3444 1072 3516 quod
1100 3445 1174 3500 ait
1201 3443 1475 3510 Dominus,
1503 3441 1666 3498 Arbor
1687 3441 1819 3498 bona
1847 3442 2043 3508 [ructus

457 3538 620 3589 malos
645 3551 746 3588 non
775 3533 897 3605 facit
927 3549 947 3590 :
974 3550 1094 3590 cum
1125 3534 1212 3590 ille
1240 3535 1493 3605 magister
1535 3533 1696 3598 Deus,
1729 3548 1834 3588 non
1861 3533 2043 3602 utique

459 3635 700 3680 naturam
741 3633 1028 3680 constituat
1063 3625 1330 3690 arborem,
1358 3640 1422 3680 ex
1443 3639 1544 3696 qua
1572 3622 1773 3680 fructus
1796 3623 1864 3679 de
1891 3638 1997 3694 quo
2019 3621 2043 3656 ⁸

462 3715 797 3786 loquebatur,
848 3717 1078 3782 existat;
1131 3715 1224 3773 sed
1251 3716 1574 3772 voluntatem
1599 3730 1693 3771 seu
1723 3716 1918 3792 bonam
1947 3729 2043 3770 seu

460 3807 675 3870 malam.
705 3806 909 3862 fructus
935 3815 1112 3863 autem
1139 3821 1326 3877 opera,
1353 3822 1474 3878 qua:
1498 3821 1598 3862 nec
1625 3807 1762 3862 bona
1797 3807 2044 3862 volunta-

461 3901 530 3956 tis
571 3899 748 3968 malm,
780 3915 880 3955 nec
922 3900 1056 3954 mala
1102 3907 1330 3969 possunt
1371 3913 1496 3954 esse
1534 3898 1822 3954 voluntatis
1867 3898 2041 3953 bonae.

461 3991 574 4046 lloc
597 3999 678 4046 est
703 3993 844 4046 enim
871 3987 1014 4060 quod
1051 3989 1143 4052 ait,
1169 3988 1333 4043 Arbor
1367 3989 1502 4043 mala
1530 3991 1726 4062 [ructus
1760 3989 1916 4045 bonos
1944 4007 2046 4044 non

463 4083 606 4156 facit,
635 4092 680 4138 et
703 4082 852 4138 orbor
870 4081 1002 4136 bona
1027 4085 1222 4153 fructus
1248 4081 1408 4135 malos
1434 4097 1532 4134 non
1555 4080 1676 4150 facit
1701 4079 1916 4150 (Matth.
1945 4098 2043 4150 vn;

451 4175 553 4246 ,18)
584 4185 868 4245 :tauquam
893 4172 1114 4235 diceret,
1140 4171 1250 4228 Nec
1271 4175 1431 4242 opera
1453 4171 1589 4227 bona
1615 4173 1860 4226 voluntas
1879 4173 2040 4239 mala,

461 4281 564 4320 nec
602 4266 739 4319 mala
783 4279 945 4332 Opera
985 4261 1106 4318 facit
1151 4264 1394 4318 voluntas
1436 4261 1594 4317 bona.
1633 4261 1765 4316 Nam
1810 4262 2042 4332 ipsarum

461 4356 734 4420 arborum,
779 4354 831 4409 id
871 4365 974 4421 est,
1022 4355 1256 4426 ipsarum
1285 4353 1613 4410 voluntatum
1660 4353 1706 4408 si
1736 4363 2046 4424 quaerantur

461 4445 726 4514 origines;
771 4460 888 4512 quae
933 4453 1260 4511 occurrunt,
1291 4445 1393 4498 nisi
1436 4454 1660 4509 naturae,
1705 4459 1837 4514 quas
1878 4444 2046 4500 bonas

463 4537 606 4592 Deus
630 4533 909 4590 condidit?
937 4536 1013 4589 Ac
1043 4549 1137 4604 per
1165 4534 1268 4590 hoc
1303 4549 1370 4588 ex
1396 4533 1549 4588 bonis
1575 4541 1689 4588 orta
1718 4541 1843 4588 sunt
1870 4535 2005 4589 mala
2025 4575 2042 4600 ,

463 4645 570 4684 nou
600 4643 666 4682 ex
691 4623 850 4682 bonis
887 4626 1244 4681 voluntatibus
1283 4641 1444 4698 opera
1475 4626 1633 4691 mala,
1677 4625 1770 4681 sed
1799 4641 1865 4682 ex
1890 4627 2046 4683 bouis

461 4719 667 4776 naturis
697 4717 992 4772 voluntates
1020 4717 1193 4772 mal-.e.
1231 4715 1368 4782 Quid
1396 4731 1525 4788 ergo
1563 4716 1641 4770 sic
1669 4725 1819 4787 optat
1855 4717 2046 4774 audire

460 4811 805 4878 Manichacus,
851 4815 989 4865 sicut
1013 4824 1078 4864 ex
1120 4808 1274 4864 bonis
1301 4807 1438 4863 mala
1468 4823 1590 4864 esse
1631 4823 1736 4862 non
1782 4822 1958 4876 posse,
1989 4817 2048 4863 ut

460 4889 712 4976 quoniam
749 4901 933 4972 negari
979 4916 1085 4956 non
1113 4908 1288 4972 potest
1340 4914 1461 4956 esse
1504 4899 1664 4966 mala,
1709 4898 1838 4954 nihil
1883 4908 2048 4954 restet

462 4997 566 5052 nisi
596 5003 652 5050 ut
679 5011 746 5052 ex
795 4993 937 5050 malo
981 4992 1108 5060 sint,
1152 4991 1198 5046 si
1227 5006 1293 5046 ex
1335 4991 1489 5046 bonis
1531 4991 1734 5045 naturis
1774 5004 1894 5046 esse
1939 5007 2043 5045 nou

463 5093 724 5157 possunt;
755 5099 819 5140 ac
845 5083 924 5138 sic
967 5083 1084 5138 sine
1122 5081 1272 5136 initio
1315 5079 1544 5136 habeant
1586 5079 1844 5150 originem
1892 5094 2042 5135 suam

463 5179 601 5234 mala
630 5186 872 5234 naturam
899 5174 1046 5244 mali,
1087 5189 1206 5246 qua:
1231 5173 1346 5229 sine
1370 5172 1519 5228 initio
1547 5186 1758 5241 semper
1785 5171 1962 5240 fuerit,
1992 5180 2048 5227 et

529 5357 543 5386 ¹
581 5354 720 5412 editi,
737 5365 831 5404 non
847 5350 1176 5413 commeator
1187 5360 1382 5413 natura:
1403 5361 1512 5413 qua
1533 5345 1717 5413 aliquid
1737 5346 1918 5413 malum
1933 5354 2002 5399 est
2027 5361 2045 5399 :

465 5410 715 5481 pauloque
724 5423 850 5488 post,
867 5413 952 5466 sed
974 5412 1089 5478 quia
1109 5410 1274 5478 deﬁcit
1295 5425 1328 5463 a
1347 5410 1540 5475 natura,
1561 5410 1658 5462 etc.
1677 5410 1998 5462 Emendaotur
2017 5423 2046 5460 a

463 5485 814 5539 Itauuscrlptis.

527 5542 548 5617 ἶ
581 5534 1040 5617 [θξξῖἓὲξηὲἓενέίςξ
1051 5531 1302 5617 εξέλῇέεὶν
1329 5532 1533 5597 veritati,
1561 5546 1776 5598 remque
1798 5532 1978 5598 pictoti.

529 5602 550 5633 ³
584 5598 750 5649 Plures
773 5608 897 5656 κω..
920 5597 1031 5662 ﬁeri
1051 5597 1248 5648 malum.

528 5664 548 5694 ⁸
585 5661 894 5722 Floriaceusis
911 5665 1014 5709 Its..
1029 5657 1252 5722 aprellet.

527 5722 549 5758 ⁸
585 5723 717 5780 miti,
753 5721 813 5772 dc
837 5735 946 5783 qua.
981 5718 1276 5782 castigantur
1308 5718 1366 5768 ad
1400 5721 1762 5781 manuscriptos.

1255 313 1530 380 CONTRA
1566 309 1904 378 JULIANUM
1945 305 2408 382 PELAGIANUM,
2448 313 2507 372 s.
2547 307 2914 374 AUGUSTINI

2152 430 2259 486 sint
2283 429 2402 484 duae
2427 439 2649 492 naturas,
2683 443 2780 483 una
2820 428 2966 494 boui,
3013 427 3182 484 altera
3207 429 3330 484 mali
3350 429 3373 484 3
3397 428 3629 490 Necesse
3650 446 3735 491 est

2152 517 2294 573 enim
2324 527 2381 572 ιιι
2421 527 2514 572 aut
2553 517 2694 572 nulla
2739 501 2846 572 sint
2887 517 3044 582 mala,
3092 524 3184 571 aut
3211 532 3277 573 ex
3322 517 3479 575 bouis
3523 524 3730 578 naturis

2151 611 2300 686 sint”
2327 619 2420 663 aut
2461 625 2525 664 ex
2563 611 2737 663 malis.
2793 609 2848 664 Si
2875 609 3164 664 dixerimus
3197 610 3338 664 nulla
3382 627 3502 667 esse
3551 617 3721 682 mala,

2153 697 2344 755 l'rustra
2365 699 2591 755 dicimus
2613 702 2740 767 Deo,
2765 698 2946 754 Libera
2967 716 3058 754 nos
3083 717 3114 752 α
3135 701 3268 754 malo
3285 701 3494 773 (Matth.
3514 719 3588 770 Vl,
3620 705 3708 778 15',
3724 743 3741 758 .

2152 791 2207 846 Si
2252 800 2430 846 autem
2477 791 2787 852 dixerimus.
2838 806 2944 845 non
2982 790 3110 846 oriri
3140 792 3276 846 mala
3309 793 3408 846 nisi
3440 808 3506 848 ex
3545 795 3724 864 malis,

2151 879 2436 938 Manicluea
2470 882 2768 952 pestilentia
2796 881 3160 952 triumphabit,
3185 891 3460 953 totumque
3487 887 3705 940 vastabi'
3725 918 3742 949 ,

2151 980 2207 1028 et
2230 973 2395 1044 ipsius
2423 973 2514 1028 Dei
2547 981 2798 1044 tanquam
2829 973 3140 1028 mutabilem
3169 984 3411 1028 naturam
3443 975 3596 1029 malae
3639 991 3706 1028 na

2153 1071 2286 1118 turre
2333 1064 2712 1120 commixtione
2776 1061 3014 1118 violabit.
3071 1062 3411 1134 Relinquitur
3461 1079 3626 1134 ergo,
3678 1073 3740 1119 ut
3837 1097 3853 1105 —

2151 1153 2291 1208 mala
2313 1169 2378 1209 ex
2406 1148 2560 1209 bouis
2581 1167 2702 1210 esse
2739 1153 3000 1209 fateamur
3026 1171 3041 1208 :
3071 1153 3194 1224 quia
3231 1153 3276 1208 si
3312 1153 3415 1208 hoc
3443 1155 3734 1226 negaveri-

2151 1258 2292 1311 mus,
2335 1243 2411 1300 ex'
2430 1235 2586 1299 malis
2611 1253 2788 1313 erunt,
2834 1252 2891 1300 et
2927 1241 3233 1300 Manichaeis
3259 1245 3441 1316 utique
3469 1247 3734 1318 suil'raga-

2151 1331 2346 1390 bimur.

2221 1420 2310 1482 39.
2347 1425 2428 1482 Tu
2469 1427 2646 1498 itaque
2673 1425 2762 1482 ubi
2786 1424 2956 1500 dicis,
2979 1445 3000 1480 ι
3033 1425 3166 1482 Cum
3197 1424 3488 1508 secundum
3515 1435 3745 1484 seutenv

2150 1514 2277 1570 tiam
2299 1513 2591 1586 Evangelii,
2615 1533 2680 1572 ex
2703 1516 2958 1572 fructibus
2977 1517 3088 1572 suis
3101 1517 3262 1572 arbor
3281 1517 3473 1574 debeat
3493 1518 3735 1588 agnosci,

2109 1618 2114 1622 ‘
2151 1605 2240 1663 hic
2267 1607 2564 1664 audiendus
2609 1615 2844 1678 putetur,
2885 1607 2976 1679 qui
3004 1607 3134 1663 dicit
3161 1607 3362 1664 bonum
3405 1623 3524 1664 esse
3551 1607 3740 1678 conin-

2149 1698 2294 1770 ginm
2321 1741 2340 1767 ,
2367 1699 2436 1756 de
2462 1715 2570 1771 quo
2609 1699 2741 1754 nihil
2767 1697 2910 1754 aliud
2935 1715 3094 1771 quam
3138 1699 3334 1755 malum
3367 1698 3578 1770 prodire
3605 1700 3738 1757 deii-

2149 1790 2264 1846 nit:
2294 1809 2316 1844 ι
2346 1793 2425 1848 vis
2451 1794 2634 1864 utique
2651 1791 2897 1848 arborem
2915 1791 3110 1848 bonam
3137 1789 3444 1864 coniugium
3464 1791 3731 1864 deputari,

2148 1879 2218 1938 de
2243 1897 2346 1953 qua
2387 1883 2532 1938 velut
2559 1883 2788 1939 fructum
2815 1883 3012 1938 malum
3042 1885 3189 1940 nasci
3217 1901 3323 1958 non
3353 1883 3434 1940 vis
3462 1881 3736 1940 hominem

2147 1974 2391 2044 contagio
2415 1975 2615 2044 peccati
2651 1969 2928 2046 originalis
2955 1974 3305 2040 obstrictum;
3337 1989 3440 2030 nec
3467 1974 3616 2029 vides
3640 1990 3740 2030 ne-

2145 2079 2300 2121 cesse
2321 2058 2410 2121 tibi
2431 2080 2551 2123 esse
2567 2066 2884 2122 adulterium
2909 2067 3231 2124 constituere
3249 2064 3494 2122 arborem
3512 2065 3730 2126 malam.

2147 2155 2192 2210 si
2221 2155 2524 2228 coniugium
2567 2166 2652 2213 est
2693 2152 2856 2214 arbor
2907 2157 3064 2213 bona.
3125 2157 3203 2212 Ac
3250 2171 3348 2228 per
3393 2155 3516 2223 hoc,
3565 2155 3610 2212 si
3663 2155 3738 2212 de

2146 2241 2394 2318 coniugio
2438 2247 2529 2318 qui
2559 2249 2814 2316 nascitur,
2857 2247 3088 2320 coniugii
3133 2245 3337 2303 fructus
3384 2257 3486 2311 est,
3517 2255 3568 2301 et
3613 2245 3736 2301 ideo

2145 2330 2307 2396 debet
2341 2354 2462 2396 esse
2501 2340 2620 2396 sine
2655 2340 2804 2406 vitio,
2853 2355 2922 2396 ne
2949 2339 3152 2396 fructus
3178 2337 3352 2392 malus
3395 2347 3642 2393 nascatur
3667 2352 3740 2393 ex

2145 2433 2340 2488 arbore
2377 2433 2556 2500 bona;
2584 2432 2827 2504 sequitur
2853 2439 2910 2487 ut
2935 2432 3022 2503 qui
3049 2431 3116 2488 de
3158 2429 3424 2486 adulterio
3461 2430 3737 2495 nascitur,

2147 2538 2253 2579 non
2279 2522 2472 2580 debeat
2495 2525 2639 2580 nasci
2661 2524 2776 2580 sine
2801 2523 2950 2590 vitio,
2980 2539 3046 2578 ne
3071 2523 3273 2578 fructus
3298 2523 3468 2578 bonus
3489 2531 3741 2576 nascatur

2147 2628 2216 2668 ex
2263 2613 2456 2669 arbore
2497 2613 2635 2668 mala
2667 2629 2682 2668 :
2713 2614 2965 2684 quoniam
3015 2612 3272 2668 Dominus
3303 2627 3399 2668 nec
3425 2627 3456 2666 a
3485 2611 3621 2668 bona
3648 2629 3742 2666 ar-

2149 2702 2278 2757 bore
2321 2701 2434 2758 lleri
2465 2701 2668 2758 fructus
2717 2703 2906 2768 malos,
2938 2717 3038 2758 nec
3065 2717 3097 2757 a
3129 2701 3267 2756 mala
3316 2701 3506 2768 bonos,
3557 2701 3738 2756 divina

2147 2793 2462 2848 auctoritate
2505 2793 2713 2848 definit.
2753 2791 2825 2850 Ut
2849 2809 2978 2863 ergo
3007 2793 3132 2848 hinc
3158 2769 3339 2859 exeas,
3385 2793 3506 2864 quia
3539 2807 3637 2848 nec
3661 2793 3737 2849 de

2146 2882 2409 2939 adulterio
2437 2883 2572 2938 dicis
2597 2881 2868 2938 hominem
2911 2883 3057 2938 nasci
3103 2899 3261 2954 pesse
3287 2899 3407 2938 cum
3440 2883 3596 2951 vitio,
3636 2899 3740 2938 ne-

2145 2976 2296 3048 gabis
2335 2975 2655 3032 adulterium
2702 2991 2822 3032 esse
2869 2975 3114 3032 arborem
3146 2977 3360 3042 malam,
3405 2990 3475 3031 ne
3528 2975 3618 3031 ille
3645 2975 3740 3046 qui

2147 3067 2440 3124 secundum
2481 3078 2532 3124 te
2571 3068 2687 3123 sine
2711 3069 2841 3124 vitio
2865 3067 2933 3124 de
2961 3067 3224 3124 adulterio
3267 3067 3522 3134 nascitur,
3549 3077 3740 3124 contra

2146 3157 2510 3215 deﬁnitionem
2555 3158 2766 3214 Domini
2817 3157 2989 3214 bonus
3035 3155 3239 3214 fructus
3279 3157 3427 3214 nasci
3481 3157 3550 3215 de
3594 3159 3740 3214 mala

2145 3249 2340 3305 arbore
2395 3249 2657 3306 videatur.
2697 3247 2842 3322 Nega
2885 3263 3014 3320 ergo
3060 3249 3220 3306 etiam
3263 3248 3566 3319 coniugium
3611 3262 3743 3306 esse

2147 3339 2392 3396 arborem
2431 3339 2648 3405 bonam,
2678 3347 2734 3398 et
2759 3353 2970 3396 errasse
2999 3349 3051 3396 te
3085 3349 3144 3396 ut
3187 3339 3288 3394 hoc
3311 3339 3520 3394 diceres
3564 3338 3738 3396 conti-

2150 3439 2283 3486 tere.
2312 3431 2418 3487 Sed
2461 3430 2700 3487 dicturus
2727 3445 2810 3495 es,
2845 3446 2953 3487 non
2981 3429 3052 3487 de
3093 3430 3354 3487 adulterio
3383 3430 3527 3486 nasci
3560 3429 3742 3484 homi-

2148 3537 2295 3588 nem,
2321 3521 2412 3592 qui
2440 3537 2536 3594 per
2560 3521 2912 3578 adulterinum
2943 3521 3280 3578 concubitum
3305 3521 3555 3593 gignitur.
3585 3521 3745 3578 Unde

2147 3609 2350 3682 igitur?
2402 3630 2422 3665 ι
2461 3613 2535 3668 De
2571 3622 2796 3680 natura,
2831 3631 2852 3666 ι
2886 3612 3084 3683 inquis,
3137 3633 3158 3665 ι
3216 3612 3464 3678 humana,
3509 3627 3631 3684 quae
3679 3612 3742 3669 in

2147 3702 2402 3758 adulteris
2429 3717 2640 3775 quoque
2685 3702 2778 3760 Dei
2817 3717 2950 3773 Opus
2978 3711 3080 3769 est,
3127 3717 3232 3758 non
3273 3702 3529 3773 ipsorum.
3565 3721 3585 3756 ι
3627 3703 3744 3758 Cur

2150 3808 2278 3862 ergo
2298 3791 2484 3849 eodem
2507 3793 2666 3848 modo
2690 3809 2795 3848 non
2822 3791 3090 3862 intelligis,
3111 3808 3210 3850 nec
3227 3793 3297 3849 de
3319 3793 3566 3864 coniugio
3589 3794 3742 3853 nasci

2151 3882 2446 3952 hominem,
2486 3883 2578 3956 qui
2605 3899 2702 3956 per
2729 3882 3070 3940 concubitum
3101 3883 3336 3956 gignitur
3357 3883 3690 3955 coniugalem
3717 3901 3738 3952 ;

2151 3973 2244 4030 sed
2290 3974 2358 4031 de
2400 3983 2588 4030 natura
2625 3973 3139 4042 similitcrbumana,
3171 3990 3292 4045 qua:
3340 3974 3394 4029 in
3422 3974 3740 4046 coniugibus

2150 4082 2364 4138 quoque
2406 4067 2498 4122 Dei
2528 4081 2662 4137 Oplts
2689 4076 2791 4133 est,
2821 4083 2926 4122 non
2969 4068 3204 4138 ipsorum
3237 4083 3253 4122 :
3289 4077 3450 4138 atque
3480 4067 3551 4123 ita
3576 4067 3738 4124 boui-

2151 4158 2246 4212 tati
2291 4173 2399 4212 nou
2443 4158 2600 4212 tribui
2650 4159 2972 4227 nuptiarum,
3023 4157 3164 4228 quod
3213 4159 3411 4214 malum
3456 4167 3740 4216 nascentes

2152 4247 2367 4303 trahunt
2390 4247 2458 4303 de
2481 4248 2609 4303 vitio
2635 4257 2836 4302 natura:
2859 4264 2875 4314 ;
2907 4249 3046 4304 sicut
3064 4264 3168 4303 non
3196 4249 3448 4304 tribuitur
3471 4248 3738 4320 iniquitati

2151 4336 2552 4404 adulteriorum,
2581 4336 2726 4407 quod
2759 4338 2957 4392 bonum
2987 4347 3271 4393 nascentes
3299 4337 3516 4393 trahunt
3553 4339 3618 4393 de
3649 4338 3735 4394 in-

2151 4427 2426 4484 stitutione
2454 4428 2699 4490 nuluer
2736 4427 2815 4482 Tu
2857 4441 3035 4484 autem
3067 4428 3316 4500 intelligis
3362 4429 3608 4485 arborem
3639 4430 3738 4485 bo-

2151 4535 2296 4585 nam,
2324 4537 2429 4575 non
2453 4535 2611 4590 quam
2635 4519 2878 4576 Christus
2901 4520 3118 4591 intelligi
3149 4521 3332 4584 voluit,
3361 4519 3412 4574 id
3437 4529 3540 4587 est,
3565 4519 3738 4576 homi-

2151 4613 2236 4668 nis
2260 4613 2585 4668 voluntatcm
2627 4613 2842 4678 bonam,
2889 4609 2983 4668 sed
3023 4612 3194 4682 ipsum
3224 4628 3357 4683 opus
3387 4612 3500 4675 Dei,
3531 4611 3582 4668 id
3617 4625 3736 4678 est,

2153 4703 2426 4760 hominum
2447 4704 2532 4760 vel
2557 4705 2786 4774 nuptias,
2813 4705 2895 4760 vel
2921 4712 3180 4759 naturam.
3224 4703 3294 4759 Et
3312 4703 3436 4776 quia
3459 4705 3595 4758 bona
3613 4713 3739 4760 sunt

2153 4797 2270 4854 lucc
2291 4815 2449 4868 opera
2482 4799 2598 4865 Dei,
2626 4798 2824 4853 malum
2856 4797 2978 4854 inde
3009 4813 3113 4854 non
3145 4812 3300 4869 posse
3325 4797 3458 4854 dicis
3482 4797 3736 4861 existere,

2151 4888 2274 4957 quia
2301 4888 2496 4944 malum
2540 4887 2768 4944 fructum
2811 4888 2947 4944 bona
2989 4888 3151 4943 arbor
3187 4904 3294 4944 non
3339 4897 3513 4958 potest
3539 4887 3736 4943 facere.

2152 4979 2230 5034 Ac
2267 4979 2347 5034 sic
2387 4979 2642 5036 adversus
2684 4987 2737 5035 te
2779 4978 3238 5035 ratiocinationem
3279 4993 3430 5034 suam
3469 4978 3738 5034 concludit

2150 5086 2249 5141 pro
2277 5087 2376 5127 suo
2403 5071 2650 5143 dogmate
2690 5070 3030 5138 Manichaaus,
3079 5086 3238 5144 quem
3279 5071 3460 5127 verbis
3488 5070 3606 5126 istis
3635 5071 3740 5126 tuis

2151 5165 2231 5222 sic
2257 5165 2494 5234 adiuvas,
2522 5174 2580 5220 ιιι
2617 5163 2750 5218 nihil
2790 5163 2957 5236 magis
2986 5170 3137 5234 optet
3169 5161 3377 5228 audire,
3414 5177 3574 5233 quam
3601 5161 3738 5217 mala

2152 5271 2221 5312 ex
2247 5255 2400 5311 bonis
2427 5271 2549 5310 esse
2575 5269 2678 5309 non
2706 5267 2882 5324 posse.
2923 5251 3034 5308 Hoc
3069 5253 3212 5309 enim
3239 5263 3478 5320 accepto,
3505 5250 3665 5308 infert
3685 5261 3742 5320 et

2152 5345 2283 5402 dicit
2323 5347 2414 5400 tibi
2447 5362 2460 5398 :
2491 5346 2546 5402 Si
2576 5345 2774 5400 malum
2803 5359 2924 5400 esse
2951 5359 3056 5400 non
3089 5353 3262 5414 potest
3303 5359 3368 5398 ex
3391 5342 3568 5408 bono,
3598 5342 3740 5397 unde

2153 5439 2277 5505 erit,
2310 5437 2411 5493 nisi
2435 5452 2502 5492 ex
2527 5437 2710 5492 malo?
2735 5435 2918 5508 Neque
2951 5436 3094 5492 enim
3123 5435 3264 5490 mala
3292 5450 3388 5504 per
3423 5449 3483 5491 se
3508 5434 3621 5506 ipsa
3651 5450 3734 5490 re-

2155 5515 2316 5602 pente
2359 5537 2580 5584 auctore
2623 5528 2770 5584 nullo
2809 5528 3048 5584 existere
3091 5534 3394 5598 potuerunt.
3437 5525 3516 5582 Tu
3560 5530 3734 5581 autem

2048 5632 2059 5645 '
2155 5619 2288 5678 dicis
2311 5619 2508 5676 malum
2533 5635 2598 5677 ex
2629 5619 2770 5677 bono
2789 5633 2912 5678 esse
2931 5633 3036 5676 non
3058 5633 3236 5691 posse,
3263 5633 3332 5675 uc
3355 5624 3540 5674 contra
3567 5617 3734 5673 Eran-

2157 5711 2279 5781 gelii
2308 5713 2624 5767 sententiam
2653 5711 2811 5766 arbor
2835 5709 2972 5765 bona
2997 5709 3152 5764 faciat
3189 5707 3392 5764 fructus
3422 5707 3610 5764 malos.
3640 5705 3738 5762 Ro-
