4014 6184
337 389 544 444 manet,
574 379 766 452 inquit,
800 385 858 432 ut
883 361 1004 431 mali
1033 381 1220 429 natura
1253 352 1410 428 fuerit
1437 369 1781 439 sempiterna,
1814 383 1934 438 qua:

339 470 572 542 potuerit
601 469 741 524 mala
783 479 1081 538 geuerare;
1108 464 1230 536 quia
1256 478 1324 518 ex
1368 461 1524 518 bonis
1550 474 1612 515 ea
1643 475 1750 514 non
1777 472 1938 528 posse

342 563 525 619 fateris
553 564 803 617 existere.

413 655 500 709 £0.
533 655 778 709 Placetne
801 652 894 708 tibi
914 651 1024 722 jam
1050 657 1258 705 mutare
1277 647 1618 710 sententiam,
1645 661 1802 714 quam
1829 659 1933 698 non

344 727 666 802 Manichaeis.
689 742 932 804 favendo,
981 741 1074 797 sed
1105 742 1228 812 quid
1256 740 1491 810 loquaris
1530 736 1838 800 nesciendo,
1867 735 1934 790 ad

342 835 698 905 adjuvandam
747 833 1160 888 Maniclncorum
1216 829 1570 900 pestilentiam
1622 827 1935 898 pratulisti?

343 927 622 993 Quomodo
660 926 802 980 enim
841 924 1046 979 diceret
1071 921 1336 988 ChriStus,
1383 921 1484 974 Aut
1529 919 1681 990 facile
1707 919 1936 972 arborem

341 1016 526 1070 bonam
554 1025 604 1070 et
633 1019 852 1086 fructum
881 1015 990 1084 ejus
1019 1014 1220 1074 bonum,
1267 1021 1354 1064 aut
1395 1010 1545 1080 facile
1568 1009 1796 1061 arborem
1826 1021 1936 1060 mat-

344 1114 448 1165 lam
474 1119 520 1162 et
547 1111 768 1178 fructum
795 1107 906 1178 ejus
937 1105 1138 1158 ‘inalum
1167 1102 1378 1176 [.bfattlt.
1413 1118 1504 1167 xu,
1537 1100 1628 1174 55]
1676 1099 1938 1172 (quando-

343 1200 560 1270 quidem
590 1197 690 1252 hoc
709 1197 920 1252 dicebat
948 1195 1274 1258 hominibus,
1307 1206 1441 1263 quas
1468 1192 1582 1260 ipse
1609 1188 1930 1258 creaverat),

343 1291 388 1346 si
416 1305 483 1344 ex
519 1289 634 1358 ejus
661 1301 824 1358 opere
860 1287 1022 1352 bono,
1065 1285 1204 1356 quod
1247 1297 1333 1340 est
1371 1285 1554 1351 homo,
1601 1283 1796 1337 malum
1825 1297 1931 1336 non

347 1392 525 1454 posset
550 1382 800 1445 existere,
829 1365 968 1434 sicut
1007 1389 1062 1432 tu
1089 1379 1252 1446 sapis,
1283 1378 1530 1432 arborem
1562 1375 1755 1430 bonam
1798 1383 1930 1428 cen-

343 1473 568 1526 stituens
593 1473 790 1526 bonum
821 1483 958 1540 opus
1001 1469 1114 1531 Dei,
1145 1468 1196 1522 id
1239 1476 1344 1530 est,
1370 1467 1580 1535 nuptias
1609 1463 1884 1518 hominum
1915 1503 1930 1528 ,

343 1563 425 1617 vel
456 1571 697 1617 naturam
725 1577 738 1626 ;
783 1569 840 1616 et
881 1560 999 1614 ideo
1027 1557 1232 1624 dicens,
1262 1557 1458 1610 malum
1487 1555 1609 1608 inde
1653 1554 1796 1608 nasci
1827 1569 1930 1608 non

344 1667 524 1724 posse,
553 1653 678 1722 quia
706 1651 750 1706 si
794 1667 862 1704 ex
893 1649 1033 1704 bono
1079 1649 1278 1702 malum
1307 1647 1448 1700 nasci
1479 1645 1792 1713 dixerimus,
1839 1659 1927 1697 re-

343 1746 616 1808 sistemus,
661 1752 722 1797 ut
761 1746 932 1812 putas,
965 1742 1013 1796 ci
1043 1741 1131 1811 qui
1159 1739 1314 1805 dixit,
1357 1738 1520 1791 Arbor
1559 1737 1691 1790 bona
1735 1739 1932 1808 [ructus

343 1833 508 1888 nudos
547 1850 650 1888 non
688 1833 810 1904 facit
839 1847 858 1886 :
887 1846 1008 1886 eum
1038 1830 1176 1884 scias
1204 1844 1272 1883 ex
1299 1827 1470 1897 angeli
1495 1836 1548 1882 et
1576 1825 1807 1882 hominis
1831 1841 1932 1879 na-

342 1925 478 1978 turis
501 1923 655 1978 bonis
679 1965 694 1990 ,
722 1937 856 1992 quas
885 1921 1012 1976 nulli
1059 1927 1311 1991 parentes
1339 1919 1460 1972 mali
1493 1925 1806 1987 genueram,
1835 1915 1928 1972 sed

341 2005 488 2071 Deus
509 2029 720 2071 summe
747 2014 918 2068 bonus
945 2013 1014 2067 de
1039 2011 1196 2066 nullis
1237 2009 1544 2081 parentibus
1573 2006 1790 2074 fecerat,
1821 2023 1928 2062 non

341 2109 545 2164 fructus
583 2109 772 2173 malos,
801 2105 898 2160 sed
929 2105 1072 2176 ipsas
1098 2102 1264 2157 malas
1287 2101 1509 2156 arbores
1545 2099 1832 2164 exstitisse,
1863 2113 1930 2152 ex

339 2199 533 2268 quibus
577 2198 780 2253 fruetus
824 2203 1172 2250 nascerentur
1223 2191 1394 2247 mali?
1449 2190 1704 2244 Dominus
1749 2197 1928 2242 autem

339 2291 498 2348 Jesus
523 2301 577 2346 et
605 2288 924 2344 Manichacus
951 2287 1134 2350 vincit,
1165 2284 1286 2354 quia
1317 2297 1454 2337 unus
1483 2281 1664 2346 homo,
1693 2280 1796 2333 hoc
1823 2287 1926 2343 est,

341 2395 446 2435 una
475 2389 664 2435 natura
709 2385 884 2448 potest
926 2386 1208 2444 utramque
1249 2375 1498 2426 arborem
1551 2369 1766 2430 facere;
1797 2375 1853 2422 et
1879 2379 1930 2422 te

340 2472 522 2534 vineit,
543 2471 662 2540 quia
685 2484 750 2523 ex
768 2479 954 2522 natura
977 2465 1111 2519 bona
1141 2472 1314 2533 potest
1337 2462 1470 2515 mala
1493 2459 1656 2514 arbor
1673 2459 1928 2512 existere.

341 2555 422 2617 Ex
459 2575 565 2631 quo
594 2559 782 2612 falsum
825 2573 946 2612 esse
979 2563 1324 2618 monstratur,
1357 2551 1500 2621 quod
1527 2551 1579 2604 in
1607 2547 1930 2604 Manichau»

340 2659 460 2706 rum
476 2649 780 2720 suffragium
797 2647 951 2709 dicis,
971 2664 990 2697 ι
1013 2645 1150 2700 mala
1167 2659 1233 2698 ex
1249 2643 1399 2697 bonis
1413 2657 1534 2696 esse
1547 2657 1652 2694 non
1669 2654 1829 2708 posse
1847 2655 1864 2704 ;
1903 2655 1922 2690 ι

339 2751 402 2797 ιιι
446 2742 546 2796 nisi
573 2757 640 2796 ex
669 2749 854 2794 natura
881 2737 1027 2802 mali,
1073 2750 1230 2805 quam
1263 2732 1497 2788 nefarius
1541 2731 1750 2786 illorum
1777 2743 1932 2784 error

339 2833 564 2899 inducit,
598 2848 702 2887 non
733 2839 981 2902 putentur
1007 2829 1140 2885 mala
1172 2842 1291 2884 esse
1322 2827 1580 2897 potuisse.

413 2925 504 2980 H.
545 2923 728 2994 Neque
751 2923 892 2978 enim
922 2937 1030 2976 uno
1060 2928 1262 2974 tantum
1289 2918 1430 2978 loco.
1475 2915 1565 2972 ubi
1593 2931 1660 2970 ex
1690 2914 1932 2984 Evange-

339 3013 416 3070 lio
437 3014 678 3069 arborem
716 3014 906 3068 bonam
925 3009 1444 3068 commemorandam
1467 3007 1680 3077 putasti.
1701 3007 1794 3062 sed
1813 3005 1934 3062 aliis

339 3107 503 3163 etiam
534 3107 664 3162 locis
679 3104 1050 3175 disputationis
1075 3113 1200 3167 tuae,
1234 3102 1337 3155 ista
1365 3098 1712 3169 perversitate
1731 3096 1928 3151 suifra-

339 3207 498 3267 gatus
525 3211 586 3252 es
613 3195 914 3251 Maniehteis
953 3193 1148 3249 :sicuti
1176 3201 1262 3247 est
1298 3190 1450 3254 illud,
1498 3189 1586 3242 ubi
1618 3201 1802 3242 rursus
1842 3187 1930 3242 di-

342 3291 485 3355 xisti,
517 3309 536 3342 ι
570 3289 728 3344 Trahi
757 3297 1030 3358 peceatum
1055 3301 1154 3357 per
1179 3294 1420 3340 naturam
1453 3299 1558 3337 non
1587 3291 1782 3352 potest,
1807 3283 1929 3352 quia

343 3395 441 3450 per
451 3395 584 3450 Opus
603 3379 694 3434 Dei
709 3393 842 3449 opus
858 3377 1051 3432 diaboli
1071 3378 1292 3432 transire
1309 3390 1416 3429 non
1431 3373 1639 3428 sinitur.
1669 3372 1774 3427 nAd
1788 3371 1932 3442 quod

345 3471 438 3524 tibi
464 3485 564 3540 ego
603 3468 924 3538 respondeo,
953 3466 1230 3534 Quomodo
1259 3464 1312 3520 in
1340 3479 1504 3532 Opere
1517 3461 1625 3516 ‘Dei
1655 3477 1788 3530 opus
1817 3461 1934 3514 dia--

344 3559 452 3615 boli
502 3575 718 3614 inuenere
763 3559 974 3625 sinitur,
1019 3557 1064 3612 si
1105 3571 1201 3627 per
1227 3570 1360 3625 Opus
1405 3553 1500 3609 Dei
1553 3552 1779 3606 transire
1821 3566 1930 3606 non

343 3653 578 3708 sinitur?
612 3651 742 3721 Quis
769 3653 910 3706 enim
947 3651 1152 3705 dubitet
1192 3648 1343 3719 pejus
1385 3663 1504 3702 esse
1533 3647 1550 3679 ⁸
1582 3657 1638 3700 ιιι
1665 3645 1774 3700 illic
1816 3659 1934 3698 ma-

343 3754 488 3810 neat,
534 3761 689 3814 quam
716 3753 773 3798 ut
801 3745 946 3798 illinc
975 3741 1246 3797 transeat?
1283 3740 1488 3807 Quaeris
1518 3739 1764 3804 fortasse,
1793 3753 1930 3807 quo-

344 3837 508 3891 modo
536 3851 668 3906 opus
711 3835 908 3891 diaboli
955 3843 1165 3888 maneat
1194 3833 1245 3886 in
1277 3847 1440 3902 opere
1469 3831 1582 3886 Dei.
1633 3829 1752 3884 Noli
1803 3827 1932 3882 alibi

343 3943 601 3996 quaerere,
637 3926 806 3996 ipsum
849 3925 1113 3979 diabolum
1147 3923 1342 3977 recole.
1383 3917 1530 3990 Opus
1558 3915 1652 3974 Dei
1689 3927 1792 3984 est,
1837 3933 1932 3972 Ita-

345 4027 464 4072 tura
511 4017 691 4087 utique
735 4015 970 4086 angelica
1015 4033 1028 4069 :
1063 4015 1255 4068 invidia
1305 4029 1432 4067 vero
1462 4019 1596 4080 ‘opus
1641 4019 1724 4066 est
1764 4010 1933 4079 ipsius

343 4106 568 4176 diaboli,
606 4106 748 4176 quod
781 4111 916 4176 opus
953 4105 1009 4160 et
1047 4106 1302 4175 processit
1331 4109 1394 4159 ex
1439 4103 1548 4170 illo,
1577 4099 1633 4158 et
1674 4106 1852 4156 manet
1879 4093 1930 4154 in

343 4199 458 4252 illo.
495 4197 704 4252 Vanum
749 4208 835 4253 est
877 4198 1034 4267 igitur
1079 4197 1220 4267 quod
1264 4195 1465 4257 dixisti,
1503 4213 1522 4246 ι
1557 4193 1705 4264 Opus
1733 4193 1930 4246 diaboli

343 4305 444 4359 per
461 4303 594 4358 opus
619 4289 708 4344 Dei
737 4297 840 4342 non
871 4288 1116 4352 transire,
1153 4307 1170 4340 ι
1207 4287 1296 4341 ubi
1326 4286 1579 4355 perSpieis
1605 4294 1659 4339 et
1687 4298 1926 4340 manere.

347 4379 668 4434 Manichacus
715 4383 894 4436 autem
941 4389 1164 4450 quantas
1216 4378 1308 4432 tibi
1355 4379 1551 4447 gratias
1597 4386 1738 4446 agat,
1793 4376 1932 4431 itane

345 4469 583 4524 nondum
628 4469 893 4539 respicis?
943 4469 1176 4522 tiondum
1224 4468 1650 4536 expergisceris?
1703 4465 1934 4521 Laborat

343 4565 490 4618 enim
521 4562 860 4627 Manicheus,
887 4571 942 4616 nt
964 4560 1228 4623 ostendat,
1259 4575 1324 4615 ex
1354 4561 1494 4615 bono
1519 4560 1610 4614 Dei
1637 4575 1801 4629 opere
1817 4574 1931 4614 ma-

344 4653 458 4708 lum
489 4653 614 4707 oriri
643 4669 748 4706 non
797 4667 974 4721 posse,
1009 4659 1084 4717 nt,
1114 4651 1254 4722 quod
1289 4651 1404 4721 ipse
1435 4651 1562 4714 vult,
1603 4651 1802 4706 malum
1831 4650 1930 4704 nisi

341 4760 412 4798 ex
445 4745 586 4798 malo
631 4759 750 4799 esse
789 4758 894 4797 non
943 4757 1098 4812 posse
1139 4743 1406 4798 credatur.
1449 4743 1547 4798 Hic
1577 4752 1632 4796 tu
1676 4741 1932 4796 mirabilis

331 4833 462 4904 iejns
508 4835 738 4904 adjutor,
797 4855 816 4886 ι
871 4835 972 4889 Pcr
998 4849 1154 4904 opus,
1211 4853 1230 4886 ι
1283 4835 1476 4902 inquis,
1515 4853 1535 4888 ι
1591 4835 1682 4890 Dei
1737 4836 1932 4888 malum

339 4923 574 4979 transire
604 4941 708 4978 non
753 4925 987 4979 sinitur:
1024 4944 1042 4976 ι
1077 4933 1133 4979 ιιι
1171 4925 1258 4978 ille
1301 4934 1410 4980 tota
1438 4925 1686 4980 facilitate
1711 4925 1931 4980 conclu-

331 5003 458 5079 dat,
481 5016 648 5070 multo
671 5018 844 5072 minus
866 5015 988 5072 inde
1007 5016 1134 5070 oriri
1165 5031 1341 5088 posse,
1366 5033 1460 5086 per
1477 5017 1616 5087 quod
1639 5033 1739 5072 nec
1759 5027 1933 5072 trans-

329 5104 422 5164 im
451 5107 791 5176 permittitur.

409 5198 640 5254 CAPUT
668 5197 758 5254 IX.
789 5229 860 5239 --
905 5199 996 5254 42.
1029 5199 1163 5254 Audi
1192 5199 1298 5254 tale
1321 5199 1463 5254 aliud
1484 5239 1499 5266 ,
1529 5200 1637 5253 imo
1664 5201 1882 5271 gravius
1904 5242 1922 5266 ,

327 5289 430 5346 ubi
453 5289 756 5346 Manichaeis
775 5291 1058 5346 identidem
1071 5291 1429 5362 suffragarisu
1445 5293 1688 5356 Evanuit,
1703 5293 1928 5363 pinqnis,

330 5383 639 5452 corigiuale
657 5393 930 5454 peccatum
952 5425 968 5450 ,
987 5383 1108 5454 quia
1126 5398 1232 5439 non
1253 5393 1428 5454 potest
1441 5385 1566 5440 mali
1595 5385 1742 5440 radix
1782 5386 1834 5440 in
1863 5401 1930 5440 eo

399 5517 417 5550 ⁸
457 5515 596 5576 editi,
617 5521 748 5581 putet
784 5515 920 5580 pejus
943 5529 1065 5581 esse.
1091 5525 1190 5567 Duo
1211 5529 1274 5566 ex
1297 5517 1786 5581 Δ(ιιιὶιιιιιιεξ,δῖειιίσιιιιὶι
1803 5523 1932 5581 uss,

300 5584 473 5702 p33
491 5589 599 5688 2³τέ
609 5576 746 5642 pejus
766 5576 885 5630 esse.
911 5579 992 5629 Αιὶἱ
1012 5587 1116 5630 tres
1135 5592 1246 5630 cum
1267 5576 1732 5642 aliquot'callieans,
1751 5576 1932 5630 dubitet

300 5661 348 5702 p
603 5675 615 5687 .

295 5661 473 5711 pqm
496 5661 615 5688 nec.

1731 237 1930 308 nam
1967 209 2232 314 bbulis.

2042 369 2184 438 quod
2203 369 2404 425 donum
2439 367 2532 426 Dei
2565 383 2724 426 vocas
2754 369 2968 424 locari.»
3001 367 3151 436 Quod
3181 385 3279 439 ego
3323 369 3443 426 vide
3469 387 3625 442 quam

2043 461 2322 516 manifesta
2343 464 2564 518 veritate
2581 463 2914 518 convincam.
2946 459 3133 516 Nonne
3163 477 3350 517 sensus
3395 464 3629 520 hominis

2042 551 2240 606 donum
2273 552 2363 606 Dei
2411 563 2494 606 est
2541 552 2660 607 ?Et
2688 564 2863 609 tamen
2912 553 2983 608 ibi
3022 553 3213 609 locavit
3255 555 3499 610 inimicus
3527 556 3620 612 ille

2045 647 2334 698 seminator
2359 643 2592 698 radicem
2639 643 3028 714 mali,quando
3091 657 3364 716 peccatum
3425 647 3626 702 homini

2043 738 2344 804 serpentino
2398 736 2581 791 fraude
2607 737 2866 806 persuasit
2897 737 3048 807 (Gen.
3071 755 3144 802 ιιι,
3178 739 3322 809 1-6).
3346 740 3455 796 Nisi
3481 741 3626 795 enim

2041 827 2274 883 radicem
2305 828 2428 882 mali
2459 827 2724 883 humanus
2753 837 2878 883 tunc
2905 830 3174 899 reciperet
3227 847 3445 897 sensus,
3480 833 3627 886 nullo

2041 917 2201 971 modo
2232 917 2372 973 male
2389 918 2629 972 suadenti
2655 919 3150 974 accommodaretur
3186 935 3458 976 assensus.
3487 921 3625 990 Quid

2039 1010 2212 1064 dicam
2263 1009 2332 1064 de
2377 1010 2557 1066 radice
2583 1011 2821 1066 omnium
2849 1011 3108 1066 malorum
3147 1014 3366 1066 avaritia
3395 1013 3508 1068 ?Et
3537 1014 3624 1068 ubi

2039 1111 2122 1155 est
2149 1103 2281 1169 lucc,
2315 1102 2412 1156 nlsi
2441 1103 2492 1156 in
2535 1102 2766 1157 hominis
2811 1103 3030 1157 anima?
3057 1112 3111 1158 et
3135 1103 3259 1173 quid
3285 1115 3367 1160 est
3393 1105 3624 1160 beluinis

2039 1193 2237 1260 anima,
2269 1193 2370 1247 nisi
2393 1193 2591 1247 donum
2615 1193 2751 1248 Del?
2780 1193 3058 1262 Quomodo
3093 1209 3220 1263 ergo
3249 1203 3302 1248 tu
3329 1196 3493 1260 dicis,
3523 1196 3625 1250 nisi

2041 1301 2146 1339 non
2175 1285 2564 1340 considerando
2581 1284 2704 1354 quid
2717 1284 2884 1348 dicas,
2907 1305 2924 1334 ι
2945 1284 3178 1339 radicem
3191 1285 3314 1339 mali
3335 1286 3495 1340 locari
3517 1302 3620 1340 non

2042 1393 2199 1448 posse
2226 1379 2278 1431 in
2318 1377 2460 1432 dono
2504 1378 2634 1432 Dei?
2659 1395 2678 1428 ι
2713 1377 2818 1432 Sed
2843 1376 3200 1440 Maiiichzens,
3243 1377 3326 1430 cui
3358 1391 3453 1446 per
3497 1377 3625 1431 istas

2041 1468 2462 1523 inconsideratas
2493 1471 2784 1522 sententias
2815 1476 2930 1521 tuas
2957 1467 3240 1536 plurimum
3272 1467 3580 1538 suti'ragaris
3604 1505 3624 1532 ,

2037 1560 2161 1630 quid
2192 1561 2280 1614 tibi
2301 1560 2439 1614 dicat
2466 1559 2700 1614 attende.
2723 1559 2776 1615 Si
2798 1573 2918 1613 esse
2943 1558 3258 1613 rationalem
3290 1569 3584 1612 creaturam
3608 1598 3624 1622 ,

2040 1651 2132 1706 Dei
2153 1651 2350 1704 donum
2371 1659 2484 1716 est,
2512 1659 2565 1705 et
2585 1649 2718 1704 dicis
2745 1650 2910 1703 locari
2934 1665 3038 1704 non
3065 1664 3218 1718 posse
3239 1647 3470 1704 radicem
3497 1649 3623 1702 mali

2037 1745 2090 1798 in
2143 1743 2286 1798 dono
2327 1743 2454 1808 Dei;
2509 1753 2709 1811 quanto
2741 1741 3062 1812 probabilius
3100 1741 3311 1802 dicitur.
3343 1741 3470 1795 oriri
3511 1755 3618 1794 non

2039 1848 2196 1902 posse
2217 1833 2446 1887 radicem
2467 1833 2592 1887 mali
2611 1849 2673 1888 ex
2693 1833 2832 1887 dono
2859 1832 2988 1887 Dei?
3005 1833 3080 1885 Ac
3105 1833 3181 1885 sic
3207 1841 3256 1884 te
3271 1830 3620 1901 suffragatore

2037 1922 2326 1978 introducit
2363 1923 2685 1977 Manichacus
2712 1922 2944 1978 radicem
2975 1922 3096 1975 mali
3122 1937 3186 1976 ex
3214 1921 3300 1975 illa
3329 1937 3485 1996 quam
3509 1937 3615 1976 non

2035 2029 2066 2070 α
2097 2016 2208 2070 Deo
2229 2023 2498 2082 creatam,
2536 2015 2632 2070 sed
2675 2015 2784 2070 Deo
2826 2023 3144 2068 comtcrnam
3194 2013 3344 2082 ﬁngit
3373 2023 3618 2067 naturaut

2035 2104 2183 2160 mali.
2215 2105 2476 2170 Quoniam
2517 2105 2562 2159 si
2601 2104 2798 2158 dixeris
2820 2144 2835 2167 ,
2867 2119 2928 2158 ex
2957 2103 3124 2158 libero
3153 2104 3372 2157 arbitrio
3417 2113 3621 2157 natura:

2035 2197 2189 2251 bona:
2211 2207 2240 2250 a
2265 2197 2373 2250 Deo
2397 2203 2592 2251 creatae
2617 2205 2789 2250 ortam
2819 2195 2946 2248 mali
2975 2194 3208 2249 radicem
3239 2193 3401 2263 (quod
3429 2192 3620 2249 catho-

2037 2288 2136 2342 lica
2163 2288 2360 2342 veritas
2400 2287 2586 2358 dicit);
2625 2287 2726 2341 illis
2753 2286 2932 2340 verbis
2962 2286 3064 2340 tuis
3095 2297 3145 2339 te
3171 2285 3420 2340 facillime
3455 2298 3617 2353 supe-

2035 2387 2137 2442 rat,
2152 2377 2239 2432 ubi
2251 2378 2349 2442 ais,
2361 2397 2380 2430 ι
2391 2377 2620 2431 radicem
2635 2377 2755 2430 mali
2769 2376 2930 2430 locari
2947 2390 3049 2430 non
3067 2377 3286 2444 possein
3301 2375 3440 2429 dono
3454 2375 3568 2429 Dei:
3589 2392 3610 2427 ι

2035 2471 2156 2541 quia
2179 2477 2233 2524 et
2256 2470 2478 2524 liberum
2500 2467 2776 2522 arbitrium
2799 2467 2978 2535 procul
3001 2465 3164 2520 dubio
3188 2465 3476 2520 estdonum
3496 2465 3608 2520 Dei.

2033 2562 2114 2616 Ac
2139 2571 2234 2630 per
2261 2560 2360 2614 hoc
2380 2575 2500 2614 cum
2533 2559 2688 2612 «mali
2715 2559 2946 2614 radicem
2969 2557 3020 2612 in
3047 2557 3188 2611 dono
3213 2557 3304 2611 Dei
3324 2557 3483 2611 locari
3509 2571 3612 2610 non

2036 2667 2194 2722 posse
2217 2672 2236 2705 ι
2253 2653 2453 2718 dixisti,
2475 2651 2764 2707 Manichaeo
2781 2651 2920 2720 quod
2936 2655 3120 2704 contra
3143 2653 3195 2704 te
3211 2649 3430 2713 diceret,
3448 2658 3502 2703 tu
3523 2649 3615 2701 de.-

2035 2743 2178 2798 disti.
2201 2743 2332 2808 Quia
2359 2741 2405 2796 si
2437 2758 2539 2796 non
2573 2740 2814 2810 potestin
2843 2741 2984 2795 bono
3015 2741 3174 2795 locari
3209 2739 3402 2793 malmn
3425 2781 3440 2804 ,
3473 2739 3614 2810 quod

2036 2843 2092 2890 tu
2117 2833 2252 2890 dicis
2281 2834 2443 2900 mihi;
2471 2833 2640 2887 mitlto
2661 2833 2837 2887 minus
2865 2841 3040 2903 potest
3066 2831 3192 2886 oriri
3219 2848 3281 2885 ex
3314 2830 3454 2884 bono
3493 2847 3612 2884 ma-

2035 2928 2175 2994 lum,
2205 2926 2346 2998 quod
2377 2926 2465 2981 ille
2488 2925 2616 2981 dicit
2643 2925 2756 2980 tibi.
2791 2927 2868 2980 Ae
2905 2925 2981 2978 sic
3023 2922 3335 2988 concludet,
3365 2937 3470 2976 non
3496 2937 3616 2976 esse

2035 3020 2232 3074 malum
2263 3019 2360 3072 nisi
2391 3033 2454 3073 ex
2478 3017 2620 3072 malo
2652 3017 2772 3072 :ubi
2804 3015 2972 3070 victor
2989 3015 3252 3070 videbitur
3271 3015 3407 3076 sibi,
3433 3024 3485 3068 et
3513 3014 3616 3068 erit

2034 3107 2304 3180 profecto,
2339 3108 2438 3162 nisi
2459 3116 2514 3162 et
2540 3107 2610 3161 illi
2634 3107 2912 3162 resistatur
2933 3115 2988 3160 et
3019 3105 3132 3159 tibi.
3163 3103 3374 3159 Veritas
3401 3119 3531 3173 ergo
3553 3105 3620 3156 ιιι

2035 3201 2122 3256 dei
2149 3201 2426 3256 catholica:
2473 3201 2525 3254 in
2565 3201 2649 3254 his
2697 3199 2872 3254 verbis
2897 3199 3088 3254 vestris
3117 3197 3236 3252 ideo
3265 3196 3428 3250 vincit
3451 3195 3619 3249 Mani-

2035 3292 2240 3347 chaaum
2264 3335 2278 3358 ,
2311 3292 2431 3362 quia
2461 3291 2623 3346 vincit
2651 3300 2703 3344 et
2733 3299 2784 3344 te
2809 3290 2995 3358 ipsum.
3030 3287 3160 3343 Nam
3202 3287 3248 3341 si
3279 3296 3330 3341 te
3357 3303 3460 3340 non
3494 3287 3616 3340 vin-

2035 3392 2180 3438 ceret
2203 3383 2490 3446 dicentem,
2515 3399 2534 3432 ι
2558 3397 2662 3436 ιιοιι
2677 3395 2832 3450 posse
2849 3380 2900 3433 in
2921 3379 3062 3433 dono
3083 3378 3174 3432 Dei
3193 3378 3351 3432 locari
3379 3377 3612 3431 radicem

2035 3477 2196 3540 mali;
2225 3495 2244 3528 ι
2267 3475 2432 3528 inulto
2452 3475 2624 3529 minus
2647 3471 2994 3528 Manichtenm
3019 3469 3620 3540 possetvinecredicen-

2039 3577 2144 3621 lem
2162 3607 2174 3626 ,
2201 3581 2304 3620 non
2333 3580 2492 3636 posse
2516 3575 2582 3620 ex
2620 3565 2762 3619 dono
2789 3563 2878 3618 Dei
2900 3563 3028 3617 oriri
3059 3561 3290 3616 radicem
3333 3561 3476 3614 mali.
3505 3559 3614 3615 Sed

2035 3657 2290 3710 utvincat
2327 3655 2544 3720 ambos,
2573 3669 2670 3710 nec
2707 3651 2920 3706 aliunde
2945 3652 3101 3715 oriri,
3138 3667 3236 3705 nec
3271 3650 3462 3704 alicubi
3495 3664 3617 3704 esse

2037 3763 2194 3818 posse
2215 3747 2343 3801 dicit
2373 3746 2604 3800 radicem
2628 3746 2782 3810 mali,
2812 3743 2912 3797 nisi
2943 3759 3006 3797 ex
3055 3751 3237 3796 natura
3265 3751 3318 3796 et
3345 3742 3394 3794 in
3425 3750 3615 3794 natura

2037 3838 2316 3902 rationali;
2342 3837 2426 3892 cui
2458 3852 2580 3892 esse
2619 3845 2862 3890 naturam
2904 3831 3214 3888 rationalem
3261 3846 3364 3885 non
3391 3837 3474 3884 est
3515 3829 3619 3884 nisi

2036 3929 2235 3984 donum
2263 3929 2354 3983 Dei
2382 3947 2392 3981 :
2425 3927 2516 3983 sed
2534 3927 2781 3997 quoniam
2810 3941 2840 3978 a
2867 3938 3075 3978 summo
3095 3922 3620 3992 atqueincommuta-

2037 4020 2130 4075 bili
2147 4020 2286 4074 bono
2312 4019 2378 4074 de
2397 4019 2565 4074 nihilo
2593 4018 2725 4072 facta
2747 4027 2826 4071 est
2844 4058 2856 4077 .
2886 4025 2942 4069 ut
2972 4023 3109 4069 esset
3133 4054 3151 4080 ,
3174 4013 3418 4083 quamvis
3445 4019 3619 4064 muta-

2037 4110 2162 4176 bile,
2185 4120 2359 4164 tamen
2381 4109 2608 4171 bonum;
2637 4109 2868 4162 deficere
2887 4105 2960 4177 (a)
2980 4121 3008 4158 a
3033 4106 3214 4158 bonoa
3231 4117 3336 4172 quo
3361 4102 3493 4156 facta
3514 4110 3616 4166 est.

2036 4199 2140 4255 hoc
2159 4210 2244 4254 cst.
2265 4203 2281 4231 ²
2311 4215 2377 4254 ex
2409 4199 2517 4262 illa,
2545 4199 2626 4254 vel
2655 4198 2705 4252 in
2739 4197 2828 4250 illa
2855 4197 3004 4250 radix
3033 4195 3154 4249 mali
3187 4211 3199 4247 :
3229 4194 3351 4264 quia
3381 4191 3508 4248 nihil
3534 4201 3618 4248 est

2037 4291 2178 4347 aliud
2205 4293 2399 4345 malum
2419 4333 2432 4355 ,
2455 4291 2554 4344 nisi
2583 4289 2809 4358 privatio
2837 4287 2980 4344 boni.

2107 4387 2194 4439 45.
2213 4385 2328 4439 Jam
2354 4399 2512 4454 porro
2534 4383 2622 4437 ubi
2638 4383 2792 4448 dicis,
2817 4401 2834 4433 ι
2859 4381 3200 4436 lierumratio
3221 4393 3326 4436 ιιοιι
3345 4379 3618 4436 sinitutde

2039 4476 2177 4529 bono
2195 4475 2388 4528 malum
2415 4483 2472 4528 et
2499 4474 2566 4528 de
2585 4472 2730 4542 justo
2755 4473 2992 4542 iniquum
3020 4471 3218 4541 aliquid
3245 4473 3570 4541 proferatur;
3595 4485 3615 4522 ι

2039 4581 2259 4635 prorsus
2287 4565 2696 4620 Manichasorum
2729 4565 2885 4620 verba
2919 4563 3070 4618 dicist
3113 4563 3222 4618 lloc
3275 4564 3416 4617 enim
3467 4577 3618 4616 asse-

2037 4668 2180 4723 runt,
2205 4673 2308 4712 non
2338 4673 2493 4727 posse
2517 4657 2712 4712 malum
2751 4655 2978 4727 proferri
3005 4656 3104 4710 nisi
3145 4655 3212 4710 de
3247 4656 3420 4716 malo;
3463 4663 3518 4708 et
3548 4653 3618 4707 ibi

2039 4762 2146 4804 tota
2171 4767 2356 4806 eorum
2388 4749 2608 4804 nefanda
2635 4760 2780 4804 secta
2809 4749 3084 4812 consistit,
3131 4748 3252 4816 quia
3297 4747 3442 4814 prius
3485 4759 3618 4797 con-

2038 4843 2262 4898 tendunt
2289 4843 2484 4896 malum
2529 4839 2754 4909 proferri
2785 4857 2886 4893 non
2915 4853 3074 4908 posse
3097 4837 3165 4892 de
3207 4837 3368 4890 bono.
3398 4834 3548 4901 Quod
3575 4833 3622 4888 si

2035 4934 2116 4988 eis
2139 4945 2190 4987 te
2212 4941 2430 4987 auctore
2458 4930 2916 4994 concesserimus,
2943 4928 3074 4982 nihil
3103 4927 3256 4980 nobis
3288 4924 3501 4994 penitus
3527 4939 3619 4978 re-

2038 5026 2300 5088 manebit,
2331 5023 2471 5078 unde
2516 5024 2724 5078 illorum
2755 5021 2952 5077 nefaria
3001 5021 3246 5089 dogmata
3297 5017 3620 5084 redarguere

2038 5120 2326 5172 valeamus.
2349 5115 2459 5170 lloc
2483 5124 2568 5170 est
2588 5125 2786 5179 autem,
2809 5112 3046 5182 Iniquum
3069 5111 3134 5164 de
3153 5109 3298 5179 justo
3315 5124 3330 5172 ;
3349 5107 3488 5178 quod
3507 5117 3622 5174 est,

2039 5207 2231 5263 Malum
2256 5209 2324 5262 de
2369 5206 2528 5260 bono.
2558 5205 2828 5262 Catholica
2879 5204 3038 5272 igitur
3078 5201 3209 5255 ﬁdes
3230 5243 3244 5262 ,
3274 5209 3331 5254 ut
3353 5209 3410 5254 et
3447 5200 3539 5254 tibi
3567 5209 3625 5252 et

2039 5299 2144 5354 illis
2165 5297 2403 5361 resistat,
2437 5301 2534 5351 hoc
2551 5296 2698 5360 dicit,
2727 5309 2830 5348 non
2851 5295 3110 5363 prolatum
3139 5307 3258 5347 esse
3289 5293 3484 5346 malum
3519 5291 3622 5346 nisi

2038 5391 2106 5446 de
2130 5392 2270 5446 bono
2287 5433 2301 5457 ,
2318 5401 2374 5446 et
2395 5391 2631 5460 iniquum
2657 5389 2758 5443 nisi
2782 5387 3032 5455 dejusto.
3061 5386 3192 5454 Quia
3218 5387 3362 5456 prius
3395 5385 3620 5456 angelus

2038 5492 2092 5537 et
2115 5482 2296 5546 homo,
2325 5482 2391 5536 de
2411 5481 2602 5551 quibus
2617 5481 2716 5535 ista
2747 5480 2946 5550 prolata
2973 5487 3097 5532 sunt
3116 5519 3132 5546 ,
3161 5477 3286 5534 boni
3315 5485 3466 5534 erant
3503 5479 3611 5534 uti-

2103 5577 2118 5608 ί
2155 5581 2294 5624 Juxta
2314 5579 2387 5622 Er.
2408 5571 2556 5634 Lugd.
2583 5579 2702 5621 Ven.
2728 5577 2858 5632 tota,
2882 5567 2985 5622 ha'c
3007 5577 3095 5621 cst.
3161 5575 3220 5618 at.

2104 5637 2175 5698 (a)
2203 5643 2355 5696 Forte,
2381 5631 2586 5698 deﬁcere
2605 5645 2759 5696 posse.
