4014 6184
415 272 511 328 671

412 392 520 448 que
547 385 602 432 et
623 373 770 445 justi.
803 371 916 427 Non
952 370 1111 440 igitur
1133 369 1432 424 resistimus
1456 362 1761 421 llanichzeis
1803 363 1904 418 nisi
1937 369 1996 417 et

413 482 445 521 ιι
469 476 521 521 te
541 466 557 498 ⁸
588 464 923 521 obtineamus
943 503 957 522 ,
989 475 1092 514 non
1118 474 1238 514 esse
1265 458 1402 513 mala
1427 469 1543 513 orta
1570 456 1670 511 nisi
1698 470 1764 510 ex
1791 454 1948 509 bonis
1979 468 1996 512 :

418 571 519 612 nec
545 570 607 610 ea
630 553 766 608 mala
792 551 1116 605 substantias
1136 564 1255 625 esse
1274 585 1290 615 ,
1314 547 1410 603 sed
1431 547 1847 602 substantiarum
1873 545 1998 599 vitia

416 655 712 700 creatarum
729 684 745 711 ,
776 643 967 712 quibus
992 640 1247 696 deficiunt
1273 655 1300 693 a
1327 640 1467 695 bono
1493 638 1743 708 quoniam
1774 635 2005 691 mutabi-

420 738 499 793 les
523 744 673 802 sunt,
693 749 758 789 eo
786 732 924 804 quod
946 748 1011 788 ex
1038 730 1208 786 nihilo
1237 730 1391 785 facta)
1437 736 1579 783 sunt.
1612 728 1739 783 Hznc
1772 736 1855 782 est
1900 725 2001 780 do-

419 827 603 882 ctrina:
636 823 910 879 tmtholicaa
938 822 1136 877 sanitas
1154 862 1169 888 ,
1223 835 1328 891 qua
1357 819 1662 874 Manicltaztn
1692 815 2004 887 pestilentia:

419 916 565 970 virus
585 914 869 983 expellitur
883 952 897 966 .
1670 911 1675 917 ’

492 1007 581 1061 Η.
610 1004 867 1061 Undeille
893 1001 1083 1057 doctor
1104 1014 1289 1066 meus,
1321 998 1398 1054 tui
1426 998 1586 1053 etiam
1615 996 1740 1052 mali
1769 995 2004 1050 doctoris

424 1114 519 1153 ore
545 1095 789 1152 laudatus
814 1093 1161 1159 Ambrosius,
1190 1091 1244 1147 in
1275 1105 1341 1147 eo
1385 1090 1524 1145 libro
1569 1101 1730 1159 quem
1760 1086 1828 1142 de
1856 1084 2007 1141 Isaac

426 1200 481 1244 et
497 1191 683 1244 Anima
700 1188 938 1257 scripsit:
963 1202 981 1235 ι
993 1184 1128 1254 Quid
1138 1198 1269 1254 ergo
1283 1191 1384 1249 est,
1398 1182 1647 1252 iinquit,¢
1660 1180 1883 1245 malitia,
1904 1177 2009 1233 nisi

427 1280 553 1335 boni
577 1277 929 1349 indigentia?»
950 1276 1019 1331 Et
1047 1276 1241 1331 iterum
1273 1274 1349 1328 ait
1370 1273 1500 1328 :cEx
1519 1272 1673 1326 bonis
1694 1270 1851 1340 igitur
1870 1269 2010 1323 mala

427 1382 545 1425 orta
560 1378 702 1424 sunt.
730 1367 847 1423 Non
867 1367 1009 1422 enim
1035 1365 1309 1421 sunttnala
1326 1404 1340 1430 ,
1369 1349 1605 1432 nisiqua:
1628 1361 1901 1429 privantur
1913 1358 2011 1414 bo-

430 1461 516 1514 nis
548 1477 562 1513 :
586 1474 683 1529 per
718 1458 856 1512 mala
905 1466 1080 1511 tamen
1109 1453 1306 1509 factum
1337 1461 1420 1507 est
1443 1458 1505 1506 ut
1529 1451 1666 1505 bona
1693 1450 2012 1505 eminerent.

430 1549 571 1618 Ergo
589 1548 871 1618 indigentia
890 1546 1035 1614 boni,
1055 1544 1208 1601 radix
1234 1544 1449 1598 malitia:
1471 1538 1750 1612 esti(Cap.
1767 1539 2016 1612 7).Vides

430 1655 589 1711 quam
641 1653 762 1693 vera
816 1636 1094 1692 catholica:
1125 1634 1247 1690 ﬁdei
1276 1635 1484 1689 ratione
1509 1631 1801 1702 redarguat
1826 1630 2016 1686 beatus

430 1729 744 1786 Ambrosius
769 1726 1087 1782 Manichazos
1128 1725 1152 1778 Ἰ
1196 1724 1356 1779 Vides
1402 1720 1850 1795 quemadmodum
1879 1734 1975 1775 eos
1997 1758 2014 1785 ,

430 1821 674 1890 quamvis
694 1821 747 1874 in
775 1818 967 1875 eadem
990 1816 1348 1886 disputatione
1376 1829 1482 1868 non
1513 1812 1903 1874 nominaverit,
1933 1818 2015 1864 ta-

432 1927 555 1967 men
590 1912 687 1963 ista
723 1908 1107 1964 sententiarum
1139 1906 1362 1960 veritate
1386 1919 1451 1959 ac
1489 1903 1747 1958 brevitate
1773 1900 2019 1957 convice-

434 2001 504 2056 rit
526 2001 547 2052 ‘i
569 1999 706 2056 Ecce
732 1997 817 2052 cui
848 1997 1050 2051 homini
1079 1996 1170 2052 Dei
1200 2004 1417 2064 propter
1440 1992 1700 2063 originale
1718 2000 2015 2063 peccatum,

433 2091 577 2162 quod
607 2090 906 2146 catholicus
948 2087 1213 2144 catholice
1258 2088 1517 2154 asseruit,
1568 2086 1756 2156 objicis
1804 2085 2020 2141 nomine

436 2181 849 2236 Manichaeorum
874 2180 1126 2233 instinctu
1156 2176 1398 2232 maledici
1424 2174 1620 2231 furoris
1636 2174 1983 2247 opprobrium
2001 2212 2019 2241 ,

433 2273 523 2343 qui
554 2281 739 2327 contra
765 2269 1094 2340 suffragium,
1121 2268 1264 2338 quod
1293 2269 1371 2323 eis
1413 2277 1468 2321 tu
1498 2276 1721 2337 praestas
1740 2307 1757 2334 ,
1791 2276 1901 2321 tam
1934 2266 2021 2322 in-

435 2364 635 2418 victum
680 2361 748 2416 ad
795 2376 890 2415 eos
938 2359 1285 2415 debellandos
1309 2358 1587 2413 catholicis
1603 2357 2023 2427 disputatoribus

436 2454 644 2524 praebet
661 2453 935 2507 auxilium.
961 2451 1054 2506 llle
1076 2451 1272 2521 quippe
1291 2450 1549 2505 adversus
1567 2449 1886 2505 Manichazos
1909 2451 2023 2505 cla-

437 2553 597 2611 mat,c
620 2544 692 2597 Ex
722 2542 876 2597 bonis
891 2542 1029 2596 mala
1054 2550 1172 2594 orta
1203 2549 1388 2595 suntzi
1411 2549 1463 2594 et
1477 2540 1733 2595 adversus
1762 2554 1885 2595 eum
1916 2554 2018 2611 pro

440 2635 747 2690 Manichaeis
760 2642 813 2688 tu
831 2634 1110 2698 reclamas,
1122 2650 1139 2682 ι
1150 2631 1384 2686 Necesse
1395 2640 1480 2686 est
1489 2632 1684 2686 malum
1696 2645 1907 2695 esse,ex
1919 2647 2026 2700 quo

441 2737 498 2782 et
514 2742 607 2797 per
631 2725 771 2795 quod
798 2725 966 2779 malus
984 2724 1185 2778 fructus
1200 2723 1507 2794 apparuit»
1529 2730 1631 2787 et,c
1647 2723 1747 2778 Per
1770 2738 1905 2793 Opus
1933 2723 2027 2778 Dei

440 2836 575 2890 opus
591 2819 788 2875 diaboli
808 2818 1039 2873 transire
1051 2832 1158 2872 non
1177 2817 1387 2882 sinitur;
1401 2826 1503 2882 iet,
1514 2815 1599 2871 «In
1612 2815 1754 2870 dono
1768 2815 1859 2870 Dei
1876 2815 2026 2871 radix

441 2913 566 2968 mali
584 2912 744 2967 locari
761 2925 865 2965 non
884 2917 1078 2979 potest;
1109 2918 1210 2974 iet,
1225 2907 1449 2992 «Rerum
1466 2908 1602 2961 ratio
1623 2922 1726 2961 non
1749 2906 1875 2960 sinit
1894 2906 2029 2962 utde

443 3006 585 3058 bono
608 3003 825 3069 malum,
848 3016 911 3055 ac
925 3001 991 3055 dc
1008 3000 1150 3070 justo
1172 3000 1407 3070 iniquum
1421 2997 1619 3069 aliquid
1649 2997 1974 3068 proferatur.
2003 3017 2025 3051 ι

445 3096 568 3152 llaec
596 3095 794 3149 clamas
822 3108 918 3162 pro
969 3092 1274 3147 Manicbzeis
1301 3102 1486 3146 contra
1525 3106 1709 3146 vocem
1749 3088 2027 3147 catholica:

449 3186 689 3241 veritatis
710 3200 805 3255 per
825 3183 1154 3238 sacerdotem
1181 3184 1272 3238 Dei
1307 3183 1601 3251 prolatam;
1634 3192 1692 3237 ut
1741 3184 1785 3237 si
1835 3192 1891 3237 tu
1936 3196 2033 3238 an-

449 3278 643 3341 diaris,
664 3273 940 3329 Manichni
968 3274 1217 3338 vincant,
1263 3274 1534 3337 dicentes,
1580 3282 1637 3328 ut
1662 3273 1763 3327 alia
1791 3282 2027 3338 taceam,

453 3390 472 3422 ι
498 3368 552 3424 Si
582 3381 761 3421 rerum
792 3364 928 3419 ratio
953 3380 1059 3419 non
1088 3364 1216 3419 sinit
1244 3373 1301 3418 ut
1329 3364 1396 3420 de
1426 3364 1567 3418 bono
1596 3363 1791 3419 malum
1834 3363 2032 3433 aliquid

448 3457 789 3529 proferatur;
826 3473 847 3507 ι
883 3471 987 3510 non
1009 3471 1137 3526 ergo
1166 3471 1229 3511 ex
1255 3454 1443 3522 bonis,
1472 3454 1610 3510 sicut
1634 3453 1765 3510 dicit
1797 3455 2032 3510 Ambro-

450 3551 599 3615 sius,
625 3547 719 3602 sed
741 3586 756 3612 ,
783 3547 920 3601 sicut
948 3560 1047 3601 nos
1072 3546 1329 3612 dicimus,
1384 3561 1448 3601 ex
1506 3545 1631 3600 mali
1678 3556 1865 3600 natura
1912 3554 2033 3601 orta

511 3666 533 3696 ³
565 3672 630 3715 Ex
650 3664 933 3715 Floriacensi
958 3670 1041 3713 Its.
1065 3662 1299 3721 addimus,
1324 3667 1504 3712 etate.

1224 251 1496 312 CONTRA
1534 244 1873 310 ιυιιΑΝυιι
1910 241 2371 310 PELAGIANUM,
2411 248 2471 305 S.
2511 245 2880 308 AUGUSTlNl

3182 181 3233 191 ιω-

3581 252 3681 313 672

2109 368 2234 416 sunt
2257 361 2411 416 mala.
2437 361 2574 419 Ecce
2594 363 2648 417 in
2670 372 2919 435 quantum
2942 363 3250 436 voraginem
3275 365 3522 422 dedidisti
3546 369 3679 422 male

2106 449 2451 523 intelligendo
2503 453 2783 508 Dominum
2813 454 3075 511 dicentem
3100 494 3115 522 ,
3149 454 3315 512 Arbor
3337 456 3467 511 bona
3492 463 3685 529 fructus

2108 544 2269 597 malos
2298 560 2400 598 non
2424 545 2544 615 facit
2569 561 2589 599 :
2613 560 2734 600 cum
2765 545 2869 601 hoc
2894 562 2999 602 non
3042 549 3111 603 sit
3146 548 3345 604 dictum
3369 548 3439 605 de
3462 560 3678 619 natura,

2109 635 2196 691 vel
2218 636 2287 691 de
2312 638 2538 706 nuptiis,
2578 654 2712 709 quas
2739 639 2966 695 instituit
2997 640 3137 697 Deus
3155 683 3171 709 ,
3199 642 3292 697 sed
3317 642 3387 698 de
3415 643 3687 701 voluntate

2112 727 2347 785 hominis
2372 730 2546 797 bona,
2579 746 2609 784 a
2629 746 2730 801 qua
2759 747 2865 786 non
2894 732 3029 787 ﬁunt
3051 749 3212 803 opera
3234 734 3398 788 mala.

2182 820 2274 876 45.
2306 821 2412 877 Sed
2433 838 2501 878 ne
2525 822 2660 879 forte
2688 825 2772 879 vel
2817 833 2873 880 tu
2891 865 2908 891 ,
2934 826 3017 880 vel
3045 827 3306 896 quispiam
3348 828 3522 893 dicat,
3549 828 3691 898 Quo-

2115 912 2275 967 modo
2302 913 2372 968 de
2394 914 2588 970 arbore
2609 929 2773 983 quam
2818 915 2943 971 facit
2969 916 3157 985 homo,
3186 917 3237 971 id
3274 925 3355 972 est
3373 960 3388 982 ,
3426 918 3695 974 volmttate

2116 1002 2253 1058 bona
2268 1018 2389 1058 non
2432 1003 2569 1059 ﬁunt
2595 1003 2798 1061 fructus
2823 1006 2983 1072 mali;
3012 1006 3153 1062 etde
3181 1014 3369 1061 natura
3394 1020 3554 1077 quam
3577 1007 3695 1061 facit

2118 1094 2293 1161 Deus,
2317 1095 2427 1164 ipsa
2456 1111 2576 1166 qua:
2600 1094 2758 1151 faciat
2791 1095 2991 1153 fructus
3011 1098 3212 1164 malos,
3268 1100 3507 1154 nascitur
3542 1099 3700 1154 arbor

2122 1187 2262 1241 mala
2289 1205 2304 1241 :
2332 1188 2479 1257 quasi
2506 1187 2707 1259 aliquid
2755 1189 2947 1243 melius
2986 1189 3146 1243 faciat
3187 1189 3381 1254 homo,
3411 1189 3555 1245 unde
3593 1203 3697 1243 non

2121 1277 2290 1347 possit
2316 1277 2487 1331 malus
2517 1276 2720 1333 fructus
2761 1280 3026 1345 existere;
3056 1294 3217 1349 quam
3259 1287 3343 1333 est
3382 1280 3514 1335 illud
3561 1282 3699 1351 quod
3734 1280 3741 1287 ’

2121 1368 2248 1424 facit
2274 1369 2442 1435 Deus,
2476 1368 2619 1424 unde
2636 1370 2805 1439 possit
2841 1371 2977 1425 mala
3006 1371 3167 1425 arbor
3190 1372 3463 1426 existere?
3484 1386 3552 1426 ne
3584 1374 3704 1442 quis

2120 1475 2253 1531 ergo
2277 1461 2357 1516 sic
2385 1461 2744 1527 erret,audiat
2765 1462 3046 1532 diligenter
3067 1462 3701 1531 Ambrosinmdiecntem,

2127 1570 2149 1603 ι
2180 1551 2318 1621 Quid
2343 1560 2424 1607 est
2452 1552 2653 1607 malitia
2672 1594 2686 1618 ,
2719 1553 2820 1607 nisi
2868 1552 2995 1608 boni
3043 1553 3331 1622 indigentia
3359 1554 3385 1608 ἲ
3408 1554 3524 1609 Non
3557 1557 3699 1609 enim

2122 1652 2250 1699 sunt
2273 1643 2413 1697 mala
2457 1642 2559 1697 nisi
2591 1658 2710 1714 qum
2729 1644 3008 1713 privantur
3031 1643 3220 1710 bonis;
3252 1644 3376 1713 quia
3416 1644 3704 1715 indigentia

2123 1726 2246 1788 ὤπί
2263 1774 2278 1798 ,
2306 1732 2457 1789 radix
2484 1732 2701 1788 malitiae
2729 1742 2830 1788 est.
2861 1750 2881 1785 ι
2914 1733 2983 1788 Ει
3006 1733 3130 1787 hinc
3155 1733 3413 1802 intelligat
3436 1733 3561 1788 ideo
3585 1749 3707 1789 esse

2123 1829 2372 1883 arborem
2392 1827 2608 1891 malam,
2630 1827 2955 1882 voluntatem
2982 1826 3177 1880 malam
3197 1843 3211 1891 ;
3230 1827 3352 1896 quia
3375 1825 3615 1881 defectus
3628 1836 3709 1880 est

2123 1933 2154 1974 tt
2185 1932 2397 1973 summo
2416 1918 2557 1972 bono
2572 1960 2586 1984 ,
2605 1919 2694 1972 ubi
2727 1918 2921 1973 bonum
2953 1926 3189 1972 creatum
3209 1917 3349 1971 bono
3366 1925 3586 1972 creante
3600 1918 3709 1987 pri-

2126 2020 2303 2076 vatur,
2336 2017 2395 2063 ιιι
2422 2009 2490 2063 sit
2520 2009 2573 2063 in
2599 2023 2668 2063 eo
2688 2008 2837 2063 radix
2859 2008 2985 2062 mali
3010 2007 3144 2061 nihil
3191 2007 3334 2061 aliud
3367 2023 3523 2077 quam
3571 1994 3705 2061 indié

2125 2100 2304 2172 gentia
2325 2098 2471 2153 boni.
2496 2098 2670 2154 Arbor
2692 2108 2868 2152 autem
2893 2098 3028 2153 bona
3049 2097 3172 2153 ideo
3192 2105 3275 2152 est
3291 2097 3533 2151 voluntas
3546 2096 3706 2159 bona,

2127 2191 2252 2262 quia
2280 2205 2378 2261 per
2400 2190 2569 2260 ipsam
2595 2184 2925 2245 convertitur
2951 2189 3111 2243 homo
3134 2187 3202 2243 ad
3244 2203 3508 2243 summum
3555 2200 3712 2254 atque

2128 2281 2558 2337 ineammutabile
2603 2281 2801 2337 bonum
2836 2320 2854 2347 ,
2882 2290 2939 2336 et
2962 2279 3212 2350 impletur
3252 2280 3428 2345 bono,
3462 2290 3519 2333 ut
3558 2280 3713 2335 faciat

2129 2371 2361 2428 fructum
2390 2373 2611 2428 bonum.
2640 2374 2718 2427 Ac
2741 2386 2836 2440 per
2858 2370 2967 2426 hoc
2990 2373 3130 2427 Deus
3157 2380 3344 2427 auctor
3365 2380 3447 2427 est
3469 2372 3709 2425 oninium

2129 2462 2389 2518 bonorum
2417 2502 2432 2528 ,
2481 2462 2582 2518 hoc
2626 2470 2712 2518 est
2760 2470 2814 2517 et
2862 2471 3066 2517 naturas
3111 2461 3286 2529 bonae,
3328 2470 3384 2518 et
3426 2461 3716 2516 voluntatis

2130 2551 2320 2617 honre,
2350 2565 2510 2623 quam
2535 2552 2635 2606 nisi
2683 2552 2824 2607 Deus
2869 2551 2923 2605 in
2963 2550 3058 2606 illo
3105 2559 3393 2621 operetur,
3435 2566 3543 2606 non
3596 2550 3719 2605 facit

2131 2640 2295 2697 homo
2315 2657 2329 2693 :
2346 2641 2468 2711 quia
2500 2649 2829 2713 praeparatur
2840 2640 3084 2697 voluntas
3102 2656 3131 2695 a
3150 2640 3379 2696 Domino
3399 2638 3584 2712 (Prov.
3606 2655 3718 2707 vni,

2133 2747 2237 2786 sec.
2262 2729 2454 2802 LXX).

2203 2822 2290 2878 46.
2316 2822 2423 2879 Sed
2448 2822 2558 2892 jam
2579 2820 2824 2876 ordinem
2848 2820 3213 2892 dispositionis
3239 2836 3373 2877 meae
3410 2820 3569 2877 video
3618 2837 3713 2891 po-

2131 2912 2331 2968 stulare
2355 2953 2371 2980 ,
2395 2920 2452 2965 ut
2476 2909 2664 2965 faciam
2694 2911 2804 2965 Deo
2824 2940 2828 2945 ο
2848 2910 3083 2966 donante
3107 2951 3122 2976 ,
3147 2911 3286 2980 quod
3306 2911 3465 2966 tertio
3489 2911 3612 2966 loco
3636 2926 3726 2964 me

2133 3003 2394 3060 facturum
2423 3018 2543 3059 esse
2567 3004 2807 3074 promisi,
2832 3002 2939 3058 hoc
2959 3012 3061 3072 est,
3095 3013 3155 3058 ut
3179 3002 3563 3059 catholicorum
3587 3046 3602 3068 ,
3634 3005 3722 3074 qui

2134 3094 2348 3149 luerunt
2372 3102 2496 3149 ante
2524 3109 2643 3161 nos,
2673 3094 3049 3163 episcopon
3075 3094 3359 3148 sententiis
3377 3135 3393 3160 ,
3433 3108 3726 3163 quascum-

2135 3200 2239 3257 que
2262 3186 2421 3241 rebus
2459 3185 2527 3240 de
2554 3184 2745 3256 quibus
2784 3186 2959 3256 agitur
2984 3194 3343 3255 congruentes
3362 3194 3594 3255 potuero
3636 3199 3726 3239 re-

2137 3275 2332 3347 perire,
2360 3276 2562 3330 vitreas
2588 3275 2822 3346 argutias
2842 3284 2960 3330 tuas
2980 3317 2995 3342 ,
3021 3284 3076 3331 et
3105 3274 3334 3346 fragilia,
3383 3274 3576 3345 quibus
3636 3275 3730 3329 tibi

2138 3366 2362 3421 multum
2392 3365 2586 3421 videris
2611 3374 2797 3421 acutus
2822 3374 2879 3422 et
2903 3366 3117 3432 nitidus,
3135 3376 3447 3436 argumenta
3474 3363 3721 3419 confrin-

2137 3470 2279 3526 gam.
2311 3455 2463 3522 Quod
2492 3453 2561 3510 ab
2589 3456 2694 3511 alio
2721 3457 3091 3525 aggrediemur
3109 3456 3348 3521 exordio,
3374 3454 3462 3511 hic
3479 3455 3645 3511 istius
3671 3454 3735 3509 li-

2137 3547 2221 3603 bri
2244 3548 2548 3618 prolixitate
2577 3547 2855 3603 conclusa.
2899 3555 2906 3561 '

1372 3856 1846 3967 LIBER
1926 3857 2802 3971 SECUNDUS.

517 4053 880 4117 Pelagianorum
902 4057 1067 4117 contra
1089 4044 1327 4117 originale
1352 4054 1602 4117 peccatum
1621 4049 1907 4117 argumenta

1999 4044 2147 4116 inque
2174 4043 2404 4116 convellit
2430 4047 2724 4116 auctoritate
2747 4058 2805 4116 ac
2822 4048 3087 4116 sententiis
3112 4047 3456 4116 catholicorum
3463 4047 3735 4116 doctorum

450 4102 537 4181 qui
552 4102 756 4181 ﬁniam
779 4114 987 4181 moesia
1009 4102 2174 4181 ςιειτιιςῖῑυέιιι.ἐειιίξωροτυιξῖξοὶιέίξξξξιιυξιῆιιεη
2195 4106 2403 4181 ἀφιείην
2429 4108 2627 4181 ιτεξεξαθί,
2652 4108 2897 4169 ﬁrmant
2925 4108 3087 4181 reﬁci!
3107 4107 3602 4181 »ριεωυίίκιιίιειῖίέο
3626 4117 3739 4181 Gre:

451 4166 580 4242 got-ii
602 4176 874 4242 uazianzeni
890 4209 905 4235 ,
938 4173 1200 4233 Ambrosii,
1224 4166 1407 4231 Basilii,
1431 4166 1626 4220 Joannis
1642 4166 2174 4229 Constantimpolitani,
2200 4175 2252 4217 et
2274 4170 2569 4230 lunocentii;
2603 4166 2793 4219 necnon
2816 4169 3088 4233 presbyteri
3108 4166 3406 4233 Hieronymi
3423 4204 3439 4230 ,
3474 4173 3566 4221 viri
3587 4171 3743 4221 sancti

420 4256 426 4263 ·
451 4238 514 4290 5c
536 4238 823 4303 pereruditi.

1849 4306 2338 4341 mm-

531 4390 759 4446 cavor
789 4387 1071 4444 PRIMUM.
1100 4416 1172 4427 —
1197 4386 1250 4440 ι.
1276 4382 1430 4439 Nunc
1442 4382 1550 4452 jam
1572 4381 1706 4435 mihi
1736 4365 2049 4451 aggredien-

460 4483 594 4537 dum
625 4490 727 4547 est,
753 4479 894 4549 quod
925 4478 1081 4533 tertio
1104 4478 1224 4532 loco
1245 4475 1395 4545 posui
1412 4472 1776 4543 dispositionis
1803 4485 1937 4525 mea
1961 4509 1976 4535 ,
1996 4476 2055 4523 ut

463 4573 746 4631 sententiis
772 4572 1148 4642 episcoporum
1170 4609 1186 4634 ,
1214 4569 1302 4638 qui
1345 4565 1648 4635 Scripturas
1700 4572 1917 4619 sanctas
1968 4562 2053 4616 in-

460 4668 609 4740 genti
626 4666 794 4738 gloria
820 4670 1201 4727 tractaverunt,
1228 4668 1343 4724 tua,
1372 4657 1604 4722 Iuliane,
1628 4656 1858 4711 Domino
1900 4653 2054 4723 adju-

471 4770 653 4825 vante,
680 4756 1105 4814 machinamenta
1151 4751 1474 4807 subvertam.
1505 4748 1620 4804 Non
1649 4756 1707 4803 ut
1743 4762 1838 4803 eos
1876 4756 2058 4802 osten-

461 4855 589 4909 dam
614 4846 909 4905 secundum
935 4844 1250 4900 catholicam
1277 4841 1436 4897 fidem
1465 4839 1534 4896 de
1552 4838 1797 4910 originali
1823 4837 2058 4893 sensisse

465 4951 718 5015 peccato;
749 4939 853 4996 hoc
891 4938 1036 4992 enim
1058 4935 1167 5006 jam
1198 4934 1249 4989 in
1280 4933 1467 5004 primis
1491 4930 1648 5001 hujus
1676 4931 1856 4999 operis
1894 4927 2058 4998 parti-

466 5034 570 5089 bus
594 5032 716 5095 feci.
745 5039 805 5085 ut
829 5028 954 5085 inde
982 5036 1336 5083 monstrarem
1361 5065 1375 5089 ,
1403 5032 1533 5093 quot
1560 5032 1614 5078 ct
1654 5020 1868 5091 quantis
1890 5019 2051 5081 viris.

470 5123 728 5179 Ecclesiae
752 5120 950 5176 sanctis
978 5117 1245 5188 clarisque
1273 5114 1579 5170 doctoribus
1596 5153 1614 5180 ,
1645 5110 2055 5167 Manichaaorum

467 5214 671 5268 crimen
692 5212 988 5282 impingas;
1013 5218 1211 5265 etcum
1239 5222 1324 5262 me
1352 5206 1504 5275 cupis
1522 5202 1661 5275 apud
1690 5201 2056 5273 imperitorum

468 5304 783 5358 decolorare
808 5301 1005 5372 judicia
1026 5342 1043 5368 ,
1070 5315 1164 5355 eos
1189 5299 1278 5371 qui
1306 5297 1623 5354 catholicam
1672 5294 1832 5350 ﬁdem
1871 5301 2057 5347 contra

360 5432 369 5441 ι
472 5393 754 5449 διηεωιὶθοε
778 5391 1149 5454 defenderunt,
1178 5389 1398 5445 haeresis
1426 5387 1640 5442 nefariae
1661 5385 1875 5439 nomine
1897 5397 2060 5438 accu-

473 5499 583 5540 ses.
604 5483 709 5539 Sed
735 5499 878 5539 nunc
902 5492 1211 5555 argumenta
1240 5482 1353 5552 ipsa
1380 5492 1577 5543 vestra,
1594 5479 1786 5549 quibus
1809 5475 1964 5548 agitis
1991 5489 2060 5530 ne

478 5575 755 5631 hominum
796 5577 963 5645 prima
990 5575 1236 5630 nativitas
1256 5574 1497 5645 originali
1542 5581 1764 5643 peccato
1810 5568 2060 5624 credatur

489 5666 767 5732 abstricta,
790 5664 1014 5734 eloquiis
1040 5675 1161 5720 sunt
1187 5666 1547 5736 redarguenda
1569 5673 1893 5719 sanctorum.
1914 5660 2060 5728 Quos

2157 4390 2371 4450 oportet
2392 4389 2452 4434 ut
2478 4380 2659 4450 populi
2689 4379 2966 4435 christiani
2993 4380 3185 4435 vestris
3223 4380 3458 4450 profanis
3483 4381 3738 4436 novitati-

2158 4470 2258 4527 bus
2281 4481 2624 4543 anteponant,
2652 4474 2834 4543 eisque
2863 4473 3036 4542 potius
3062 4472 3257 4543 eligant
3276 4472 3554 4528 adhaerere
3578 4488 3744 4542 quam

2158 4565 2333 4620 vobis.
2763 4580 2766 4584 λ

2229 4656 2284 4710 2.
2315 4656 2440 4712 Hau:
2494 4664 2619 4711 sunt
2667 4665 2813 4712 certe
2863 4656 3009 4711 velut
3080 4656 3252 4727 capita
3305 4665 3748 4727 argumentorum

2161 4748 2310 4817 quasi
2339 4746 2670 4802 formidanda
2714 4756 3034 4813 vestrorum,
3077 4748 3271 4818 quibus
3322 4748 3535 4802 terretis
3594 4747 3745 4799 inlir.

2162 4852 2299 4904 mos,
2326 4845 2383 4892 et
2408 4837 2583 4892 minus
2605 4852 2764 4908 quam
2803 4847 2993 4897 otmtra
3012 4853 3108 4893 vos
3156 4837 3389 4909 expedit,
3427 4837 3597 4892 sacris
3635 4836 3754 4891 Lit-

2161 4929 2293 4983 teris
2313 4927 2571 4983 eruditos.
2592 4927 2777 4983 Dicitis
2802 4929 2965 4993 enim,
2995 4945 3015 4981 ι
3042 4928 3150 4983 Nos
3177 4927 3468 4983 asserenda
3489 4927 3756 4998 originale

2164 5030 2471 5090 peceatum,
2523 5020 2794 5075 diabolum
2825 5019 3005 5076 dicere
3058 5020 3335 5076 hominum
3410 5021 3755 5075 nascentium

2164 5111 2514 5177 conditorem,
2546 5110 2800 5166 damnare
2845 5113 3080 5182 nuptias,
3130 5125 3325 5182 negare
3373 5110 3427 5165 in
3474 5110 3760 5181 Baptismo

2164 5201 2359 5257 dimitti
2395 5202 2638 5257 universa
2683 5212 2921 5272 peccata,
2972 5204 3135 5258 Deum
3181 5202 3408 5258 crimine
3454 5202 3762 5271 iniquitatis

2166 5306 2412 5363 arguere,
2436 5293 2867 5363 desperationem
2897 5293 3240 5364 perfectionis
3269 5294 3532 5363 ingerere.
3565 5310 3585 5343 ι
3624 5292 3758 5346 Haec

2166 5386 2362 5455 quippe
2386 5386 2563 5441 omnia
2589 5386 2974 5457 consequentia
3011 5402 3132 5443 esse
3152 5386 3495 5453 contenditis,
3541 5387 3587 5441 si
3636 5401 3761 5441 creo

2166 5476 2356 5531 damus
2381 5477 2529 5532 nasci
2557 5478 2809 5547 parvulos
2839 5487 3059 5549 peccato
3084 5477 3242 5548 primi
3282 5477 3513 5533 hominis
3554 5476 3764 5545 obliga.

2168 5577 2272 5631 tos,
2302 5576 2360 5621 ct
2376 5568 2447 5621 ob
2472 5567 2575 5622 hoc
2596 5582 2717 5623 esse
2739 5567 2841 5624 sub
2878 5568 3112 5630 diabolo.
3156 5568 3259 5623 nisi
3304 5574 3661 5624 renascantur
3703 5566 3759 5619 in

2166 5658 2398 5714 Christo.
2436 5676 2454 5710 ι
2491 5659 2740 5715 Diabolus
2770 5660 2911 5715 enim
2957 5667 3122 5725 creat,
3162 5677 3181 5711 ι
3213 5658 3391 5715 dicitis
3418 5676 3436 5711 ι
3470 5659 3513 5714 si
3549 5672 3620 5712 οι
3655 5656 3763 5711 hoc
