4014 6184
369 387 476 443 673

368 505 588 555 vulnere
614 507 884 558 creantur,
918 493 1059 567 quod
1083 495 1326 550 diabolus
1344 504 1567 560 natura),
1586 508 1703 564 qua:
1722 492 1948 562 primum

365 593 578 649 condita
606 600 707 654 cst,
738 589 929 643 inflixit
952 582 1201 642 humanae
1232 606 1244 641 :
1276 596 1330 643 et
1362 587 1685 641 damnantur
1727 585 1948 654 nuptiae,

362 685 412 743 si
444 681 642 752 aliquid
674 681 815 735 unde
836 678 1171 743 damnabiles
1195 686 1539 748 generantur,
1587 673 1787 729 habere
1826 688 1950 728 cre-

366 775 567 828 duntur
596 785 733 826 :nec
757 769 935 825 omnia
964 777 1179 837 peccata
1208 767 1547 821 dimittuntur
1574 765 1626 818 in
1657 764 1947 833 Baptismo,

366 868 413 919 si
439 862 655 933 aliquod
682 863 733 915 in
763 862 1046 931 baptizatis
1075 859 1397 929 coniugibus
1444 866 1687 912 remanet
1729 857 1949 921 malum,

366 971 433 1012 cx
464 970 569 1022 quo
598 962 924 1025 generentur
944 952 1091 1006 ιιιιιιί.
1123 948 1583 1018 Quemadmodum
1632 957 1810 1002 autem
1846 961 1951 1001 non

366 1056 446 1099 ρει
477 1045 690 1112 iniquus
712 1044 873 1109 Deus,
910 1042 1150 1113 quicum
1210 1040 1492 1109 baptizatis
1542 1041 1780 1093 remittat
1834 1052 1954 1106 pec-

367 1146 486 1189 cata
524 1134 759 1203 propria,
814 1132 1096 1202 parvulum
1140 1130 1380 1195 damnat,
1430 1129 1554 1199 quia
1607 1144 1727 1183 cum
1768 1128 1953 1182 abillo

366 1239 662 1290 crearetur,
693 1226 937 1280 nesciens
984 1240 1084 1278 nec
1123 1224 1310 1278 volens
1334 1223 1496 1277 etiam
1538 1236 1604 1275 ex
1630 1221 1731 1274 illis
1756 1233 1952 1291 paren-

371 1318 532 1381 tibus,
562 1316 754 1386 quibus
788 1317 1008 1370 remissa
1039 1313 1265 1376 fuerant,
1301 1313 1462 1366 traxit
1482 1311 1694 1365 aliena?
1718 1308 1828 1367 Nec
1845 1310 1954 1363 vir-

369 1418 477 1471 tus,
509 1407 593 1461 cui
630 1406 892 1460 vitiositas
938 1404 1253 1475 intelligitur
1299 1418 1421 1458 esse
1459 1401 1745 1465 contraria,
1797 1415 1955 1471 posse

370 1499 611 1554 creditur
661 1496 863 1567 perﬁci;
918 1497 1042 1565 quia
1092 1496 1399 1565 ingenerata
1438 1493 1577 1572 .vitia
1642 1492 1955 1547 incredibile

370 1599 454 1644 est
498 1602 653 1658 posse
700 1584 976 1641 consumi:
1007 1600 1125 1656 quae
1167 1585 1277 1654 jam
1342 1597 1441 1638 nec
1482 1582 1608 1637 vitia
1654 1582 1954 1651 deputanda

370 1688 513 1733 simt.
546 1677 660 1732 Non
716 1677 861 1731 extim
905 1684 1109 1745 peccat,
1150 1674 1241 1744 qui
1274 1688 1383 1728 non
1430 1681 1605 1741 potest
1647 1671 1790 1726 aliud
1835 1685 1956 1729 esse

369 1785 530 1840 quant
562 1777 773 1823 creatus
792 1776 894 1821 est.
920 1784 939 1819 ι

443 1861 495 1916 5.
529 1859 654 1914 Haec
673 1859 719 1912 si
752 1857 889 1912 ﬁdeli
941 1855 1210 1926 diligentia
1239 1853 1574 1925 qua-reretis,
1619 1866 1720 1906 nec
1747 1865 1810 1905 ea
1838 1864 1956 1920 qua:

373 1953 650 2007 catholica:
673 1950 794 2005 ﬁdei
819 1950 1046 2005 veritate
1071 1957 1230 2018 atque
1258 1945 1574 2015 antiquitate
1597 1943 1810 1998 fundata
1836 1953 1960 1997 sunt

376 2042 575 2098 inﬁdeli
600 2040 978 2112 oppugnaretis
1021 2038 1274 2101 audacia;
1307 2036 1359 2090 in
1386 2050 1449 2090 ea
1479 2049 1600 2104 qua)
1644 2034 1958 2091 abscondita

373 2140 498 2190 sunt
524 2131 848 2202 sapientibus
874 2139 929 2185 et
952 2127 1320 2199 prudentibus,
1347 2133 1403 2180 et
1422 2124 1654 2180 revelata
1682 2132 1807 2179 sunt
1830 2139 1959 2195 par-

377 2223 516 2278 vulis
536 2221 748 2290 (Matth.
776 2236 854 2286 xt,
881 2220 998 2292 25),
1030 2219 1213 2274 nutriti
1241 2214 1438 2272 Christi
1468 2216 1637 2286 gratia
1676 2217 1955 2272 veniretis.

375 2314 537 2370 Multa
560 2315 702 2370 enim
730 2311 1015 2368 multitudo
1053 2309 1350 2367 dulcedinis
1382 2307 1613 2373 Domini,
1646 2322 1804 2377 quam
1838 2322 1961 2377 pro-

376 2405 516 2462 fecto
537 2420 643 2460 non
668 2404 878 2471 invidit,
895 2412 950 2459 et
975 2412 1150 2457 tamen
1175 2398 1458 2456 abscondit
1481 2397 1787 2454 timentibus
1813 2412 1958 2461 enim,

376 2494 600 2566 perfecit
623 2503 799 2550 autem
831 2492 1191 2564 sperantibus,
1220 2504 1327 2545 non
1352 2489 1408 2544 in
1434 2502 1494 2543 se
1518 2487 1673 2558 ipsis,
1694 2487 1789 2542 sed
1814 2488 1866 2540 in
1895 2501 1961 2541 eo

376 2586 549 2661 (Psal.
580 2602 710 2652 xxx,
736 2584 853 2655 20).
882 2583 992 2641 Nos
1019 2597 1148 2653 ergo
1174 2581 1401 2637 dicimus
1428 2579 1572 2651 quod
1599 2594 1661 2635 ea
1690 2578 1824 2634 ﬁdes
1871 2578 1962 2630 ba-

376 2679 487 2743 bet,
517 2677 585 2733 de
604 2691 707 2745 qua
732 2676 989 2747 scriptum
1019 2682 1126 2737 est,
1169 2672 1288 2729 Nisi
1309 2671 1645 2735 credideritis,
1677 2686 1780 2727 non
1811 2669 1962 2723 intel-

377 2770 544 2842 ligetis
591 2768 723 2843 (1εαὶ
760 2766 935 2844 γυνθ,
963 2783 1067 2822 sec.
1116 2762 1284 2834 LXX)
1319 2782 1333 2819 :
1366 2778 1465 2828 nec
1517 2761 1822 2827 diabolum,
1868 2758 1963 2815 sed

376 2864 546 2922 Deum
563 2877 751 2918 verum
780 2870 835 2916 et
849 2875 976 2916 vere
1010 2859 1231 2922 bonum,
1271 2872 1392 2912 esse
1419 2855 1691 2911 hominum
1719 2852 1964 2909 condito-

377 2972 517 3023 rem,
542 2954 735 3011 munda
761 2963 780 2995 ι
808 2952 969 3010 etiam
1012 2952 1080 3007 de
1110 2949 1397 3006 immundis
1450 2946 1787 3002 inel‘fabiliter
1834 2958 1966 3013 epe-

376 3055 621 3112 rantem;
644 3043 888 3116 quamvis
916 3040 1193 3097 hominum
1238 3054 1396 3096 nemo
1418 3036 1648 3093 mundus
1690 3043 1962 3101 nascatur,

378 3146 437 3194 et
468 3137 587 3195 ideo
610 3136 784 3192 donec
811 3133 1101 3189 mandetur
1144 3132 1345 3203 Spiritu
1375 3138 1582 3195 sancto,
1623 3126 1726 3183 sub
1776 3126 1968 3195 spiritu

376 3228 656 3289 immundo
681 3236 1051 3299 essecogatur.
1080 3224 1194 3282 Nec
1236 3231 1715 3295 quantamcumque
1741 3219 1971 3274 immun-

374 3321 567 3385 ditiam
591 3329 928 3385 naturarum,
967 3317 1134 3373 ullum
1180 3315 1385 3371 crimen
1438 3326 1563 3369 esse
1618 3310 1965 3379 nuptiarum:

358 3406 579 3468 bonum
626 3410 824 3481 quippe
867 3407 1188 3464 discernitur
1250 3403 1528 3476 proprium
1589 3401 1892 3471 nuptiarum
1935 3414 1966 3454 a

385 3506 624 3578 quolibet
648 3506 780 3562 vitio
797 3511 1131 3561 naturarum.
1152 3502 1266 3560 Nec
1311 3501 1474 3558 ullius
1525 3487 1737 3557 reatum
1790 3512 1967 3553 remao

388 3613 515 3654 nere
538 3598 762 3667 pemati,
783 3596 873 3668 qui
904 3610 1009 3651 non
1028 3610 1095 3651 ea
1135 3609 1255 3664 quas
1280 3594 1331 3648 in
1355 3592 1571 3649 Christo
1602 3592 1662 3646 ﬁt
1687 3604 1968 3658 regenera-

388 3688 533 3744 tione
589 3687 862 3752 solvatur;
914 3685 1157 3756 quamvis
1223 3682 1502 3739 inﬁrmitas
1554 3689 1741 3748 restet,
1785 3690 1970 3734 contra

389 3794 547 3849 quam
575 3778 630 3834 in
659 3793 721 3834 se
763 3779 880 3849 ipso
906 3777 1251 3833 constitutam
1279 3781 1628 3844 regeneratus
1667 3771 1713 3826 si
1759 3770 1973 3842 prolicit

387 3879 604 3940 pugnet.
631 3868 743 3925 Nec
770 3868 983 3938 iniquus
1005 3874 1084 3921 est
1111 3866 1269 3931 Deus,
1298 3878 1418 3919 cum
1451 3861 1683 3932 peccatis
1708 3860 1826 3915 sive
1854 3859 1968 3911 ori-

387 3960 651 4031 ginalibus
675 3959 789 4015 sive
811 3956 1041 4028 propriis
1067 3955 1223 4025 digna
1244 3953 1492 4010 retribuit
1522 3968 1537 4005 :
1570 3951 1845 4021 magisque
1874 3948 1975 4002 ini-

391 4066 527 4121 quus
562 4057 657 4104 aut
704 4047 951 4106 inﬁrmus
977 4046 1298 4111 ostenditur,
1345 4043 1391 4098 si
1411 4042 1600 4113 jngum
1635 4055 1785 4111 graec
1826 4054 1976 4107 utpar

393 4139 528 4209 ﬁlios
549 4138 732 4202 Adam,
763 4154 797 4192 ιι
836 4136 938 4202 die,
965 4137 1106 4191 sicut
1145 4134 1403 4204 scriptum
1442 4139 1547 4197 est,
1595 4129 1872 4184 nativitatis
1892 4145 1979 4182 eo-

390 4248 507 4286 rum
545 4247 704 4302 usque
747 4230 803 4285 in
855 4229 1307 4298 diem'sepulturta
1350 4225 1404 4279 in
1454 4231 1667 4278 matrem
1689 4222 1710 4252 ²
1755 4221 1980 4275 euntium

395 4320 581 4394 (Eccli.
613 4336 704 4388 ιι,
736 4321 818 4392 1),
848 4319 948 4374 sub
974 4334 1081 4390 quo
1104 4318 1234 4388 jugo
1259 4317 1433 4386 imago
1462 4314 1578 4384 ejus
1603 4311 1872 4377 atteritur,
1890 4318 1980 4365 aut

394 4412 510 4483 ipse
533 4411 682 4467 nullo
708 4410 793 4465 vel
830 4410 1076 4480 originali
1109 4408 1192 4465 vel
1227 4406 1446 4478 proprio
1487 4403 1826 4474 praecedente
1852 4416 1980 4471 pec-

394 4513 539 4573 cato,
564 4512 656 4559 aut
675 4502 901 4579 quilibet
921 4501 1056 4556 alius
1084 4500 1202 4570 ipso
1227 4497 1452 4568 imponit
1481 4493 1670 4550 invito.
1698 4493 1809 4549 Nec
1856 4507 1980 4562 per-

396 4596 557 4653 fecﬁo
579 4603 664 4651 est
680 4591 1008 4666 desperanda
1031 4591 1258 4656 virtutis,
1285 4604 1379 4659 per
1396 4587 1516 4658 ejus
1534 4585 1780 4656 gratiam,
1807 4583 1898 4653 qui
1915 4597 1982 4637 ex

398 4689 605 4759 origine
631 4688 867 4743 vitiatam
914 4693 1120 4740 mutare
1165 4689 1345 4752 potest
1385 4690 1453 4736 et
1478 4693 1669 4734 sanare
1714 4684 1980 4731 naturam.

471 4778 696 4837 CAPUT
722 4777 785 4833 ll.
816 4778 871 4834 4.
902 4804 970 4819 --
994 4773 1287 4846 Aggrediar
1307 4772 1467 4843 igitur
1486 4769 1707 4840 implere
1722 4766 1984 4838 pollicita-

402 4876 601 4929 tionem
630 4885 825 4927 meam.
853 4868 965 4925 Nec
991 4868 1092 4922 ista
1135 4865 1371 4937 quinque
1416 4870 1731 4933 argumenta
1781 4868 1982 4921 vestra,

400 4979 469 5019 ex
496 4962 691 5034 quibus
711 4969 902 5016 cuncta
931 4955 1268 5021 connectitis,
1298 4968 1420 5024 qua:
1463 4952 1517 5006 in
1564 4950 1666 5005 hac
1694 4949 1986 5020 quaestione

402 5054 660 5109 adversus
698 5049 1021 5106 catholicam
1068 5046 1230 5103 fidem
1277 5042 1642 5113 multipliciter
1683 5040 1983 5110 disputatis,

405 5144 716 5214 singillatim
774 5139 1097 5198 testimoniis
1142 5145 1449 5193 sanctorum
1501 5131 1784 5190 refutanda
1821 5130 1990 5187 susci-

406 5237 548 5307 piam
587 5252 602 5291 :
634 5233 731 5290 sed
756 5240 1011 5304 quantum
1036 5230 1269 5301 potuerit
1295 5242 1483 5284 eorum
1500 5224 1708 5296 percuti
1727 5231 1783 5278 et
1800 5221 1982 5292 dejici,

406 5327 569 5382 etiam
599 5340 720 5381 cum
742 5340 774 5380 a
798 5340 884 5380 me
906 5323 977 5379 de
1006 5321 1199 5377 litteris
1214 5319 1599 5376 catholicorum
1615 5315 1989 5386 episcoporum

407 5420 614 5490 singula
656 5415 1009 5488 proferentur,
1060 5423 1263 5469 tantum
1316 5410 1640 5483 percutietur
1678 5414 1843 5478 atque
1892 5404 1992 5461 de-

405 5510 642 5581 jicietur,
669 5508 784 5563 sive
807 5521 973 5561 unum
999 5519 1213 5569 eorum,
1244 5502 1358 5557 sive
1383 5500 1510 5566 duo,
1538 5498 1651 5554 sive
1674 5498 1844 5568 plura,
1880 5490 1993 5550 sive

412 5604 608 5668 omnia,
636 5602 773 5657 sicut
803 5599 1030 5654 valuerit
1057 5596 1200 5668 quod
1228 5596 1549 5666 proferetur.
1581 5590 1756 5648 Veluti
1803 5597 1887 5646 est
1924 5588 1994 5643 il-

478 5715 492 5746 ι
529 5720 737 5767 veneant
760 5720 887 5767 Mss.
902 5709 1098 5761 mdo.

477 5777 496 5808 ³
528 5775 600 5824 sic
623 5781 726 5824 Mss.
753 5780 805 5823 ut
828 5773 875 5822 iu
902 5771 1074 5821 Bibliis.
1102 5769 1236 5833 Editi,
1261 5773 1431 5819 matre.

1693 377 1893 434 LIBER
1931 374 2310 433 SECUNDUS.

3542 387 3647 444 674.

2061 490 2149 544 lud
2193 490 2244 546 in
2278 491 2414 545 libro
2443 506 2598 561 quem
2626 491 2694 547 de
2738 493 2874 548 Area
2924 493 3036 550 Noe
3085 497 3402 568 conscripsit
3454 500 3644 556 beatus

2049 581 2391 646 Ambrosius,
2453 600 2471 634 ο
2503 582 2605 637 Per
2654 599 2837 647 unum,
2878 603 2897 637 ι
2926 586 3115 655 inquit,
3151 604 3170 639 ι
3216 589 3497 645 Dominum
3547 590 3646 646 Je-

2060 687 2179 727 sum
2209 674 2353 728 salus
2380 684 2596 729 ventura
2628 675 2935 731 nationibus
2977 678 3297 738 declaratur.
3357 682 3446 750 qui
3492 682 3640 737 solus

2060 778 2166 817 non
2196 765 2559 834 potuitjustus
2596 780 2716 821 esse
2742 770 2781 833 ‘,
2813 784 2932 822 cum
2964 772 3238 839 generatio
3266 774 3441 826 omnis
3484 789 3640 827 erra-

2060 865 2158 917 ret,
2187 857 2285 909 nisi
2312 866 2464 908 natus
2486 872 2548 909 ex
2580 858 2787 928 virgine
2809 860 3168 928 generationis
3211 862 3456 915 obnoxia:
3489 863 3646 931 privi-

2062 947 2198 1016 legio
2252 948 2469 1001 minime
2509 958 2797 1003 teneretur.
2836 949 3000 1017 Ecce,
3076 953 3283 1022 inquit,
3324 953 3376 1006 in
3412 954 3645 1021 iniquita-

2062 1026 2199 1090 tibus.
2238 1049 2505 1108 conceptus
2549 1056 2685 1105 sum,
2716 1052 2763 1094 et
2788 1041 2841 1093 in
2892 1041 3086 1095 delictis
3125 1045 3314 1112 peperit
3355 1061 3434 1098 me
3488 1059 3647 1097 mum

2061 1143 2169 1179 mea
2196 1126 2364 1196 (l’sal.
2397 1143 2445 1191 L,
2479 1129 2553 1196 7),
2580 1128 2711 1182 dicit
2740 1130 2782 1182 is
2802 1130 3083 1199 quijustus
3109 1145 3216 1199 prae
3240 1134 3462 1187 caneris
3495 1144 3648 1202 puta-

2062 1218 2237 1272 batur.
2260 1217 2427 1285 Quem
2456 1219 2615 1287 igitur
2649 1219 2757 1286 jam
2787 1219 2985 1288 justum
3028 1220 3276 1283 dixerim,
3306 1223 3405 1275 nisi
3455 1222 3642 1277 horum

2062 1309 2286 1362 liberum
2313 1309 2663 1372 vinculorum,
2695 1324 2855 1377 quem
2885 1319 3087 1363 natura:
3110 1313 3409 1365 communis
3432 1313 3644 1366 vincula

2062 1414 2165 1451 non
2202 1400 2469 1465 teneant?
2512 1400 2710 1454 Omnes
2777 1401 2878 1455 sub
2932 1411 3192 1471 peccato,
3247 1402 3315 1457 ab
3368 1403 3535 1457 Adam
3585 1405 3641 1457 in

2060 1506 2247 1543 omnes
2285 1492 2539 1561 regnabat
2585 1507 2750 1545 mors.
2784 1492 2972 1546 Veniat
3012 1493 3159 1547 solus
3179 1493 3357 1564 justus
3412 1494 3462 1548 in
3513 1510 3646 1548 con-

2061 1596 2244 1651 specta
2276 1585 2385 1646 Dei,
2418 1584 2485 1638 de
2505 1598 2610 1653 quo
2632 1583 2742 1652 jam
2777 1600 2883 1637 non
2920 1600 3042 1638 cum
3073 1587 3386 1655 exceptione
3413 1585 3641 1649 dicatur,

2063 1672 2187 1725 Non
2213 1675 2430 1741 peccavit
2457 1674 2511 1726 in
2534 1673 2679 1728 labiis
2725 1675 2829 1728 suis
2860 1673 2983 1744 (Job
3014 1691 3050 1740 ι,
3073 1674 3190 1744 22);
3212 1676 3327 1739 sed,
3368 1674 3643 1729 Peccatum

2063 1778 2164 1817 non
2208 1764 2324 1835 fecit
2359 1782 2379 1816 ι
2432 1763 2471 1832 (Ι
2504 1761 2646 1816 Petr.
2672 1779 2732 1828 ιι,
2760 1763 2872 1833 ⁸22).
2908 1764 3039 1819 lluic
3068 1766 3172 1829 dic,
3204 1766 3247 1818 si
3276 1765 3457 1829 audes,
3505 1765 3649 1837 quod

2061 1856 2331 1911 diabolum
2384 1856 2568 1910 fecerit
2613 1855 2885 1909 hominum
2922 1856 3281 1920 conditorem,
3325 1858 3415 1926 qui
3448 1859 3649 1911 utrius-

2064 1966 2167 2019 que
2223 1965 2381 2004 sexus
2424 1949 2807 2004 commixtione
2845 1960 3169 2013 nascuntur;
3218 1951 3647 2021 quandoquidem

2062 2041 2233 2094 solum
2268 2039 2562 2106 Christum,
2609 2042 2731 2109 quia
2780 2040 2849 2093 sit
2875 2049 3032 2094 natus
3062 2055 3128 2095 ex
3155 2041 3379 2110 virgine,
3407 2057 3434 2093 a
3466 2042 3650 2097 vincu-

2065 2133 2130 2188 lis
2149 2133 2390 2187 obnovize
2413 2132 2773 2202 generationis
2802 2134 3032 2201 excepit,
3074 2132 3318 2187 omnibus
3347 2134 3552 2188 caneris
3582 2148 3649 2188 ex

2063 2225 2234 2278 Adam
2263 2223 2364 2279 sub
2387 2224 2588 2293 peccati
2611 2224 2936 2293 obligatione
2964 2225 3326 2286 nascentibus;
3355 2224 3495 2294 quod
3541 2226 3647 2277 uti-

2064 2333 2168 2386 que
2212 2327 2497 2387 peccatum
2537 2316 2780 2372 diabolus
2823 2316 3123 2371 seminavit.
3167 2316 3322 2370 Hunc
3364 2318 3648 2370 damnato-

2064 2423 2178 2463 rem
2208 2407 2467 2478 redargue
2486 2409 2810 2476 nuptiarum,
2844 2407 2935 2476 qui
2959 2408 3076 2460 sine
3101 2417 3317 2476 peccato
3347 2417 3528 2460 natum
3557 2420 3648 2459 so-

2064 2498 2174 2552 lum
2201 2498 2331 2553 dicit
2352 2499 2572 2568 virginis
2609 2498 2795 2552 ﬁlium.
2825 2497 2988 2552 Istum
3018 2505 3325 2567 negatorem
3351 2498 3652 2568 percipien-

2068 2590 2150 2645 da:
2175 2592 2196 2622 ’
2227 2591 2513 2645 criminare
2542 2590 2774 2656 virtutis,
2815 2590 2906 2660 qui
2949 2592 3145 2645 asserit
3183 2591 3482 2659 ingenerari
3524 2591 3649 2645 vitia

2064 2680 2249 2750 generi
2276 2665 2512 2733 humano
2536 2681 2585 2732 in
2612 2679 2728 2748 ipso
2767 2680 3135 2748 conceptionis
3168 2680 3412 2734 exordio.
3459 2680 3525 2733 Et
3566 2679 3655 2732 dic

2065 2770 2136 2834 ei,
2169 2770 2311 2840 quod
2337 2769 2597 2824 adversus
2627 2785 2712 2824 me
2740 2770 2792 2823 in
2825 2771 2996 2839 primo
3027 2779 3119 2823 tuo
3145 2771 3415 2824 volumine
3458 2770 3653 2823 videris

2066 2863 2162 2917 tibi
2194 2864 2324 2918 satis
2349 2871 2472 2933 apte
2504 2871 2768 2932 acuteque
2794 2861 2816 2894 ³
2840 2861 3063 2924 dixisse,
3101 2879 3121 2912 ‹
3154 2860 3511 2931 Necpeccare
3557 2876 3654 2916 eos

2066 2954 2306 3019 omnino,
2338 2952 2428 3022 qui
2459 2966 2683 3023 peccare
2708 2951 2960 3006 dicuntur
2999 2968 3012 3005 :
3043 2951 3302 3022 siquidem
3333 2966 3362 3005 ιι
3388 2964 3651 3021 quocum-

2068 3060 2175 3116 que
2199 3046 2365 3099 creati
2387 3052 2533 3110 sunt,
2574 3043 2868 3099 secundum
2915 3043 2967 3097 id
2993 3042 3134 3113 quod
3152 3043 3329 3098 creati
3367 3051 3515 3108 sunt;
3558 3058 3655 3097 ne-

2069 3147 2222 3188 cesse
2263 3132 2464 3187 habent
2491 3132 2693 3198 vivere,
2745 3147 2847 3187 nec
2902 3146 3016 3186 sum
3042 3147 3344 3203 repugnare
3370 3142 3591 3187 naturai.
3629 3150 3648 3184 ι

2067 3225 2199 3279 Ha-c
2249 3225 2426 3278 omnia
2463 3224 2551 3279 dic
2596 3223 2904 3289 Ambrosio,
2934 3224 3049 3279 sive
3081 3225 3151 3279 de
3180 3225 3486 3292 Ambrosio,
3536 3240 3656 3294 quae

2072 3319 2199 3374 mihi
2233 3330 2339 3373 tam
2366 3318 2616 3387 superbe,
2642 3327 2749 3373 tam
2776 3318 3191 3384 contumeliose,
3226 3325 3331 3371 tam
3356 3319 3658 3389 procaciter

2072 3421 2126 3465 et
2154 3411 2452 3480 petulanter
2474 3409 2732 3477 obiectas.
2759 3407 2912 3483 (Nam
2941 3408 3027 3464 bis
3051 3409 3228 3464 verbis
3257 3409 3375 3464 suis
3397 3408 3659 3463 infamare

2073 3504 2235 3556 etiam
2276 3500 2618 3570 Baptismntis
2651 3506 3064 3565 sacramentum,
3111 3498 3253 3569 quod
3299 3499 3352 3553 in
3399 3513 3465 3552 eo
3503 3499 3658 3567 plena

2075 3610 2181 3646 non
2211 3593 2302 3646 ﬁat
2331 3592 2576 3646 remissio
2602 3579 2979 3661 peccatorum;
3007 3597 3063 3645 et
3103 3590 3339 3661 iniquum
3369 3590 3534 3645 Deum
3582 3589 3660 3643 fa-

2075 3700 2218 3747 cere,
2246 3683 2334 3754 qui
2358 3690 2571 3754 peccata
2597 3683 2647 3735 in
2675 3681 2798 3735 liliis
2821 3671 3041 3735 damnat
3083 3680 3272 3744 aliena,
3322 3695 3444 3750 quae
3484 3680 3536 3735 in
3567 3693 3687 3748 ιιι-⁴

2076 3776 2316 3832 rentibus
2341 3773 2629 3838 relaxavit;
2658 3770 2884 3826 fortasse
2906 3785 3011 3824 non
3039 3777 3213 3839 potest
3231 3769 3334 3824 dici
3365 3785 3379 3822 :
3403 3769 3655 3841 quoniam

2077 3882 2197 3922 cum
2226 3852 2341 3920 huic
2368 3865 2697 3934 loqueretur,
2729 3877 2834 3916 non
2860 3861 2929 3917 de
2952 3860 3338 3931 baptizatorum
3368 3860 3660 3929 propagine

2082 3954 2456 4031 loquebatur.)
2488 3956 2655 4011 Porro
2683 3955 2727 4009 si
2748 3953 3292 4009 sanctusAmbrosius
3320 3967 3426 4007 non
3479 3965 3545 4006 ex
3577 3950 3664 4009 bis

2079 4064 2230 4120 erat,
2260 4052 2350 4123 qui
2376 4049 2645 4106 diabolum
2668 4048 2865 4104 faciunt
2893 4046 3166 4102 hominum
3206 4053 3523 4121 creatorem,
3569 4044 3659 4098 vel

2082 4144 2292 4215 nuptias
2318 4142 2593 4203 damnant,
2624 4140 2709 4193 vel
2738 4141 3041 4207 incapacem
3058 4136 3268 4190 virtutis
3290 4144 3530 4188 naturam
3549 4134 3667 4201 opi-

2083 4248 2277 4293 nantur
2301 4234 2613 4295 humanam;
2644 4230 2738 4284 sed
2769 4245 2831 4283 ex
2864 4228 2947 4283 his
2975 4226 3174 4297 potius,
3201 4225 3290 4295 qui
3323 4225 3485 4279 Deum
3515 4239 3664 4279 sum-

2084 4343 2226 4383 mum
2244 4340 2307 4381 ac
2332 4336 2539 4380 summe
2567 4320 2764 4375 bonum
2794 4320 2954 4373 totius
2980 4316 3230 4380 hominis,
3274 4315 3326 4370 id
3368 4322 3470 4380 est,
3503 4313 3667 4369 totius

2083 4419 2275 4473 animae
2299 4415 2567 4483 totiusque
2614 4409 2857 4479 corporis
2895 4416 3193 4478 agnoscunt
3235 4415 3291 4460 et
3340 4407 3666 4461 conﬁtentur

2084 4519 2377 4573 auctorem,
2406 4514 2461 4561 et
2489 4500 2934 4559 bonorantin‘sui
2964 4499 3162 4570 gradus
3203 4497 3441 4553 bonitate
3479 4498 3670 4566 conju-

2084 4604 2190 4674 gia,
2215 4614 2314 4655 nec
2365 4590 2636 4653 hominem
2680 4593 2914 4665 perfecte
2943 4589 3224 4662 justiﬁcari
3270 4603 3427 4659 posse
3473 4593 3666 4657 despe-

2090 4705 2207 4751 rant
2232 4712 2247 4748 :
2281 4692 2395 4747 haec
2415 4689 2628 4746 interim
2660 4688 2759 4742 tria
2782 4696 2960 4741 vestra
2989 4690 3298 4754 argumenta
3327 4679 3456 4734 tanti
3481 4677 3502 4710 ⁸
3524 4678 3669 4733 illius

2154 4850 2171 4881 ι
2208 4846 2344 4905 eam.
2367 4841 2598 4908 «motus.
2617 4838 2768 4908 ρρειιίι
2782 4836 3081 4908 issine”.
3104 4837 3373 4908 “essetet!

2091 4926 2155 4962 ex
2179 4890 2344 4960 vHéi’i
2368 4890 2835 4956 codicetv‘ldriaeensi
2852 4896 3135 4947 addidimus.
3164 4890 3461 4962 ﬁlioquin’ea
3483 4890 3675 4962 sublata
3721 4919 3725 4962 ξ

2212 4950 2620 5021 ἇέἶιιιίἇὲέῖἶιιῗιια
2636 4950 2639 4951 ν
2657 4968 2781 5025 post,
2813 4962 2999 5010 erraret
3015 4992 3031 5018 ,
3057 4950 3433 5025 _qnod_nqit_ts_sx
3452 4950 3673 5025 uigilis;

2095 4987 2105 5024 I
2159 4987 2190 5020 'l
2212 4987 2466 5021 υειιιιιιιδει
2501 4987 2620 5014 lllll'a
2658 4987 2781 5025 ltum,
2813 4987 2856 5010 cr
2871 4987 2999 5009 tutu
3015 4992 3031 5018 ,
3063 4987 3189 5018 ιμιυιι
3212 4987 3348 5003 unum;
3368 4987 3432 5003 ουν
3454 4987 3510 5001 υ..
3525 4987 3631 5011 tu...
3653 4988 3670 5013 ,

2095 4987 2193 5092 regi,
2214 5036 2341 5083 sicut
2362 5028 2560 5092 inAlibro
2601 5031 2775 5092 quarto
2815 5027 2983 5092 contra
3038 5019 3159 5092 (ξξιέξι
3441 5003 3675 5092 1³ξῇεέ

2093 5077 2460 5152 ini-16:83.29,
2481 5077 2800 5152 correfvimus,
2823 5078 2992 5152 nongob
3013 5077 3165 5152 aliud,
3440 5080 3583 5152 nstris
3608 5085 3675 5152 es:

2092 5134 2460 5221 ibat;
2481 5134 2805 5221 ivdiltmhresii:
2842 5134 3169 5193 testimonium
3204 5138 3254 5188 in
3288 5134 3435 5187 citato
3466 5134 3590 5185 libro
3610 5135 3676 5186 de

2092 5207 2191 5271 ibi;
2203 5207 2267 5269 et
2290 5226 2404 5266 Arca
2425 5226 2552 5263 nunc
2567 5207 2887 5271 desideratur.

2159 5256 2190 5315 ἴ
2213 5256 2404 5341 Χῖίᾶὑᾶ
2416 5256 2551 5341 nisi:
2563 5256 2890 5341 ῥέιίβείξηιὲςεέ
2916 5256 3675 5341 9:99._£m}sts§i:°ustﬂli.isr

2097 5318 2634 5397 tentiié'iﬁfiiai'iabié,
2649 5318 2709 5378 ἠ.
2733 5328 2766 5377 2
2782 5323 3079 5397 :A'ecneirtus,
3098 5320 3180 5397 cyi
3192 5318 3423 5392 vitiositas

2097 5382 2305 5457 ἧντ’ἐὲὶᾶ
2318 5382 2579 5457 amre.
2615 5382 2747 5457 me
2776 5382 3216 5457 crediturmsrﬁsis
3250 5397 3366 5449 ama
3400 5382 3681 5457 inausum

2096 5445 2511 5518 {ﬁmﬁiédibue
2546 5445 2626 5505 ést'
2636 5464 2769 5517 posse
2803 5445 3048 5518 cmtsunti.'_
3068 5445 3682 5518 neliqtumus,_pgmipien:

2099 5504 2211 5585 ἱιῖιῖἷ
2220 5504 2435 5589 ἇιιῖὶῖᾶ
2450 5504 2596 5589 lectio
2613 5504 2665 5566 έι
2677 5511 2970 5589 mmini?“
2991 5511 3073 5589 ii}:
3083 5504 3326 5589 ,Ξέἓλθείεί
3341 5504 3681 5589 “Emi-3‘22"

2100 5565 2585 5653 EUté‘BBEz'tégiuu
2595 5565 2967 5633 accommodata,
2989 5565 3070 5623 vel
3081 5565 3363 5633 incapacem
3383 5565 3678 5623 t'irtttt's'na.

2101 5660 2259 5689 lm'nm
2279 5645 2533 5689 mittantur
2555 5634 2830 5689 humanam.

2555 5645 2830 5690 humanam.

2100 5660 2259 5703 turam
2279 5660 2533 5710 epulantur
2555 5660 2830 5690 nummum.

2165 5714 2186 5745 ³
2219 5719 2318 5757 Αηι.
2336 5714 2409 5755 Er.
2434 5713 2488 5755 et
2508 5714 2661 5766 prum
2674 5709 2846 5749 omnes
2866 5702 2994 5766 tiles"
3019 5693 3368 5755 alteacmcque.

2167 5780 2188 5807 δ
2219 5755 2354 5831 illiti,
2382 5755 2528 5820 tanta:
2552 5755 2751 5823 ιη’διῆ,
2775 5756 2909 5812 ιαηά-
