4014 6184
272 376 376 432 o'rr
767 418 769 421 .
1098 390 1125 405 α

267 484 690 541 lncolumitatem
714 479 1049 550 salutemque
1076 487 1277 532 natura:
1300 476 1351 531 in
1383 476 1479 531 hoc
1507 490 1626 530 esse
1652 474 1849 529 intelli-

269 586 395 650 gant
431 573 796 639 constitutam,
837 586 944 626 non
987 579 1043 624 ut
1071 583 1196 623 caro
1233 576 1289 622 et
1324 565 1560 636 Spiritus,
1604 576 1852 635 tanquam

268 666 413 721 inter
438 681 497 720 se
528 662 839 719 naturaliter
861 661 1093 723 inimica,
1129 659 1265 713 sicut
1288 654 1611 712 Manichzeus
1633 652 1850 721 desipit,

268 742 620 828 Separentur;
662 754 758 810 sed
798 754 976 824 potius
1022 762 1271 821 tauquam
1315 764 1381 803 cx
1411 747 1538 801 vitio
1575 744 1855 800 discordiae

269 861 454 904 Sanata
483 847 829 904 concordent.
868 845 981 899 lloc
1023 851 1105 898 est
1145 841 1286 896 enim
1334 836 1543 895 liberari
1574 856 1604 893 a
1632 852 1856 907 corpore

269 939 462 994 mortis
507 938 687 1009 hujus,
733 944 789 990 ut
825 936 948 990 vita:
997 935 1109 1000 fiat,
1155 931 1295 1003 quod
1338 929 1497 985 modo
1541 943 1734 997 corpus
1778 936 1856 981 est

273 1029 484 1093 mortis,
527 1028 635 1096 ipsa
678 1027 729 1080 in
769 1039 836 1081 eo
868 1032 1037 1077 morte
1068 1023 1363 1085 moriente;
1411 1020 1514 1074 line
1551 1017 1852 1081 discordize,

273 1135 380 1173 non
410 1127 630 1172 naturae.
663 1115 810 1173 Unde
837 1114 1044 1170 dicetur
1071 1112 1230 1167 etiam
1258 1110 1410 1173 illud,
1448 1108 1544 1163 Ubi
1571 1116 1677 1173 θεῖν
1699 1123 1852 1171 mors,

272 1211 523 1265 contentio
568 1220 655 1262 tua
694 1209 736 1279 (l
770 1206 888 1261 Cor.
930 1222 1015 1270 xv,
1047 1204 1164 1273 55)?
1200 1201 1352 1271 Quod
1393 1217 1497 1256 non
1529 1201 1583 1254 in
1632 1199 1732 1255 hac
1752 1199 1854 1252 vita

272 1300 477 1370 perlici,
511 1300 652 1355 idem
692 1312 904 1369 quoque
945 1295 1094 1351 testis
1120 1306 1197 1350 εει
1229 1293 1429 1364 Martyr
1454 1293 1505 1346 in
1537 1291 1761 1361 epistola
1792 1289 1856 1343 de

275 1391 611 1454 Mortalitate,
661 1391 749 1445 ubi
790 1387 1091 1458 apostolum
1140 1386 1363 1441 Paulum
1412 1393 1691 1456 propterea
1730 1383 1858 1435 dicit

270 1481 625 1554 concupiscere
652 1478 859 1534 dissolvi
884 1488 929 1533 et
962 1494 1068 1532 esse
1093 1493 1206 1531 cum
1236 1475 1454 1540 Christo,
1484 1483 1539 1527 ut
1569 1472 1723 1527 nullis
1742 1472 1855 1542 jam

273 1574 417 1642 ﬁeret
457 1572 674 1642 peccatis
699 1582 746 1624 et
782 1571 912 1624 vitiis
940 1569 1106 1622 carnis
1135 1566 1399 1621 obnoxius.
1427 1564 1595 1634 Quam
1622 1579 1748 1621 vero
1773 1563 1853 1615 vi-

270 1667 499 1737 gilanter
522 1663 779 1720 atl\el'8tts
813 1660 939 1716 illud
966 1658 1154 1728 dogma
1182 1667 1442 1722 vestrum,
1471 1670 1575 1724 quo
1600 1655 1652 1708 in
1680 1664 1853 1707 vestra

272 1756 469 1810 virtute
496 1753 786 1817 conﬁditis,
820 1751 921 1806 hoc
947 1751 1001 1804 in
1027 1748 1279 1803 Oratione
1305 1745 1569 1804 dominica
1600 1743 1854 1812 exponit?

271 1845 365 1902 Sic
393 1845 536 1900 enim
567 1843 748 1905 docet.
779 1841 1047 1915 petendum
1074 1840 1128 1894 id
1157 1839 1325 1908 potius
1361 1855 1393 1890 a
1426 1836 1663 1902 Domino,
1703 1852 1852 1904 quam

270 1936 337 1995 de
374 1935 594 2007 propriis
627 1934 812 1989 viribus
838 1929 1277 2003 prmsumendum,
1318 1936 1371 1981 ut
1404 1927 1532 1980 inter
1556 1941 1756 1978 carnem
1793 1940 1854 1976 ac

266 2028 506 2097 spiritum
547 2042 649 2080 non
689 2026 911 2078 humana
948 2021 1125 2086 virtus,
1170 2019 1260 2075 sed
1297 2018 1462 2089 gratia
1492 2017 1646 2089 faciat
1684 2016 1855 2076 divina

267 2116 592 2175 concordiam
637 2129 658 2170 :
703 2127 1004 2168 consonans
1048 2111 1267 2166 omnino
1311 2108 1572 2179 Apostolo
1607 2107 1849 2170 .dicenti,

272 2206 399 2273 Quis
428 2224 507 2262 me
531 2206 756 2262 liberabit
795 2205 857 2259 de
888 2219 1098 2274 corpore
1128 2201 1300 2256 mortis
1325 2198 1520 2272 hujus?
1546 2195 1721 2253 Gratia
1756 2196 1853 2273 Dei

268 2317 361 2372 per
400 2299 575 2355 Jesum
602 2298 855 2354 Christum
884 2294 1157 2351 Dominum
1185 2302 1431 2351 nostrum.
1508 2324 1548 2354 ,ε

342 2392 395 2447 7.
437 2390 533 2445 llis
577 2400 629 2444 et
678 2397 895 2444 sanctus
944 2382 1231 2455 Gregorius
1275 2390 1559 2437 attestatur
1600 2378 1785 2435 dicens
1833 2397 1847 2435 :

173 2500 176 2504 '
267 2482 451 2536 Anima
478 2495 694 2550 namque
718 2496 833 2533 cum
868 2479 921 2532 in
949 2475 1200 2531 laboribus
1228 2475 1380 2547 fuerit
1406 2481 1454 2528 et
1492 2474 1545 2528 in
1581 2472 1846 2544 angustiis,

261 2589 382 2632 cum
417 2555 665 2628 hostiliter
700 2579 904 2640 urgetur
931 2585 962 2622 a
989 2584 1159 2634 carne,
1191 2576 1309 2620 tunc
1332 2566 1402 2619 ad
1426 2562 1588 2619 Deum
1623 2563 1846 2637 refugit,

264 2676 316 2728 et
337 2666 589 2738 cognoscit
616 2661 750 2718 unde
773 2661 945 2716 debeat
969 2658 1216 2715 auxilium
1246 2674 1463 2729 poscere.
1496 2657 1576 2714 Ac
1607 2672 1674 2713 ne
1698 2657 1845 2726 quis-

260 2770 426 2827 quam
465 2754 519 2809 in
564 2753 649 2809 bis
687 2752 866 2807 verbis
903 2752 1136 2821 episcopi
1175 2748 1415 2820 Gregorii
1448 2746 1714 2805 hostiliter
1752 2762 1846 2803 nr-

260 2853 476 2916 gentem
507 2842 526 2877 ¹
548 2857 784 2906 carnem,
815 2853 1060 2913 tanquam
1081 2856 1148 2896 ex
1176 2839 1447 2895 minaria
1474 2847 1660 2895 natura
1686 2838 1843 2905 mali,

259 2935 555 2991 secundum
583 2933 996 2991 Maniclneorum
1031 2932 1289 2986 insaniam
1320 2931 1654 3000 suspicetur;
1683 2931 1843 2987 etiam

259 3027 379 3097 ipse
402 3024 522 3080 vide
550 3022 999 3093 quemadmodum
1039 3023 1150 3077 suis
1186 3022 1435 3076 fratribus
1467 3029 1521 3075 et
1552 3020 1843 3076 conducto-

257 3116 411 3175 ribus
441 3114 708 3180 conciliat,
736 3113 936 3168 docens
961 3127 1065 3167 non
1094 3112 1163 3165 ob
1188 3110 1327 3165 aliud
1350 3110 1610 3166 adversus
1628 3124 1843 3164 carnem

258 3205 505 3277 spiritum
529 3204 925 3275 concupiscere,
956 3202 1060 3258 nisi
1086 3212 1143 3256 ut
1181 3217 1278 3257 suo
1309 3211 1594 3271 utrumque
1623 3215 1845 3255 revoce-

256 3307 347 3355 ωι-
368 3296 576 3353 auctori
602 3304 723 3368 post
747 3295 1118 3367 gravissimum
1140 3295 1191 3349 in
1220 3295 1320 3349 bac
1340 3296 1444 3350 vita
1469 3293 1547 3350 rei
1568 3294 1842 3365 utriusque

258 3387 587 3455 conﬂictum,
628 3387 680 3442 in
721 3401 827 3458 quo
865 3385 1073 3441 laborat
1112 3387 1348 3441 omnium
1376 3386 1484 3443 vita
1513 3396 1840 3442 sanctorum.

257 3478 315 3538 In
344 3478 481 3536 libro
503 3480 699 3553 quippe
719 3477 1063 3549 Apologetico
1089 3496 1103 3531 :
1138 3496 1159 3530 ς
1186 3478 1400 3534 Illorum
1421 3493 1569 3543 vero,
1602 3498 1621 3532 ι
1639 3478 1839 3553 inquit,

266 3587 287 3622 ο
320 3571 601 3628 verterunt
640 3568 877 3623 nondum
917 3567 1056 3624 facio
1097 3567 1445 3635 mentionem,
1481 3568 1675 3638 quibus
1706 3569 1841 3625 intra

259 3660 621 3730 nosmetipsos
660 3660 889 3732 propriis
916 3658 1057 3720 vitiis
1088 3674 1154 3715 ac
1188 3660 1528 3731 passionibus
1570 3660 1846 3731 impugna-

258 3764 400 3812 mur.
428 3758 482 3804 et
506 3748 594 3804 die
620 3759 885 3819 noctuque
918 3749 1096 3819 ignitis
1131 3750 1358 3807 stimulis
1380 3751 1626 3824 corporis
1667 3750 1842 3806 Immi—

258 3838 427 3895 litatis
455 3839 610 3910 hujus
631 3848 686 3894 et
712 3840 955 3909 corporis
979 3841 1166 3895 mortis
1192 3855 1462 3908 urgemur,
1495 3856 1635 3897 nunc
1660 3840 1839 3897 lateo.-

257 3939 362 3993 ter,
390 3946 534 3986 nunc
559 3930 717 3986 etiam
744 3929 917 4000 palam
944 3930 1353 4005 provocantibus
1378 3930 1571 4001 ubique
1617 3940 1672 3989 et
1721 3932 1844 3986 irri-

253 4021 497 4078 tantibus
532 4035 710 4075 rerum
742 4020 1026 4075 visibilium
1076 4020 1360 4087 illecebris,
1379 4020 1490 4074 luto
1530 4021 1672 4075 boc’
1700 4019 1842 4077 lamis

252 4110 343 4171 cui
376 4110 703 4175 inbaasimus,
748 4111 886 4167 omni
927 4111 1007 4166 sui
1047 4109 1265 4167 fetorem
1292 4110 1442 4166 venis
1478 4112 1842 4181 capacioribus

252 4202 569 4265 exhalante;
615 4201 709 4258 sed
738 4211 793 4257 et
818 4203 936 4273 lege
977 4202 1203 4271 peccati,
1245 4218 1364 4272 qua:
1389 4212 1471 4259 est
1500 4203 1551 4256 in
1585 4203 1840 4258 membris

253 4294 490 4359 nostris,
519 4282 620 4364 legi
650 4293 867 4365 spiritus
905 4302 1265 4364 repugnante;
1288 4293 1413 4348 dum
1443 4295 1725 4365 imaginem
1755 4311 1843 4350 re-

253 4381 418 4453 giam,
456 4398 575 4452 qam
616 4385 753 4441 intra
794 4397 892 4437 nos
924 4393 1024 4445 est,
1070 4383 1331 4453 captivam
1372 4383 1571 4439 ducere
1613 4384 1786 4440 studet
1823 4405 1838 4442 :
1884 4447 1893 4455 ,

252 4481 317 4527 ut
341 4474 669 4542 spoli’isejus
698 4474 876 4545 cedat,
912 4474 1165 4545 quidquid
1201 4474 1329 4529 illud
1368 4485 1452 4531 est
1476 4476 1615 4547 quod
1648 4477 1699 4531 iu
1742 4492 1841 4533 nos

254 4563 519 4620 beneﬂcio
543 4563 738 4623 divinm
764 4581 826 4619 ae
854 4567 1041 4635 primae
1072 4565 1213 4625 illius
1239 4566 1559 4622 conditionis
1586 4567 1790 4622 inﬂuxit
1821 4585 1836 4623 :

254 4654 402 4710 unde
424 4656 511 4712 vix
536 4655 728 4727 aliquis
755 4656 981 4713 fortasse
1006 4657 1158 4728 longa
1186 4672 1246 4713 se
1269 4668 1323 4713 et
1343 4658 1580 4717 districta
1599 4659 1621 4690 ³
1649 4675 1840 4729 regens

258 4744 614 4818 philosophia.
641 4761 692 4803 et
726 4749 972 4817 paulatim
1014 4748 1342 4804 nobilitatem
1380 4751 1574 4804 anima:
1610 4764 1723 4805 sua:
1751 4766 1840 4805 re-

246 4837 460 4903 colens,
488 4846 747 4894 staturam
778 4839 910 4894 lucis
947 4855 1066 4910 qua:
1104 4840 1157 4894 in
1194 4854 1257 4896 se
1293 4849 1376 4895 est
1413 4842 1598 4896 humili
1632 4840 1755 4896 huic
1784 4851 1839 4897 et

253 4926 543 4983 tenebroso
588 4929 699 4984 luto
748 4929 1065 4997 conjuncta.
1112 4938 1328 4985 revocet
1375 4945 1440 4987 ac
1482 4930 1719 4987 reﬂectat
1767 4932 1836 4986 ad

250 5016 423 5075 Deum
457 5035 471 5072 :
503 5018 589 5073 vel
616 5021 661 5074 si
689 5030 833 5075 certe
851 5021 1093 5091 .propitio
1124 5020 1234 5077 Deo
1259 5031 1401 5092 agat,
1429 5034 1711 5095 utrumque
1738 5040 1836 5094 pa-

247 5108 384 5163 riter
418 5109 725 5176 revocabit;
771 5111 817 5165 si
861 5120 1035 5172 tamen
1078 5112 1233 5186 longa
1268 5125 1322 5170 et
1353 5115 1564 5171 assidua
1606 5118 1835 5173 medita—

244 5197 396 5253 sione
421 5200 687 5255 insuescat
726 5216 937 5256 sursum
977 5218 1191 5275 semper
1215 5205 1474 5276 aspicere,
1497 5215 1560 5263 .et
1581 5210 1831 5266 deorsum

241 5287 390 5344 male
432 5289 730 5346 trahentem
774 5307 840 5347 ac
883 5292 1256 5364 degravantem
1299 5298 1573 5352 materiam
1621 5299 1834 5355 sibimet

241 5378 517 5434 astrictam
546 5380 708 5436 frenis
728 5382 1044 5439 arctioribus
1056 5384 1337 5442 sublevare
1354 5407 1373 5440 ι
1400 5385 1449 5459 (1
1456 5405 1488 5442 n
1509 5389 1837 5461 Apologetico

307 5557 328 5626 ⁸,
362 5554 513 5626 miti,
550 5555 731 5620 urgeri.
771 5559 1069 5623 castigantur
1105 5561 1165 5612 ad
1200 5563 1460 5614 Gallicanos
1503 5565 1625 5617 duos
1669 5578 1836 5619 mnu-

519 5677 679 5752 hujus.
708 5688 763 5752 at
783 5688 908 5752 ηδτ.
932 5681 1037 5733 hoc.

300 5740 325 5775 ³
349 5736 534 5804 Βειείιὴ
555 5736 647 5792 iss
668 5775 683 5803 ,
707 5736 930 5795 discreta.

1578 361 1779 417 LIBER
1816 358 2187 416 SECUNDUS.

3440 370 3542 431 δη

1966 473 2126 542 primo
2156 473 2218 526 de
2246 490 2338 526 sua
2368 473 2531 544 luga).
2582 477 2840 547 Agnosco.
2877 477 2950 534 illi
2988 479 3198 538 Julianc
3228 524 3246 548 ,
3275 498 3539 542 consona:

1964 562 2250 618 catholicas
2277 578 2456 647 voces,
2500 577 2552 620 et
2594 571 2662 621 ab
2711 570 2788 623 eis
2832 570 3016 627 desine
3063 573 3360 631 dissonare.
3410 576 3544 639 Cum

1963 654 2092 709 dicit
2122 655 2306 711 beatus
2334 656 2642 728 Gregorius,
2686 658 2831 714 Intra
2870 666 3199 732 nosmetipsos
3228 668 3449 737 propriis
3474 670 3545 723 ri-

1965 747 2045 799 tiis
2075 763 2133 800 ac
2163 749 2476 815 pastionibus
2503 754 2883 822 impugnantur,
2912 765 2958 807 et
2985 756 3066 808 die
3105 769 3348 827 noctuque
3378 760 3544 830 ignitis

1962 837 2178 890 stimulis
2221 840 2445 906 corporis
2489 839 2786 895 humilitatis
2824 844 2977 915 hujus
3021 855 3067 897 et
3109 849 3334 915 corporis
3373 851 3546 902 mortis

1964 942 2233 997 urgemur;
2295 929 2589 997 baptizatus
2641 931 2890 1002 loquitur,
2930 935 2997 988 de
3038 936 3314 1002 baptizatis
3375 938 3548 1009 Inqui-

1964 1018 2107 1069 tttr‘.
2144 1019 2272 1071 Cum
2301 1020 2448 1083 dicit,
2490 1021 2597 1091 lege
2632 1025 2822 1091 peccati
2854 1041 2968 1093 qua:
3001 1037 3069 1079 est
3099 1027 3149 1080 in
3181 1029 3411 1082 membris
3449 1047 3545 1082 no-

1962 1107 2081 1159 stris
2116 1107 2213 1177 lcgi
2254 1109 2459 1176 spiritus
2495 1122 2841 1180 repugnante;
2872 1115 3167 1182 baptizatus
3195 1117 3444 1187 loquitur,
3478 1120 3545 1172 de

1964 1197 2240 1266 baptizatis
2269 1200 2517 1269 loquitur.
2546 1203 2970 1259 Christianorum
2993 1217 3074 1260 est
3102 1208 3195 1261 ista
3224 1225 3395 1280 pugna
3426 1212 3547 1265 tide-

1962 1286 2114 1354 lium,
2153 1305 2258 1343 non
2300 1290 2590 1345 inﬁdelium
2631 1293 2958 1348 Judgcornm.
2990 1298 3180 1362 Crede,
3222 1300 3266 1351 si
3308 1316 3411 1353 non
3453 1316 3549 1367 pu-

1958 1392 2124 1451 gnas;
2165 1394 2415 1449 agnosce,
2454 1382 2498 1436 si
2543 1398 2764 1453 pugnas,
2800 1395 2854 1439 et
2883 1387 2981 1440 ista
3031 1391 3244 1457 pugna'
3290 1392 3542 1446 rebellem

1961 1483 2170 1540 quoque
2198 1473 2499 1542 superbiam
2535 1475 2797 1544 Pelagiani
2840 1481 3038 1534 erroris
3065 1496 3329 1552 expugna.
3355 1482 3545 1539 Jamne

1961 1562 2245 1630 discernis,
2290 1564 2475 1634 jamue
2515 1569 2790 1636 perspicis,
2837 1568 3019 1639 jamne
3062 1573 3351 1640 resipiscis,
3393 1583 3448 1629 et
3491 1576 3541 1628 in

1964 1652 2292 1722 Baptisniate
2339 1654 2453 1710 ﬁeri
2492 1659 2728 1715 omnium
2769 1660 3137 1716 remissionem
3183 1676 3539 1731 peccatorum,

1960 1750 2016 1796 ct
2041 1758 2161 1797 cum
2196 1745 2476 1813 baptizatis
2517 1749 2665 1817 quasi
2695 1749 2847 1804 civile
2886 1750 3080 1806 bellum
3118 1753 3422 1808 interiorum
3454 1772 3539 1809 re-

1959 1847 2177 1888 mauere
2205 1834 2499 1890 vitiorum?
2546 1837 2660 1891 Non
2707 1841 2848 1893 enim
2905 1842 3024 1894 talia
3075 1851 3199 1896 sunt
3226 1843 3375 1910 vitia,
3422 1861 3542 1912 (piro

1956 1923 2064 1990 jam
2091 1933 2306 1994 peccata
2344 1925 2568 1983 dicenda
2603 1931 2729 1993 sint,
2772 1930 2818 1984 si
2863 1931 2928 1983 ad
2968 1931 3146 1985 illicita
3182 1947 3342 2001 opera
3384 1934 3544 2003 spiris

1959 2021 2067 2070 tum
2111 2016 2537 2085 concupiscentia
2578 2034 2683 2076 non
2741 2021 2911 2075 trahat
2958 2030 3012 2076 et
3045 2024 3308 2092 concipiat
3348 2026 3543 2092 pariat-

1957 2119 2060 2173 que
2084 2116 2381 2175 peccatum.
2408 2107 2518 2163 Nec
2544 2118 2719 2164 tamen
2748 2122 2896 2165 extra
2922 2126 3020 2165 nos
3039 2122 3182 2177 sunt,
3209 2114 3400 2186 quibus
3422 2116 3538 2168 vin-

1956 2196 2161 2262 cendis,
2190 2212 2312 2252 cum
2342 2198 2398 2257 in
2423 2198 2523 2254 hoc
2546 2200 2835 2257 certamine
2855 2202 3193 2274 prolicientcr
3214 2204 3536 2273 laboramus,

1956 2284 2261 2342 instandum
2308 2297 2429 2356 est;
2479 2301 2659 2346 nostra
2710 2302 2856 2360 sunt,
2909 2296 3183 2365 passiones
3223 2307 3365 2360 sunt.
3410 2299 3538 2355 vitia

1954 2388 2097 2441 8ttttt,
2145 2381 2419 2448 frenanda,
2452 2384 2767 2448 cohibenda,
2798 2388 3032 2441 sanando
3059 2397 3182 2443 sunt
3214 2405 3227 2441 :
3273 2390 3365 2443 sed
3410 2391 3537 2445 dum

1953 2480 2208 2526 curantur
2247 2470 2435 2535 infesta
2462 2484 2607 2529 sunt.
2635 2475 2775 2532 Etsi
2821 2476 2977 2531 nobis
3018 2478 3083 2531 ad
3112 2478 3328 2533 meliora
3372 2480 3537 2549 proli,

1954 2564 2240 2631 cientibus,
2290 2568 2458 2638 magis
2499 2568 2769 2640 magisque
2809 2572 3148 2636 minuuntur;
3195 2580 3370 2627 tamen
3410 2573 3536 2627 dum

1955 2656 2041 2712 liic
2063 2657 2275 2725 vivitur,
2302 2672 2423 2714 esse
2452 2675 2555 2713 non
2587 2660 2854 2715 desinunt.
2886 2661 3196 2717 Discedente
3218 2662 3338 2717 hinc
3359 2663 3538 2723 anima

1953 2749 2038 2818 pia
2070 2749 2337 2817 peribunt,
2380 2750 2432 2805 in
2460 2760 2770 2820 resurgente
2798 2767 3024 2822 corpore
3051 2769 3156 2808 non
3196 2755 3460 2809 redibunt.

2021 2837 2247 2893 CAPUT
2278 2837 2363 2892 PV.
2395 2869 2465 2879 —
2490 2840 2544 2894 8.
2589 2840 2725 2910 Ergo
2756 2840 2825 2895 ad
2854 2841 3067 2897 beatum
3104 2843 3383 2899 redeamus
3407 2845 3536 2897 Am.-

1949 2925 2210 2983 brosium.
2265 2929 2434 2984 Etiam
2489 2928 2641 2984 Pauli
2690 2949 2826 2997 raro,
2885 2934 3077 3003 inquit,
3130 2951 3312 3005 corpus
3360 2936 3534 2990 martis

1951 3031 2078 3089 erat,
2106 3023 2233 3077 sicut
2261 3024 2368 3094 ipse
2386 3025 2476 3090 ait,
2511 3023 2668 3095 «Quis
2687 3041 2765 3079 me
2786 3024 3013 3080 liberabit
3036 3026 3098 3080 de
3121 3043 3331 3098 corpore
3359 3030 3533 3084 mortis

1953 3110 2150 3180 hujus?
2179 3130 2198 3163 ι
2246 3112 2319 3166 Ita
2344 3113 2601 3168 intellexit
2645 3114 2977 3180 Ambrosius,
3007 3115 3076 3169 ita
3104 3114 3420 3187 Cyprianus,
3462 3117 3534 3173 ita

1948 3198 2263 3270 Gregorius,
2300 3210 2361 3257 tit
2395 3202 2462 3258 de
2499 3204 2616 3257 aliis
2644 3203 2854 3257 interim
2883 3212 3085 3259 taceam
3109 3205 3265 3261 simili
3298 3206 3532 3276 preeditis

1952 3293 2269 3347 auctoritate
2312 3291 2638 3348 doctoribus.
2685 3293 2820 3352 Huic
2861 3297 3019 3351 morti
3062 3296 3271 3351 dicetur
3306 3299 3358 3351 in
3407 3300 3529 3363 line,

1953 3377 2051 3434 Ubi
2088 3389 2179 3445 est,
2210 3396 2367 3446 mors,
2411 3384 2659 3437 contentio
2699 3384 2829 3438 tua?
2855 3384 2962 3439 Sed
2996 3402 3424 3456 regeneratorum
3452 3398 3536 3445 est

1952 3468 2069 3524 Iure
2088 3470 2279 3541 gratia,
2307 3485 2411 3525 non
2434 3481 2833 3541 generatorum.
2858 3475 3048 3531 Christi
3072 3478 3202 3531 enim
3225 3494 3363 3540 caro,
3391 3479 3534 3548 quod

1946 3559 2185 3631 adiungit
2229 3562 2580 3629 Ambrosius,
2629 3564 2877 3619 damnant
2925 3577 3204 3636 peceatum,
3251 3573 3389 3639 quod
3439 3586 3534 3625 na-

1944 3653 2132 3705 scendo
2157 3667 2258 3705 non
2296 3653 2468 3719 sensit,
2496 3654 2631 3723 quod
2657 3654 2915 3709 moriendo
2939 3658 3190 3725 cruciﬁxit
3218 3673 3239 3714 ε
3264 3661 3533 3715 nascendo

1946 3755 2053 3798 non
2094 3742 2263 3797 sensit
2296 3743 2347 3797 in
2377 3758 2456 3805 se,
2502 3746 2778 3800 moriendo
2805 3747 3067 3802 cruciﬁxit
3108 3750 3157 3803 in
3202 3753 3375 3805 nobis.
3419 3752 3527 3809 Lex

1949 3832 2125 3903 itaque
2160 3836 2368 3904 peccati
2396 3850 2696 3906 repugnans
2734 3837 2838 3908 legi
2885 3839 3098 3906 mentis,
3143 3855 3260 3909 quae
3306 3841 3358 3895 in
3398 3844 3531 3898 tanti

1947 3940 2159 4000 quoque
2187 3926 2414 3999 apostoli
2462 3928 2713 3984 nieuibris
2745 3938 2883 4000 erat,
2928 3931 3212 3989 remittitur
3251 3933 3302 3987 in
3349 3933 3530 4001 Bapti-

1946 4025 2139 4081 smate,
2166 4031 2270 4070 non
2294 4015 2494 4074 ﬁnitur.
2521 4019 2593 4072 Ex
2619 4019 2716 4074 hac
2736 4021 2856 4092 iege
2878 4022 3055 4076 carnis
3080 4033 3402 4092 repugnante
3426 4024 3529 4093 legi

1946 4106 2144 4167 mentis
2172 4107 2299 4160 nihil
2340 4108 2533 4168 Christi
2565 4125 2757 4180 corpus
2784 4112 3032 4176 attraxit;
3064 4114 3183 4182 quia
3214 4130 3315 4167 non
3346 4128 3410 4167 ex
3442 4114 3529 4167 illa

1948 4195 2109 4268 Virgo
2147 4198 2412 4268 concepit.
2459 4199 2535 4252 Ex
2574 4201 2674 4254 bac
2708 4199 2825 4270 lege
2859 4201 3034 4277 carnis
3061 4213 3383 4272 repugnante
3427 4204 3526 4274 legi

1945 4288 2140 4363 mentis
2185 4289 2425 4344 eamdem
2466 4289 2638 4359 legem
2687 4290 2851 4359 prima
2896 4292 3171 4351 nativitate
3210 4309 3368 4348 nemo
3412 4311 3518 4349 non
3606 4322 3617 4329 —

1947 4381 2132 4445 traxit;
2180 4380 2304 4450 quia
2341 4380 2441 4434 nisi
2484 4395 2550 4434 ex
2599 4380 2689 4434 illa
2732 4381 2919 4436 mulier
2966 4383 3106 4441 nulla
3146 4387 3409 4456 concepit.
3458 4386 3525 4441 Et

1948 4470 2069 4526 ideo
2108 4471 2444 4526 venerandus
2490 4469 2743 4537 Hilarius,
2787 4485 2855 4527 ex
2896 4481 3111 4541 peccato
3151 4487 3272 4529 esse
3312 4491 3525 4530 esuriem

1945 4577 2164 4619 carnem
2190 4577 2294 4617 non
2320 4570 2598 4617 cunctatus
2618 4548 2700 4617 est
2719 4563 2897 4618 dicere
2918 4561 3137 4635 (Supra,
3161 4566 3248 4620 lib.
3275 4567 3327 4631 l,
3350 4583 3402 4619 η.
3422 4565 3522 4638 9):

1944 4652 2040 4707 sed
2082 4652 2335 4723 numquid
2379 4650 2500 4708 ideo
2542 4654 2751 4723 negavit
2791 4668 2859 4709 ex
2901 4654 3047 4709 Deo?
3087 4655 3364 4722 Quomodo
3394 4658 3557 4712 dici-.

1946 4759 2086 4810 mus,
2132 4752 2187 4799 et
2221 4759 2286 4799 ex
2322 4758 2492 4799 carne
2530 4757 2767 4810 carnem,
2816 4753 2871 4799 et
2910 4760 2974 4799 ex
3012 4744 3233 4801 {nurnine
3271 4761 3518 4813 carnem;

1946 4837 2201 4908 numquid
2242 4838 2405 4894 etiam
2451 4838 2528 4892 sic
2574 4853 2827 4907 negamus
2867 4852 2930 4892 ex
2975 4837 3162 4892 Dco‘?
3208 4838 3348 4919 Ergo
3375 4848 3517 4895 etes

1944 4931 2078 4996 Deo,
2119 4932 2241 5001 quia
2270 4939 2450 4995 creat;
2482 4939 2545 4985 et
2582 4946 2647 4985 ex
2672 4929 2908 4994 homine,
2946 4931 3065 5000 quia
3092 4911 3345 5000 generat;
3377 4940 3429 4985 et
3455 4947 3521 4992 ex
3571 4911 3603 5019 ξ

1944 5032 2184 5094 peccato,
2214 5024 2338 5093 quia
2368 5023 2534 5077 vitiat.
2562 5021 2669 5078 Sed
2704 5024 2845 5078 Deus
2873 5023 2962 5095 qui
2990 5024 3167 5094 genuit
3200 5023 3388 5078 Filium
3420 5025 3523 5080 sibi

1943 5121 2291 5182 coazternum,
2318 5114 2459 5185 quod
2489 5114 2539 5168 in
2566 5115 2829 5187 principio
2851 5113 3079 5170 Verbum
3103 5124 3238 5180 erat,
3265 5131 3359 5185 per
3379 5117 3524 5186 quod

1943 5198 2145 5259 cicavit
2170 5220 2329 5261 omne
2358 5204 2497 5274 quod
2524 5221 2630 5260 non
2658 5216 2792 5269 erat,
2819 5205 2977 5262 etiam
3006 5206 3175 5274 ipsum
3202 5207 3401 5262 creavit
3429 5208 3525 5260 Ιιοο

1946 5295 2142 5349 minem
2167 5297 2285 5351 sine
2308 5296 2436 5350 vitio
2455 5294 2498 5362 ⁵,
2532 5310 2639 5351 non
2667 5310 2733 5349 ex
2760 5296 2961 5350 semine
2983 5295 3211 5350 hominis
3240 5311 3334 5367 per
3359 5297 3520 5367 virgi-

2010 5448 2026 5517 ξ
2063 5447 2198 5517 βψω,
2215 5447 2283 5501 de
2305 5447 2540 5517 baptizata
2561 5446 2786 5517 loquitur.
2812 5448 2975 5500 Melius
3008 5458 3134 5512 3:33.,
3166 5452 3228 5503 de
3249 5449 3521 5517 baptizata.

2006 5511 2028 5573 ξ
2059 5509 2133 5573 sic
2155 5518 2257 5573 uss.
2285 5518 2338 5558 at
2362 5511 2494 5573 editi,
2517 5509 2629 5573 um
2643 5512 2735 5573 ista
2757 5522 2933 5573 pugna.

2006 5569 2029 5602 ³
2059 5568 2195 5639 βείω,
2219 5570 2449 5631 numquid
2472 5571 2615 5621 (tiam
2629 5571 2699 5623 sic
2713 5568 2955 5637 negamus,
2982 5586 3267 5639 generatum
3293 5587 3359 5627 ea:
3383 5572 3520 5628 Deo?

1943 5632 2108 5694 Abest,
2134 5643 2435 5694 generantur,
2458 5646 2490 5680 a
2508 5640 2613 5683 Mss.

2005 5692 2028 5724 δ
2058 5692 2417 5755 ιιιὰῐηαυιιδαιὶι
2432 5696 2467 5744 ti
2495 5693 2728 5752 nonnulli,
2748 5695 3055 5749 Flortaccnsis
3076 5704 3127 5749 et
3147 5699 3410 5750 Casaleusis
3435 5697 3496 5752 ad

1942 5756 2081 5813 dunt.
2101 5770 2191 5808 non
2210 5772 2275 5811 ex
2297 5753 2481 5806 licuitne
2506 5756 2604 5807 sine
2626 5757 2754 5809 vitio.
