4014 6184
1203 306 1472 365 CONTRA
1513 293 1849 358 JULlANUM
1889 281 2354 346 ῐιΕιιΑῦιιιΝυιι,
2385 281 2442 334 S.
2485 272 2847 334 AL'Gl,S'l‘lNl
3629 261 3736 318 θα)

2161 411 2262 466 qua
2288 409 2414 448 caro
2439 387 2767 457 concupiscit
2790 385 3071 439 adversum
3103 379 3344 450 spiritum
3368 421 3383 444 ,
3429 375 3590 434 etiam
3634 375 3732 430 ba-

2155 485 2366 558 ptizatis
2389 483 2588 538 sanctis
2613 479 2854 550 ingerere
2886 473 3154 548 pugnandi
3182 470 3548 528 necessitatem
3565 508 3585 536 ,
3609 481 3740 525 eon-

2157 557 2236 634 tra
2267 577 2394 647 quid
2438 575 2538 630 nisi
2583 581 2768 628 contra
2810 567 3050 626 malum?
3079 581 3186 622 non
3233 561 3613 624 suhStantiam,
3641 557 3750 623 sed

2158 667 2468 724 substantia:
2511 665 2735 729 vitium,
2777 661 2872 716 Dei
2917 659 3083 730 gratia
3123 672 3222 712 nos
3257 660 3605 725 regenerante
3633 665 3742 704 non

2161 758 2561 831 imputandum,
2611 756 2702 810 Dei
2757 753 2924 826 gratia
2971 750 3190 820 juvaute
3244 744 3597 810 frenaudum,
3647 741 3744 796 Dei

2161 852 2328 926 gratia
2356 855 2732 904 rcmuncrante
2757 841 3088 900 sanandum?

457 329 557 389 6'19

460 459 584 501 nem
613 451 816 498 natum,
857 431 910 488 in
951 443 1059 500 quo
1087 429 1368 496 rcgenerat
1395 415 1665 472 hominem
1705 415 2040 482 generatam,

462 543 725 603 sanatque
768 497 1028 586 vitiatum,
1081 533 1114 573 a
1163 525 1312 572 reatu
1369 509 1571 571 statim,
1623 503 1692 559 ab
1739 497 2049 556 inﬁrmitate

465 588 737 697 paulatim.
779 617 976 672 Contra
1011 624 1170 680 quam
1209 610 1578 676 regeneratus,
1616 594 1664 650 si
1697 592 1806 662 jam
1845 588 2052 644 ratione

467 682 652 776 utitur,
692 710 786 766 illo
816 709 1094 776 spectante
1121 705 1283 768 atque
1317 692 1603 759 adiuvante
1626 684 1771 740 velut
1799 682 1856 736 in
1883 691 2054 749 agone

466 767 704 872 confligit
733 818 747 855 :
791 767 912 870 quia
937 795 1106 848 virtus
1134 767 1529 843 iniinﬁrmitate
1557 775 1830 850 perﬁcitur
1861 769 1902 842 (l
1933 767 2053 824 Cor.

468 914 562 962 xu,
595 857 673 966 9;,
706 857 830 948 dum
871 897 1055 942 contra
1087 884 1187 936 hoc
1217 885 1457 932 nostrum
1498 867 1640 941 quod
1667 881 1698 920 a
1723 861 1924 935 justitia
1965 857 2058 913 de-

471 953 602 1050 ﬁcit,
633 953 730 1039 illo
759 988 942 1035 nostro
969 972 1110 1046 quod
1137 970 1202 1025 ad
1227 965 1484 1038 justitiam
1517 958 1726 1031 proiicit
1753 953 2057 1013 dimicatur;

471 1090 531 1132 ut
577 1077 824 1130 vincente
870 1065 1110 1140 profectu
1155 1071 1324 1116 totum
1371 1059 1554 1124 surgat
1603 1051 1655 1104 in
1698 1047 1910 1110 melius,
1955 1055 2062 1096 non

474 1171 726 1225 vincente
755 1137 964 1220 defectu
991 1167 1157 1214 totum
1180 1159 1364 1222 vergat
1393 1150 1446 1202 in
1479 1145 1650 1216 pejus.
1694 1137 1949 1195 Parvulus
1971 1149 2064 1188 ve-

477 1277 561 1322 ro,
597 1261 650 1313 in
689 1272 794 1326 quo
831 1251 1004 1306 adhuc
1037 1245 1258 1302 rationis
1295 1239 1470 1295 nullus
1499 1244 1583 1292 est
1613 1247 1762 1294 usus,
1791 1227 2067 1280 voluntate

481 1351 694 1422 quidem
742 1344 953 1414 propria
996 1353 1094 1394 nec
1119 1335 1172 1391 in
1202 1335 1345 1389 bono
1381 1335 1482 1392 est,
1509 1339 1611 1380 nec
1645 1323 1696 1377 in
1726 1319 1899 1382 male;
1943 1313 2068 1384 quia

487 1401 685 1498 nullam
745 1440 796 1490 in
851 1435 1163 1488 alterutrum
1219 1419 1596 1493 cogitationem
1652 1409 1872 1466 versat‘
1899 1448 1915 1474 ,
1974 1401 2069 1458 sed

488 1542 771 1598 utrumque
809 1525 861 1578 in
904 1522 993 1576 illo
1035 1515 1369 1585 consepitum
1395 1515 1569 1571 vacat,
1599 1513 1654 1559 et
1682 1503 1878 1556 bonum
1919 1504 2072 1550 natu-

491 1623 600 1678 rale
631 1617 872 1678 rationis,
902 1626 954 1670 et
983 1611 1179 1667 malum
1209 1602 1468 1675 originale
1512 1596 1712 1670 peccati
1743 1611 1756 1647 :
1796 1589 1888 1646 sed
1919 1587 2074 1642 annis

490 1708 884 1770 accedentibus,
916 1701 1199 1770 evigilante
1235 1695 1462 1758 ratione,
1491 1688 1637 1744 venit
1667 1681 1994 1744 mandatum,
2023 1687 2078 1731 ct

494 1802 762 1860 reviviscit
791 1804 1066 1868 peccatum
1100 1809 1112 1843 :
1143 1787 1284 1860 quod
1311 1785 1564 1840 adversus
1595 1781 1924 1832 crescentem
1955 1785 2077 1824 cunt

498 1907 730 1966 pugnare
751 1859 972 1956 eruperit
995 1927 1008 1950 ,
1042 1859 1173 1938 tunc,
1205 1874 1478 1948 apparebit
1516 1869 1644 1942 quid
1681 1869 1736 1922 in
1774 1864 1975 1922 infame
2003 1859 2081 1913 la.-

501 1953 662 2040 lue’rit
679 2025 694 2048 ,
717 1991 771 2035 et
796 1953 886 2032 aut
912 1975 1094 2036 vincit,
1121 1980 1174 2027 et
1197 1963 1604 2026 damnabitur';
1632 1965 1725 2014 aut
1750 1953 2000 2016 vincitur,
2030 1956 2084 2004 et

500 2076 793 2133 sanabitur.
820 2071 936 2126 Non
961 2077 1134 2122 tamen
1159 2063 1278 2116 ideo
1300 2058 1494 2113 malum
1519 2054 1620 2108 hoc
1639 2048 1766 2104 nihil
1793 2042 2082 2104 nocuisset,

502 2163 711 2222 etiamsi
740 2161 1044 2232 priusquam
1069 2155 1124 2210 in
1151 2153 1241 2208 illo
1260 2159 1515 2220 apparere
1533 2140 1806 2210 coepisset,
1835 2131 2088 2205 parvulus

506 2260 610 2316 hac
647 2257 846 2312 exisset
873 2228 1038 2308 evita
1069 2267 1084 2302 :
1121 2245 1242 2318 quia
1288 2250 1468 2298 reatus
1495 2235 1737 2308 ejusdem
1779 2228 1939 2294 mali,
1979 2241 2087 2282 non

507 2367 614 2420 quo
642 2363 792 2404 reum
821 2345 1017 2400 malum
1045 2350 1150 2405 est,
1181 2336 1276 2394 sed
1303 2351 1409 2404 quo
1436 2345 1584 2386 reum
1617 2326 1737 2382 facit
1768 2325 1820 2379 in
1850 2335 1956 2392 quo
1975 2327 2088 2400 est.

508 2410 649 2498 sicut
685 2434 1028 2508 generatione
1063 2426 1418 2490 contrahitur,
1462 2421 1532 2474 ita
1564 2417 1668 2473 nisi
1691 2410 2093 2485 regenerationis

513 2547 622 2589 non
648 2501 888 2583 solvitur.
919 2523 1033 2578 lloc
1061 2528 1144 2576 est
1167 2525 1385 2589 propter
1411 2509 1553 2584 quod
1583 2506 1784 2580 parvuli
1817 2501 2092 2574 baptizan-

515 2633 622 2688 tur,
663 2631 720 2675 nt
759 2633 866 2674 non
904 2615 1076 2670 solum
1110 2611 1258 2682 regni
1287 2605 1487 2666 Christi
1535 2603 1778 2659 fruantur
1804 2599 1969 2660 bono,
1996 2609 2093 2648 ve-

515 2730 635 2770 rum
682 2720 738 2766 et
781 2724 811 2780 a
853 2707 995 2762 male
1033 2705 1180 2774 regni
1220 2699 1408 2756 mortis
1449 2705 1724 2774 eruantur.
1766 2688 1948 2758 Neque
1999 2684 2135 2738 hoc.

519 2807 633 2861 fieri
663 2811 857 2874 potest,
889 2798 987 2854 nisi
1019 2812 1114 2867 per
1135 2808 1280 2858 cum,
1305 2789 1392 2861 qui
1421 2794 1682 2860 percolunt
1707 2797 1802 2836 sua
1827 2793 1978 2833 cerne
2001 2774 2100 2831 da-

516 2863 762 2958 utnaeit',
808 2863 942 2961 quod
992 2863 1244 2941 nascendo
1286 2897 1388 2934 non
1433 2875 1608 2938 sensit,
1660 2869 1794 2938 quod
1843 2863 2101 2921 moriendo

521 2985 810 3054 cruciﬁxit;
839 2992 892 3034 ut
919 2981 972 3033 in
1001 2992 1152 3030 carne
1185 2967 1356 3028 nostra
1383 2975 1507 3026 esset
1535 2962 1825 3035 iustiﬁcatie
1867 2975 1954 3029 per
1979 2973 2104 3032 gru-

518 3079 666 3140 lient,
697 3073 782 3126 ubi
807 3079 913 3126 erat
936 3076 1052 3122 ante
1079 3062 1292 3120 colluvie
1321 3075 1412 3132 per
1435 3056 1658 3125 culpant.

595 3135 663 3221 9;
691 3163 784 3217 llis
821 3161 998 3228 itaque
1025 3153 1167 3211 beati
1195 3147 1462 3207 Ambrosii
1489 3143 1664 3200 verbis
1681 3183 1698 3209 ,
1727 3154 1828 3196 nec
1865 3135 2108 3194 diabolus

528 3257 767 3313 bonitate
791 3250 1061 3306 hominem
1089 3242 1320 3307 creavit,
1350 3238 1446 3294 sed
1473 3237 1740 3290 hominem
1785 3229 2110 3302 malignitate

529 3347 732 3404 vitiavit
762 3362 776 3398 :
809 3358 908 3398 nec
935 3333 1378 3407 concupiscentia:
1416 3329 1613 3385 malum
1654 3325 1961 3400 puptiarum
1983 3321 2110 3376 abs-

530 3439 651 3494 tulit
692 3439 936 3492 bonum:
992 3444 1097 3487 nec
1137 3429 1190 3481 in
1231 3421 1570 3495 Baptismatis
1612 3423 1946 3474 sacramento.
1983 3428 2112 3484 pec-

529 3532 634 3587 cati
673 3527 898 3596 alicujus
938 3531 1117 3580 reatus
1155 3515 1472 3588 relinquitur
1511 3511 1814 3568 iusolutus:
1850 3522 1950 3564 nec
1978 3505 2116 3574 inju-

532 3633 648 3679 stus
690 3629 776 3676 est
808 3595 980 3682 Deus,
1027 3613 1118 3685 qui
1161 3625 1284 3668 eum
1323 3608 1541 3664 damnat
1579 3603 1694 3674 lege
1726 3599 1976 3671 justitia:,
2025 3595 2115 3668 qui

537 3711 740 3784 peccati
766 3711 879 3780 lege
909 3706 968 3761 ﬁt
1013 3719 1170 3770 reus,
1198 3699 1407 3760 etiamsi
1431 3713 1499 3754 ex
1553 3696 1639 3750 illa
1668 3700 1826 3748 natus
1851 3699 1969 3757 est,
1997 3703 2118 3764 quae

535 3811 808 3878 parentem
839 3799 955 3870 ejus
983 3803 1258 3867 prepterea
1280 3791 1392 3861 jam
1413 3802 1562 3843 reum
1583 3784 1759 3840 facere
1787 3797 1891 3837 non
1925 3788 2116 3852 potest,

536 3869 658 3966 quia
711 3869 927 3946 renatus
971 3893 1073 3940 est.
1126 3882 1303 3936 Virtus
1363 3889 1558 3948 porro,
1612 3888 1735 3944 qua:
1785 3871 1841 3926 in
1897 3869 2123 3925 inﬁt-mi-

538 3958 646 4038 tate
693 3977 964 4050 perﬁcitur
986 4015 1002 4040 ,
1047 3985 1245 4045 quare,
1291 3967 1336 4022 si
1393 3965 1510 4023 haec
1557 3976 1682 4018 vera
1723 3968 1880 4026 sunt,
1924 3958 2118 4028 despe-

537 4047 710 4129 randa
749 4079 862 4130 est;
905 4079 1026 4120 cum
1069 4077 1162 4132 per
1207 4071 1421 4114 carnem
1466 4051 1706 4118 Christi,
1750 4065 1871 4121 qua:
1907 4047 2126 4106 damnat

546 4173 818 4236 [eccatum
839 4156 980 4230 quod
1007 4151 1275 4210 nascendo
1301 4165 1405 4204 non
1449 4146 1652 4216 sensit,
1680 4141 1821 4216 quod
1847 4139 2126 4196 moriendo

545 4233 839 4315 cruciﬁxit.
871 4252 961 4306 ﬁat
997 4248 1156 4303 etiam
1188 4245 1240 4300 in
1266 4257 1428 4298 carne
1467 4247 1648 4294 nostra
1683 4233 1990 4306 jnstiﬁcatio
2032 4246 2128 4302 per

546 4353 800 4424 gratiam,
850 4347 904 4400 iu
949 4358 1052 4414 qua
1081 4347 1200 4396 erat
1227 4345 1350 4392 ante
1391 4333 1621 4390 colluvie
1648 4346 1742 4402 per
1779 4326 2025 4398 culpam?
2053 4327 2128 4380 Ac

549 4418 646 4514 per
669 4421 771 4494 huc
793 4435 1026 4506 quinque
1066 4432 1164 4486 ista
1208 4436 1386 4484 vestra
1406 4466 1426 4491 ,
1456 4424 1512 4492 iu
1533 4422 1726 4492 quibus
1755 4418 1991 4474 maxime
2016 4424 2129 4471 ter-

549 4533 682 4588 retis
705 4525 982 4590 homines,
1008 4526 1334 4591 argumenta,
1363 4531 1464 4570 nec
1487 4514 1620 4568 alios
1649 4516 1896 4581 poterunt
1925 4514 2134 4578 pertun-

545 4625 716 4687 liare,
766 4633 865 4674 nec
907 4629 1035 4681 vos,
1080 4628 1126 4667 st
1177 4609 1409 4666 credatis
1460 4605 1772 4669 Ambrosio,
1827 4599 2130 4672 Cypriane,

553 4711 816 4786 Gregorio
832 4751 847 4773 .
876 4707 1103 4776 aliiSque
1126 4700 1406 4760 catholicis
1436 4696 1635 4754 sanctis
1658 4694 1925 4764 clarisque
1951 4690 2136 4745 docto-

557 4805 703 4858 ribus
722 4841 738 4868 ,
787 4801 892 4856 imo
919 4813 1046 4853 vero
1073 4795 1234 4850 etiam
1263 4791 1416 4846 vobis
1445 4789 1573 4858 ipsis
1595 4785 1617 4818 ⁵
1636 4827 1652 4852 ,
1695 4785 1868 4854 legem
1897 4780 2132 4854 peccati,

558 4911 684 4967 qua:
711 4893 851 4948 inest
880 4887 1110 4944 hominis
1136 4883 1391 4939 membris
1431 4891 1728 4950 repugnans
1753 4875 1858 4946 legi
1902 4873 2134 4936 mentis,

615 5092 640 5126 ι
686 5087 850 5148 aliqua
875 5083 952 5151 hic
974 5083 1024 5151 in
1061 5079 1207 5132 editts
1235 5071 1982 5151 varietastapud“autetiam,
2006 5065 2143 5120 mdia

461 5211 466 5214 .
549 5128 1110 5214 «arguebam
1135 5128 1384 5214 eam:
1413 5128 1549 5214 me;
1567 5131 1702 5205 πριιια
1737 5131 1788 5204 vs
1808 5128 2040 5214 alterum:
2060 5143 2142 5179 w-

805 5193 1042 5279 υέέὲεάιῆντ
1058 5193 1383 5279 satisﬁat?
1397 5210 1483 5279 PI.
1491 5193 1778 5279 1'32"“???
1791 5193 2055 5279 ςΨΞΞξΡείῖἔίἷί
2073 5199 2140 5279 ιι·

623 5251 1256 5386 "itan
1283 5274 1301 5312 :
1339 5259 1593 5312 mendose.
1637 5255 1754 5304 Vide
1791 5254 1932 5314 intra,
1972 5251 2057 5302 lib}
2091 5251 2140 5312 4,

632 5353 662 5383 ο

553 5350 608 5386 θ’
626 5353 662 5427 ί,
776 5397 829 5442 et
849 5397 977 5448 ων»,
1009 5390 1255 5452 peccatum
1281 5384 1332 5452 in
1349 5395 1439 5452 sua
1460 5391 1605 5452 cerne
1621 5375 1880 5452 άαζζυιανὶξ-
1902 5384 2075 5452 ΑεΑω-
2095 5381 2148 5426 cl

555 5440 867 5515 manuscripti
890 5440 1060 5515 carent
1097 5447 1342 5515 lenticula,
1491 5440 1720 5515 Ambrosii
1759 5440 2002 5515 sententia
2036 5451 2147 5500 qua:

555 5500 943 5571 mihi-inetur,
969 5513 1059 5561 ista
1086 5500 1200 5559 est:
1233 5500 1444 5558 sciuisti
1469 5506 1597 5554 enim
1619 5514 1732 5554 caro
1756 5500 2002 5551 damnavit
2036 5512 2149 5563 pec-

551 5585 831 5705 “ii-itus.
851 5632 1018 5705 ,αξιιοξε
1051 5628 1476 5705 meamet)?"
1495 5624 1604 5705 ἓοςο
1626 5623 1782 5682 addit»
1805 5622 2041 5705 mia").
2059 5635 2147 5685 Ρα-

555 5695 674 5746 sebi!
693 5700 737 5744 et
761 5691 886 5742 rubis
901 5691 1034 5750 ipsis.
1062 5697 1114 5738 Et
1134 5689 1254 5740 inira
1274 5691 1344 5738 sic
1365 5689 1532 5748 habet.
1555 5687 1778 5750 ingerens
1789 5684 2041 5749 pugnandi
2062 5684 2148 5735 ne-

2234 939 2462 998 CAPUT
2491 937 2556 992 ν.
2587 967 2659 978 -
2683 935 2770 990 to.
2812 932 2920 988 Sed
2959 947 3026 986 ne
3055 931 3190 985 forte
3225 927 3405 992 dicas,
3429 932 3614 980 contra
3645 923 3750 978 hoc

2170 1036 2344 1106 potius
2368 1045 2600 1102 pugnare
2629 1026 2951 1097 baptizatos,
2979 1020 3119 1094 quod
3146 1020 3246 1075 sibi
3275 1017 3372 1088 ipsi
3402 1015 3594 1086 prioris
3621 1013 3750 1068 vita:

2171 1128 2305 1182 tnala
2349 1119 2734 1179 consuetudine
2765 1117 3035 1180 fecerunt,
3063 1127 3171 1168 non
3211 1119 3396 1166 contra
3420 1109 3472 1162 id
3495 1123 3615 1162 cum
3645 1120 3754 1175 quo

2172 1217 2278 1272 nati
2308 1225 2432 1271 sunt
2456 1231 2470 1267 :
2499 1223 2798 1282 quanquam
2837 1205 2884 1260 si
2929 1206 3030 1259 hoc
3052 1200 3351 1282 dicistjam
3379 1199 3560 1268 procul
3589 1195 3758 1251 dubio

2173 1309 2348 1366 cernis
2375 1315 2533 1375 atque
2557 1299 2807 1356 concedis
2827 1341 2844 1364 ,
2885 1311 3005 1353 esse
3035 1297 3086 1349 in
3117 1280 3328 1347 honiine
3361 1288 3558 1358 aliquid
3585 1286 3712 1340 mali
3737 1327 3755 1350 ,

2175 1400 2316 1473 quod
2361 1413 2466 1454 non
2514 1395 2722 1466 ipsum,
2750 1390 2844 1446 sed
2873 1396 3052 1445 reatus
3091 1386 3182 1458 qui
3211 1400 3277 1440 ex
3320 1383 3410 1437 illo
3448 1388 3759 1436 contractus

2178 1471 2380 1550 fuerat.
2421 1484 2690 1542 auferatur
2727 1483 2780 1536 in
2822 1479 3141 1549 Baptismo:
3187 1483 3364 1530 tamen
3401 1471 3522 1541 quia
3567 1484 3756 1539 parum

2179 1592 2262 1637 est
2287 1580 2354 1636 ad
2393 1577 2552 1648 hujus
2576 1573 2886 1646 qurcstionis
2907 1567 3294 1624 absolutionem
3314 1605 3329 1630 ,
3358 1563 3459 1618 nisi
3496 1561 3652 1616 nobis
3693 1575 3760 1614 ex

2181 1683 2400 1743 peccato
2425 1667 2581 1740 primi
2612 1663 2844 1720 hominis
2869 1661 3236 1731 ingeneratum
3265 1669 3386 1709 esse
3413 1659 3760 1713 menstretur,

2183 1741 2303 1820 audi
2334 1757 2458 1828 quid
2487 1755 2611 1811 inde
2648 1754 2704 1810 in
2747 1751 2854 1806 alio
2901 1751 3017 1804 loco
3045 1743 3352 1828 expressius
3380 1741 3521 1797 dicat
3545 1749 3767 1794 sanctus

2187 1819 2500 1907 Ambrosius
2521 1849 2571 1900 in
2593 1841 2924 1914 expositione
2947 1819 3525 1914 Evangelii'secundum
3545 1830 3767 1893 Lucam,

2187 1956 2308 1996 cum
2333 1937 2560 1994 diverSls
2598 1913 2772 1990 medis
2792 1973 2808 1998 ,
2838 1931 2906 1986 ab
2945 1945 3050 1986 una
3075 1937 3254 1984 tamen
3284 1913 3462 1996 regula
3495 1923 3618 1978 fidei
3665 1937 3770 1977 non

2188 2027 2632 2092 abhorrentibus,
2671 2029 2920 2082 tractaret
2960 2019 3108 2076 illum
3148 2017 3356 2079 locum,
3387 2015 3475 2070 ubi
3513 2013 3772 2069 Dominus

2189 2122 2294 2187 ait,
2327 2121 2379 2174 in
2409 2133 2515 2174 una
2539 2117 2698 2172 domo
2726 2111 2890 2169 dividi
2919 2121 3027 2167 tres
3048 2108 3304 2164 adversus
3332 2105 3502 2172 duos,
3537 2114 3594 2160 et
3636 2103 3772 2158 duos

2191 2216 2452 2272 adversus
2477 2220 2587 2268 tres
2619 2211 2636 2242 ⁸
2663 2207 2812 2283 (Luc.
2839 2221 2913 2262 xu
2937 2247 2952 2270 ,
2980 2203 3091 2276 52).
3144 2221 3164 2255 ι
3217 2201 3446 2256 Possunt
3486 2197 3649 2253 etiam
3697 2193 3776 2250 vi.

2194 2307 2345 2374 deri,
2378 2325 2397 2358 ι
2425 2305 2627 2374 inquit,
2669 2319 2688 2352 ι
2723 2314 2851 2355 caro
2875 2307 3034 2367 atque
3069 2293 3246 2354 anima
3273 2291 3342 2346 ab
3363 2289 3564 2369 odore,
3592 2295 3737 2342 tactu
3758 2327 3774 2351 ,

2195 2407 2458 2470 gustuque
2477 2393 2702 2449 luserim
2727 2397 2986 2460 separatae
3011 2385 3062 2442 in
3093 2399 3195 2440 una
3235 2383 3398 2438 domo
3422 2395 3482 2435 se
3514 2360 3780 2432 adversus

2199 2466 2522 2546 incursantia
2549 2483 2674 2538 vitia
2711 2479 3011 2535 dividentes
3033 2517 3050 2540 ,
3077 2473 3417 2544 subjicientes
3436 2485 3495 2526 se
3516 2467 3619 2539 legi
3653 2466 3744 2522 Del
3766 2507 3782 2530 .

2201 2583 2538 2636 removentes
2561 2589 2621 2630 se
2647 2587 2678 2628 a
2701 2572 2821 2642 lege
2846 2567 3046 2640 peccati
3073 2585 3088 2622 :
3117 2579 3344 2636 quorum
3372 2563 3494 2616 licet
3515 2557 3784 2615 dissensio

2203 2683 2299 2742 per
2323 2661 2812 2737 praevaricationem
2848 2657 3006 2731 primi
3031 2655 3262 2710 hominis
3291 2653 3344 2708 in
3371 2659 3616 2710 naturam
3662 2663 3787 2704 ver-

2205 2740 2331 2814 terit
2357 2759 2398 2824 ³,
2423 2764 2482 2811 ιιι
2509 2767 2842 2826 nequaquam
2867 2750 2968 2806 sibi
2991 2747 3207 2820 paribus
3225 2745 3293 2801 ad
3321 2745 3568 2798 virtutem
3594 2740 3792 2802 studiis

2204 2850 2590 2912 convenirent,
2614 2855 2792 2901 tamen
2820 2857 2914 2912 per
2939 2854 3154 2896 crucem
3176 2835 3386 2892 Domini
3411 2832 3713 2891 Salvatoris
3742 2830 3784 2896 ³,

2209 2950 2316 2996 tam
2343 2937 2633 2996 inimicitiis
2659 2949 2818 3006 quam
2860 2933 3020 2987 etiam
3049 2927 3420 2984 mandatorum
3448 2925 3565 2994 lege
3592 2935 3793 2976 vacua.

2210 3033 2299 3100 tis,
2318 3031 2371 3085 in
2395 3025 2664 3084 societatis
2682 3021 3017 3080 concordiam
3043 3024 3424 3090 congruerunt,
3447 3023 3797 3084 posteaquam

2210 3122 2454 3180 Christus
2483 3135 2515 3176 e
2540 3118 2680 3175 cmlo
2717 3132 2817 3188 pax
2845 3124 3024 3170 nostra
3049 3109 3381 3167 descendens
3407 3107 3532 3162 fecit
3572 3115 3801 3174 utraque

2213 3229 2378 3270 unnm
2414 3231 2433 3266 ι
2470 3209 2684 3284 (Ep/tes.
2715 3223 2786 3272 ιι,
2817 3205 2928 3276 ιι).
2957 3204 3159 3258 Rursus
3185 3201 3237 3256 in
3260 3200 3448 3256 eodem
3469 3211 3658 3267 opere,
3679 3209 3799 3250 cum

2215 3305 2282 3362 de
2324 3301 2583 3375 spirituali
2629 3309 2788 3370 atque
2835 3292 3218 3365 incorruptibili
3270 3291 3581 3360 loqueretur
3615 3287 3742 3342 cibo
3775 3301 3798 3338 ἰ

2223 3417 2242 3453 ι
2282 3396 2492 3453 Etenim
2518 3392 2656 3449 ratio
2678 3391 2829 3446 cibus
2854 3387 3046 3444 mentis
3069 3393 3154 3441 est
3172 3383 3214 3452 δ,
3251 3402 3270 3436 ι
3295 3381 3500 3452 inquit,
3529 3397 3548 3432 ι
3581 3377 3805 3450 praeda,-

2194 3504 2382 3562 ‘raque
2403 3489 2425 3521 ⁸
2485 3484 2735 3541 alimonia
2765 3480 3040 3540 suavitatis
3061 3519 3077 3542 ,
3103 3492 3224 3550 qua:
3253 3474 3490 3532 membra
3521 3488 3630 3527 non
3671 3485 3803 3527 one-

2219 3589 2340 3648 ret,
2361 3593 2536 3651 neque
2555 3577 2612 3631 in'
2639 3582 2842 3630 natura
2863 3568 3108 3642 pudenda
3134 3569 3156 3600 ⁸
3173 3609 3190 3635 ,
3212 3565 3308 3622 sed
3331 3573 3650 3622 ornamenta
3674 3576 3802 3618 eont-

2221 3677 2420 3735 vertat,
2468 3682 2591 3724 cum
2642 3664 2920 3720 libidinum
2963 3659 3301 3716 volutabrum
3351 3664 3716 3712 commutatur
3753 3653 3804 3712 in

2224 3763 2318 3818 Dei
2369 3759 2656 3830 templum,
2713 3755 3169 3823 diversoriumque
3214 3751 3463 3804 vitiorum
3509 3747 3803 3804 sacrarium

2227 3855 2410 3926 incipit
2445 3867 2566 3909 esse
2607 3851 2884 3905 virtutum.
2912 3844 3066 3914 Quod
3105 3843 3286 3914 utique
3312 3852 3437 3896 tunc
3465 3839 3589 3895 facit
3611 3840 3658 3902 ',
3687 3853 3805 3894 cum

2228 3963 2354 4003 caro
2393 3946 2445 4000 in
2489 3951 2732 3998 naturam
2773 3951 3016 4010 regressa
3043 3933 3242 4006 vigoris
3270 3931 3352 3987 sui
3381 3929 3626 4002 agnoscit
3659 3927 3808 3982 altri-

2227 4052 2346 4092 cem
2368 4077 2382 4101 ,
2426 4043 2584 4104 atque
2607 4045 2742 4086 ausu
2768 4028 3016 4098 deposito
3060 4023 3408 4080 contumacia:
3429 4063 3445 4088 ,
3483 4017 3812 4076 moderantis

2229 4127 2420 4182 animat
2447 4125 2471 4158 ⁸
2506 4122 2818 4193 conjugatur
2843 4118 3065 4173 arbitrio
3091 4134 3104 4169 :
3131 4115 3302 4189 qualis
3332 4113 3425 4167 fuit
3451 4127 3570 4166 cum
3601 4107 3808 4164 inltabi-

2231 4217 2390 4274 tanda
2429 4213 2656 4286 paradisi
2701 4219 2909 4267 secreta
2955 4207 3221 4276 suscepit.
3268 4213 3554 4272 antequam
3603 4211 3810 4255 veneno

2233 4306 2467 4383 pestiferi
2491 4303 2758 4373 serpentis
2794 4300 2987 4356 infecta
3026 4297 3336 4367 sacrilegam
3377 4293 3572 4348 famem
3615 4290 3806 4352 sciret,

2233 4380 2636 4468 divinorumque
2665 4392 2976 4450 memoriam
2999 4397 3388 4462 praeceptorum
3421 4385 3621 4440 euitnae
3649 4380 3812 4436 sensi-

2235 4573 2516 4631 cessim,
2541 4575 2706 4622 contra
2721 4566 2840 4632 qua!
2976 4571 3143 4618 contra
3161 4561 3341 4617 nidum
3357 4559 3382 4613 .’
3401 4573 3496 4612 non
3511 4555 3816 4610 Mamiliam

2235 4650 2358 4697 esse,
2380 4635 2465 4688 sed
2486 4629 2760 4686 substantiae
2777 4629 2962 4681 vitium.

2239 4680 2463 4810 LEX};
2479 4680 2561 4745 ea
2576 4680 2795 4755 Hbss,
2815 4680 2913 4743 tres
2948 4689 3181 4742 adversus
3224 4686 3340 4746 duo.
3376 4689 3424 4736 et
3455 4683 3555 4734 duo
3590 4680 3817 4738 adparatu

2248 4795 2272 4891 ζ’
2286 4795 2478 4891 “sui.
2499 4829 2550 4868 ω
2570 4813 2624 4891 i1!
2640 4801 3825 4891 ημειῖσυξ,,υενςεϊέι;μεξ.υὲεὶίε.ιξεαλιξξῖέἓξ³ξηητξ

2239 4879 2292 4934 in
2572 4863 2810 4936 mare,
2846 4873 2900 4925 in
2935 4879 3160 4936 nautam
3178 4863 3241 4923 δι’
3264 4863 3474 4920 uerterit.
3507 4866 3694 4936 Quibus
3715 4863 3824 4912 locis

2240 4929 2541 5012 iarticttlam.
2567 4951 2636 4998 se,
2661 4929 2956 4988 removimus
2977 4935 3261 4984 auctoritate
3283 4929 3520 4980 utauttscri
3544 4934 3734 4976 eorum.

2307 5005 2329 5037 ³
2361 5001 2727 5054 Antiquissima
2755 4997 2910 5050 codex
2933 4994 3245 5050 rloriacensis
3279 4999 3333 5042 et
3358 4989 3440 5040 alii
3460 4941 3658 5053 quidam
3689 4991 3778 5034 llss

2245 4999 2261 5010 ’
2307 5005 2329 5037 ³
2361 5001 2727 5074 antiquissimus
2755 4999 2910 5050 codex
2933 4999 3245 5050 Flet‘iacensis
3279 4999 3333 5042 et
3358 4999 3440 5040 am
3460 4999 3658 5053 quidam
3689 4999 3792 5034 .
3809 5020 3822 5041 ,

2245 5063 2437 5118 Denami
2452 5059 2700 5121 salutaris,
3451 5111 3464 5121 .
3610 5107 3622 5118 .

2309 5104 2699 5186 Vibii}???
2727 5131 2880 5186 prope
2921 5129 3094 5168 omnes
3134 5124 3244 5168 Ms.
3282 5131 3295 5165 :
3333 5111 3516 5166 meiut
3551 5104 3825 5160 misericors

2246 5184 2566 5239 a'busmentis
2584 5190 2671 5235 est.

2309 5229 2902 5310 3‘15IITpr'ictaz-wm.
2942 5248 2999 5296 Αι
3034 5249 3136 5292 Am.
3181 5245 3256 5288 Er.
3296 5245 3350 5292 et
3384 5243 3514 5296 uss.
3563 5229 3826 5295 Prw“

2249 5323 2678 5482 Zigggscensis
2695 5365 2850 5417 codex
2871 5377 2901 5417 a
2936 5363 3151 5420 scurrula
3184 5375 3346 5422 manu,
3369 5371 3459 5410 nec
3489 5369 3542 5407 se
3561 5352 3614 5406 in
3644 5357 3830 5404 iratam

2251 5434 2496 5499 pudenda.

2313 5497 2333 5528 τ
2370 5490 2680 5544 Floriacensis
2699 5487 2854 5538 codex
2878 5493 3140 5549 correctus,
3164 5483 3236 5549 ﬁt.

2314 5557 2337 5590 ⁸
2370 5533 2788 5620 iﬁal'fét'Tiifés'
2797 5533 3346 5620 ’ᾖεέίζῖῆἱᾶαὲὶᾲιῖογίε

2254 5620 2331 5670 alii
2348 5601 2724 5674 {moderationis
2746 5601 2959 5661 aninth
2973 5617 3048 5660 Er.
3063 5644 3078 5669 ,
3099 5606 3416 5674 moderatoris
3437 5601 3628 5674 αιιὶιιιᾳεε
3668 5603 3830 5647 Postea

2259 5660 2798 5734 nonnullienimsi-rimi
2831 5660 2938 5724 cum
2972 5660 3093 5731 Αιιιῖ,
3115 5669 3434 5731 ementiuntur
3457 5660 3678 5719 m‘bitu'e.
