4014 6184
370 246 463 301 est
1276 294 1279 299 .
1678 252 1876 308 LIBER
1919 238 2288 315 sechoL‘s.

371 376 468 436 bus
517 380 862 435 inhaerentem
910 380 1183 436 edacitatis
1233 379 1407 437 studio
1447 381 1760 454 praeteriret.
1813 387 1946 443 Hinc

370 476 644 538 peccalutn
674 482 917 523 manasse
942 470 1195 538 proditur,
1226 480 1472 543 tanquam
1495 489 1722 545 corpore
1745 478 1948 532 anima-

302 618 307 621 ,
367 572 472 629 que
496 559 846 630 genitoribus,
874 559 999 614 dum
1021 561 1262 630 corporis
1286 572 1470 618 natura
1498 574 1746 630 tentatur,
1771 568 1945 622 anima

368 652 506 705 male
532 653 708 704 sana!‘
736 652 1073 720 compatitur.
1106 652 1233 720 Qua:
1253 654 1297 709 si
1322 658 1676 724 appetentiam
1705 660 1946 730 corporis

368 741 711 804 refrenasset,
741 741 793 795 in
817 740 932 813 ipso
951 752 1069 796 ortu
1092 753 1233 797 esset
1252 747 1511 800 exstincta
1537 748 1687 818 origo
1713 751 1943 818 peccati;

366 848 523 901 quam
549 832 692 886 velut
718 832 883 887 virilis
908 834 928 864 ²
956 833 1179 889 infusam
1202 837 1442 905 corporis
1468 847 1611 892 motu
1640 840 1776 894 male
1797 841 1901 896 feta
1923 841 1945 874 ⁸

366 928 565 990 anima,
599 926 757 978 etiam
788 928 869 979 sui
899 926 1077 995 vigore
1103 937 1372 997 corrupto,
1401 929 1588 985 alienis
1616 934 1790 1001 gravis
1812 948 1944 990 one-

366 1014 513 1069 ribus
542 1015 816 1083 parturivit
843 1036 863 1068 ο
916 1014 1003 1087 (In
1044 1016 1265 1082 Lucam,
1302 1018 1388 1073 lib.
1427 1021 1479 1084 7,
1509 1038 1596 1077 im.
1631 1023 1725 1078 Ml
1747 1064 1762 1087 ,
1793 1025 1941 1096 142).

442 1105 525 1158 li.
562 1105 659 1157 llic
673 1115 818 1159 certe
839 1107 1169 1175 apertissime
1189 1116 1346 1178 atque
1368 1112 1704 1169 satiatissime
1726 1116 1817 1170 ille
1838 1127 1941 1171 tam

366 1193 693 1248 excellenter
721 1195 793 1248 tui
821 1194 1055 1252 doetoris
1097 1213 1190 1251 ore
1218 1199 1466 1256 laudatus
1501 1202 1690 1258 doctor
1713 1206 1942 1261 Ambro-

365 1283 476 1336 sius
503 1283 806 1349 declaravit,
839 1295 890 1338 et
914 1287 1038 1355 quid
1065 1297 1239 1354 esset,
1266 1298 1324 1344 et
1347 1290 1488 1347 unde
1515 1301 1657 1347 esset
1685 1295 1941 1366 originale

366 1381 662 1440 peccatum,
691 1384 743 1429 ct
770 1375 906 1429 unde
931 1378 1209 1446 contigerit
1234 1380 1317 1433 illa
1350 1383 1516 1449 prima
1541 1384 1798 1450 confusio,
1823 1403 1941 1455 quae

366 1463 721 1518 iuobedieutia
748 1469 923 1520 carnis
950 1466 1045 1521 fuit
1072 1468 1433 1526 dissentientis
1461 1473 1529 1527 ab
1554 1476 1750 1544 anima,
1782 1491 1940 1547 quam

364 1553 680 1607 discordiam
712 1566 863 1610 sanat
899 1544 990 1612 Dei
1020 1560 1187 1627 gratia
1214 1575 1308 1631 per
1330 1561 1510 1617 Jesum
1539 1565 1806 1621 Christum
1840 1569 1943 1621 Do-

362 1642 564 1695 minum
595 1657 854 1699 nostrum.
883 1646 1040 1702 Vides
1063 1650 1202 1705 unde
1228 1667 1352 1706 caro
1377 1656 1715 1724 concupiscat
1745 1659 1939 1713 adver-

362 1747 456 1788 sus
489 1734 730 1802 spiritum
752 1775 767 1798 ,
810 1736 959 1791 vides
1001 1739 1143 1794 unde
1178 1741 1250 1796 sit
1294 1742 1377 1797 lex
1408 1742 1460 1797 in
1490 1747 1745 1802 membris
1783 1763 1940 1818 repu-

359 1836 528 1892 gnans
549 1824 649 1894 legi
677 1826 885 1881 mentis.
928 1827 1087 1884 Vides
1119 1835 1344 1887 vertisse
1370 1834 1424 1888 in
1455 1845 1717 1902 naturam,
1745 1840 1937 1896 animae

360 1914 638 1984 carnisque
665 1915 1014 1986 discordiam,
1058 1928 1112 1974 et
1161 1937 1255 1991 per
1292 1922 1389 1978 has
1436 1925 1740 1983 inimicitias
1784 1930 1938 1987 nobis

356 2003 629 2061 abundare
657 2006 929 2081 miserias,
963 2025 1065 2062 non
1096 2011 1196 2066 nisi
1228 2012 1320 2068 Dei
1349 2016 1712 2073 misericordia
1743 2020 1936 2077 finien-

356 2091 473 2147 das.
500 2093 617 2147 Noli
637 2096 748 2162 jam
770 2097 897 2151 tnihi
920 2098 1189 2155 adversari
1214 2117 1231 2158 :
1264 2119 1386 2158 nam
1411 2106 1453 2159 si
1482 2107 1653 2163 adhuc
1679 2110 1827 2173 facis,
1849 2114 1934 2168 cui

355 2185 438 2236 vel
466 2185 655 2250 quibus
683 2187 840 2242 simul
881 2188 1213 2259 adverseris,
1245 2194 1495 2251 advertis.
1530 2216 1549 2250 ι
1580 2199 1663 2255 Me
1692 2220 1711 2253 ι
1744 2219 1936 2272 nempe

362 2291 382 2322 ι
411 2272 587 2328 dixisti
619 2276 751 2331 nihil
782 2280 949 2348 magis
984 2281 1258 2349 laborare,
1291 2301 1449 2356 quam
1492 2298 1550 2343 ut
1588 2305 1694 2344 non
1738 2293 1932 2347 intelli-

351 2380 469 2435 gar.
501 2387 520 2421 ι
558 2370 624 2425 Et
662 2371 713 2425 in
742 2373 1055 2442 quibusdam
1101 2375 1230 2431 locis
1271 2393 1459 2435 sensus
1497 2398 1646 2437 meos
1684 2384 1748 2438 ad
1785 2393 1931 2440 tuum

354 2458 528 2522 potius
585 2461 948 2531 interpretaris
988 2466 1292 2532 arbitrium,
1332 2470 1556 2526 abutens
1596 2472 1932 2530 tarditisculis

352 2548 605 2606 cordibus
631 2552 902 2608 hominum
923 2597 938 2622 ,
970 2557 1059 2626 qui
1086 2566 1137 2611 te
1166 2574 1271 2613 non
1304 2559 1596 2632 intelligunt
1630 2574 1805 2621 tacere
1826 2581 1923 2636 po.

350 2639 457 2693 tius
481 2642 732 2707 noluisse,
758 2660 914 2713 quam
938 2647 1259 2716 respondere
1282 2651 1513 2718 potuisse
1534 2655 1621 2707 uni
1645 2668 1789 2721 meo,
1807 2670 1931 2724 qua-

350 2728 842 2792 tuor‘voluminibus
864 2737 984 2792 tuis.
1016 2740 1150 2795 Ecce
1171 2739 1338 2796 fundit
1364 2742 1677 2812 eloquentia:
1694 2745 1927 2803 lucidum

348 2835 413 2876 ac
439 2824 775 2893 perspicuum
821 2825 1018 2882 ﬂumen
1062 2830 1413 2886 Ambrosius:
1446 2849 1549 2887 non
1586 2844 1669 2889 est
1696 2836 1925 2902 ubihae-

346 2922 463 2968 reat
488 2914 676 2974 lector.
707 2916 792 2972 ubi
830 2918 1022 2990 caliget
1064 2922 1294 2977 auditor.
1333 2924 1763 2984 Manifestissime
1797 2930 1927 2988 dicit

347 3003 661 3072 Apostolum
692 3006 809 3062 ideo
835 3007 1062 3075 dixisse,
1089 3010 1216 3078 Quis
1254 3029 1335 3067 me
1362 3014 1587 3070 liberabit
1611 3017 1676 3072 de
1716 3036 1926 3091 corpore

345 3093 522 3147 mortis
548 3094 739 3164 hujus?
766 3098 887 3167 quia
927 3114 1114 3154 omnes
1157 3102 1258 3157 sub
1301 3113 1516 3171 peccato
1555 3109 1841 3173 nascimur,
1870 3104 1925 3166 et

344 3183 460 3252 ipse
480 3192 630 3241 ortus
660 3186 711 3241 in
737 3189 866 3243 vitio
889 3199 990 3243 est.
1018 3190 1441 3250 Manifestissime
1465 3197 1610 3263 dicit,
1643 3199 1921 3258 Dominum

342 3270 613 3327 Christum
641 3285 918 3345 propterea
967 3279 1128 3337 fuisse
1167 3281 1283 3336 sine
1315 3295 1563 3352 peccato,
1591 3289 1733 3355 quod
1765 3301 1923 3347 natus

343 3377 409 3417 ex
437 3363 640 3434 virgine
680 3368 902 3422 vinculis
940 3369 1184 3425 obnoxia:
1219 3375 1580 3442 generationis
1614 3388 1921 3450 naturmqtte

341 3452 641 3508 communis
670 3455 886 3510 minime
921 3466 1210 3525 teneretur,
1251 3470 1306 3515 et
1337 3461 1619 3520 damnasse
1645 3478 1918 3537 peccatum

341 3542 482 3610 quod
514 3544 781 3598 nascendo
819 3560 922 3600 non
968 3550 1155 3603 sensit.
1186 3551 1537 3619 Apertissime
1573 3555 1731 3622 dicit,
1775 3560 1918 3630 quod

338 3633 605 3689 dissensio
627 3637 801 3690 carnis
824 3645 882 3692 et
907 3639 1098 3694 animae
1127 3656 1223 3710 per
1246 3644 1733 3712 praevaricationem
1759 3650 1919 3721 primi

310 3721 571 3776 .hominis
600 3722 652 3778 in
693 3733 932 3781 naturam
961 3731 1195 3785 verterit.
1217 3733 1563 3801 Apertissime
1589 3737 1751 3805 dicit,
1799 3756 1920 3797 car-

338 3827 461 3865 nem
502 3813 776 3870 libidinum
808 3818 1141 3875 volutabrum
1170 3822 1629 3899 diversoriumque
1669 3831 1915 3891 vitiorum

340 3911 466 3958 tunc
488 3904 512 3934 δ
538 3907 727 3962 mutari
753 3909 804 3962 in
826 3907 921 3967 Dei
945 3914 1199 3981 templum
1219 3917 1618 3990 sacrariumque
1637 3924 1912 3997 virtutum,

337 4008 459 4047 cum
488 3996 538 4048 in
562 4007 802 4051 naturam
820 4014 1063 4070 regressa
1084 4004 1277 4074 vigoris
1295 4007 1376 4061 sui
1393 4011 1633 4078 agnoscit
1650 4013 1912 4084 altricem,

336 4093 498 4153 atque
522 4100 652 4140 ausu
679 4086 918 4157 deposito
960 4096 1331 4162 contumaciae,
1365 4099 1689 4157 moderantis
1721 4105 1913 4162 animae

337 4176 653 4244 conjugatur
682 4176 901 4233 arbitrio
925 4198 937 4234 :
968 4183 1140 4251 qualis
1167 4184 1264 4239 fuit
1288 4202 1407 4241 cum
1448 4189 1787 4250 inhabitanda
1813 4211 1909 4266 pa-

336 4260 498 4316 radisi
523 4276 729 4320 secreta
759 4271 1010 4338 suscepit,
1034 4280 1315 4342 antequam
1345 4286 1489 4332 esset
1515 4294 1723 4337 veneno
1749 4260 1914 4353 pesti-

335 4351 435 4407 lori
460 4355 724 4423 serpentis
757 4355 967 4413 infecta.
999 4360 1135 4427 Quid
1168 4362 1342 4420 adhuc
1368 4367 1624 4424 adversus
1664 4351 1761 4428 mei
1776 4390 1910 4445 quos

334 4440 503 4496 libros
525 4444 760 4500 melioris
788 4447 831 4511 ⁸,
855 4448 1107 4519 inquiris?
1135 4453 1282 4508 Illum
1320 4457 1532 4526 aSpice,
1566 4440 1821 4520 adversus
1847 4466 1912 4521 il-

334 4532 448 4585 lum
475 4533 675 4603 aliquid
711 4537 877 4605 aude,
909 4542 996 4608 qui
1037 4539 1256 4598 haeresis
1283 4556 1474 4602 vestrae
1507 4552 1723 4606 venenis
1751 4564 1904 4613 ante-

331 4636 493 4694 quam
523 4638 887 4691 nascerentur,
912 4632 1161 4695 occurrit,
1193 4643 1247 4689 et
1268 4636 1410 4691 unde
1438 4650 1649 4708 possent
1675 4645 1906 4714 expelli,

332 4712 451 4768 haec
472 4716 706 4771 antidoto
736 4720 1073 4789 praeparavit.
1101 4721 1234 4788 Quae
1262 4725 1307 4779 si
1334 4728 1465 4783 satis
1491 4745 1597 4785 non
1620 4712 1776 4799 sunt,
1806 4712 1905 4790 ad;

330 4802 439 4856 huc
461 4802 605 4859 audi.

405 4893 494 4948 12.
524 4894 583 4950 In
613 4896 750 4952 libro
770 4897 840 4954 de
858 4898 1004 4956 Isaac
1027 4910 1081 4956 et
1104 4902 1293 4959 Anima
1320 4906 1459 4963 idem
1485 4911 1648 4971 dicit:
1681 4935 1701 4969 ι
1730 4917 1906 4974 Bonus

322 4999 460 5054 ergo
484 4994 661 5041 rector
690 4989 859 5045 malos
879 5006 1047 5061 equos
1073 4997 1342 5067 restringit
1382 5008 1436 5055 et
1464 5016 1707 5074 revocat,
1736 5008 1909 5066 bonos

326 5073 534 5129 incitat.
563 5076 694 5171 Boni
714 5084 835 5148 equi
857 5089 983 5135 sunt
1004 5094 1253 5152 quatuor,
1283 5089 1581 5161 prudentia,
1608 5106 1907 5170 temperan-

1008 5262 1210 5337 κοριὶφφ
1247 5272 1377 5316 noue
1392 5266 1553 5337 podex
1578 5270 1906 5337 vloriaoensis.

322 5311 629 5390 ﬁdem?)
654 5317 709 5390 εει.
724 5326 1026 5390 estimates
1048 5311 1200 5386 ίνδίυέ
1217 5311 1447 5389 οδῖιὶὄτίὲῖ

388 5375 410 5404 ²
434 5375 507 5425 sic
536 5384 641 5426 Mss.
660 5384 716 5426 Al.
736 5379 870 5435 editi.
894 5380 1037 5433 virili.

390 5435 414 5508 ξ
442 5440 756 5508 quaesiere
773 5448 898 5508 iussu,
920 5443 1203 5508 nitide/acta.

388 5495 408 5562 ξ
443 5496 579 5562 miti,
599 5497 686 5548 ita.
709 5507 765 5562 At
781 5495 911 5562 lissi,
931 5497 1060 5554 tunc.

388 5554 518 5631 Late
538 5554 643 5608 Mss.
676 5561 797 5611 eum
832 5554 982 5624 vero,
1018 5568 1144 5628 quod
1176 5568 1407 5622 adversus
1445 5586 1571 5625 meo:
1612 5574 1758 5628 libros
1802 5592 1903 5631 mo-

316 5613 476 5668 tiaris.

530 5682 800 5743 Parum.
836 5688 1051 5749 XLIV.

3522 286 3627 344 632

2057 371 2158 436 tia,
2188 372 2458 443 fortitudo,
2490 375 2690 447 justitia
2718 401 2728 434 ε
2759 381 2880 439 mali
2909 389 3063 457 equi,
3098 394 3395 455 iracundia.
3424 409 3625 455 concu-

2054 458 2339 529 piscentia,
2381 464 2557 535 timor,
2594 470 2840 540 iniquitas
2870 494 2889 526 ι
2924 476 3073 549 (Cap.
3107 479 3186 550 8).
3218 481 3481 556 Numquid
3521 500 3625 555 ait,

2056 548 2236 606 Bonus
2262 565 2439 610 rector
2476 557 2642 616 bonos
2667 577 2834 633 equos
2863 548 3056 639 habet,
3101 548 3267 628 malos
3303 592 3407 631 non
3438 578 3629 636 habet?

2053 640 2156 697 Sed
2179 645 2268 709 ait,
2310 665 2327 699 ι
2357 649 2532 704 Bonos
2554 652 2751 717 incitat,
2785 658 2953 713 malos
2974 663 3241 734 restringit
3263 676 3315 721 et
3340 682 3573 727 revocat.
3606 694 3625 725 ι

2054 729 2206 788 Unde
2238 736 2321 789 isti
2352 752 2470 793 sunt
2515 743 2676 812 equi?
2703 745 2903 817 Nempe
2932 751 2974 804 si
3019 767 3114 805 eos
3150 729 3472 813 substantias
3500 764 3632 817 dici-

2052 839 2172 880 mus
2199 828 2281 883 vel
2322 842 2564 899 putamus
2583 876 2598 901 ,
2641 836 3048 896 Matticlimorum
3079 845 3314 902 favemus
3345 852 3425 904 vel
3459 854 3628 907 hatre-

2053 929 2171 970 mus
2200 917 2420 975 insaniae
2448 940 2461 976 :
2505 925 2646 993 quod
2675 938 2730 981 ut
2764 928 2903 985 absit
2931 948 2957 984 a
3001 936 3181 1002 nobis,
3214 939 3472 997 catholico
3500 943 3568 997 ist
3588 962 3630 1000 is

2051 1017 2217 1074 equos
2242 1011 2584 1079 intelligimus
2614 1016 2740 1071 vitia
2777 1031 2956 1076 nostra
2990 1026 3029 1089 ¹,
3071 1042 3188 1095 qtae
3216 1030 3315 1097 legi
3343 1036 3534 1090 mentis
3564 1052 3630 1089 ex

2048 1093 2168 1165 lege
2191 1102 2392 1168 peccati
2419 1105 2692 1159 resistunt.
2719 1108 2834 1163 Non
2857 1126 2888 1165 a
2910 1114 3060 1168 nobis
3083 1093 3195 1172 luce
3214 1093 3338 1175 vitia
3363 1138 3627 1193 separata,

2048 1185 2244 1241 alicubi
2293 1190 2417 1245 alibi
2457 1205 2652 1256 erunt,
2701 1198 2793 1252 sed
2840 1200 2891 1253 in
2940 1203 3091 1257 nobis
3134 1220 3315 1265 sanata
3369 1185 3628 1285 nusquam

2046 1288 2221 1333 erunt.
2258 1280 2631 1339 Verumtamen
2674 1304 2837 1357 quare
2877 1308 2982 1347 non
3015 1295 3066 1348 in
3110 1298 3426 1366 llaptismate
3450 1280 3628 1375 perie-

2046 1368 2209 1422 runt?
2237 1371 2319 1424 An
2350 1375 2581 1429 nondum
2616 1377 2893 1448 fateberis,
2918 1385 3056 1453 quod
3082 1400 3261 1443 reatus
3284 1368 3469 1449 eorum
3503 1414 3626 1467 pet:-

2054 1455 2204 1521 ierit,
2238 1460 2516 1519 inﬁrmitas
2582 1472 2840 1524 manserit
2866 1490 2881 1524 :
2912 1490 3017 1528 non
3046 1489 3224 1533 reatus
3265 1498 3374 1551 quo
3399 1486 3509 1554 ipsa
3538 1505 3626 1543 rea

2048 1545 2276 1616 fuerant,
2304 1552 2397 1607 sed
2419 1570 2525 1623 quo
2553 1572 2652 1611 nos
2682 1575 2800 1614 reos
2829 1562 3065 1620 fecerant
3092 1568 3143 1622 in
3175 1571 3328 1626 malis
3353 1577 3622 1645 operibus,

2044 1651 2153 1704 quo
2178 1654 2276 1693 nos
2302 1647 2612 1700 traxerant?
2640 1647 2750 1704 Nec
2778 1651 2848 1706 ita
2876 1669 3059 1710 eorum
3090 1661 3283 1715 mansit
3310 1665 3586 1723 inﬁrmitas
3605 1712 3620 1733 ,

2044 1727 2195 1793 quasi
2235 1729 2410 1799 aliqua
2436 1733 2542 1788 sint
2568 1738 2816 1794 animalia
2842 1757 2964 1813 quae
3000 1746 3334 1807 inﬁrntantur
3359 1774 3373 1809 :
3407 1752 3500 1811 sed
3529 1775 3626 1813 no-

2044 1826 2151 1871 stra
2188 1819 2466 1877 inﬁrmitas
2507 1826 2615 1896 ipsa
2647 1840 2789 1885 sunt.
2820 1832 2931 1890 Nec
2958 1835 3010 1891 in
3048 1838 3132 1895 his
3160 1844 3311 1914 equis
3342 1848 3494 1903 malis
3525 1851 3625 1906 iui-

2042 1910 2301 1977 quitatem
2331 1917 2631 1973 nominasse
2660 1924 2925 1991 putandus
2948 1941 3031 1983 est
3060 1910 3231 2000 illam,
3268 1952 3386 2006 qua:
3413 1939 3625 1997 deletur

2044 2003 2095 2055 in
2124 2003 2433 2074 Baptismo:
2467 2011 2552 2065 illa
2592 2030 2819 2084 namque
2848 2030 3182 2087 peccatorum
3217 2003 3337 2097 qua:
3364 2031 3617 2099 fecimus,

2040 2090 2156 2155 fuit,
2188 2110 2306 2164 quze
2331 2110 2520 2153 cuncta
2553 2105 2774 2158 remissa
2796 2117 2940 2173 sunt,
2963 2119 3123 2182 atque
3144 2118 3360 2173 omnino
3379 2121 3488 2190 jam
3514 2140 3618 2180 non

2038 2190 2182 2248 sunt,
2212 2201 2434 2254 quorum
2470 2202 2647 2246 reatus
2669 2198 2913 2253 manebat
2939 2204 3150 2271 quando
3176 2208 3286 2276 ipsa
3318 2211 3513 2269 ﬁebant
3539 2230 3620 2270 at-

2036 2288 2140 2339 que
2164 2277 2474 2332 transibant.
2504 2279 2663 2336 Istam
2696 2302 2824 2340 vero
2862 2290 3027 2360 legem
3059 2300 3282 2365 peccati,
3309 2303 3464 2370 cujus
3507 2322 3618 2359 ma-

2037 2361 2213 2415 nentis
2239 2374 2417 2420 reatus
2447 2371 2498 2423 in
2534 2384 2688 2426 sacro
2716 2374 2862 2433 fonte
2890 2361 3146 2439 remissus
3181 2397 3294 2452 est,
3336 2361 3615 2463 propterea

2036 2453 2243 2507 vocavit
2269 2455 2597 2525 iniquitatem
2616 2502 2633 2528 ,
2666 2466 2789 2534 quia
2813 2468 3048 2540 iniquum
3079 2484 3162 2530 est
3189 2488 3245 2532 ut
3265 2453 3393 2537 caro
3416 2453 3615 2541 concu-

2034 2539 2203 2608 piscat
2240 2544 2500 2604 adversus
2543 2552 2832 2620 spiritum:
2863 2539 3106 2630 quamvis
3147 2566 3287 2623 adsit
3332 2570 3384 2626 in
3432 2539 3616 2633 nostra

2033 2634 2375 2690 renovatione
2395 2637 2632 2706 justitia;
2659 2646 2784 2713 quia
2802 2646 3005 2716 justum
3029 2663 3110 2708 est
3137 2667 3193 2710 ut
3215 2659 3472 2721 adversus
3496 2681 3615 2722 car-

2032 2735 2154 2775 nem
2194 2724 2411 2791 spiritus
2438 2732 2809 2801 concupiscat,
2854 2747 2912 2792 ut
2947 2742 3137 2811 spiritu
3163 2748 3529 2820 ambulemus,
3558 2767 3615 2813 et

2031 2812 2484 2881 concupiscentias
2512 2821 2689 2876 carnis
2717 2839 2822 2879 non
2850 2820 3209 2897 perﬁciamus.
3238 2837 3389 2894 Hanc
3415 2812 3611 2915 quippe

2029 2900 2287 2969 justitiam
2332 2916 2568 2964 nostram
2601 2912 2740 2969 inter
2764 2916 2934 2975 bonos
2973 2937 3139 2994 equos
3179 2900 3477 2989 invenimus

2032 2992 2305 3049 minatam.

2105 3085 2190 3190 ιξ.
2223 3089 2362 3190 Aridi
2387 3091 2563 3190 adhuc
2587 3097 2730 3166 quid-
2753 3099 2898 3168 dicat
2937 3104 2991 3159 in
3034 3106 3173 3165 libro
3199 3127 3357 3182 quem
3396 3118 3611 3190 scripsit

2026 3173 2096 3229 de
2138 3175 2388 3233 Paradiso
2423 3180 2617 3255 (Capp.
2652 3188 2712 3244 tt
2743 3198 2789 3242 et
2818 3190 2943 3262 te).
2976 3212 2996 3247 ι
3026 3173 3272 3257 Fortasse
3293 3243 3310 3269 ,
3339 3221 3361 3257 ι
3406 3173 3605 3279 inquit,

2033 3282 2051 3314 ι
2082 3266 2201 3322 ideo
2240 3268 2371 3324 dixit
2400 3271 2629 3343 Paulus,
2665 3277 2792 3347 ρηω
2814 3298 2916 3337 non
2937 3285 3050 3340 licet
3075 3289 3267 3346 homini
3294 3266 3494 3367 loqui;
3523 3299 3545 3370 (
3566 3266 3608 3356 ll

2025 3353 2145 3440 ρον.
2180 3375 2278 3426 xu,
2306 3360 2385 3431 4),
2410 3381 2433 3415 ι
2466 3367 2591 3435 quia
2618 3379 2735 3424 erat
2747 3372 2987 3430 adhucin
3001 3391 3230 3450 corpore
3256 3353 3603 3456 constitutus,

2029 3443 2130 3500 hoc
2153 3457 2254 3513 est,
2288 3451 2501 3509 videbat
2523 3455 2676 3513 istius
2702 3465 2942 3532 corporis
2967 3443 3260 3539 passiones,
3290 3443 3501 3534 videbat
3524 3443 3605 3537 lc:

2023 3550 2141 3606 gem
2164 3542 2341 3594 carnis
2364 3557 2475 3600 sua;
2498 3562 2879 3618 repugnantem
2900 3556 3003 3627 legi
3028 3564 3218 3618 mentis
3241 3578 3371 3620 suae.
3398 3586 3420 3621 ι
3448 3558 3606 3627 Item-

2023 3643 2128 3696 que
2151 3629 2205 3683 in
2230 3631 2418 3688 eodem
2444 3652 2458 3688 :
2491 3653 2510 3687 ι
2539 3635 2669 3693 Cum
2694 3640 2854 3707 dicit,
2885 3663 2907 3697 ι
2937 3645 3143 3718 inquit,
3176 3670 3197 3703 ί
3224 3656 3604 3725 Sapientiorctn

2021 3731 2346 3790 serpentem,
2376 3726 2628 3799 intelligis
2655 3748 2816 3802 quem
2839 3737 3101 3808 loquatur,
3127 3742 3178 3801 id
3205 3755 3308 3814 est,
3336 3749 3484 3807 illum
3510 3757 3605 3809 ad-

2022 3812 2315 3868 versarium
2345 3827 2617 3888 nostrum,
2644 3824 2733 3891 qui
2764 3832 2940 3881 tamen
2971 3827 3133 3886 habet
3158 3812 3471 3905 sapientiam
3499 3841 3601 3897 hu-

2018 3896 2106 3967 jus
2129 3903 2331 3957 mundi.
2359 3904 2463 3961 Sed
2491 3916 2548 3963 et
2577 3911 2820 3983 voluptas
2846 3926 3008 3988 atque
3035 3896 3320 3983 delectatio
3346 3927 3483 3988 bene
3504 3896 3600 3989 sa-

2020 3990 2171 4059 piens
2212 3993 2434 4064 dicitur;
2482 3999 2604 4069 quia
2648 4012 2704 4058 et
2739 4010 2915 4063 carnis
2958 4015 3259 4083 appellatur
3293 4022 3598 4091 sapientia:

2018 4080 2159 4135 sicut
2195 4081 2393 4152 habes,
2438 4088 2572 4152 Quia
2598 4094 2846 4162 sapientia
2887 4080 3045 4171 hujus
3075 4108 3245 4161 carnis
3287 4109 3492 4168 inimica
3531 4130 3601 4173 est

2017 4167 2126 4224 Deo
2148 4189 2168 4222 ι
2195 4172 2370 4243 (Rom.
2402 4192 2513 4241 vui,
2544 4179 2618 4248 7).
2643 4200 2663 4232 σ
2689 4184 2829 4238 Ειού
2849 4167 3596 4261 exqitirettdadelectatiotium

2013 4272 2211 4329 genera
2242 4266 2405 4320 astuti
2450 4282 2604 4335 sunt,
2636 4273 2723 4341 qui
2751 4287 3062 4344 appetentes
3093 4297 3217 4342 sunt
3245 4291 3593 4363 voluptatum.

2014 4350 2138 4408 Sive
2164 4368 2322 4425 ergo,
2355 4375 2374 4409 ι
2412 4358 2613 4430 inquit,
2652 4381 2671 4415 ι
2694 4365 3103 4430 delectationem
3131 4350 3417 4454 intelligas,
3447 4350 3596 4459 quae;

2014 4440 2136 4495 dam
2163 4448 2246 4497 est
2284 4445 2464 4500 divino
2491 4448 2712 4507 adversa
2742 4458 3023 4527 mandato,
3074 4473 3128 4520 et
3169 4440 3381 4528 inimica
3402 4440 3596 4533 ἐξηειί-

2015 4531 2113 4587 bus
2129 4536 2342 4589 nostris.
2352 4536 2506 4595 Unde
2519 4554 2735 4599 sanctus
2749 4546 2945 4605 Paulus
2955 4554 2976 4584 ²
2992 4555 3086 4621 ait,
3101 4555 3258 4614 Video
3271 4565 3425 4620 aliam
3440 4531 3597 4639 legem

2014 4623 2065 4678 in
2086 4627 2319 4681 membris
2345 4632 2486 4702 meis,
2502 4649 2865 4706 repugnantem
2879 4644 2981 4715 legi
2994 4652 3174 4706 utentis
3185 4670 3324 4716 metu,
3352 4667 3400 4711 et
3429 4667 3604 4728 calin;

2012 4724 2207 4768 cautem
2251 4733 2329 4771 me
2365 4719 2417 4773 in
2459 4721 2569 4790 lege
2613 4730 2805 4795 peccati
2840 4750 2860 4783 ι
2895 4732 2914 4802 (
2939 4733 3027 4790 Id.
3059 4754 3128 4793 vu
3149 4781 3162 4802 ,
3194 4742 3264 4796 25
3286 4744 3326 4813 ).
3375 4719 3592 4812 Qualem

2013 4806 2336 4878 voluptatem
2366 4812 2505 4867 dicat
2526 4815 2629 4872 hoc
2649 4818 2767 4875 loco
2788 4823 2885 4877 iste
2911 4825 3114 4894 doctor,
3148 4834 3197 4885 in
3221 4806 3465 4907 promptu
3486 4856 3589 4908 est,

2012 4896 2132 4964 quia
2164 4906 2219 4950 ut
2244 4897 2682 4976 iutelligeremus,
2704 4910 2947 4969 adhibuit
2968 4896 3592 4986 Apostoli-testimoniuni

2014 4985 2238 5041 dicentis
2257 5028 2273 5055 ,
2327 4988 2482 5064 Video
2510 4998 2665 5051 aliam
2699 5001 2860 5071 legem
2897 5007 2950 5059 in
2980 4985 3213 5066 membris
3240 5017 3390 5084 meis,
3437 5036 3591 5092 repu.

2012 5089 2249 5147 guautem
2287 5082 2384 5152 legi
2426 5088 2604 5141 mentis
2643 5106 2800 5158 meta,
2839 5103 2888 5148 et
2922 5099 3252 5165 captivantem
3290 5082 3383 5160 mer
3402 5110 3457 5163 in
3483 5082 3593 5182 lege

2014 5171 2223 5237 peccati.
2256 5170 2381 5229 llaec
2407 5184 2488 5231 cst
2518 5178 2764 5250 voluptas
2801 5184 2889 5238 illa
2916 5200 3160 5259 suscepta
3201 5203 3317 5259 tua,
3345 5170 3589 5270 quamvis

2015 5266 2066 5311 et
2095 5266 2149 5312 tu
2174 5261 2531 5330 reprehendas
2546 5268 2660 5335 ejus
2681 5286 2979 5331 excessum.
3008 5278 3103 5335 Ubi
3122 5285 3296 5352 qualis
3316 5261 3407 5356 sit,
3433 5296 3589 5359 plane

2014 5345 2233 5404 fateris:
2267 5353 2359 5406 sed
2404 5357 2564 5409 tantis
2590 5359 2870 5417 verborum
2901 5377 3230 5428 ornamentis
3256 5392 3372 5433 eam
3405 5345 3589 5438 moue-

2014 5446 2181 5490 ratam
2208 5439 2448 5497 defendis
2476 5458 2527 5498 et
2567 5448 2785 5518 laudas,
2834 5459 2983 5523 qtmsi
3030 5461 3186 5517 istum
3232 5471 3446 5528 modum
3488 5478 3588 5534 sibi

2078 5588 2100 5671 ξ
2130 5587 2446 5671 tu...
2470 5593 2584 5671 ritis
2603 5607 2765 5671 nostra
2776 5613 2884 5655 sum
2904 5619 3030 5671 (pur.

2078 5646 2100 5678 ο
2130 5655 2177 5698 ω
2201 5646 2546 5719 manuscriptls,
2570 5646 3232 5739 ωἰᾶἰᾎέἶιίιᾶὗέᾜῖίίοηὶὶεεο,
3257 5687 3431 5740 Partito

2619 5762 2639 5821 ι’
2668 5746 3110 5829 l't'nngeux.)
