4014 6184
390 334 498 390 633

394 449 506 516 ipsa
548 439 914 498 constituerit.
957 443 1010 490 et
1036 449 1139 488 non
1171 429 1391 498 spiritus
1427 423 1516 497 qni
1559 420 1816 476 adversus
1855 413 1972 482 ejus

394 507 650 612 impetum
687 531 1030 603 concupiscit.
1069 524 1339 583 Adversus
1377 532 1534 590 quem
1569 513 1776 569 lortiter
1801 507 1978 564 stabat

398 596 622 700 ille,qui
641 596 923 688 clamabat,
957 617 1114 672 Video
1132 615 1288 670 aliam
1308 611 1466 682 legem
1490 607 1543 661 in
1569 599 1806 659 membris
1825 596 1974 660 meis,

395 692 760 794 repugnantem
779 712 879 786 legi
899 710 1076 765 mentis
1097 719 1236 762 mea.
1261 702 1368 760 lste
1385 693 1728 770 repugnantis
1750 692 1979 759 impetus

397 786 462 867 si.
482 786 710 872 laxetur,
741 805 794 860 in
824 816 944 874 quae
972 795 1260 855 declinabit
1302 786 1610 847 immunda?
1641 786 1692 841 in
1725 796 1844 852 qua:
1874 792 1979 834 non

400 899 673 972 pertrahet
687 869 742 953 et
767 869 1117 967 pra-cipitabit
1135 884 1399 955 abrupta?
1430 881 1625 936 Verum
1651 891 1815 938 nunc.
1838 869 1981 942 quod

395 993 579 1062 potius
597 990 781 1052 instat,
813 961 944 1041 ecce
971 997 1078 1038 non
1102 976 1397 1034 secundum
1431 987 1526 1028 vos
1548 970 1869 1041 quicumque
1893 961 1987 1016 lu-

401 1054 578 1149 ilaeus,
619 1078 716 1136 sed
744 1075 1036 1134 secundum
1078 1073 1287 1126 beatum
1318 1063 1654 1122 Ambrosium
1693 1058 1762 1114 de
1785 1071 1846 1112 se
1871 1054 1988 1124 ipso

406 1145 605 1234 Paulus
627 1168 900 1240 apostolus
927 1165 1076 1228 dicit,
1113 1161 1271 1216 Video
1296 1158 1454 1212 aliam
1490 1153 1649 1224 legem
1674 1151 1726 1204 in
1754 1145 1990 1202 membris

407 1265 552 1328 meis,
577 1269 942 1332 repugnantem
970 1255 1068 1328 legi
1093 1252 1271 1307 mentis
1295 1263 1437 1312 utea,
1461 1255 1507 1300 et
1534 1243 1883 1313 captivantem
1911 1249 1992 1290 me

405 1359 461 1412 in
486 1357 593 1428 lege
621 1329 829 1426 peccati.
864 1351 1068 1404 Rursus
1093 1347 1146 1401 in
1172 1343 1361 1400 eodem
1391 1353 1553 1428 opere
1575 1335 1680 1390 alio
1705 1333 1824 1388 loco
1851 1329 1993 1384 idem

409 1421 636 1504 doctori
671 1464 691 1498 ε
721 1443 1080 1513 lmpugnatur,
1105 1457 1126 1490 ι
1158 1435 1357 1506 inquit,
1391 1423 1653 1490 (Paulus,
1675 1435 1732 1481 et
1755 1423 1893 1478 videt
1919 1421 1995 1474 le-

409 1554 532 1607 gem
573 1537 752 1593 carnis
795 1547 906 1588 sum
957 1536 1340 1600 repugnantem
1389 1523 1490 1592 legi
1539 1518 1736 1575 mentis
1769 1529 1914 1577 suae,
1943 1519 1997 1565 et

412 1629 770 1698 captivantem
811 1639 870 1678 se
913 1622 964 1676 in
995 1621 1114 1690 lege
1151 1614 1387 1687 peccati;
1438 1625 1538 1666 nec
1562 1609 1631 1662 de
1670 1602 1997 1662 conscientia

412 1695 510 1776 sua
546 1715 849 1790 praesumit,
890 1712 986 1768 sed
1018 1727 1110 1781 per
1137 1705 1334 1764 Christi
1363 1705 1590 1774 gratiam
1617 1695 1835 1752 conlidit
1874 1707 1934 1746 se
1967 1705 1998 1744 a

415 1783 608 1868 mortis
642 1822 868 1878 corpore
895 1800 1227 1861 liberandum
1259 1815 1272 1851 :
1299 1806 1356 1852 et
1382 1805 1436 1848 ιιι
1459 1802 1782 1862 quemquam
1810 1783 2000 1852 opina-

415 1903 491 1959 ris
519 1901 775 1958 scientem
817 1911 923 1952 non
955 1908 1114 1964 posse
1153 1887 1410 1960 peccare?
1455 1883 1650 1938 Paulus
1685 1877 1846 1940 dicit,
1881 1873 2001 1928 Non

419 1994 557 2053 enim
581 1991 718 2060 quod
745 1989 858 2044 uolo
875 1985 1006 2059 facio
1026 1983 1240 2046 bonum;
1267 1977 1356 2032 sed
1369 1973 1502 2047 quod
1518 1970 1635 2026 nolo
1669 1968 1860 2022 ntalum
1880 2006 1894 2028 ,
1912 1963 2004 2016 hoc

419 2100 515 2154 ago
535 2101 555 2136 ι
586 2057 760 2146 lRom.
777 2057 1000 2147 Vin-19):
1033 2091 1053 2126 ε
1080 2083 1135 2128 et
1151 2083 1206 2126 tu
1229 2066 1505 2124 arbitraris
1522 2060 1720 2117 homini
1749 2057 2006 2126 prodesse

421 2147 722 2236 scientiam,
751 2183 872 2240 qua:
898 2164 1080 2221 delicti
1106 2169 1296 2232 augeat
1321 2152 1612 2214 invidiam?
1639 2169 1658 2203 ι
1690 2149 1926 2216 Itemque
1951 2147 2003 2198 in

425 2265 541 2334 ipso
568 2275 730 2332 opere
755 2236 893 2314 idem
929 2255 1045 2326 ipse
1080 2253 1363 2324 episeOpus
1401 2246 1468 2300 ad
1508 2256 1696 2298 onmcs
1735 2254 1832 2294 nos
1871 2236 2009 2292 rele-

425 2369 553 2410 rens
575 2350 866 2420 eloquium,
893 2358 1213 2414 causamque
1233 2351 1568 2396 communem
1590 2333 1776 2388 sedulo
1801 2341 1963 2399 agens
1991 2345 2005 2380 :

345 2481 364 2489 -
434 2445 749 2516 «Περιιειιιιι
774 2439 918 2496 enim
939 2436 1026 2492 lex
1050 2433 1287 2498 carnis,»
1325 2429 1511 2499 inquit,
1549 2445 1569 2478 ι
1592 2423 1693 2494 legi
1721 2421 1932 2482 mentis,
1959 2428 2010 2470 et

427 2513 775 2593 laborandum
805 2529 958 2585 nobis
985 2535 1066 2582 est
1090 2539 1156 2580 ac
1177 2519 1544 2578 desudandum
1567 2556 1580 2580 ,
1611 2525 1667 2570 ut
1693 2513 2012 2581 castigemus

429 2640 626 2695 corpus
653 2633 709 2678 et
730 2620 972 2678 servituti
997 2617 1324 2686 redigamus,
1352 2621 1409 2667 et
1435 2624 1555 2680 qua:
1577 2615 1702 2662 sunt
1719 2601 2011 2675 spiritualia

429 2717 793 2776 nominemus»
831 2711 1016 2784 (Capp.
1047 2708 1116 2763 12
1139 2716 1184 2760 et
1212 2705 1323 2778 l5).

505 2807 593 2864 14.
624 2805 678 2860 In
702 2805 808 2860 alio
835 2793 1046 2874 quoque
1072 2800 1207 2855 libro
1235 2810 1331 2851 suo
1352 2837 1366 2862 ,
1393 2792 1460 2848 de
1484 2790 1830 2846 Sacramenta
1859 2798 2016 2854 rege-

443 2897 738 2956 nerationis
763 2935 780 2962 ,
811 2872 988 2949 vel/de
1030 2885 1368 2956 Philosophia
1393 2898 1549 2954 quem
1580 2877 1792 2948 scripsit
1815 2876 1910 2947 (a),
1943 2872 2015 2926 ita

437 2989 670 3060 loquitur
697 3004 710 3040 :
749 2985 938 3038 «Beata
957 2983 1111 3052 igitur
1139 2993 1281 3032 mors
1310 2991 1426 3043 qua:
1454 2985 1551 3026 nos
1579 2975 1798 3040 peccato
1837 2963 2014 3034 eripit,

437 3089 498 3135 ut
511 3056 779 3134 vrel’ormet
830 3075 956 3128 Deo.
993 3071 1097 3139 Qui
1139 3067 1272 3123 enim
1303 3073 1530 3120 mortuus
1567 3070 1664 3123 est,
1703 3056 2019 3128 jurtiﬁcatus

439 3179 513 3230 est
545 3185 578 3222 α
602 3176 805 3240 peccato
825 3182 844 3216 ι
880 3162 1052 3234 (Rom.
1080 3176 1153 3224 vt,
1180 3159 1259 3223 7).
1282 3174 1302 3208 ι
1325 3151 1588 3223 Numquid
1604 3159 1807 3205 naturae
1833 3145 1959 3210 llue,
1994 3162 2017 3198 ι

441 3237 633 3332 inquit,
659 3276 681 3310 ι
729 3256 1048 3327 jnstilicatur
1073 3266 1103 3304 a
1149 3255 1366 3318 peccato
1391 3241 1628 3312 aliquis?
1653 3237 1770 3296 Non
1800 3237 1980 3306 utique
2004 3252 2018 3290 :

441 3325 692 3422 quoniam
715 3325 803 3418 qui
826 3352 1074 3416 peccator
1101 3337 1346 3404 moritur,
1376 3335 1428 3389 in
1454 3339 1670 3404 peccato
1699 3335 1910 3392 manet;
1934 3325 2024 3380 ille

443 3453 620 3500 autem
651 3439 972 3510 iustiﬁcetur
990 3450 1018 3488 a
1044 3441 1284 3506 peccato,
1312 3428 1396 3484 cui
1421 3441 1518 3500 per
1547 3423 1872 3492 Baptismum
1903 3433 2024 3490 pec-

445 3545 563 3590 cata
592 3508 770 3590 omnia
823 3531 1183 3584 remittuntur.
1214 3540 1234 3576 ι
1269 3519 1514 3578 Habesne
1537 3515 1602 3570 ad
1634 3515 1732 3568 ista
1754 3510 1896 3583 quod
1945 3508 2024 3562 di-

444 3627 575 3684 cas?
599 3625 826 3682 Videsne
841 3616 1287 3692 quemadmodum
1308 3610 1629 3682 expresserit
1646 3608 1726 3661 vir
1745 3601 2026 3659 venerabi-

448 3721 534 3789 lis,
565 3719 616 3775 lu
638 3715 908 3786 Baptismo
936 3711 1049 3767 lieri
1076 3707 1306 3764 hominis
1325 3711 1551 3761 mortem
1580 3702 1809 3762 beatam,
1830 3695 1918 3749 ubi
1941 3709 2028 3749 re-

449 3787 732 3866 mittuntur
746 3807 966 3878 peccata
988 3801 1210 3858 omnia?
1237 3797 1348 3855 Sed
1375 3795 1590 3852 attende
1621 3790 1785 3856 aliud,
1813 3787 2028 3843 attende

451 3901 595 3972 (mod
645 3913 753 3955 non
807 3897 906 3952 vis.
930 3912 950 3948 ι
985 3891 1345 3952 Advenimus,
1381 3906 1400 3940 ι
1445 3885 1636 3955 inquit,
1680 3901 1700 3933 ι
1728 3878 2028 3950 cujusmodi

451 3995 522 4050 sit
547 4006 694 4048 mors
721 3989 942 4062 mystica
972 4002 988 4040 :
1017 3997 1158 4039 nunc
1185 3979 1593 4037 consideremus
1625 3969 1920 4042 cujusmodi
1951 3983 2030 4023 se-

448 4085 662 4156 pultura
683 4095 804 4138 esse
825 4079 1038 4136 debeat.
1066 4074 1182 4130 Non
1221 4072 1362 4127 enim
1385 4069 1514 4123 satis
1551 4075 1633 4120 est
1657 4073 1716 4120 ut
1740 4063 2031 4117 moriantur

450 4177 601 4240 vitia,
617 4173 720 4230 nisi
748 4167 1076 4227 marcescat‘
1101 4160 1345 4232 corporis
1373 4162 1544 4216 luxus.
1571 4166 1626 4210 et
1651 4155 1884 4209 omnium
1913 4151 2032 4204 vin-

452 4267 696 4322 culorum
719 4261 1011 4318 carnalium
1057 4267 1318 4324 compago
1348 4249 1600 4310 solvatur,
1647 4243 1822 4300 otnnis
1866 4241 2034 4296 nodus

454 4353 698 4427 corporei
744 4353 948 4408 laxetur
980 4362 1126 4404 usus.
1176 4345 1343 4399 Nemo
1379 4339 1480 4394 sibi
1529 4335 1848 4396 blandiatur,
1895 4331 2034 4402 quod

457 4423 614 4502 aliam
631 4443 851 4514 ﬁguram
878 4438 1128 4499 induerit,
1170 4434 1390 4505 mystica
1421 4437 1687 4499 praecepta
1745 4423 2031 4492 acceperit,

457 4537 524 4593 ad
561 4511 902 4593 continentia:
924 4527 1256 4597 disciplinam
1283 4521 1602 4592 applieuerit
1637 4517 1892 4570 animum.
1923 4511 2036 4567 Non

461 4625 606 4701 quod
637 4625 900 4686 volumus,
925 4621 1026 4674 hoc
1055 4618 1297 4688 agimus;
1325 4611 1418 4667 sed
1445 4607 1582 4680 quod
1609 4607 1732 4661 odio
1756 4605 2036 4667 habemus,

460 4719 563 4774 hoc
589 4715 831 4772 facimus.
865 4710 1022 4766 Multa
1048 4715 1300 4777 Operatnr
1344 4703 1397 4756 iu
1423 4700 1577 4755 nobis
1603 4706 1896 4769 peccatum.
1927 4693 2038 4748 N0-

461 4809 541 4866 his
565 4802 949 4864 reluctantibus
970 4797 1222 4854 redivivas
1267 4795 1577 4865 plerumque
1625 4788 1928 4858 voluptates
1948 4799 2040 4839 re-

463 4909 706 4969 surgunt.
737 4891 1070 4952 Luctandnm
1112 4887 1262 4943 nobis
1289 4893 1373 4941 est
1395 4883 1650 4938 adversus
1670 4882 1909 4932 carnem.
1933 4875 2041 4930 Ln-

459 4966 636 5050 ctatus
663 4998 745 5046 est
769 4985 1026 5042 adversus
1054 4995 1171 5036 eam
1215 4975 1407 5033 Paulus
1440 4991 1453 5026 :
1501 4971 1728 5042 denique
1753 4969 1848 5034 ait,
1890 4966 2043 5021 Video

461 5093 632 5139 autem
655 5079 814 5135 aliant
839 5075 998 5147 legem
1020 5075 1074 5127 in
1099 5068 1338 5125 membris
1361 5067 1505 5126 meis,
1534 5069 1895 5132 repugnantem
1919 5050 2045 5128 'legi

465 5173 643 5228 mentis
681 5183 824 5234 meat,
849 5178 899 5222 et
922 5163 1258 5236 captivantem
1295 5173 1374 5210 me
1417 5155 1470 5208 in
1493 5154 1600 5222 lege
1647 5149 1854 5219 peccati.
1882 5147 2046 5202 Nunt-

462 5265 590 5334 quid
605 5273 680 5327 tu,
709 5280 728 5316 ι
755 5258 944 5330 inquit,
973 5275 992 5309 ι
1029 5254 1212 5308 fortior
1249 5247 1454 5303 Paulo?
1479 5243 1588 5298 Nec
1613 5251 1860 5310 tanquam
1887 5237 2045 5292 sedu-

469 5333 535 5410 la!
555 5356 700 5408 carni
728 5345 1112 5407 tute'coulldas,
1143 5349 1200 5397 et
1243 5349 1297 5394 te
1319 5339 1368 5394 ei
1419 5333 1628 5399 credas,
1659 5347 1778 5386 cmn
1818 5333 2046 5397 Aposta-

470 5445 554 5500 lus
577 5443 814 5496 clamitet
843 5457 856 5490 ε
891 5437 1010 5492 Scio
1035 5435 1166 5488 enim
1185 5431 1304 5503 quia
1333 5443 1433 5482 non
1463 5423 1654 5478 habitat
1697 5421 1748 5474 iu
1777 5435 1869 5479 me,
1903 5417 1956 5470 id
1977 5425 2048 5470 est

475 5539 529 5589 in
555 5547 708 5586 carne
729 5544 858 5592 utea,
881 5530 1230 5579 bonummam
1252 5519 1377 5573 velle
1415 5517 1612 5587 adjuert
1638 5513 1777 5575 mihi,
1809 5510 2051 5582 perﬁcere

534 5668 552 5696 ι
588 5671 686 5708 am.
713 5666 788 5706 Pr.
813 5664 864 5706 et
884 5654 1067 5716 aliquot
1087 5660 1218 5712 uss,
1243 5661 1556 5702 marcesant.

531 5723 608 5786 (a)
639 5727 728 5768 hoc
753 5729 878 5779 opus
894 5726 988 5762 non
1008 5721 1186 5766 exstat.

1173 314 1439 372 CONTRA
1482 302 1818 364 JUl.|.\NU.\l
1860 294 2328 360 PELMJIANUM,
2361 294 2418 350 S.
2463 287 2830 346 AUGUSTI)"

3555 278 3662 334 £84

2083 418 2247 462 autem
2288 407 2471 462 bonum
2513 420 2614 460 non
2664 401 2876 456 invenio.
2915 395 3033 451 Non
3057 394 3190 450 enim
3213 392 3348 464 quod
3386 391 3498 448 colo
3523 393 3660 465 [cdo

2078 499 2264 556 bonum
2287 515 2307 563 ;
2335 496 2424 552 sed
2447 493 2583 567 quod
2609 492 2727 548 nolo
2756 491 2964 556 malum,
2993 488 3087 542 hoc
3111 502 3228 556 age.
3257 483 3317 539 Si
3333 493 3498 537 autem
3523 482 3661 553 quod

2085 589 2221 653 nolo,
2251 589 2346 642 hoc
2372 603 2468 657 ago
2485 600 2506 650 ;
2522 586 2637 655 jam
2662 599 2763 638 non
2807 597 2900 653 ego
2924 594 3104 647 operor
3122 576 3276 640 illud,
3297 574 3386 629 sed
3404 573 3538 646 quod
3561 574 3663 626 lia-

2085 680 2206 734 bitat
2233 679 2384 732 inme
2413 686 2668 747 peccatum
2703 692 2723 727 ι
2759 671 2932 744 (Rom.
2961 685 3052 736 vlt,
3076 668 3169 731 2'5,
3197 666 3409 737 l8-20).
3429 665 3668 738 Quanta-

2089 771 2216 826 libet
2235 769 2422 824 feraris
2442 766 2604 822 animi
2651 762 3026 826 obstinatione,
3071 759 3304 822 Juliane,
3337 755 3665 827 quantalibet

2088 861 2342 916 adversus
2372 873 2469 914 nos
2510 856 2802 928 pervicacia
2828 868 2922 923 pro
2954 851 3234 920 Pelagiano
3257 863 3442 904 errore
3489 846 3668 902 consi-

2091 961 2242 1016 stas;
2281 957 2424 1004 tanta
2467 962 2563 1019 per
2609 946 2824 1000 beatum
2873 941 3210 1000 Ambrosium
3253 935 3673 993 circnmvallaris

2091 1056 2273 1096 rerum
2301 1037 2584 1101 evidentia,
2619 1045 2762 1090 tanta
2787 1033 3069 1094 verborum
3097 1031 3214 1100 ejus
3239 1025 3672 1082 manilestatione

2093 1129 2456 1195 contunderis,
2489 1137 2546 1182 ut
2579 1125 2842 1198 profecto,
2887 1124 2931 1178 si
2959 1121 3100 1176 nulla
3133 1131 3188 1175 te
3209 1121 3368 1183 ratio,
3400 1118 3676 1190 cogitatio,

2093 1220 2452 1278 consideratio
2477 1219 2773 1288 religionis,
2815 1215 3050 1286 pietatis,
3103 1211 3468 1276 humanitatis,
3514 1219 3679 1278 atque

2097 1320 2221 1374 inte
2261 1313 2378 1382 ipso
2400 1309 2742 1366 advertendaa
2777 1307 3012 1363 veritatis
3039 1321 3068 1358 a
3096 1303 3353 1376 pertinaci
3383 1297 3681 1358 intentione

2099 1405 2441 1469 revocaverit,
2471 1401 2720 1458 ostendas
2745 1407 2998 1472 quantum
3027 1397 3079 1452 in
3115 1395 3270 1450 malis
3305 1393 3552 1448 humanis
3580 1407 3682 1445 va-

2101 1497 2226 1562 leat,
2253 1511 2320 1551 eo
2348 1509 2664 1565 quemquam
2722 1493 2882 1545 luisse
2932 1501 3290 1559 progressum,
3322 1485 3412 1538 ubi
3460 1495 3683 1536 manere

2103 1601 2205 1643 non
2247 1585 2426 1651 libeat,
2460 1584 2603 1639 unde
2643 1582 2818 1637 redire
2845 1597 2951 1652 3am
2979 1579 3196 1648 pudeat.
3231 1575 3319 1634 Sic
3347 1575 3488 1630 enim
3517 1573 3684 1629 credo

2105 1689 2157 1734 te
2187 1677 2350 1744 allici,
2375 1691 2495 1732 cum
2528 1675 2628 1730 ista
2658 1674 2867 1745 legeris.
2897 1670 3003 1728 Sed
3033 1685 3067 1724 0
3091 1670 3135 1724 si
3163 1684 3259 1738 pax
3289 1667 3484 1721 Christi
3517 1665 3568 1720 in
3590 1674 3684 1718 tuo

2103 1769 2265 1845 corde
2289 1769 2487 1833 vincat,
2515 1775 2569 1822 et
2589 1767 2726 1821 bona
2754 1763 3064 1837 pcenitentia
3089 1762 3158 1816 de
3181 1762 3318 1814 mala
3363 1757 3682 1814 verecundia

2105 1863 2332 1932 palmam
2361 1859 2495 1915 lerat
2521 1859 2536 1914 l

2177 1950 2404 2007 CAPUT
2443 1948 2530 2004 Vl.
2561 1977 2632 1988 ——
2655 1946 2742 2003 l5.
2771 1943 2878 2003 Sed
2899 1947 3009 2015 jam
3039 1958 3182 1998 nunc
3211 1954 3494 2010 parumper
3518 1947 3688 1993 atteri»

2108 2042 2195 2104 de,
2223 2038 2493 2110 quomodo
2515 2053 2584 2093 ex
2607 2036 2708 2102 ista
2734 2036 2852 2105 lege
2885 2033 3110 2106 peccati,
3137 2031 3288 2102 cujus
3313 2037 3515 2086 motum
3541 2043 3690 2084 mor-

2111 2132 2285 2188 talitas
2314 2133 2472 2186 etiam
2494 2128 2878 2186 continentium
2907 2127 3114 2196 cogitur
3144 2124 3311 2187 terre,
3355 2123 3441 2177 cui
3469 2121 3690 2178 modum

2111 2225 2329 2280 castitas
2375 2222 2679 2293 nuptiarum
2722 2221 2926 2276 laborat
2969 2219 3264 2288 impencre,
3297 2215 3383 2270 ubi
3437 2213 3697 2283 concupi-

2111 2317 2312 2372 scentia
2369 2316 2567 2379 carnis,
2616 2312 2988 2383 voluptasque,
3039 2324 3197 2380 quam
3259 2307 3462 2373 laudas,
3506 2315 3696 2360 contra

2115 2407 2443 2480 propositum
2461 2405 2744 2460 voluntatis
2769 2404 2876 2474 agit
2900 2416 3026 2456 suos
3053 2402 3284 2470 impetus
3300 2439 3316 2462 ,
3338 2413 3458 2453 cum
3486 2396 3695 2451 excita-

2117 2507 2222 2565 tur,
2250 2497 2459 2552 etiamsi
2487 2504 2640 2550 actus
2667 2509 2775 2550 non
2803 2491 3040 2563 peragit,
3070 2505 3190 2544 cum
3219 2487 3454 2543 frenatur
3482 2495 3699 2540 :attcn-

2115 2587 2185 2644 de
2221 2602 2348 2659 ergo
2385 2587 2673 2658 paulisper,
2728 2582 3000 2654 quomodo
3051 2596 3116 2635 ex
3171 2579 3271 2632 hac
3316 2577 3436 2648 lege
3493 2574 3701 2644 peccati

2116 2693 2330 2738 omnem
2371 2675 2614 2748 generari
2643 2675 2933 2736 hominem,
2959 2682 3015 2728 et
3043 2669 3164 2724 ideo
3191 2667 3402 2724 trahere
3439 2665 3703 2736 originale

2119 2780 2417 2842 peccatum,
2443 2774 2658 2822 sanctus
2703 2764 2986 2832 eloquatur
3029 2759 3342 2816 AmbrOsius
3391 2757 3442 2811 in
3483 2771 3550 2810 eo
3587 2757 3705 2825 ipso

2119 2860 2188 2916 de
2225 2860 2573 2915 Sacramento
2619 2851 3059 2926 regenerationis,
3106 2850 3226 2906 sive
3249 2847 3317 2905 de
3353 2846 3705 2916 Philosophia

2121 2954 2258 3010 libro
2287 2967 2405 3008 suo.
2429 2969 2450 3004 ι
2505 2951 2620 3014 Est,
2669 2967 2690 3001 ι
2721 2947 2913 3016 inquit,
2948 2963 2968 2996 ι
3002 2943 3192 2998 domus
3236 2955 3395 3011 quam
3440 2937 3707 3008 sapientia

2122 3045 2371 3108 tedilicat,
2399 3053 2450 3098 et
2479 3055 2659 3096 mensa
2688 3038 2986 3094 calestibus
3023 3034 3218 3090 referta
3251 3030 3632 3096 sacramentis,
3651 3026 3709 3084 in

2123 3153 2226 3210 qua
2244 3139 2422 3208 justus
2443 3135 2619 3190 cibum
2661 3131 2856 3186 divinae
2883 3127 3166 3198 voluptatis
3192 3125 3455 3194 epulatur,
3484 3135 3708 3176 suavem

2121 3229 2308 3300 gratia:
2350 3235 2532 3296 potum
2601 3221 2789 3277 bibens
2808 3260 2826 3288 ,
2875 3219 2922 3273 si
2962 3226 3336 3288 perpetuorum
3395 3213 3710 3266 meritorum

2127 3319 2276 3377 uberi
2307 3316 2614 3388 posteritate
2641 3314 2870 3368 laetetur.
2898 3309 3008 3366 llos
3057 3309 3194 3366 tilios
3235 3318 3501 3376 generans
3541 3300 3711 3357 David

2127 3418 2312 3482 partus
2341 3409 2460 3464 illos
2486 3417 2759 3476 corporea:
2785 3397 3180 3456 commixtionis
3209 3395 3478 3459 horrebat,
3504 3401 3560 3448 et
3592 3391 3716 3446 ideo

2127 3498 2372 3558 mundari
2395 3496 2532 3552 sacri
2556 3493 2716 3550 fontis
2738 3493 2936 3562 irriguo
2955 3487 3312 3550 desiderabat,
3344 3493 3403 3539 ut
3437 3483 3712 3538 carnalem

2128 3604 2195 3646 ac
2224 3597 2488 3643 terrenam
2525 3585 2698 3639 labem
2721 3584 2894 3653 gratia
2939 3577 3230 3652 spiritualis
3254 3575 3516 3630 ablueret.
3553 3572 3711 3638 Ecce,

2130 3681 2322 3752 inquit,
2351 3679 2406 3732 in
2429 3677 2778 3748 iniquitatibus
2801 3682 3072 3743 conceptus
3103 3685 3239 3734 sunt,
3266 3676 3312 3722 et
3335 3667 3389 3720 in
3406 3665 3607 3720 delictis
3629 3680 3718 3734 pe-

2132 3774 2259 3847 perit
2287 3787 2366 3828 tnc
2389 3779 2548 3824 mater
2575 3783 2688 3825 mea
2710 3785 2732 3820 ι
2770 3763 2940 3838 (Psal.
2961 3761 3102 3830 1.,7).
3135 3779 3158 3812 ‹
3181 3757 3318 3818 Male
3347 3757 3458 3812 Eva
3486 3755 3716 3825 parturi-

2132 3845 2231 3932 vit,
2275 3873 2333 3919 ut
2367 3871 2548 3932 partus
2601 3859 2925 3926 relinqueret
2978 3851 3286 3907 mulieribus
3323 3845 3715 3910 ban‘editatem,

2134 3965 2295 4026 atque
2317 3953 2680 4021 unusquisque
2719 3941 3165 4014 concupiscentia:
3188 3938 3458 4007 voluptate
3485 3949 3715 3990 concre-

2137 4055 2244 4111 tus,
2265 4053 2322 4100 et
2347 4040 2668 4114 genitalibus
2716 4035 3005 4094 visceribus
3043 4032 3265 4095 inlusus,
3307 4035 3364 4084 et
3407 4026 3718 4096 coagulatus

2137 4135 2192 4192 in
2220 4133 2498 4204 sanguine,
2543 4129 2598 4187 in
2630 4127 2821 4198 pannis
2847 4123 3137 4188 involutus,
3163 4120 3311 4189 prius
3337 4118 3548 4172 subiret
3571 4114 3713 4170 deli-

2139 4238 2348 4296 ctorum
2374 4221 2698 4292 contagium,
2727 4233 2888 4288 quam
2915 4215 3088 4270 vitalis
3115 4212 3334 4282 spiritus
3361 4222 3560 4264 manus
3583 4206 3716 4262 han-

2141 4319 2290 4376 riret.
2325 4335 2347 4370 i
2366 4314 2420 4372 Si
2451 4326 2504 4370 te
2546 4330 2650 4368 non
2679 4310 2917 4366 deseruit
2937 4306 3344 4376 qualiscumque
3373 4301 3567 4356 saltem
3599 4313 3719 4353 sen-

2143 4427 2238 4466 sus
2252 4410 2535 4472 humanus,
2575 4404 2723 4458 vides
2749 4400 2875 4470 quid
2903 4399 2971 4454 de
2991 4392 3438 4463 concupiscentiae
3479 4389 3721 4458 volupta-

2145 4514 2218 4570 te,
2233 4502 2460 4571 hacipsa
2483 4499 2567 4552 eui
2597 4496 2804 4567 praebes
2821 4487 3332 4560 impudentissimam
3346 4481 3718 4552 patrocinium,

2147 4569 2589 4666 pronuntiaverit,
2621 4587 2717 4647 tui,
2745 4582 2890 4654 quod
2924 4594 3068 4650 stupe
3091 4575 3376 4632 dicendum
3402 4580 3504 4636 est.
3535 4569 3720 4624 docte-

2149 4662 2222 4742 ris
2243 4681 2548 4742 testimonio
2591 4676 2929 4749 praedicatus,
2960 4682 3064 4725 tam
3119 4663 3488 4723 memorabilis
3538 4662 3724 4716 doctor

2147 4776 2460 4834 Ambrosius
2491 4790 2506 4827 :
2537 4769 2676 4842 quod
2707 4782 2772 4824 ea
2799 4766 3024 4837 quisque
3059 4767 3366 4822 concretus,
3396 4772 3459 4811 ea
3479 4753 3724 4826 genitali-

2149 4873 2252 4926 bus
2277 4865 2567 4924 visceribus
2615 4860 2840 4924 iul‘usus,
2891 4872 2953 4912 ea
2981 4853 3292 4924 coagulatus
3339 4851 3393 4904 in
3423 4847 3726 4916 sanguine;

2149 4971 2206 5018 et
2231 4963 2284 5016 in
2317 4957 2525 5029 pannis,
2556 4969 2660 5009 non
2682 4947 3068 5021 utiqnelaneis,
3098 4953 3194 4998 aut
3221 4943 3398 5006 linels,
3425 4948 3521 4994 aut
3549 4937 3729 5006 hujus-

2152 5027 2358 5110 cemodi
2411 5047 2624 5111 talibus,
2652 5041 2897 5114 qualibus
2917 5039 3028 5109 jam
3049 5036 3158 5091 nati
3177 5033 3534 5089 obvolvuntur
3555 5027 3730 5082 inlan-

2155 5155 2256 5211 tes,
2296 5140 2390 5198 sed
2421 5138 2610 5210 pannis
2632 5135 2830 5190 vitiata:
2857 5129 3077 5200 originis
3102 5136 3349 5195 tanquam
3382 5116 3731 5176 ha-reditariis

2157 5236 2444 5296 involutus,
2474 5229 2621 5300 prius
2651 5225 2838 5280 subeat
2865 5221 3165 5291 contagium
3191 5216 3510 5272 delictorum
3532 5249 3548 5276 ,
3574 5219 3730 5279 quam

2155 5327 2330 5382 vitalis
2347 5323 2504 5391 hujus
2529 5319 2669 5375 acris
2691 5330 2874 5370 auram
2895 5309 3146 5382 spirando
3187 5305 3445 5378 percipiat
3468 5321 3482 5356 :
3507 5303 3562 5356 in
3577 5311 3732 5372 quem

2160 5416 2306 5472 velut
2359 5413 2676 5468 immensum
2709 5405 2909 5460 fontem
2935 5399 3236 5458 communis
3259 5405 3314 5450 et
3333 5409 3438 5449 non
3470 5393 3734 5447 desisten-

2162 5509 2228 5562 tis
2260 5502 2494 5560 alimenti
2520 5541 2536 5567 ,
2567 5508 2684 5570 post
2712 5495 2916 5554 occulta
2969 5492 3290 5562 spiramenta
3321 5475 3584 5541 viscerum
3621 5494 3732 5535 meo

2163 5611 2460 5660 ternorum,
2491 5596 2580 5664 qui
2609 5590 2863 5654 nascitur,
2895 5586 3130 5654 funditur
3157 5599 3172 5646 ;
3202 5581 3254 5637 in
3283 5588 3405 5636 ortu
3438 5579 3734 5648 ploraturus

2176 5699 2400 5755 reatum,
2430 5700 2588 5756 quem
2631 5680 2894 5737 contraxit
2935 5687 3060 5733 ante
3085 5686 3281 5732 ortum.
3312 5671 3524 5742 Ergone
3548 5683 3609 5725 ex
3640 5664 3722 5718 hu
