4014 6184
364 363 468 420 £85

355 482 444 549 jus
474 475 924 547 concupiscentiae
949 464 1097 531 metu
1125 475 1198 530 illi
1222 489 1330 531 non
1357 475 1735 531 erubescerent
1760 474 1938 530 homi-

362 588 457 625 nes
476 570 653 641 primi,
685 585 792 640 quo
810 580 863 624 et
884 568 986 640 ipsi
1015 570 1341 639 apparebant
1361 568 1528 636 noxii,
1557 576 1612 623 et
1635 583 1818 622 eorum
1847 566 1943 623 lilii

359 669 576 735 peccato
592 671 869 731 parentum
896 660 1383 730 przenuntiahantur
1405 660 1422 693 ¹
1446 659 1700 715 obnoxii?
1723 658 1941 714 Utinam

358 753 497 806 sicut
526 752 598 806 illi
650 751 980 806 erubtterunt
1026 766 1118 807 eas
1161 761 1339 822 partes
1375 751 1638 820 corporis,
1670 751 1722 804 in
1751 750 1943 820 quibus

358 844 591 898 libidinis
619 843 1031 898 inobedientiam
1054 844 1378 908 sentiebant,
1407 842 1578 897 nudas
1597 842 1899 910 relinquere
1922 858 1937 905 ;

358 935 427 987 ita
458 944 510 987 tu
540 932 657 988 [idei
678 932 955 989 catholica:
974 932 1233 990 obediens
1253 934 1599 989 erubesceres
1614 932 1938 988 erubescen-

355 1024 422 1077 da
453 1023 670 1079 laudare
694 1026 708 1079 l

434 1115 521 1170 16.
552 1116 688 1183 Quid
714 1124 892 1171 autem
916 1115 1074 1171 etiam
1105 1116 1173 1171 de
1196 1115 1311 1185 ipso
1324 1102 1679 1171 'llculneornm
1707 1115 1939 1185 tegmine

356 1205 603 1261 foliorum
631 1208 683 1261 in
712 1207 849 1262 libro
874 1207 940 1262 de
970 1207 1220 1261 Paradiso
1239 1207 1376 1263 idem
1410 1208 1522 1277 ipse
1542 1207 1817 1277 scripserit
1840 1207 1942 1262 do-

355 1296 722 1351 ctoradverte.
757 1316 776 1348 t
808 1296 960 1365 Quod
1007 1297 1169 1367 igitur
1217 1298 1429 1367 gravius
1475 1308 1591 1365 est,
1652 1316 1672 1350 ι
1720 1298 1890 1368 inquit
1918 1337 1936 1359 .

362 1405 381 1438 ι
426 1386 526 1443 hac
546 1402 605 1442 se
649 1387 817 1442 Adam
847 1389 1282 1457 interpretatione
1319 1388 1583 1444 succinxit
1608 1404 1673 1443 eo
1693 1388 1817 1455 loci,
1846 1388 1938 1444 ubi

354 1477 529 1532 fructu
565 1480 734 1548 magis
759 1479 1016 1537 castitatis
1070 1494 1130 1535 se
1181 1481 1493 1550 succingere
1542 1480 1841 1535 debuisset.
1870 1478 1927 1534 ln

357 1568 553 1622 lumbis
584 1568 728 1622 enim
778 1568 968 1636 quibus
999 1570 1389 1639 prteeinginntr,
1448 1570 1690 1639 qtuedam
1727 1570 1935 1626 semina

353 1659 712 1728 generationis
748 1675 868 1713 esse
895 1660 1143 1713 dicuntur
1171 1678 1183 1714 :
1228 1669 1281 1715 et
1300 1661 1418 1716 ideo
1446 1662 1584 1717 male
1627 1661 1695 1715 ibi
1719 1661 1934 1716 succin-

350 1760 471 1805 ctus
487 1757 567 1805 est
597 1750 763 1804 Adam
810 1750 949 1806 foliis
978 1752 1269 1815 inutilibus,
1300 1753 1388 1806 ubi
1421 1752 1611 1808 futura:
1637 1752 1937 1822 generatio-

354 1844 438 1897 nis
466 1858 571 1896 non
623 1841 854 1896 fructum
900 1843 1152 1905 futurum,
1186 1843 1279 1898 sed
1320 1844 1560 1911 quaedam
1611 1852 1827 1913 peccata
1864 1843 1942 1897 si-

357 1944 549 2005 gnaret
581 1953 601 1986 »
639 1942 650 1999 (
685 1933 813 2003 Cap.
854 1934 981 2004 15).
1013 1934 1265 1989 lliccerte
1282 1934 1551 1990 frnstravit
1580 1936 1679 1989 iste
1706 1935 1786 1989 vir
1808 1950 1935 1989 san-

349 2037 471 2083 ctus
499 2038 602 2081 tam
628 2027 954 2082 elaboratam
1010 2026 1425 2093 diSplllilllmlcm
1469 2034 1612 2081 tuam
1669 2026 1935 2096 nimisque

353 2118 675 2182 sollicitam,
719 2133 785 2171 ne
826 2126 947 2187 post
1000 2126 1273 2187 peccatum
1320 2117 1489 2171 Adam
1522 2127 1576 2171 et
1610 2118 1719 2171 Eva
1763 2118 1935 2175 oculis

350 2211 547 2279 apertis
572 2210 781 2265 lumbos
819 2210 1162 2280 prmcinxiSse
1204 2209 1493 2264 credantur
1519 2208 1685 2280 (βαι.
1710 2225 1792 2276 ιιι,
1825 2207 1931 2281 7).

352 2300 423 2357 Ut
448 2301 589 2356 enim
617 2310 757 2354 tanta
786 2301 856 2354 ibi
902 2300 1218 2370 loquacitate
1261 2299 1559 2366 laborares,
1587 2309 1773 2356 contra
1804 2315 1932 2356 sen-

351 2405 444 2445 sus
490 2390 739 2446 veniebas
770 2391 1007 2444 omnium
1034 2429 1049 2456 ,
1093 2399 1147 2445 et
1172 2404 1268 2445 eos
1310 2389 1627 2459 multiloqnii
1662 2391 1887 2459 strepitu
1911 2391 1933 2423 '

353 2484 707 2552 perstringere
731 2483 1001 2552 cupiebas.
1028 2482 1163 2551 Quid
1190 2483 1334 2539 enim
1362 2491 1465 2537 tam
1491 2484 1541 2536 in
1558 2492 1810 2553 promptu
1827 2491 1931 2551 est,

347 2590 508 2645 quam
563 2574 958 2636 succinctoriis,
1004 2574 1088 2629 vel
1144 2575 1560 2642 pmreinctoriis,
1591 2589 1713 2645 quae
1757 2588 1935 2644 graece

350 2673 657 2736 πιριςώματα
682 2676 1074 2734 nuneupantur,
1100 2665 1310 2719 lumbos
1329 2664 1599 2719 hominum
1622 2664 1830 2732 contegi
1850 2665 1932 2720 vel

349 2755 621 2824 prteeingi,
650 2770 781 2823 ιιυιε
803 2755 990 2824 vulgus
1016 2755 1178 2810 etiam
1205 2756 1502 2810 tnunituras
1530 2755 1720 2810 vocat?
1746 2755 1931 2824 Neque

348 2844 453 2898 hoc
479 2845 566 2899 ille
618 2846 774 2898 homo
806 2846 917 2909 Dei,
946 2845 1098 2914 cujus
1150 2854 1202 2901 te
1252 2861 1501 2915 urgemus
1539 2846 1773 2917 eloquio,
1813 2856 1932 2900 tan-

346 2949 506 3001 quam
559 2935 843 2993 ohseurum
900 2945 1046 2990 esset
1095 2936 1373 3003 exposuit:
1402 2935 1495 2989 sed
1552 2935 1693 3006 quod
1743 2950 1933 2992 omnes

348 3026 754 3096 iutelligehant,
786 3026 910 3097 quid
941 3027 1262 3097 signiﬁcaret
1291 3027 1541 3083 ostendit.
1577 3047 1597 3080 ι
1635 3030 1690 3083 In
1735 3029 1931 3086 lumbis

347 3120 493 3174 enim
544 3120 734 3188 quibus
782 3119 1172 3188 pra'ringimttr,
1213 3137 1232 3169 ι
1263 3119 1357 3183 ait,
1391 3137 1411 3171 ι
1452 3118 1697 3189 quaedam
1722 3122 1928 3176 semina

346 3209 708 3279 generationis
737 3224 857 3264 esse
885 3209 1172 3272 diettnlur;
1210 3218 1264 3264 et
1294 3209 1415 3265 ideo
1438 3212 1576 3265 male
1604 3210 1674 3264 ibi
1714 3213 1929 3266 succin-

344 3311 464 3354 ctus
482 3310 563 3355 est
592 3300 755 3353 Adam
781 3299 920 3355 foliis
946 3301 1243 3356 inutilibus.
1272 3321 1293 3355 ι
1323 3302 1501 3368 Quare
1531 3302 1702 3357 male?
1734 3302 1930 3372 Sequi-

348 3401 431 3445 tur
458 3401 512 3445 et
540 3391 687 3458 dicit,
716 3411 735 3443 ι
766 3392 854 3445 ttbi
900 3390 1089 3446 futurae
1115 3394 1499 3463 generationis,
1540 3408 1647 3448 non
1696 3394 1926 3450 fructum

345 3480 603 3545 futurum,
626 3481 719 3536 sed
749 3481 990 3551 qttzedam
1021 3491 1232 3551 peccata
1261 3483 1514 3553 signaret.
1543 3502 1564 3535 ι
1590 3483 1836 3539 llahesne
1861 3485 1928 3540 ad

348 3574 450 3628 ista
477 3575 615 3644 quod
642 3573 834 3629 dicas?
860 3574 998 3631 Ecce
1028 3576 1168 3629 unde
1197 3575 1287 3631 illa
1326 3574 1592 3642 conlusio,
1624 3591 1753 3632 ecce
1779 3576 1927 3632 unde

341 3666 615 3721 contextio
640 3675 694 3720 et
708 3667 999 3721 succinctio
1027 3666 1298 3735 foliorum,
1328 3682 1457 3724 ecce
1497 3668 1637 3723 unde
1668 3668 1720 3722 in
1753 3678 1930 3740 poste-

343 3757 422 3808 ris
449 3755 707 3825 originale
728 3765 1021 3824 peccatum.

416 3847 505 3900 17.
555 3846 781 3901 Sanctus
828 3862 955 3901 vero
1012 3845 1248 3903 Joannes
1294 3847 1925 3919 Constantinopolitanns

338 3941 645 4009 episcopus,
690 3951 942 4009 quantum
984 3941 1301 3998 verecundia
1358 3942 1666 4012 permittere
1716 3943 1922 4011 potuit,

342 4042 514 4085 totum
563 4032 690 4085 illud
736 4034 1029 4102 primorum
1080 4033 1353 4087 hominum
1389 4035 1811 4089 erubescendum
1842 4033 1915 4088 fa-

338 4135 486 4176 ctum
533 4123 741 4179 duobus
795 4126 975 4179 verbis
1017 4125 1295 4180 evidenter
1352 4126 1638 4190 expressit,
1686 4124 1918 4182 dicens:

344 4235 365 4266 ο
402 4214 561 4270 Foliis
584 4227 761 4270 autem
782 4216 912 4272 licus
932 4226 1087 4272 erant
1113 4219 1373 4285 cooperti,
1414 4225 1659 4285 tegentes
1687 4217 1921 4287 speciem

342 4306 568 4371 peccati.
593 4324 611 4358 ι
636 4304 730 4361 Ctti
766 4322 868 4359 non
908 4316 1180 4375 appareat,
1231 4322 1353 4375 ane
1388 4308 1473 4361 vel
1500 4306 1671 4374 qualis
1721 4306 1920 4375 peccati

339 4397 547 4467 species
575 4413 603 4449 a
630 4396 868 4450 confusis
918 4397 1139 4465 tegenda
1172 4396 1341 4451 fuerat
1368 4397 1419 4451 in
1452 4398 1668 4467 regione
1710 4396 1922 4450 lumbo-

339 4504 480 4547 runt.
508 4488 594 4556 qui
616 4487 683 4541 de
708 4488 786 4541 sui
815 4488 1058 4555 Corporis
1083 4487 1320 4543 nuditate
1371 4504 1474 4541 non
1524 4487 1923 4543 confundeban-

338 4586 429 4630 tur
469 4587 593 4630 ante
643 4577 958 4645 peccatum?
986 4577 1242 4638 Obsecro,
1295 4577 1569 4647 intelligite
1595 4594 1607 4641 ;
1637 4578 1746 4633 itno
1794 4592 1923 4633 vero

338 4666 625 4733 permittite
655 4664 917 4731 homines,
944 4666 1085 4735 quod
1118 4666 1390 4721 vobiscum
1432 4667 1731 4737 intelligunt
1762 4667 1922 4723 intel-

335 4756 523 4827 ligete,
551 4765 604 4809 et
633 4757 795 4810 nolite
840 4772 937 4810 nos
958 4772 1148 4825 cogere
1182 4757 1250 4812 de
1280 4757 1537 4829 pudendis
1569 4772 1709 4828 pene
1739 4758 1918 4828 impu-

329 4848 527 4903 denter
559 4845 583 4878 ⁸
604 4846 803 4900 diutius
832 4846 1127 4916 disputare.

406 4940 494 4995 18.
526 4940 710 4995 Merito
737 4938 875 4993 idem
906 4939 1090 4993 healtts
1116 4940 1384 5005 Joannes,
1414 4940 1573 4996 etiam
1600 4941 1748 5012 ipse,
1779 4942 1919 4998 sicut

327 5039 387 5083 et
414 5038 617 5099 martyr
638 5026 937 5101 Cyprianus
965 5028 1159 5098 (Epist.
1191 5028 1257 5084 66
1275 5069 1292 5096 ,
1324 5030 1393 5083 ad
1417 5027 1666 5101 Fidum),
1692 5032 1921 5088 circum-

326 5122 589 5174 cisionem
626 5120 801 5173 carnis
828 5120 879 5174 in
908 5120 1059 5189 signo
1090 5130 1408 5189 przeeeptam
1435 5122 1774 5177 commendat
1797 5138 1920 5181 esse

325 5209 693 5278 Baptismatis.
742 5226 763 5260 ι
807 5210 872 5265 Et
908 5210 1027 5264 vide
1067 5212 1333 5280 quomodo
1361 5211 1612 5279 Judaeus,
1652 5232 1671 5264 ι
1703 5212 1914 5284 inquit,

331 5316 353 5352 ι
381 5299 845 5354 circttmcisionem
866 5316 970 5354 non
985 5300 1157 5355 dilTert
1174 5310 1391 5371 propter
1414 5304 1877 5359 eonnninatioaem
1897 5345 1914 5372 ,

318 5392 451 5463 quia
492 5390 667 5447 omnis
703 5392 875 5446 anima
907 5407 1253 5462 quocumque
1282 5408 1388 5447 non
1418 5392 1575 5448 fuerit
1602 5394 1916 5451 circumcisa

311 5482 414 5540 die
439 5493 647 5548 octavo,
663 5483 1097 5538 exterminabitur
1113 5482 1180 5536 de
1208 5483 1403 5554 populo
1432 5498 1529 5539 suo
1562 5501 1582 5537 ι
1608 5482 1757 5559 (Gen.
1784 5500 1911 5553 xvn,

384 5638 404 5671 ³
442 5637 516 5687 sic
535 5644 644 5687 Its.
673 5646 722 5687 Αι
745 5637 879 5693 editi.
906 5635 1349 5699 pronuntiabatur”.

380 5701 406 5763 ξ
442 5705 489 5763 to
515 5707 643 5763 Mss.,
666 5704 941 5763 nutttttoqap
959 5706 1171 5763 strepitu.

387 5761 411 5792 ⁸
443 5759 758 5810 Floriacensis
781 5759 881 5813 tisi.
904 5759 1215 5817 nuptiarum.

1673 358 1878 416 LIBER
1915 354 2290 415 SECUNDUS.

3539 369 3643 426 685

2056 475 2175 546 llo).
2214 490 2234 527 t
2259 472 2339 528 Tu
2366 482 2563 538 autem,
2598 476 2827 547 iinquit,
2852 495 2873 531 ι
2893 491 2999 533 non
3024 477 3379 536 manufactam
3402 468 3639 538 circum-

2051 564 2308 620 cisioncm
2330 565 2512 621 diﬂ'crs
2538 609 2553 633 ,
2581 582 2700 637 quze
2727 568 2781 623 in
2810 566 3195 640 exspoliatione
3223 572 3403 629 carnis
3429 572 3483 629 in
3512 588 3641 632 cor-

2050 672 2180 727 pore
2224 657 2525 726 perficitur,
2573 660 2743 727 ipsum
2774 660 3058 715 Dominum
3084 662 3307 718 audiens
3334 663 3639 734 dicentem,

2050 750 2208 802 Auum
2229 789 2242 811 ,
2275 765 2419 803 omen
2446 750 2559 804 dico
2585 750 2748 817 vobis,
2773 753 2869 806 nisi
2891 754 3001 822 quis
3027 766 3231 810 renatus
3251 758 3403 826 fuerit
3423 774 3487 813 ea:
3507 774 3642 828 aqua

2048 849 2094 894 et
2131 840 2336 911 spiritu,
2369 856 2469 894 non
2499 841 2719 896 introibit
2745 843 2796 896 in
2814 860 3022 914 regnum
3046 847 3285 900 caelorum
3310 866 3328 899 ι
3349 847 3425 917 (a)
3447 846 3633 922 [Ιοαη.

2047 943 2138 995 ιιι,
2170 927 2269 1000 5]?
2301 949 2320 979 ι
2355 928 2539 983 Cernis
2568 932 3014 1001 quemadmodum
3043 934 3500 992 circumcisionem
3527 942 3635 994 cir-

2044 1016 2394 1082 cumcisioni,
2439 1020 2907 1076 comminationem
2952 1025 3354 1080 comminationi
3412 1028 3495 1083 vir
3541 1044 3639 1084 ec-

2045 1108 2342 1163 clesiastica
2378 1108 2619 1163 doctrina
2651 1111 2904 1180 praeditus
2931 1116 3300 1183 comparavit?
3329 1117 3480 1186 Quod
3506 1137 3637 1192 ergo

2044 1207 2126 1253 est
2146 1206 2334 1251 oetavo
2359 1198 2445 1254 die
2474 1214 2579 1253 non
2606 1200 2952 1267 circumcidi,
2980 1203 3080 1258 hoc
3107 1215 3186 1258 est
3212 1207 3265 1261 in
3293 1206 3505 1264 Christo
3528 1226 3639 1266 non

2045 1287 2295 1356 baptizari
2327 1307 2341 1343 :
2369 1298 2423 1343 et
2454 1289 2594 1359 quod
2626 1300 2709 1347 est
2738 1292 2914 1361 perire
2941 1293 3007 1347 de
3036 1296 3232 1364 populo
3259 1311 3357 1351 suo
3379 1339 3394 1364 ,
3431 1299 3532 1354 hoc
3557 1314 3640 1356 est

2045 1394 2147 1431 non
2177 1380 2373 1434 intrare
2400 1380 2451 1434 in
2475 1396 2693 1451 regnum
2720 1383 3001 1438 caelorum.
3035 1384 3103 1440 Et
3130 1397 3305 1442 tamen
3334 1402 3427 1442 vos
3449 1389 3502 1444 in
3534 1390 3638 1445 Ba-

2044 1472 2291 1541 plismnte
2326 1473 2660 1543 parvulorum
2688 1477 3126 1547 exspoliationem
3154 1483 3365 1550 carnis,
3395 1485 3496 1541 hoc
3519 1499 3630 1549 est,

2040 1560 2498 1616 circumcisionetn
2532 1580 2637 1618 non
2672 1567 3025 1633 manufactam
3049 1612 3067 1635 ,
3099 1571 3359 1628 celebrari
3387 1578 3632 1647 negatis;

2040 1656 2164 1721 quia
2205 1652 2334 1706 nihil
2363 1669 2455 1708 eos
2477 1695 2494 1718 ,
2529 1670 2635 1725 quo
2663 1658 2947 1726 exspoliari
2978 1660 3238 1728 debeant,
3274 1663 3471 1723 habere
3497 1682 3634 1722 con-

2043 1743 2278 1798 tenditis.
2309 1744 2424 1800 Non
2454 1747 2598 1801 enim
2639 1762 2734 1804 eos
2768 1748 3005 1805 fatemini
3030 1766 3270 1809 mortuos
3298 1754 3349 1810 in
3380 1760 3637 1828 praeputio

2041 1835 2219 1889 carnis
2250 1851 2359 1890 sua:
2385 1877 2400 1901 ,
2428 1853 2532 1907 quo
2560 1850 2834 1907 peccatum
2859 1841 3206 1911 signiﬁcatur,
3240 1847 3468 1902 maxime
3493 1851 3634 1918 quod

2040 1928 2367 1998 originaliter
2416 1929 2640 1985 trahitttr
2690 1949 2704 1985 :
2754 1946 2851 2003 per
2898 1935 2999 1988 hoc
3033 1934 3178 1990 enim
3205 1946 3287 1991 est
3316 1952 3513 2010 corpus
3540 1954 3634 1995 no-

2039 2029 2208 2073 strum
2247 2035 2441 2090 corpus
2477 2023 2675 2091 pecrati
2695 2062 2711 2087 ,
2750 2022 2892 2093 quod
2928 2026 3172 2081 evacuari
3197 2026 3325 2083 dicit
3348 2031 3633 2100 Apostolus

2043 2125 2138 2179 per
2161 2127 2375 2166 crucem
2402 2112 2597 2169 Christi
2629 2113 2801 2185 (Rom.
2830 2130 2918 2182 vt,
2946 2117 3026 2188 6).

2111 2202 2337 2258 CAPUT
2382 2203 2491 2259 Vll.
2517 2235 2593 2247 —
2620 2207 2708 2261 l9.
2738 2206 2844 2263 Sed
2873 2224 3015 2265 nunc
3042 2213 3322 2267 sententiis
3349 2214 3634 2288 episeopo-

2040 2310 2157 2348 rum
2186 2297 2275 2364 qui
2305 2296 2514 2351 fuerunt
2537 2306 2662 2352 ante
2687 2313 2784 2354 nos
2802 2339 2817 2364 ,
2848 2310 2902 2356 et
2928 2300 3042 2357 hare
3062 2302 3242 2359 divina
3267 2304 3475 2378 eloquia
3504 2307 3633 2364 lide-

2041 2383 2163 2438 liter
2201 2396 2255 2439 et
2294 2387 2709 2443 memorabiliter
2744 2398 3137 2458 tractaverunt,
3178 2409 3370 2465 urgere
3397 2407 3447 2450 te
3476 2396 3631 2454 iisti~

2039 2478 2134 2531 tui.
2179 2477 2407 2533 Proinde
2451 2478 2516 2533 ad
2541 2480 2848 2549 episcOpum
2880 2483 3219 2540 Ambrosium
3252 2497 3629 2547 revertamur:

2035 2570 2125 2639 qui
2162 2587 2284 2627 cum
2314 2580 2370 2626 et
2392 2570 2635 2627 homines
2656 2613 2675 2641 ,
2705 2574 2756 2628 id
2780 2584 2939 2629 estet
2963 2577 3168 2635 animas
3190 2588 3245 2634 et
3270 2595 3494 2650 corpora
3526 2581 3626 2637 ho-

2039 2659 2269 2725 minum,
2293 2676 2426 2730 Opus
2459 2662 2548 2716 Dei
2578 2677 2699 2718 esse
2730 2679 2832 2717 non
2860 2664 3065 2721 dubitet
3084 2707 3098 2730 ,
3127 2675 3183 2721 et
3208 2670 3419 2737 nuptias
3448 2670 3621 2727 hono—

2037 2757 2153 2813 τοι,
2199 2760 2252 2803 et
2298 2751 2348 2803 in
2390 2750 2659 2819 Baptismo
2695 2752 2888 2807 Christi
2930 2755 3181 2823 prmdicet
3203 2758 3379 2811 omnia
3409 2768 3625 2828 peccata

2034 2838 2226 2896 dimitti
2250 2882 2263 2901 .
2312 2850 2365 2894 et
2413 2842 2575 2895 Deum
2616 2858 2736 2897 esse
2773 2846 2983 2900 noverit
3015 2845 3256 2914 justum;
3296 2858 3349 2902 et
3377 2864 3628 2919 capacem

2037 2931 2249 2987 virtutis
2279 2940 2438 3001 atque
2469 2933 2810 3001 perfectionis
2839 2949 2933 3003 per
2964 2936 3055 2990 Dei
3084 2937 3307 3006 gratiam
3341 2938 3624 2996 humanam

2034 3037 2140 3077 non
2189 3035 2343 3092 neget
2377 3038 2498 3078 esse
2539 3032 2817 3090 naturam;
2846 3042 2965 3096 quze
2992 3040 3165 3082 vestra
3191 3030 3424 3100 quinque
3455 3031 3626 3087 facitis

2032 3124 2373 3180 argumenta,
2426 3116 2809 3172 contendentes
2858 3118 3062 3173 nullum
3117 3119 3337 3175 istorum
3386 3122 3622 3192 quinque

2033 3219 2216 3259 verum
2255 3219 2376 3259 esse
2421 3218 2579 3273 posse
2600 3246 2613 3267 ,
2656 3208 2756 3261 nisi
2790 3207 2980 3263 falsum
3010 3210 3080 3264 sit
3112 3211 3322 3267 trahere
3347 3226 3626 3271 nascentes

2033 3295 2289 3364 originale
2341 3306 2614 3364 peccatum
2674 3314 2689 3351 :
2747 3307 2926 3354 tamen
2978 3299 3078 3354 hoc
3129 3301 3333 3370 ipsum,
3372 3303 3513 3373 quod
3542 3305 3625 3359 his

2029 3388 2266 3457 quinque
2305 3389 2634 3456 argumentis
2678 3390 2891 3445 attl'erre
2935 3392 3240 3459 conamini,
3279 3392 3359 3448 sic
3398 3393 3489 3450 ille
3537 3394 3623 3450 ubi

2031 3490 2167 3545 Opus
2211 3484 2324 3543 est,
2368 3476 2421 3531 in
2462 3477 2573 3532 suis
2615 3482 2950 3535 sermonibus
2995 3483 3170 3550 ponit,
3214 3493 3272 3537 ut
3297 3485 3467 3541 cuivis
3491 3487 3623 3543 satis

2031 3568 2239 3624 eluceat
2260 3608 2277 3632 ,
2307 3567 2433 3637 quid
2455 3569 2713 3623 catholica
2738 3571 2930 3624 veritas
2956 3572 3127 3625 soleat
3153 3574 3464 3642 prmdicare,
3493 3576 3620 3645 quid

2031 3657 2248 3726 profana
2279 3659 2484 3712 novitas
2509 3668 2731 3712 conetur
2753 3669 3015 3714 evertere.
3042 3664 3123 3715 An
3142 3661 3277 3717 forte
3298 3664 3470 3732 ipsum
3488 3682 3620 3734 quo-

2028 3763 2133 3819 que
2174 3748 2515 3804 Ambrosium
2555 3750 2722 3806 scisse
2759 3766 2824 3807 ac
2853 3752 3103 3807 docuisse
3123 3752 3419 3818 dubitabis,
3451 3755 3618 3811 Deum

2027 3853 2148 3893 esse
2194 3839 2464 3894 hominum
2514 3839 2843 3894 conditorem
2867 3881 2884 3905 ,
2931 3850 2985 3895 et
3022 3842 3213 3896 anima:
3251 3853 3303 3898 et
3336 3843 3620 3912 corporis?

2028 3928 2164 3983 Audi
2210 3945 2337 4000 ergo
2373 3930 2499 4002 quid
2539 3930 2680 3985 dicat
2720 3933 2772 3985 in
2801 3934 2936 3986 libro
2967 3933 3035 3987 de
3060 3933 3400 4004 Philosophia
3427 3946 3616 3992 contra

2027 4018 2308 4075 Platonem
2343 4020 2713 4090 philosonhutn
2739 4064 2755 4090 ,
2777 4023 2867 4094 qui
2894 4025 3165 4079 hominum
3185 4027 3391 4082 animas
3410 4027 3616 4082 revolvi

2027 4112 2080 4165 iit
2110 4113 2305 4166 bestias
2331 4123 2641 4182 asseverat,
2668 4125 2721 4169 et
2744 4116 3039 4171 animarum
3064 4118 3428 4174 tantummodo
3451 4120 3616 4176 Deum

2025 4206 2270 4273 Opinalur
2295 4214 2566 4259 auctorem
2586 4246 2600 4267 .
2630 4220 2855 4276 corpora
2877 4216 3052 4261 autem
3077 4206 3180 4261 diis
3208 4208 3502 4264 minoribus
3523 4208 3604 4264 fa-

2024 4293 2211 4350 cienda
2239 4292 2663 4365 decernit.’Ergo
2689 4306 2903 4351 sanctus
2929 4296 3241 4352 Ambrosius
3264 4341 3278 4359 .
3312 4317 3332 4350 ι
3359 4299 3526 4355 Miror
3543 4339 3560 4366 ,
3586 4318 3606 4354 ι

2025 4384 2225 4455 inqttit,
2274 4402 2295 4436 ι
2342 4396 2543 4439 tantum
2595 4386 2999 4456 philosophum,
3040 4389 3309 4458 quomodo
3340 4391 3607 4458 animam,

2022 4476 2109 4530 cui
2150 4484 2465 4547 potestatem
2505 4477 2843 4533 conferendae
2887 4479 3303 4536 immortalitatis
3335 4483 3608 4551 attribuit,

2024 4565 2079 4620 in
2123 4566 2333 4620 noctuis
2363 4567 2630 4632 includat,
2660 4576 2753 4622 aut
2781 4569 2979 4625 ranulis
3001 4610 3019 4635 ,
3053 4571 3259 4628 feritate
3282 4588 3495 4646 quoque
3521 4577 3608 4634 in-

2022 4657 2149 4712 duat
2192 4658 2480 4713 bestiarum
2526 4676 2541 4715 :
2582 4673 2705 4715 cum
2748 4658 2800 4714 in
2838 4660 3039 4717 Tinneo
3062 4676 3179 4718 eam
3211 4664 3304 4719 Dei
3333 4680 3611 4736 opusesse

2024 4755 2433 4820 memoraverit,
2464 4757 2601 4810 inter
2626 4753 2944 4810 immortalia
2971 4770 3001 4810 a
3028 4756 3137 4812 Deo
3156 4757 3344 4814 iactam
3371 4773 3603 4823 ;oorpus

2020 4851 2198 4897 autem
2219 4857 2324 4898 non
2356 4844 2520 4899 videri
2548 4860 2683 4911 epos
2708 4845 2898 4900 summi
2924 4845 3016 4900 Dei
3040 4847 3250 4912 asserit,
3272 4848 3393 4917 quia
3417 4857 3602 4901 natura

2020 4933 2199 4988 carnis
2240 4933 2484 4988 humana:
2525 4934 2652 4987 nihil
2692 4947 2724 4989 a
2765 4944 2949 4989 natura
2974 4937 3213 5005 corporis
3236 4935 3474 4992 bestialis
3496 4933 3601 4990 dli-

2020 5019 2145 5077 l‘ert.
2191 5022 2248 5077 Si
2290 5037 2419 5093 ergo
2454 5022 2609 5093 digna
2635 5032 2721 5079 est
2749 5040 2866 5094 qua:
2895 5024 2984 5078 Dei
3014 5039 3147 5095 opus
3171 5039 3292 5081 esse
3314 5026 3563 5081 credatur
3587 5066 3603 5092 ,

2020 5114 2289 5184 quomodo
2316 5113 2528 5184 indigna
2552 5121 2636 5170 est
2659 5130 2781 5185 qua:
2801 5113 2894 5170 Dei
2919 5108 3087 5183 opere'
3100 5114 3355 5171 vestiatur
3371 5112 3399 5170 τ
3425 5134 3447 5169 ι
3468 5116 3606 5172 Ecce

2021 5221 2127 5261 non
2162 5207 2331 5261 Solum
2360 5205 2619 5269 animam,
2653 5205 2792 5275 quod
2816 5214 2872 5259 et
2895 5205 2967 5259 illi
2994 5204 3207 5271 dicunt,
3230 5221 3417 5263 verum
3440 5207 3600 5263 etiam

2020 5310 2244 5365 corpus,
2280 5296 2422 5367 quod
2458 5296 2530 5350 illi
2559 5303 2787 5365 negant,
2813 5305 2999 5350 contra
3024 5286 3324 5353 Platonicos
3348 5298 3441 5355 Dei
3466 5314 3603 5370 opus

2019 5400 2140 5441 esse
2166 5385 2404 5441 defendit
2427 5385 2760 5440 Ambrosius.

2088 5475 2180 5530 20.
2224 5477 2308 5529 An
2346 5483 2400 5529 ttt
2438 5474 2673 5530 dicturus
2710 5488 2806 5541 es,
2845 5474 2987 5546 quod
3033 5476 3229 5550 nuptiis
3269 5476 3476 5549 ingerat
3496 5479 3629 5535 cri-‘

2019 5582 2140 5621 men
2164 5605 2179 5632 ,
2223 5566 2342 5636 quia
2377 5573 2432 5620 et
2461 5564 2582 5619 inde
2609 5564 2750 5636 quod
2779 5567 3015 5622 nascitur
3037 5569 3480 5641 concupiscentia;
3501 5585 3598 5624 vo-

2076 5697 2328 5810 merha
2346 5697 2451 5748 haec
2471 5696 2829 5773 apudeasillum
2851 5698 3082 5764 leguntur
3106 5702 3153 5753 in
3174 5702 3369 5755 humilia
3396 5705 3466 5764 13,
3491 5716 3601 5764 qua

2076 5792 2085 5810 ι
2224 5767 2292 5810 tto
2310 5769 2385 5810 est
2400 5759 2459 5809 ad
2484 5766 2784 5810 Bauusmum.

2021 5759 2292 5811 exhortatio
2310 5769 2385 5810 est
2400 5759 2459 5809 ad
2484 5759 2784 5823 Eaptismum.
