4038 6182
411 379 512 433 687

412 496 610 561 luptate
653 498 994 548 coveretnm,
1039 489 1165 542 dicit
1207 488 1384 542 subire
1427 488 1726 554 contagium
1770 483 1991 538 delicto-

413 585 576 639 rum?
623 582 754 636 Audi
797 595 922 650 ergo
963 580 1030 632 de
1071 580 1263 648 nuptiis
1305 579 1570 634 Ambrosii
1600 577 1913 632 sententiam
1943 576 1992 628 in

413 675 666 746 Apologia
715 675 881 728 sancti
931 673 1106 726 David.
1143 692 1160 723 Ι
1197 673 1398 727 Bonum
1421 714 1435 736 ,
1473 691 1490 724 ο
1525 672 1691 741 inquit
1714 711 1728 732 ,
1757 687 1775 721 ‹
1813 671 1996 734 conju-

410 770 553 838 gium
575 809 590 830 ,
633 776 811 821 sancti
841 765 1048 834 copula.
1081 764 1185 818 Sed
1219 774 1392 818 tamen
1423 764 1508 831 qui
1538 761 1733 816 habent
1762 775 1954 814 uxores
1978 801 1994 825 ,

414 859 484 912 ita
527 858 631 912 sint
673 869 737 911 ac
779 855 821 910 si
868 871 970 908 non
1004 854 1260 907 habentes
1289 871 1302 906 :
1333 853 1444 922 ipse
1471 861 1550 907 est
1579 854 1765 905 thorus
1796 850 1998 904 ineoin-

412 949 696 1017 quinatus;
749 954 806 1000 et
846 960 1004 1000 nemo
1048 944 1274 998 alterum
1308 944 1550 996 fraudare
1577 940 1738 996 debet
1765 959 1863 1003 eo,
1898 939 1996 992 nisi

415 1037 551 1092 forte
596 1037 662 1091 ad
709 1045 917 1106 tempus
938 1077 952 1099 ,
1001 1045 1058 1089 ut
1083 1045 1272 1089 vacent
1296 1033 1522 1088 orationi
1551 1033 1593 1101 (l
1621 1031 1736 1084 Cor.
1769 1047 1858 1092 vn,
1889 1029 1961 1085 29
1982 1071 1996 1096 ,

415 1129 494 1198 5).
527 1127 728 1182 Tamen
759 1126 1048 1182 secundum
1077 1126 1393 1196 Apostolnm
1415 1166 1428 1188 ,
1459 1139 1563 1177 non
1593 1132 1744 1176 vacat
1771 1121 1998 1176 orationi

412 1221 536 1292 quis
569 1234 635 1274 eo
669 1229 934 1287 tempore,
961 1232 1068 1288 quo
1089 1231 1240 1270 nsum
1264 1217 1280 1248 ¹
1307 1229 1579 1284 corporeae
1605 1213 1746 1268 illius
1767 1226 2004 1266 conven-

419 1310 580 1364 tionis
604 1303 848 1364 exercet:
883 1307 1028 1379 (Cap.
1059 1305 1174 1378 li).
1200 1305 1338 1360 Audi
1363 1313 1416 1360 et
1443 1305 1662 1358 alteram
1690 1304 1742 1358 in
1775 1303 1912 1357 libro
1935 1302 2004 1357 de

416 1401 758 1472 Philosophia
792 1419 804 1454 :
839 1419 860 1454 ε
893 1401 1036 1456 Bona
1063 1441 1077 1464 ,
1113 1418 1136 1451 ι
1171 1399 1378 1468 inquit,
1415 1417 1435 1450 ι
1470 1397 1824 1460 continentia,
1853 1409 2001 1466 qua:-
2030 1462 2036 1468 _

418 1493 541 1548 dam
567 1491 713 1546 velut
739 1489 957 1561 crepido
978 1487 1208 1560 pietatis.
1233 1487 1468 1556 Namque
1481 1487 1532 1541 in
1557 1484 1860 1556 praecipitiis
1883 1484 2006 1538 vitae

420 1582 578 1653 hujus
606 1581 896 1638 labentium
927 1579 1112 1635 statuit
1139 1577 1360 1648 vestigia
1385 1593 1400 1642 ;
1433 1577 1755 1647 speculatrix
1777 1575 1962 1630 sedula
1985 1613 2002 1642 ,

418 1689 487 1730 ne
537 1672 661 1744 quid
695 1669 936 1741 'obrepat
979 1669 1243 1724 illicitum.
1301 1667 1472 1724 Mater
1525 1675 1702 1723 autem
1757 1666 2006 1721 vitiorum

419 1767 658 1821 omnium
712 1763 1095 1820 incontinentia
1120 1801 1136 1828 ,
1167 1777 1286 1833 qua:
1313 1762 1470 1816 etiam
1499 1760 1640 1814 licita
1666 1760 1824 1814 vertit
1851 1760 1902 1814 in
1927 1758 2006 1813 vi-

423 1858 552 1911 tium
601 1855 834 1925 ldeoque
856 1853 1144 1924 Apostolus
1165 1867 1271 1907 non
1293 1852 1464 1906 solum
1487 1868 1514 1903 a
1541 1849 1892 1906 fornicatione
1911 1863 2008 1905 nos

420 1948 858 2014 retrahit,verum
889 1946 1047 2001 etiam
1081 1943 1133 1999 in
1160 1943 1286 2016 ipsis
1310 1942 1569 2014 conjugiis
1593 1941 1806 1996 modum
1824 1956 2010 2011 quem-

425 2041 550 2095 dam
593 2039 785 2105 docet,
829 2045 884 2092 et
921 2046 1159 2105 tempora
1200 2035 1498 2107 prescribit
1531 2033 1718 2088 orandi
1743 2051 1762 2084 ι
1790 2032 1852 2102 (1
1887 2029 2010 2086 Cor.

422 2133 539 2204 vn).
581 2148 602 2184 ι
630 2131 991 2200 lutempcrans
1017 2127 1160 2184 enim
1188 2128 1240 2182 in
1268 2126 1544 2196 conjugio,
1576 2124 1700 2196 quid
1725 2123 1870 2180 aliud
1893 2124 1997 2180 nisi

423 2221 638 2293 quidam
684 2220 895 2275 adulter
931 2219 1114 2274 uxoris
1149 2217 1270 2273 est?
1300 2235 1320 2270 ι
1353 2217 1541 2272 Cernis
1563 2215 2009 2288 quemadmodum

424 2314 554 2370 velit
585 2313 746 2368 etiam
790 2313 930 2366 inter
975 2325 1035 2365 se
1078 2310 1192 2380 ipsa
1231 2324 1356 2364 vere
1382 2309 1604 2364 honesta
1633 2309 1655 2340 ¹
1681 2321 1800 2363 esse
1822 2309 2012 2377 conju-

423 2405 508 2476 gis
545 2404 570 2458 ‘l
623 2402 785 2456 Vides
832 2400 1281 2474 quemadmodum
1329 2399 1524 2464 dicat,
1573 2399 2012 2453 incontinentiam

425 2495 584 2550 etiam
629 2493 768 2548 licita
803 2499 1011 2546 vertere
1047 2490 1100 2545 in
1131 2490 1312 2544 vitium
1333 2531 1348 2554 ,
1381 2489 1466 2542 ubi
1491 2498 1546 2544 et
1572 2489 1770 2542 licitum
1793 2490 2014 2544 demon-

425 2595 558 2642 strat
603 2597 722 2640 esse
765 2581 1087 2638 connubium
1111 2622 1128 2648 ,
1171 2594 1227 2636 et
1266 2581 1319 2636 in
1363 2581 1478 2650 ipso
1505 2595 1612 2634 non
1643 2581 1756 2634 vult
1783 2579 2012 2636 inconti.

423 2677 658 2733 nentiam
701 2675 903 2730 fmdare
945 2673 1086 2744 quod
1124 2673 1324 2728 licitum
1365 2681 1452 2728 est
1486 2673 1550 2725 ’τ
1591 2671 1838 2728 Advertis
1881 2688 2015 2744 quo-

427 2765 590 2822 modo
614 2765 910 2835 intelligere
939 2763 1216 2818 nobiseum
1241 2762 1440 2818 debeas
1459 2804 1473 2827 ,
1503 2763 1555 2816 in
1579 2779 1688 2832 quo
1711 2761 1898 2818 morbo
1919 2763 2015 2818 de-

425 2859 607 2914 siderii
651 2855 878 2912 noluerit
921 2855 1208 2926 Apostolus
1247 2870 1680 2926 unumquemque
1723 2872 1818 2910 vas
1858 2872 2012 2912 suum

430 2949 740 3022 possidere,
771 2949 908 3004 sicut
935 2955 1120 3017 gentes
1147 2962 1269 3018 qua:
1293 2947 1538 3016 ignorant
1569 2949 1732 3000 Deum
1763 2945 1805 3021 (I
1834 2945 2010 3004 Thess.

427 3043 558 3108 tv,t,
577 3040 636 3112 5)
655 3040 680 3094 τ
697 3038 816 3094 Tibi
841 3047 1018 3093 autem
1033 3036 1196 3091 libido
1220 3052 1323 3091 non
1345 3036 1446 3091 nisi
1473 3045 1667 3106 praeter
1691 3051 1908 3092 uxorem
1933 3041 2008 3092 vi-

425 3136 583 3188 detur
613 3146 733 3189 esse
757 3131 1057 3201 culpabilis.
1087 3127 1225 3198 Quid
1249 3143 1378 3199 ergo
1405 3127 1472 3182 de
1502 3127 1786 3183 Ambrosio
1809 3128 2016 3198 judica-

429 3225 538 3290 bis,
567 3222 657 3294 qui
682 3224 1125 3291 intemperantem
1155 3221 1208 3274 in
1229 3219 1476 3289 conjugio
1501 3219 1802 3275 adulterum
1829 3236 2014 3290 quem-

431 3318 554 3370 dam
593 3313 823 3385 appellat
859 3313 1043 3367 uxoris
1063 3312 1088 3364 Ἰ
1112 3311 1262 3366 Tune
1287 3309 1478 3366 melius
1503 3310 1714 3380 nuptias
1741 3310 1971 3364 bonoras
1995 3353 2010 3376 ,

431 3410 483 3463 in
504 3407 696 3480 quibus
719 3405 922 3461 libidini
947 3403 1433 3460 licentiosissimum
1456 3403 1686 3472 spatium
1709 3403 1974 3474 praebuisti
1997 3419 2012 3468 ;

429 3515 497 3554 ne
539 3497 779 3553 fortassis
817 3495 1019 3551 offensa
1057 3493 1394 3550 defensorem
1439 3493 1542 3549 sibi
1579 3494 1740 3548 alium
1768 3494 2011 3563 provide-
2059 3513 2068 3523 -

428 3603 510 3646 ret
528 3591 554 3644 'i
573 3589 759 3660 Neque
783 3588 957 3654 enim,
987 3586 1126 3658 quod
1157 3601 1256 3656 ego
1283 3585 1698 3641 commemoravi
1724 3585 2014 3641 secundum

428 3684 638 3738 veniam
675 3680 991 3750 conjugihus
1031 3678 1330 3734 concedere
1353 3677 1664 3748 Apostolum
1695 3676 1804 3749 (ubi
1834 3678 2013 3746 procul

429 3772 591 3827 dubio
629 3777 874 3836 notatur,
911 3769 1012 3825 etsi
1041 3767 1332 3840 ignoscitur
1351 3808 1368 3835 ,
1396 3765 1614 3839 culpa),
1641 3767 1828 3823 saltem
1855 3766 2018 3822 verbo

431 3873 585 3920 tenus
629 3863 890 3931 attingere
931 3859 1184 3924 voluisti;
1223 3865 1316 3912 aut
1346 3855 1488 3926 quod
1512 3856 1582 3911 ab
1611 3856 1702 3912 illo
1728 3871 1928 3926 opere,
1963 3867 2018 3909 ut

429 3954 657 4010 orationi
685 3959 908 4017 vacent,
933 3965 1146 4004 cessare
1165 3948 1422 4018 conjuges
1445 3947 1874 4014 admouerunt-(1
1895 3947 2014 4001 Cor.

431 4062 502 4104 vn
523 4088 538 4112 ,
572 4047 606 4101 6
625 4086 640 4112 ,
670 4042 726 4115 5)
751 4083 768 4110 ,
797 4041 938 4113 quod
970 4057 1070 4112 ego
1100 4049 1268 4096 totum
1298 4039 1712 4094 commemoravi
1730 4080 1746 4104 ,
1772 4053 1932 4094 ausus
1959 4054 2019 4096 es

431 4139 484 4194 in
529 4148 615 4193 tua
655 4135 1006 4206 responsione
1060 4133 1314 4190 refricare
1346 4149 1360 4186 :
1391 4132 1589 4200 credo,
1621 4131 1914 4188 formidans
1949 4149 2018 4190 ne

432 4241 519 4287 tua
543 4229 815 4285 videretur
840 4227 1186 4298 prmvaricata
1211 4223 1474 4292 defensio,
1508 4225 1632 4295 siet
1661 4233 1711 4280 te
1730 4225 2020 4281 confitente

431 4329 736 4392 appareret,
763 4318 906 4389 quod
939 4333 1032 4388 per
1060 4317 1356 4383 libidinem,
1381 4317 1467 4372 cui
1492 4326 1543 4370 te
1573 4315 1889 4385 patrocinari
1914 4331 2019 4370 non

433 4410 630 4482 pudet,
661 4409 819 4463 etiam
857 4407 1141 4477 conjugum
1183 4407 1530 4478 impediretur
1565 4405 1758 4462 oratio.
1799 4403 1873 4459 lla
1898 4419 2019 4460 cum

434 4497 566 4554 mihi
608 4511 706 4568 pro
733 4495 822 4551 illa
847 4496 1174 4566 respondere
1201 4511 1455 4566 cuperes,
1486 4495 1580 4550 sed
1608 4495 1862 4565 Apostolo
1887 4495 2022 4550 resi-

433 4599 580 4648 stere
604 4605 710 4646 non
735 4585 960 4642 auderes
979 4629 994 4654 ,
1021 4603 1122 4645 nec
1146 4588 1199 4642 in
1223 4587 1378 4642 aliaat
1407 4589 1746 4657 sententiam,
1771 4587 1910 4644 sicut
1934 4602 2023 4644 so-

434 4685 590 4750 letis,
615 4682 790 4752 ipsum
820 4679 1170 4752 apostolicum
1195 4678 1552 4734 testimonium
1579 4677 1894 4750 detorquere
1923 4693 2021 4749 po-

437 4779 630 4835 tuisses
651 4816 668 4845 ,
691 4774 912 4831 omnino
937 4773 1061 4829 inde
1089 4781 1266 4828 tacere
1291 4771 1541 4826 maluisti.
1573 4771 1653 4825 Tu
1677 4785 1804 4840 ergo
1831 4771 2024 4826 melius

437 4871 669 4925 bonoras
690 4867 898 4938 nuptias
917 4909 932 4933 ,
959 4880 1182 4936 quarum
1203 4863 1512 4934 dignitatem
1536 4872 1782 4932 tanquam
1804 4863 2023 4916 omnino

440 4958 892 5030 irreprehcnsibili
919 4957 1201 5011 volutabro
1225 4954 1452 5010 carnalis
1466 4953 1908 5023 concupiscentiae
1925 4952 2024 5008 de-

437 5050 644 5105 eoloras
675 5067 688 5102 :
717 5064 783 5102 an
819 5049 938 5111 ille,
970 5047 1063 5118 qui
1100 5062 1220 5102 cum
1251 5045 1419 5110 dicat,
1453 5061 1556 5099 non
1585 5046 1756 5100 solum
1783 5045 1982 5100 licitum
2005 5087 2021 5113 ,

437 5141 532 5194 sed
576 5140 734 5194 etiam
783 5139 980 5193 bonum
1027 5136 1327 5208 conjugium
1372 5145 1714 5206 sanctamque
1743 5138 2020 5206 copulam,

442 5240 619 5285 tamen
641 5239 886 5286 cessante
911 5229 1142 5286 libidinis
1165 5229 1452 5298 voluptate,
1483 5236 1719 5297 tempora
1747 5227 1932 5282 orandi
1959 5231 2026 5283 ab

442 5323 696 5390 Apostolo
729 5321 1030 5394 praescripta
1062 5330 1476 5384 commemorat;
1509 5329 1670 5389 atque
1697 5320 1766 5372 ita
1791 5335 1892 5372 non
1915 5319 2028 5374 vult

439 5413 523 5488 .tlii
553 5413 739 5468 morbo
765 5412 974 5467 deditos
998 5428 1117 5468 esse
1141 5411 1392 5482 conjuges
1411 5453 1427 5478 ,
1459 5411 1600 5466 unde
1622 5411 1850 5466 trahitur
1869 5412 2030 5482 origi-

507 5523 522 5553 ⁸
559 5526 616 5586 Er
639 5529 689 5570 et
711 5527 842 5586 ξιον..
867 5519 1026 5586 quieo
1047 5527 1258 5586 tempore
1288 5533 1443 5571 usum.
1466 5521 1786 5571 Emendantur
1820 5534 1880 5570 ex
1923 5531 2025 5572 .\.ss.

443 5591 494 5632 et
523 5583 824 5632 ambrosiam
849 5583 1081 5632 editione.

505 5645 526 5714 ξ
558 5646 632 5714 sic
651 5644 875 5714 praecipui
897 5650 1004 5692 Mss.
1031 5643 1242 5714 Atiedjti,
1263 5655 1376 5714 uera
1397 5641 1657 5714 annonast}:

440 5771 462 5816 ι
509 5705 526 5735 δ
558 5679 1710 5815 F35155135:EJJIFW£§¢EE§7EEB
1753 5705 1880 5769 quod
1921 5705 2026 5758 lici-

462 5779 542 5815 um
559 5778 596 5815 ε.
633 5801 646 5815 .

462 5779 542 5815 ιωι
559 5778 646 5815 σα.

1213 373 1482 430 CONTRA
1527 367 1867 430 JliLlANUM
1913 365 2368 435 i’laLAGlANUM,
2412 375 2468 428 S.
2515 377 2874 435 AUGUSTINI

3579 379 3678 444 688

2101 483 2220 536 nale
2259 494 2530 552 peccatum
2551 529 2564 551 ,
2583 497 2650 544 "ut
2673 504 2767 544 eos
2796 491 2883 560 qui
2912 491 3104 546 habent
3133 509 3324 549 uxores
3345 536 3359 559 ,
3393 496 3678 555 secundum

2101 573 2346 628 emndem
2385 578 2710 645 apostolum,
2753 580 2822 634 ita
2865 597 2982 636 esse
3007 583 3162 651 velit,
3192 599 3255 639 ac
3279 585 3322 639 si
3349 599 3454 640 non
3481 585 3678 642 haben—

2104 671 2220 727 tes;
2271 679 2369 719 nec
2416 681 2604 722 vorare
2650 669 2854 724 dubitat
2877 673 3036 726 etiam
3064 675 3245 730 uxoris
3274 675 3572 732 adulterum
3599 681 3681 734 in-

2105 761 2487 824 temperantem
2535 759 2811 822 maritum,
2855 754 3015 816 omne
3053 765 3528 821 connubiibonum
3557 785 3684 838 pcn-

2103 857 2228 898 sans
2255 863 2358 900 non
2387 849 2674 916 cupiditate
2697 853 2875 906 carnis
2899 895 2914 917 ,
2937 853 3030 908 sed
3057 855 3156 910 [ide
3187 859 3360 926 potius
3389 859 3644 915 castitatis
3669 878 3684 924 ;

2107 951 2210 988 non
2239 938 2426 991 morbo
2452 941 2712 1006 passionis
2733 982 2747 1005 ,
2779 943 2874 996 sed
2901 943 3100 999 laedere
3125 947 3552 1015 conjunctionis;
3582 966 3687 1006 non

2105 1027 2372 1097 voluptate
2414 1030 2682 1098 libidinis,
2723 1034 2816 1087 sed
2857 1035 3128 1090 voluntate
3169 1038 3526 1108 propaginis?!
3560 1040 3687 1095 Nam

2107 1119 2382 1174 mulierem
2421 1121 2534 1174 viro
2576 1124 2784 1178 nonnisi
2821 1127 3106 1194 generandi
3149 1143 3304 1182 causa
3335 1129 3579 1198 perhibet
3606 1133 3688 1186 in-

2106 1210 2340 1264 stitutam
2363 1251 2378 1273 ,
2419 1212 2559 1268 unde
2584 1222 2692 1268 tam
2723 1214 2812 1269 diu
2842 1216 3070 1282 frustra,
3101 1221 3250 1288 quasi
3279 1221 3557 1293 quisquam
3591 1223 3692 1280 hoc

2107 1311 2346 1356 nostrum
2395 1315 2651 1374 negaret,
2699 1306 3072 1376 disputandum
3121 1315 3330 1381 putasti.
3380 1315 3504 1370 iizec
3549 1319 3690 1372 enim

2107 1401 2232 1448 sunt
2262 1393 2330 1448 de
2355 1395 2454 1451 hac
2483 1412 2541 1451 re
2568 1397 2728 1452 verba
2755 1399 2869 1468 ejus
2902 1401 2952 1452 in
2985 1401 3121 1456 libro
3149 1403 3216 1457 de
3247 1383 3500 1460 Parad'iso
3529 1424 3542 1460 :
3579 1426 3598 1458 ε
3639 1407 3692 1463 Si

2108 1485 2266 1555 igitur
2311 1486 2469 1551 viro,
2527 1507 2546 1541 ι
2601 1489 2798 1560 inquit,
2852 1509 2872 1542 ‹
2923 1492 3094 1560 eulpae
3127 1503 3313 1549 auctor
3343 1505 3425 1550 est
3461 1498 3690 1565 mulier,

2109 1576 2555 1645 quemadmodum
2603 1593 2698 1648 pro
2739 1580 2880 1636 bono
2923 1582 3128 1638 videtur
3151 1583 3356 1654 adjecta
3376 1585 3403 1638 ἳ
3427 1585 3623 1643 Verum
3651 1591 3694 1643 si

2109 1667 2418 1722 consideres
2439 1709 2455 1734 ,
2487 1669 2608 1739 quia
2639 1670 2746 1725 Deo
2777 1672 3134 1728 universitatis
3163 1687 3245 1730 est
3272 1692 3396 1732 cura
3419 1719 3432 1740 ,
3457 1679 3694 1736 invenies

2112 1759 2228 1828 plus
2267 1759 2479 1829 placere
2521 1761 2747 1817 Domino
2790 1763 3038 1819 debuisse
3079 1765 3130 1820 id
3161 1766 3212 1820 in
3237 1783 3342 1836 quo
3369 1779 3509 1823 esset
3535 1785 3694 1825 causa

2106 1852 2466 1908 universitatis
2489 1895 2504 1920 ,
2542 1869 2700 1924 quam
2738 1855 3198 1912 condemnandum
3237 1857 3402 1914 fuisse
3430 1861 3558 1916 illud
3594 1863 3610 1894 ί
3646 1863 3694 1916 in

2111 1957 2218 2012 quo
2254 1953 2397 1998 esset
2440 1959 2596 2000 causa
2639 1946 2861 2014 peccati.
2904 1947 3026 2001 ideo
3067 1949 3188 2016 quia
3217 1965 3282 2003 ex
3312 1950 3424 2004 viro
3449 1952 3562 2005 solo
3593 1969 3696 2006 non

2113 2041 2322 2102 poterat
2345 2033 2561 2090 humani
2586 2050 2708 2092 esse
2731 2037 2947 2106 generis
2976 2039 3283 2110 propagatio
3299 2081 3316 2108 ,
3340 2042 3698 2110 pronuntiavit

2115 2123 2371 2179 Dominus
2394 2166 2410 2192 ,
2433 2139 2538 2180 non
2562 2139 2684 2182 esse
2698 2125 2896 2182 bonum
2913 2128 3083 2182 solum
3111 2129 3380 2186 hominem
3404 2147 3522 2188 esse
3542 2131 3694 2206 (Gen.

2114 2228 2180 2280 ιι,
2227 2213 2339 2284 l8).
2379 2215 2562 2271 Maluit
2597 2217 2738 2272 enim
2780 2219 2919 2274 Deus
2961 2219 3141 2288 plures
3183 2235 3335 2288 esse,
3364 2238 3498 2292 quos
3520 2224 3698 2280 salvos

2115 2304 2291 2362 facere
2315 2317 2532 2376 posset,
2555 2308 2749 2378 quibus
2773 2309 2996 2366 donaret
3024 2319 3320 2380 peccatum,
3345 2329 3504 2382 quam
3533 2331 3696 2369 unum

2115 2397 2286 2451 solum
2330 2398 2538 2466 Adam,
2581 2399 2672 2467 qui
2712 2401 2845 2456 liber
2879 2411 3022 2481 esset
3056 2417 3084 2455 a
3111 2403 3284 2474 culpa.
3319 2405 3551 2476 Denique
3579 2408 3698 2477 quia

2114 2486 2284 2554 idem,
2323 2507 2342 2541 ι
2384 2489 2591 2560 inquit,
2635 2507 2656 2542 ι
2691 2492 2966 2562 utriusque
2993 2502 3180 2548 auctor
3203 2503 3285 2550 est
3312 2497 3524 2566 operis,
3558 2499 3703 2552 venit

2115 2578 2168 2632 in
2213 2579 2355 2634 hunc
2394 2580 2682 2648 mundum,
2725 2591 2780 2636 ut
2808 2582 2988 2638 salvos
3015 2581 3215 2639 faceret
3242 2595 3563 2654 peccatores.
3599 2587 3700 2640 Po-

2115 2678 2316 2724 stremo
2339 2684 2438 2726 nec
2463 2670 2593 2726 Cain
2622 2673 2885 2741 parricidii
2911 2689 3060 2728 reum
3089 2674 3394 2745 priusquam
3420 2689 3704 2747 generaret

2118 2761 2286 2830 filios,
2326 2777 2514 2832 passus
2554 2773 2638 2819 est
2677 2764 2912 2820 interire.
2947 2765 3117 2836 Ergo,
3153 2767 3400 2836 linquit,
3439 2787 3456 2820 ι
3488 2782 3706 2840 propter

2115 2855 2511 2924 generationem
2581 2856 2936 2913 successionis
2991 2856 3238 2912 humana:
3285 2857 3466 2914 debuit
3514 2861 3706 2916 mulier

2115 2945 2271 3015 adjici
2299 2946 2416 3000 viro
2449 2965 2468 3000 ι
2505 2945 2652 3019 (Cap.
2681 2945 2792 3017 10).

2185 3033 2278 3090 Si.
2320 3036 2496 3092 Habes
2527 3052 2652 3093 ecce
2682 3040 3018 3094 Ambrosium
3049 3039 3324 3096 doctorem
3353 3057 3558 3109 meum,
3592 3055 3650 3100 et
3677 3060 3707 3098 a

2117 3134 2210 3181 tuo
2251 3129 2670 3198 memorabiiiter
2701 3139 2723 3168 ι
2763 3130 3138 3198 prmdicatnm,
3181 3140 3236 3188 et
3276 3148 3410 3204 opus
3455 3135 3544 3188 Dei
3585 3151 3710 3191 esse

2117 3231 2328 3272 omnem
2377 3219 2644 3274 hominem
2689 3229 2848 3290 atque
2891 3220 3123 3276 hominis
3165 3237 3416 3284 carnem.
3455 3233 3512 3280 et
3537 3225 3708 3281 bonas

2116 3320 2236 3364 esse
2278 3310 2488 3380 nuptias
2527 3311 2580 3364 in
2606 3321 2860 3382 quantum
2892 3323 3015 3368 sunt
3045 3314 3240 3384 nuptiae
3261 3357 3277 3383 ,
3307 3331 3412 3371 non
3439 3318 3599 3372 modo
3630 3318 3709 3373 fa-

2119 3406 2347 3466 teatem,
2394 3403 2580 3455 verum
2623 3403 2782 3457 etiam
2831 3403 3222 3461 defendentem.
3272 3405 3518 3462 Jamvcro
3565 3411 3710 3480 quod

2120 3503 2215 3557 per
2252 3490 2511 3559 originale
2547 3504 2818 3561 peccatum
2857 3510 3013 3550 sacro
3049 3497 3356 3567 Baptismati
3389 3500 3516 3554 nihil
3543 3501 3710 3558 deru-

2117 3590 2238 3650 get,
2268 3581 2512 3648 superius
2535 3581 2928 3648 demonstravi,
2958 3588 3170 3657 quando
3191 3589 3305 3659 ejus
3333 3591 3484 3660 posui
3513 3595 3708 3656 verba,

2121 3669 2207 3723 ubi
2245 3669 2410 3737 dicit,
2461 3689 2480 3722 ι
2518 3672 2663 3726 illum
2696 3673 2975 3742 justificari
3015 3691 3044 3730 a
3089 3687 3342 3746 peccato,
3371 3681 3454 3734 cui
3485 3697 3581 3750 per
3607 3682 3710 3736 Ba-

2122 3761 2370 3829 ptismum
2397 3772 2606 3830 peccata
2636 3766 2973 3820 remittuntur
2995 3769 3168 3822 omnia
3196 3787 3214 3820 ι
3245 3769 3477 3840 (Supra,
3507 3788 3560 3824 η.
3595 3773 3708 3842 η).

2127 3867 2146 3901 ι
2174 3849 2384 3905 Iustum
2412 3867 2574 3922 porro
2595 3854 2682 3908 ille
2705 3854 2870 3910 Deum
2903 3856 2990 3910 ubi
3023 3871 3125 3911 non
3158 3859 3410 3928 praadicat
3429 3902 3443 3924 ,
3471 3870 3561 3914 aut
3590 3864 3710 3932 quis

2121 3939 2189 3994 de
2229 3940 2330 3996 hoc
2370 3951 2542 4010 potest
2577 3945 2870 3999 catholicus
2908 3945 3150 4000 dubitare
3179 3946 3536 4014 Christianus,
3567 3951 3710 4020 quod

2124 4045 2258 4098 pene
2281 4040 2338 4085 et
2360 4047 2548 4087 omnes
2577 4032 2724 4104 impii
2751 4033 3073 4090 confitentur
3091 4038 3116 4090 Υ

2191 4124 2421 4180 CAPUT
2471 4125 2602 4180 Vill.
2631 4157 2705 4168 —
2744 4127 2832 4181 22.
2873 4127 3125 4194 Quintum
3153 4129 3280 4184 illud
3309 4139 3504 4195 restat,
3534 4142 3710 4188 utrum

2123 4215 2368 4270 videatur
2410 4216 2694 4273 Ambrosio
2730 4217 3012 4274 humanam
3041 4235 3288 4291 capacem
3315 4222 3710 4290 jnsﬁiicationis

2125 4317 2180 4362 et
2226 4307 2566 4378 perfectionis
2607 4323 2730 4364 esse
2769 4321 3044 4376 naturam;
3089 4327 3188 4368 nec
3222 4313 3288 4366 ab
3317 4313 3419 4370 hac
3445 4315 3709 4370 sententia

2127 4409 2407 4470 propterea
2431 4412 2712 4457 revocetur
2730 4444 2746 4470 ,
2775 4403 2896 4472 quia
2925 4405 3070 4474 smpe’
3097 4421 3160 4460 ac
3187 4406 3366 4461 multis
3387 4407 3561 4462 modis
3583 4408 3711 4464 dicit

2125 4494 2342 4547 omnem'
2387 4491 2655 4550 hominem
2702 4492 2802 4550 sub
2842 4506 3059 4565 peccato
3099 4499 3278 4564 nasci,
3309 4508 3508 4554 etesse
3537 4500 3709 4570 ipsum

2125 4591 2302 4638 ortum
2339 4583 2456 4654 ejus
2491 4585 2544 4640 in
2579 4585 2727 4640 vitio.
2760 4585 2958 4641 Verum
2986 4595 3042 4642 et
3073 4587 3173 4642 hoc
3195 4588 3304 4658 jam
3331 4604 3488 4660 supra
3515 4590 3671 4646 docui
3693 4630 3710 4654 ,

2129 4672 2216 4728 ubi
2259 4689 2380 4729 eum
2418 4675 2538 4730 loco
2568 4675 2683 4745 ipso
2713 4677 2870 4746 paulo
2902 4685 3020 4746 post
3047 4677 3246 4734 dixisse
3273 4681 3592 4744 memoravi,
3625 4699 3644 4731 ι
3681 4697 3712 4735 a

2125 4762 2323 4820 Christi
2362 4781 2524 4822 carne
2565 4767 2872 4822 damnatum
2912 4783 3034 4824 esse
3077 4781 3389 4840 peccatum,
3435 4771 3577 4841 quod
3621 4789 3714 4826 na-

2129 4858 2328 4912 scendo
2372 4873 2478 4913 non
2519 4861 2718 4928 sensit,
2759 4862 2900 4932 quod
2940 4863 3217 4917 moriendo
3241 4863 3500 4918 cruciﬁxit
3525 4906 3540 4928 ,
3574 4867 3713 4920 utin

2129 4961 2290 5004 carne
2331 4958 2512 5004 nostra
2551 4959 2694 5004 esset
2730 4949 3035 5020 justificatio
3080 4968 3171 5021 per
3195 4953 3452 5022 gratiam,
3486 4957 3572 5007 ubi
3600 4963 3719 5008 erat

2129 5049 2255 5092 ante
2282 5040 2510 5094 colluvie
2538 5055 2636 5110 per
2663 5041 2869 5112 culpam
2905 5061 2924 5094 ι
2961 5041 3122 5113 (Ibid.
3155 5060 3208 5098 η.
3239 5027 3317 5116 5)Ϊ
3347 5043 3422 5098 lbi
3447 5045 3588 5098 enim
3617 5060 3718 5098 na.

2133 5139 2303 5186 turam
2325 5132 2708 5188 demonstravit
2733 5135 3013 5189 humanam
3040 5177 3054 5201 ,
3080 5137 3240 5190 etiam
3265 5135 3416 5190 istam
3436 5177 3449 5200 ,
3474 5153 3593 5208 qua:
3617 5136 3719 5190 sub

2134 5235 2352 5294 peccato
2379 5227 2644 5293 nascitur,
2675 5236 2730 5282 et
2756 5227 2908 5298 cujus
2929 5235 3077 5282 ortus
3106 5228 3156 5282 in
3188 5229 3315 5283 vitio
3340 5239 3460 5294 est,
3493 5242 3612 5283 esse
3629 5227 3720 5297 ju-

2132 5316 2465 5372 stilicationis
2509 5332 2758 5388 capacem
2805 5337 2820 5374 :
2863 5319 2956 5374 sed
3000 5335 3128 5376 sane
3169 5336 3266 5392 per
3289 5321 3549 5392 gratiam,
3576 5319 3716 5390 quod

2135 5408 2404 5464 inimicum
2431 5399 2522 5464 est
2533 5410 2684 5467 vobis
2702 5451 2717 5478 ,
2742 5411 2914 5467 eidem
2935 5413 3120 5482 gratim
3139 5413 3446 5468 crudelibus
3467 5414 3715 5468 inimicis.

2137 5501 2330 5556 Verum
2361 5503 2405 5556 si
2443 5503 2543 5558 hoc
2571 5518 2760 5574 parum
2787 5513 2900 5568 est,
2930 5519 3114 5559 rursus
3137 5503 3263 5574 quid
3293 5503 3472 5571 dicat,
3505 5503 3717 5559 attende

2137 5593 2189 5648 in
2229 5595 2574 5664 EXposilione
2617 5595 2762 5650 Isaia:
2803 5598 3075 5666 propheta:
3103 5639 3117 5652 .
3156 5616 3174 5650 ι
3211 5594 3533 5662 Videamus,
3571 5615 3592 5650 ι
3629 5596 3716 5650 ia-

2202 5713 2219 5773 f
2252 5707 2560 5759 Floriacensis
2583 5717 2684 5768 Ms.,
2707 5723 2866 5773 quam.
2876 5721 2973 5773 non
2993 5709 3294 5761 condendam
3312 5709 3461 5773 fuisse
3483 5709 3623 5763 illud.
3653 5690 3661 5696 ’

2201 5771 2220 5802 ³
2254 5776 2302 5818 tu
2323 5777 2436 5820 ante
2461 5767 2678 5828 excusis;
2693 5767 2992 5821 mirabiliter.
