4014 6184
415 327 516 384 089

408 452 556 514 quit,
602 460 620 493 t
657 455 724 494 ne
760 455 861 512 qua
889 440 960 496 sit
988 450 1104 512 post
1134 441 1289 510 hujus
1315 441 1432 496 vilcc
1465 442 1784 496 curriculum
1819 453 1997 497 nostra

411 531 776 603 regeneratio,
826 530 896 588 de
943 548 1041 603 qua
1085 533 1284 589 dictum
1329 545 1442 598 est,
1490 531 1554 588 In
1588 536 1995 604 regeneratione,

410 638 520 675 cum
545 622 726 677 sederit
741 619 906 676 Filius
917 623 1194 676 Itomt'nisin
1215 623 1394 678 throno
1413 623 1592 695 gloria:
1608 641 1715 679 sure
1737 643 1755 676 ι
1784 625 1996 690 (Matth.
2027 641 2030 644 '

413 728 536 776 Ittx,
565 710 678 782 28).
711 710 858 766 Sicut
888 713 1030 768 enim
1066 715 1398 783 regeneratio
1431 715 1620 770 lavacri
1652 715 1874 780 dicitur,
1909 731 2002 786 per

412 816 570 870 quam
599 800 810 856 detersa
843 813 1178 871 peccatorum
1207 803 1506 859 colluvione
1536 820 1858 860 renovamnr
1885 825 1898 873 ;
1931 809 1998 860 ita

409 892 746 960 regeneratio
771 892 873 946 dici
903 893 1132 960 videtur,
1169 909 1262 962 per
1285 910 1441 964 quam
1470 895 1538 948 ab
1558 896 1699 948 omni
1726 911 1999 966 corporeae

410 983 768 1036 mncretionis
813 983 1078 1053 purificati
1125 983 1243 1039 labe
1263 1027 1277 1050 ,
1323 983 1518 1040 mundo
1544 988 1735 1040 animm
1761 1001 1918 1041 sensu
1947 989 1997 1041 iIt

415 1073 572 1126 vitam
619 1087 994 1144 regeneramur
1037 1084 1312 1130 aeternam.
1349 1093 1368 1128 ι
1413 1076 1616 1148 Nempe
1653 1078 1892 1133 distinxit
1919 1081 2000 1133 vir

413 1170 627 1214 sanctus
665 1171 719 1216 et
743 1178 902 1217 verax
925 1205 941 1228 ,
969 1163 1402 1232 justitieationem
1431 1165 1554 1220 vitae
1586 1167 1766 1236 hujus,
1797 1185 1916 1238 qua:
1944 1169 2001 1223 fit

413 1267 510 1319 per
553 1251 815 1306 lavacrum
845 1254 1264 1322 regenerationis
1284 1298 1299 1320 ,
1332 1265 1384 1311 et
1414 1255 1554 1310 illius
1581 1257 1959 1326 perfectionem
1982 1301 1996 1326 ,

413 1356 534 1396 cum
560 1350 612 1396 et
637 1351 816 1396 nostra
839 1359 1062 1414 corpora
1087 1343 1280 1400 fuerint
1301 1347 1698 1404 immortalitate
1723 1359 1998 1404 renovata.

415 1431 530 1485 Non
561 1433 736 1501 itaque
766 1433 863 1488 fuit
886 1435 1197 1501 Ambrosio,
1232 1438 1473 1506 quamvis
1499 1437 1755 1494 fateretur
1779 1455 2006 1494 nascen-

417 1525 484 1579 tis
513 1523 730 1594 originis
756 1525 937 1578 vitium
959 1567 973 1590 ,
996 1525 1393 1594 justificationis
1421 1528 1697 1600 desperata
1729 1530 1998 1598 perfectio.

417 1614 548 1680 Quia
579 1615 713 1667 sicut
736 1623 817 1668 est
838 1614 1066 1668 humana
1089 1625 1276 1672 natura
1297 1621 1526 1674 creatori
1553 1621 1662 1676 Deo
1685 1619 1999 1690 formabilis,

419 1707 487 1759 ita
520 1705 770 1760 sanabilis
799 1703 1141 1776 redemptori.

488 1819 576 1871 ‘25.
617 1819 720 1874 Sed
747 1835 840 1875 vos
870 1821 1130 1878 festinatis
1151 1864 1164 1889 ,
1191 1831 1244 1878 et
1271 1827 1738 1896 praesumptionem
1767 1841 1996 1884 vestram

423 1908 721 1964 festinando
765 1913 1125 1983 praecipitatis.
1182 1913 1279 1968 llic
1323 1916 1465 1970 enim
1515 1917 1675 1970 vultis
1729 1917 1996 1974 hominem

424 1999 602 2068 perlici
626 2042 640 2064 ,
671 2009 827 2068 atque
857 2003 1057 2056 utinam
1075 2003 1168 2058 Dei
1185 2003 1347 2070 dono,
1375 2013 1429 2060 et
1449 2021 1555 2062 non
1579 2007 1764 2072 libero,
1796 2009 1876 2062 vel
1904 2025 1998 2077 po-

423 2091 526 2144 tius
562 2106 717 2146 servo
749 2095 974 2162 propria:
1014 2095 1300 2150 voluntatis
1335 2095 1574 2150 arbitrio.
1615 2099 1660 2152 A
1695 2113 1795 2168 qua
1825 2099 2000 2168 perfe-

421 2183 595 2236 ctione
619 2183 832 2251 quidem
861 2186 1032 2256 longe'
1053 2201 1151 2240 vos
1177 2201 1298 2240 esse
1336 2189 1543 2242 sentitis
1577 2205 1589 2241 :
1621 2189 1714 2242 sed
1743 2189 1892 2243 dolus
1918 2202 1999 2244 est

423 2271 476 2325 in
503 2289 596 2326 ore
618 2281 794 2326 vestro
813 2315 828 2336 ,
856 2276 968 2330 sive
997 2286 1303 2344 peccatores
1331 2293 1426 2330 vos
1449 2293 1568 2332 esse
1591 2278 1778 2334 dicatis
1797 2322 1812 2346 ,
1845 2290 1897 2334 et
1917 2282 1998 2346 ju-

423 2373 534 2417 stos
561 2364 702 2418 credi
733 2365 940 2430 velitis;
971 2369 1084 2422 sive
1123 2367 1478 2438 profiteamini
1509 2368 1888 2438 perfectionem
1910 2371 1999 2440 ju-

423 2455 600 2521 stitim,
623 2473 780 2526 quam
805 2459 1040 2528 profecto
1062 2461 1124 2514 in.
1143 2461 1290 2516 vobis
1315 2475 1422 2516 non
1443 2477 1562 2517 esse
1587 2464 1816 2518 sentitis.
1839 2464 2000 2520 Justi-

425 2547 598 2601 ftcatio
641 2566 800 2618 porro
845 2552 898 2604 in
945 2551 1042 2606 hac
1087 2553 1190 2606 vita
1235 2553 1387 2608 nobis
1429 2555 1720 2610 secundum
1763 2558 1860 2610 tria
1901 2559 2000 2612 ista

423 2637 694 2692 confertur
725 2657 737 2691 :
769 2641 932 2709 prius,
963 2641 1664 2714 lavacro-regenerationis,
1695 2663 1799 2718 quo
1824 2649 2004 2703 remit-

425 2734 800 2784 tuntureuncta
815 2741 1026 2800 peccata
1049 2748 1060 2784 :
1081 2733 1290 2799 deinde,
1307 2737 1684 2806 congressione
1699 2755 1818 2792 cum
1838 2739 2000 2807 vitiis,

423 2831 453 2868 a
468 2831 690 2884 quorum
705 2833 788 2872 rea
797 2829 846 2872 tu
859 2821 1084 2876 absoluti
1099 2839 1282 2878 sumus
1297 2843 1310 2878 :
1328 2827 1504 2892 tertio,
1517 2827 1640 2882 dum
1659 2839 1838 2883 nostra
1850 2845 2004 2884 exau-

421 2907 569 2960 ditur
579 2909 767 2976 oratio,
782 2927 882 2980 qua
896 2913 1138 2976 dicimus,
1161 2913 1366 2970 Dimitte
1376 2919 1516 2972 nobis
1526 2917 1688 2974 debita
1701 2931 1872 2976 nostra
1887 2919 1997 2994 (Id.

425 3013 498 3062 vi,
521 2997 616 3064 t2)
636 3015 650 3064 ;
670 3001 915 3068 quoniam
935 3005 1226 3072 quamlibet
1243 3007 1446 3062 fortiter
1458 3017 1640 3064 contra
1657 3011 1778 3065 vitia
1793 3011 2002 3068 dimice-

423 3103 572 3153 nIus,
599 3088 840 3146 homines
867 3107 1080 3160 sumus;
1103 3096 1192 3152 Dei
1215 3108 1392 3152 autem
1419 3101 1586 3170 gratia
1607 3102 1683 3156 sic
1711 3117 1806 3156 nos
1829 3103 1880 3156 in
1899 3103 2000 3159 hoc

422 3182 751 3248 corruptibili
783 3199 1006 3254 corpore
1026 3187 1239 3256 adjuvat
1269 3189 1618 3256 dimicantes;
1648 3203 1828 3248 utnon
1861 3194 2000 3250 desit

423 3282 638 3342 pr0pter
653 3275 790 3344 quod
808 3277 1271 3334 exaudiatveniam
1293 3282 1640 3350 postulantes.
1663 3283 1820 3337 Istam
1838 3301 2000 3356 super

424 3377 522 3418 nos
549 3363 640 3418 Dei
671 3366 1112 3434 misericordiam,
1145 3369 1294 3424 vobis
1321 3374 1673 3426 necessariam
1708 3389 1809 3428 non
1845 3386 1998 3444 puta-

425 3453 521 3518 tis;
552 3456 800 3524 quoniam
827 3473 894 3512 ex
918 3473 983 3513 eo
999 3475 1220 3514 numero
1246 3462 1394 3528 estis,
1418 3463 1484 3517 de
1511 3463 1701 3532 quibus
1725 3465 1776 3518 in
1793 3465 2000 3522 Psalmo

424 3543 622 3599 dictum
643 3555 746 3612 est,
779 3547 878 3614 Qui
903 3549 1168 3618 conﬁdunt
1191 3551 1243 3604 in
1277 3553 1456 3607 virtute
1486 3569 1579 3607 sua
1605 3552 1774 3626 (Psal.
1804 3571 1964 3610 XLVIII
1982 3600 1997 3622 ,

427 3633 509 3702 7).
538 3635 640 3689 Sed
667 3646 864 3704 quanto
881 3639 1070 3722 melius
1084 3641 1327 3696 audimus
1342 3643 1678 3698 Ambrosium
1699 3641 1752 3698 in
1775 3646 1913 3700 libro
1933 3647 2000 3701 de

425 3723 568 3794 Fuga
590 3728 766 3782 smculi
796 3727 1090 3786 dicentem:
1117 3731 1422 3804 «Frequens
1439 3735 1592 3790 nobis
1617 3735 1683 3790 de
1703 3736 2002 3805 effugienda

427 3814 526 3867 isto
578 3817 775 3870 szcculo
831 3827 912 3873 cst
937 3836 1115 3876 sermo
1163 3833 1366 3892 :atque
1403 3825 1604 3880 utinam
1632 3842 1787 3896 quam
1835 3827 2000 3883 facilis

425 3921 634 3972 sermo,
683 3918 786 3962 tam
835 3921 1024 3967 cautus
1053 3921 1106 3968 et
1133 3915 1389 3970 sollicitus
1433 3917 1670 3973 affectus.
1721 3919 1826 3974 Sed
1860 3921 1998 3990 quod

427 3997 574 4064 pejus
601 4007 702 4064 est,
729 3999 1033 4071 frequenter
1059 4005 1242 4076 irrepit
1270 4017 1594 4064 terrenarum
1633 4009 1882 4066 illecebra
1908 4029 2002 4070 cu—

426 4087 702 4158 piditatum
725 4133 737 4153 ,
763 4103 816 4145 et
844 4094 1130 4149 vanitatem
1171 4095 1362 4152 effusio
1403 4111 1636 4156 mentem
1669 4113 1912 4172 occupat,
1945 4115 2000 4159 ut

425 4177 563 4243 quod
590 4181 804 4236 studeas
829 4183 998 4240 vitare
1021 4227 1036 4250 ,
1067 4185 1167 4241 hoc
1206 4187 1407 4256 cogites
1429 4231 1442 4256 ,
1472 4192 1754 4262 animoque
1795 4196 1996 4250 volvas.

423 4267 576 4334 Quod
599 4287 786 4326 cavere
803 4273 1016 4330 difficile
1042 4287 1120 4331 est
1149 4277 1368 4346 homini,
1393 4295 1588 4338 exuere
1604 4269 1777 4337 autem
1799 4285 2000 4353 impos-

427 4359 598 4414 sibile.
631 4362 863 4432 Denique
895 4367 998 4418 voti
1039 4368 1205 4438 magis
1237 4385 1354 4423 eam
1386 4385 1504 4425 esse
1544 4387 1652 4426 rem
1681 4389 1838 4442 quam
1871 4375 2000 4430 επο-

428 4459 564 4515 ctus,
595 4461 815 4508 testatur
845 4455 1098 4524 propheta
1126 4459 1371 4523 dicendo,
1401 4459 1612 4515 Declina
1641 4479 1729 4516 cor
1757 4481 1920 4519 meum
1949 4468 2000 4520 in

424 4543 706 4594 testimonia
737 4553 844 4609 tua,
868 4555 1026 4600 etnon
1049 4549 1374 4602 inaearitt'am
1403 4569 1418 4602 ι
1456 4551 1627 4620 (Psal.
1661 4567 1841 4616 CXVIII,
1872 4556 1995 4626 56).

433 4648 450 4680 ι
479 4629 592 4684 Non
623 4633 763 4686 enim
791 4635 838 4686 in
871 4645 1130 4705 potestate
1161 4651 1338 4693 nostra
1381 4653 1461 4696 est
1506 4659 1597 4696 cor
1627 4654 1863 4698 nostrum
1893 4688 1908 4710 ,
1941 4657 1996 4701 et

425 4732 619 4776 nostrae
649 4726 998 4793 cogitationes
1016 4769 1031 4792 ,
1063 4747 1181 4798 qua.
1209 4731 1493 4800 improviso
1517 4734 1700 4789 offusae
1725 4777 1740 4800 ,
1769 4747 2000 4792 mentem

421 4813 764 4884 animumque
795 4817 1158 4886 confundunt,
1201 4832 1358 4892 atque
1393 4825 1496 4878 alio
1523 4827 1739 4880 trahunt
1762 4843 1918 4896 quam
1948 4839 2004 4884 tu

425 4907 794 4974 proposueris;
829 4909 894 4963 ad
931 4913 1202 4966 saecularia
1242 4923 1528 4980 revocant,
1561 4917 1828 4972 mundana
1857 4919 2003 4974 inse-

423 5006 566 5062 rttnt,
585 4997 918 5068 voluptuaria
941 5001 1208 5072 ingerunt,
1235 5003 1544 5060 illecebrosa
1567 5007 1827 5074 intexunt,
1857 5010 2002 5079 ipso-

421 5103 523 5155 que
549 5089 600 5140 in
633 5101 870 5159 tempore
889 5108 994 5161 quo
1015 5093 1225 5148 elevare
1245 5105 1476 5150 mentem
1501 5111 1768 5165 paramus,
1787 5099 2000 5155 insertis

423 5181 670 5236 inanibus
694 5185 1122 5252 cogitationibus,
1152 5187 1218 5242 ad
1250 5197 1460 5244 terrena
1483 5191 1793 5259 plerumque
1813 5191 1999 5261 dejici-

421 5289 542 5326 mur
570 5292 588 5325 ι
621 5275 774 5343 (Cap.
803 5275 888 5346 1).
922 5277 1046 5332 llmc
1072 5279 1116 5333 si
1147 5295 1242 5334 vos
1269 5295 1372 5334 non
1417 5281 1690 5349 patimini;
1722 5283 1996 5351 ignoscite,

423 5375 528 5414 non
553 5363 703 5416 vobis
729 5365 1019 5432 credimus,
1047 5367 1140 5422 sed
1169 5368 1220 5422 in
1245 5368 1326 5422 bis
1347 5370 1522 5438 potius
1543 5371 1712 5424 sancti
1733 5373 1998 5427 Ambrosii

421 5452 602 5507 verbis
619 5454 884 5523 quoddam
909 5458 1202 5528 speculum,
1223 5459 1399 5514 ethoc
1427 5461 1472 5514 si
1499 5461 1826 5529 proﬁcimus,
1855 5478 1996 5517 com-

421 5543 600 5598 munis
625 5543 872 5600 IIumanze
897 5547 1216 5604 intirmitatis
1237 5550 1595 5618 agnoscimus.
1631 5551 1794 5606 Vobis
1823 5561 1997 5607 autem

420 5631 628 5708 etiamsi
651 5633 948 5702 credamus,
974 5647 1029 5694 et
1047 5638 1304 5704 dicamus,
1329 5639 1487 5693 Orate
1512 5657 1606 5708 pro
1627 5641 1797 5705 nobis,
1823 5653 1880 5696 ut
1901 5659 1998 5698 nec

425 5705 662 5776 ‘m'ieta
694 5724 986 5794 patiamur;
1029 5727 1098 5782 ita
1126 5743 1218 5783 vos
1261 5729 1556 5786 invenimus
1595 5731 1760 5784 elatos
1797 5743 1846 5784 et
1886 5734 1986 5786 alta

1764 325 1960 382 LIBER
1999 323 2378 386 SECUNDUS.

3587 341 3689 396 csa

2112 445 2378 513 sapientes
2402 457 2454 500 ttt
2485 449 2846 517 respondeatis
2869 451 3022 506 nobis
3046 493 3059 517 ,
3093 467 3196 506 non
3235 453 3408 508 solum
3449 455 3546 510 ista
3592 475 3684 511 ms

2109 550 2213 588 non
2245 536 2347 604 pati
2371 577 2384 602 ,
2415 553 2598 592 verum
2627 540 2786 593 etiam
2819 541 2868 594 in
2907 540 3136 596 hominis
3157 557 3276 596 esse
3305 553 3586 612 potestate,
3623 563 3702 600 ne.

2108 625 2204 678 ista
2235 627 2486 694 patiatur,
2521 647 2616 684 nec
2647 647 2766 686 esse
2793 647 3008 690 causam
3037 649 3130 688 cur
3157 634 3222 688 ad
3252 635 3352 690 hoc
3377 637 3467 692 Dei
3499 651 3686 708 posca-

2110 725 2194 768 tur
2214 717 2488 772 auxilium.

2175 809 2266 863 24.
2299 809 2507 876 Quanto
2549 829 2676 882 ergo
2715 815 2904 868 melius
2950 815 3236 872 identidem
3285 820 3528 874 audimus
3559 822 3688 875 Ant-

2107 900 2340 956 brosium
2374 904 2462 958 Dei
2489 907 2712 974 gratiam
2743 891 3081 964 confitentem
3107 951 3124 976 ,
3157 928 3254 966 nec
3275 913 3342 967 de
3361 931 3454 967 sua
3489 916 3682 970 virtute

2107 993 2482 1058 confidentem,
2514 996 2602 1063 qui
2646 1013 2765 1050 cunt
2817 999 2930 1052 hzcc
2972 999 3192 1056 dixisset
3222 1002 3459 1071 adjecit:
3499 1023 3517 1056 t
3556 1005 3684 1072 Quis

2107 1093 2286 1137 autem
2313 1093 2418 1138 tam
2443 1087 2648 1150 beatus,
2673 1089 2758 1156 qui
2789 1090 2838 1142 in
2857 1091 3017 1146 corde
3043 1108 3138 1146 suo
3163 1109 3374 1164 semper
3394 1099 3682 1153 ascendat?

2108 1172 2214 1228 Sed
2241 1173 2342 1228 hoc
2384 1177 2498 1230 sine
2545 1179 2746 1232 auxilio
2785 1179 2964 1232 divino
3011 1183 3098 1250 qui
3131 1181 3244 1238 fieri
3289 1188 3503 1253 potest?
3532 1187 3688 1242 Nullo

2107 1265 2348 1334 profecto
2397 1267 2574 1322 modo.
2613 1269 2886 1340 Denique,
2923 1291 2940 1322 ι
2989 1273 3192 1342 inquit,
3257 1293 3274 1326 t
3313 1292 3468 1345 supra
3499 1278 3683 1332 eadem

2105 1356 2374 1428 Scriptura
2408 1359 2534 1414 dicit
2565 1375 2578 1412 :
2613 1359 2800 1416 Beatus
2827 1363 2902 1414 rir
2921 1363 3069 1434 cujus
3091 1375 3161 1418 est
3195 1367 3442 1420 auxilium
3465 1369 3572 1438 ejus
3600 1369 3688 1424 ab:

2107 1457 2173 1512 te,
2201 1447 2444 1512 Domine;
2461 1467 2696 1504 ascensus
2715 1451 2768 1504 in
2789 1453 2940 1506 corde
2959 1454 3065 1524 ejus
3097 1471 3115 1505 ι
3147 1453 3314 1524 (Psat.
3341 1473 3559 1520 uxxut,
3583 1459 3650 1528 6)
3673 1478 3683 1511 :

2113 1558 2131 1590 ι
2165 1541 2396 1608 Itemque
2430 1541 2567 1594 idem
2597 1542 2708 1610 ipse
2736 1544 2785 1596 in
2807 1543 2940 1598 libro
2957 1543 3022 1598 dc
3038 1542 3382 1602 Sacramenta
3407 1563 3690 1618 regenera-

2109 1631 2268 1686 tionis
2299 1648 2310 1682 :
2346 1649 2364 1682 ε
2403 1630 2531 1698 Quis
2561 1631 2722 1701 igitur
2745 1641 2846 1701 est,
2883 1651 2904 1688 )
2940 1634 3129 1704 inquit,
3163 1655 3182 1688 ε
3221 1640 3310 1705 qui
3339 1653 3498 1692 carne
3526 1639 3690 1694 utitur

2107 1725 2171 1778 ad
2197 1725 2550 1795 operandum,
2577 1727 2676 1781 nisi
2703 1727 2917 1780 anima?
2957 1729 3094 1797 Ergo
3122 1731 3367 1802 princeps
3393 1739 3448 1785 et
3475 1730 3686 1786 domina

2107 1817 2281 1868 carnis
2311 1817 2624 1870 naturaliter
2665 1817 2840 1870 anima
2889 1827 3008 1882 est,
3051 1835 3169 1888 quae
3210 1820 3428 1876 domare
3470 1837 3686 1876 carnem

2105 1907 2262 1960 debet
2279 1918 2332 1962 ct
2355 1925 2559 1978 regere.
2583 1909 2810 1978 Ideoque
2827 1909 3054 1979 Spirittts
3077 1914 3243 1968 sancti
3265 1912 3395 1968 fulta
3417 1913 3684 1983 praesidio,

2104 1998 2234 2052 dicit
2279 1999 2330 2052 in
2365 1999 2608 2066 l’saltno,
2661 1999 2782 2055 Non
2827 2001 3006 2056 timebo
3034 2002 3156 2071 quid
3181 2003 3335 2071 faciat
3365 2004 3490 2056 mihi
3510 2020 3628 2058 caro
3661 2025 3680 2056 ι

2107 2088 2276 2158 (l’sat.
2297 2090 2474 2160 Lv,5).
2507 2109 2524 2140 α
2557 2091 2672 2159 Ipsa
2703 2091 2886 2146 eadem
2903 2091 3033 2146 dicit
3061 2092 3112 2146 in
3140 2091 3324 2158 Paulo,
3359 2093 3464 2147 Sed
3489 2094 3688 2164 castigo

2106 2201 2290 2253 corpus
2306 2201 2488 2250 meum,
2505 2195 2549 2238 et
2563 2187 2786 2240 servituti
2799 2187 2972 2258 redigo
2984 2207 3002 2240 ι
3013 2187 3058 2258 (1
3079 2187 3194 2242 Cor.
3211 2203 3284 2252 Ix,
3297 2187 3412 2260 27).
3425 2207 3442 2238 ι
3453 2186 3689 2258 Castigat

2106 2291 2232 2344 ergo
2253 2277 2448 2332 Paulus
2479 2279 2614 2347 quod
2643 2279 2806 2348 ipsius
2832 2289 2932 2347 est,
2966 2296 3070 2334 tton
3097 2281 3238 2351 quod
3269 2282 3380 2349 ipse
3401 2289 3504 2335 est.
3526 2281 3680 2335 Aliud

2105 2367 2246 2421 enim
2285 2370 2423 2438 quod
2466 2370 2660 2440 ipsius,
2691 2371 2833 2426 aliud
2868 2371 3008 2442 quod
3047 2371 3161 2440 ipse
3182 2372 3680 2443 est.Castigatquod

2107 2457 2273 2528 ipsius
2301 2468 2399 2524 est,
2435 2471 2492 2514 ut
2519 2471 2746 2516 mortem
2771 2461 2822 2516 in
2847 2477 2906 2516 se
2937 2463 3166 2518 lasciviae
3189 2463 3485 2533 corporalis
3512 2465 3684 2533 justu.

2106 2561 2375 2618 Operetur.
2415 2571 2434 2603 ι
2466 2551 2728 2622 Numquid
2769 2563 2984 2607 sanctus
3009 2553 3322 2610 Ambrosius
3349 2555 3562 2625 quando
3587 2555 3686 2610 ista

2107 2639 2350 2706 dicebat,
2379 2657 2482 2696 non
2509 2657 2628 2696 cum
2657 2642 2796 2697 vitiis
2831 2642 3186 2714 confligebat?
3212 2660 3323 2699 non
3352 2646 3478 2700 vitia
3503 2646 3685 2700 vince-

2107 2730 2235 2786 bat?
2269 2747 2374 2786 non
2399 2734 2686 2788 exercitum
2717 2734 3000 2804 quemdam
3039 2734 3304 2790 variarum
3334 2736 3680 2805 cupiditatum

2107 2819 2244 2874 intra
2275 2831 2446 2876 semet
2475 2823 2644 2891 ipsum
2665 2863 2682 2888 ,
2717 2833 2963 2892 tanquam
3005 2822 3200 2878 Christi
3239 2825 3393 2880 miles
3437 2826 3683 2895 egregius

2106 2911 2436 2966 debellabat?
2457 2928 2562 2968 non
2583 2927 2777 2982 corpus
2791 2916 3058 2984 proprium
3075 2915 3358 2986 castigabat
3372 2916 3396 2969 ?
3409 2915 3672 2987 Numquid

2107 3022 2210 3058 ttutt
2241 3005 2502 3072 superatis
2529 3015 2584 3060 et
2621 3007 2936 3074 oppugnatis
2973 3005 3170 3060 diaboli
3211 3005 3462 3074 operibus
3487 3048 3500 3072 ,
3549 3023 3682 3076 opus

2109 3095 2196 3148 Dei
2228 3109 2344 3147 cum
2372 3109 2536 3164 Opere
2563 3095 2676 3161 Dei,
2702 3095 2802 3150 hoc
2827 3105 2930 3162 est,
2957 3096 3132 3150 anima
3163 3111 3282 3150 cum
3305 3111 3464 3152 carne
3495 3111 3678 3166 pacem

2101 3185 2322 3254 justititu
2349 3185 2651 3255 requirebat
2677 3225 2690 3250 ,
2723 3194 2782 3240 ut
2811 3201 2914 3240 non
2945 3187 3000 3240 in
3028 3203 3122 3242 sua
3148 3187 3341 3242 virtute
3370 3187 3644 3246 cettfidens
3666 3230 3679 3251 ,

2107 3279 2200 3334 sed
2230 3280 2364 3334 sicut
2391 3281 2484 3346 ait,
2521 3298 2539 3332 ί
2579 3279 2810 3350 Spiritus
2834 3281 3002 3336 sancti
3029 3281 3154 3334 fulta
3187 3281 3434 3350 praesidio
3459 3281 3681 3346 diceret,

2108 3369 2228 3424 Non
2259 3369 2437 3424 timebo
2472 3371 2594 3441 quid
2636 3371 2790 3444 faciat
2833 3372 2957 3426 mihi
2983 3371 3148 3426 caro?
3181 3390 3202 3424 ι
3245 3371 3384 3426 Ecce
3415 3371 3684 3442 quomodo

2108 3473 2292 3516 natura
2325 3461 2555 3516 humana
2575 3477 2742 3531 capax
2763 3461 3158 3531 justificationis
3183 3462 3482 3516 ostenditur
3511 3479 3525 3516 :
3553 3476 3681 3516 ecce

2106 3551 2374 3620 quomodo
2419 3551 2584 3606 virtus
2641 3552 2694 3606 itt
2746 3550 3050 3608 infirmitate
3099 3550 3375 3622 perficitur
3425 3552 3502 3622 (ll
3555 3550 3673 3606 Cor.

2107 3659 2208 3706 XII,
2243 3643 2333 3709 9).

2175 3735 2262 3790 25.
2305 3735 2408 3790 Sed
2447 3737 2724 3791 audiamus
2761 3737 2830 3792 de
2873 3736 2976 3791 hac
3017 3751 3076 3792 re
3119 3737 3278 3791 etiam
3308 3737 3684 3793 victoriosissi-

2107 3842 2250 3880 mum
2272 3837 2557 3897 martyrem
2579 3827 2898 3898 Cyprianum
2925 3827 2978 3881 in
3003 3827 3224 3896 epistola
3244 3825 3312 3882 de
3333 3826 3680 3882 Mortalitate:

2113 3937 2133 3970 ι
2177 3917 2308 3973 Cum
2333 3919 2554 3973 avaritia
2597 3920 2780 3986 nobis,
2817 3939 2836 3972 ι
2873 3920 3076 3990 inquit,
3113 3938 3132 3972 α
3169 3934 3290 3974 cum
3317 3915 3677 3990 impudicitia,

2106 4025 2226 4064 cum
2257 4011 2332 4064 ira
2353 4052 2366 4074 ,
2395 4025 2514 4064 cum
2546 4011 2836 4065 ambitione
2863 4011 3170 4082 congressio
3199 4021 3276 4064 est
3297 4027 3310 4075 ;
3335 4025 3455 4064 cum
3483 4025 3678 4064 carna-

2107 4101 2244 4156 libus
2273 4102 2434 4165 vitiis,
2466 4117 2586 4156 cum
2611 4102 2872 4157 illecebris
2893 4103 3231 4158 smeularibus
3251 4101 3460 4156 assidua
3486 4110 3541 4156 et
3565 4117 3682 4156 mo-

2107 4191 2238 4246 lesta
2269 4192 2488 4246 luctatio
2515 4202 2618 4246 est.
2649 4191 2880 4246 Obsessa
2908 4205 3057 4245 mens
3089 4190 3338 4257 hominis,
3367 4199 3424 4246 et
3449 4191 3680 4260 undique

2105 4282 2300 4337 diaboli
2329 4281 2668 4336 infestatione
2694 4281 2884 4334 vallata
2911 4323 2924 4342 ,
2951 4281 3038 4335 vix
3067 4281 3301 4336 occurrit
3325 4281 3568 4350 singulis,
3591 4280 3676 4334 vix

2108 4373 2324 4427 resistit.
2361 4371 2416 4426 Si
2443 4371 2660 4426 avaritia
2689 4379 2948 4440 prostrata
2979 4380 3092 4436 est,
3125 4371 3361 4441 exsurgit
3393 4370 3556 4426 libido
3590 4387 3604 4421 :
3638 4373 3680 4426 si

2107 4463 2270 4520 libido
2298 4479 2606 4533 compressa
2631 4471 2748 4528 est,
2780 4463 3017 4518 succedit
3061 4463 3283 4517 ambitio
3323 4478 3339 4518 :
3379 4464 3422 4516 si
3465 4462 3682 4517 ambitio

2105 4565 2407 4626 contempta
2437 4565 2538 4620 est,
2568 4556 2644 4610 ira
2671 4565 2970 4630 exasperat,
3002 4555 3150 4610 inﬂat
3175 4557 3192 4588 ¹
3229 4556 3496 4626 superbia,
3527 4558 3676 4609 vino-

2109 4647 2266 4702 lentia
2296 4648 2512 4712 invitat,
2546 4647 2739 4702 invidia
2763 4647 3104 4702 concordiam
3133 4649 3366 4718 rumpit,
3397 4647 3680 4701 amicitiam

2107 4733 2256 4792 zelus
2281 4738 2560 4792 abscindit.
2593 4737 2810 4806 Cogeris
2841 4737 3161 4792 maledicere
3181 4779 3194 4800 ,
3225 4737 3363 4805 quod
3394 4736 3568 4790 divina
3597 4737 3682 4790 lex

2111 4829 2386 4896 prohibet;
2431 4827 2766 4896 compelleris
2807 4827 3025 4896 jurare,
3069 4827 3210 4895 quod
3251 4841 3356 4878 non
3401 4827 3544 4879 licet.
3583 4825 3681 4881 'l‘ot

2107 4920 2509 4988 persecutiones
2549 4919 2760 4974 animus
2789 4919 3022 4988 quotidie
3053 4919 3249 4988 patitur
3271 4959 3286 4983 ,
3323 4925 3398 4970 tot
3427 4917 3680 4984 periculis

2105 5017 2290 5080 peetus
2334 5019 2578 5078 urgetur,
2606 5019 2658 5064 et
2699 5010 2930 5064 delectat
2971 5009 3058 5062 IIic
3105 5009 3240 5060 inter
3266 5007 3456 5060 diaboli
3479 5007 3682 5075 gladios

2105 5101 2196 5156 diu
2217 5111 2380 5164 stare,
2399 5115 2520 5156 cum
2540 5101 2704 5170 magis
2721 5099 3202 5170 concupiscendum
3220 5099 3678 5168 sitetoptandum,

2107 5193 2171 5248 ad
2199 5193 2466 5248 Christum
2491 5191 2838 5248 subveniente
2863 5191 3094 5245 velocius
3123 5200 3293 5245 morte
3313 5205 3620 5260 properare.
3659 5211 3676 5243 ι

2107 5285 2260 5338 Absit
2287 5293 2462 5338 autem
2494 5293 2552 5336 ut
2579 5291 2818 5336 sanctum
2857 5280 3175 5351 Cyprianum
3203 5289 3292 5332 aut
3323 5295 3539 5333 avarum
3569 5281 3680 5334 exi-

2105 5374 2384 5428 stimemus
2413 5373 2600 5434 fuisse,
2631 5371 2752 5439 quia
2783 5386 2904 5424 cum
2935 5369 3188 5426 avaritia;
3219 5378 3309 5423 aut
3331 5370 3678 5439 impudicum,

2105 5463 2224 5530 quia
2254 5477 2372 5515 cum
2403 5459 2762 5528 impudicitia;
2793 5469 2884 5512 aut
2931 5459 3020 5512 ira:
3065 5456 3333 5512 Subditum
3356 5500 3371 5524 ,
3411 5459 3535 5530 quia
3559 5475 3684 5511 cum

2168 5681 2182 5711 ι
2219 5685 2324 5726 Iov.
2347 5713 2360 5736 ,
2395 5677 2555 5728 instat.
2605 5684 2828 5739 Attamen
2873 5689 3066 5739 supra,
3090 5683 3254 5739 contra
3297 5677 3424 5739 duas
3453 5677 3674 5738 Fpisttdrc

2109 5735 2466 5800 retagianerum
2491 5739 2608 5789 libre
2635 5739 2678 5799 t,
2723 5753 2770 5788 ti.
2808 5735 3009 5798 27,0um
3027 5738 3134 5787 aliis
3155 5735 3310 5796 libris,
3329 5738 3486 5788 inflat.
