4038 6182
406 371 554 428 091'

404 484 512 548 Ira;
541 488 632 536 aut
656 475 994 532 ambitiosum
1021 515 1036 537 ,
1077 484 1199 542 quia
1229 483 1348 524 cum
1395 464 1722 526 ambitione;
1751 465 1841 512 aut
1865 467 1984 511 car-

404 545 577 628 nalent
602 609 616 633 ,
641 567 762 636 quia
791 580 911 619 cuin
941 559 1246 624 carnalibus
1273 557 1450 620 vitiis;
1477 563 1568 608 aut
1607 549 1786 606 smculi
1825 545 1984 614 hujus

405 635 695 718 amatorem
718 697 736 723 ,
765 654 886 726 quia
908 667 1030 709 cum
1055 647 1318 704 illecebris
1345 642 1724 706 Stccularibns;
1753 648 1845 693 aut
1869 635 1987 691 libi.

405 756 670 816 dinosnm,
701 749 821 820 quia
846 761 966 802 eum
989 742 1244 803 libidine;
1275 747 1366 793 aut
1387 736 1696 807 superbum,
1722 731 1843 800 quia
1865 743 1986 784 cum

405 847 688 918 superbia;
717 853 806 896 aut
832 839 1156 918 vinolentum
1179 875 1196 902 ,
1223 833 1344 904 quia
1384 846 1505 884 cum
1546 823 1869 885 vinolentia;
1895 827 1988 874 aut

407 937 662 997 invidum.
686 933 806 1004 quia
831 945 950 986 cum
983 911 1178 982 invidia
1203 920 1541 992 conﬂigebat.
1571 916 1682 970 lmo
1705 927 1835 968 vero
1861 909 1987 964 ideo

408 1029 540 1086 nihil
567 1041 750 1082 eorum
787 1031 900 1078 erat
921 1061 937 1087 ,
967 1019 1088 1090 quia
1119 1016 1202 1072 his
1244 1015 1398 1068 malis
1441 1009 1670 1064 motibus
1701 1004 1890 1075 partim
1921 1000 1988 1055 de

409 1120 636 1190 origine,
667 1115 860 1188 partim
889 1111 954 1166 de
983 1104 1371 1164 consuetudine
1399 1098 1750 1159 venientibus,
1784 1093 1989 1148 fortiter

412 1189 715 1272 resistebat,
740 1219 844 1259 non
871 1200 1216 1270 acquiescens
1245 1209 1365 1248 esse
1388 1233 1403 1256 ,
1434 1189 1575 1262 quod
1606 1203 1726 1242 cum
1753 1199 1870 1238 esse
1893 1197 1988 1236 co-

409 1299 624 1372 gebant.
652 1293 761 1352 Nec
785 1293 904 1348 ideo
935 1299 1110 1345 tamen
1140 1289 1194 1340 in
1241 1295 1344 1339 tam
1378 1279 1673 1352 periculoso
1700 1273 1990 1330 laborioso-

412 1363 515 1462 que
539 1387 826 1444 certamine
845 1382 992 1438 nullo
1015 1380 1120 1434 telo
1143 1376 1430 1432 feriebatur
1449 1368 1626 1424 hostili
1647 1383 1662 1432 ;
1707 1379 1827 1419 cum
1848 1363 1989 1416 dicat

410 1453 464 1537 in
497 1479 720 1551 cpistola
749 1477 816 1530 dc
843 1467 1216 1540 Elecmosynis
1247 1484 1262 1520 :
1299 1483 1316 1516 ι
1355 1462 1430 1518 Ne
1471 1459 1747 1531 quisquam
1777 1457 1853 1507 sic.
1891 1453 1988 1505 sibi

411 1573 479 1628 de
501 1543 635 1640 puro
663 1575 821 1634 atque
849 1560 1188 1616 immaculato
1216 1565 1432 1626 pectore
1472 1548 1794 1607 blandiatur,
1827 1553 1884 1596 ut
1915 1543 1992 1596 in-

414 1662 654 1720 nocentia
697 1676 790 1714 sua
833 1655 1034 1718 frctus,
1067 1649 1382 1706 medicinam
1411 1659 1514 1698 non
1561 1648 1707 1711 putet
1733 1635 1990 1690 adhiben-

413 1755 533 1808 dam
560 1767 678 1807 csse
703 1748 1010 1804 vulneribus
1036 1787 1050 1809 ,
1082 1758 1203 1798 cum
1231 1739 1482 1808 scriptum
1512 1735 1580 1789 sit
1601 1777 1614 1793 ,
1645 1733 1770 1796 Quis
1799 1729 1989 1800 gloria-

413 1847 550 1899 bitur
576 1853 769 1898 castum
796 1855 849 1894 se
893 1837 1073 1892 habere
1113 1833 1236 1888 cor?
1263 1841 1351 1884 aut
1380 1829 1492 1900 quis
1529 1825 1825 1897 gloriabitur
1850 1837 1968 1874 mun

415 1941 536 1992 dum
564 1953 616 1991 se
643 1950 748 1989 esse
775 1949 806 1985 η
831 1929 1041 2000 peccatis
1076 1947 1094 1979 ι
1117 1923 1298 1998 (Prov.
1327 1937 1416 1986 xx,
1439 1918 1530 1987 9)?
1562 1937 1580 1970 ι
1601 1915 1670 1972 Et
1700 1915 1913 1977 iturum,
1939 1909 1993 1963 in

415 2025 636 2096 cpistola
665 2039 792 2088 sua,
832 1999 857 2074 is
890 2019 1054 2090 inquit
1075 2059 1090 2082 ,
1131 2033 1150 2068 ι
1182 2013 1416 2069 Joannes
1459 2017 1620 2079 ponat
1643 2018 1695 2061 et
1726 2005 1902 2068 dicat,
1934 1999 1994 2056 Si

417 2119 692 2175 dixerimus
719 2115 835 2184 quia
865 2120 1116 2184 peccatum
1149 2123 1247 2160 non
1279 2103 1545 2162 lmbmuus,
1575 2115 1666 2154 uos
1691 2098 1826 2167 ipsos
1855 2092 1995 2146 deci-

419 2211 606 2281 pimus,
622 2215 667 2262 et
687 2205 865 2260 veritas
882 2203 932 2256 in
955 2199 1094 2254 nobis
1115 2214 1212 2252 non
1232 2205 1301 2250 est
1322 2195 1345 2264 (
1362 2193 1378 2248 l
1401 2192 1556 2246 Joan.
1579 2206 1616 2254 t,
1639 2189 1708 2258 8)
1748 2186 1802 2242 Si
1817 2193 1994 2239 autem

419 2275 575 2355 nemo
599 2311 718 2352 esse
737 2295 852 2349 sine
877 2301 1095 2364 peccato
1117 2303 1146 2359 τ·
1164 2294 1312 2350 )test,
1341 2294 1394 2340 et
1419 2281 1658 2354 quisquis
1677 2294 1738 2334 sc
1762 2275 1998 2344 inculpa-

419 2401 528 2445 tum
557 2403 678 2445 essc
701 2385 921 2446 dixerit,
945 2391 1034 2436 aut
1061 2379 1342 2449 superbus,
1370 2385 1460 2429 aut
1486 2373 1677 2428 stultus
1701 2376 1814 2432 est;
1836 2381 1997 2437 quam

419 2477 740 2543 necessaria,
771 2491 928 2546 quam
961 2473 1186 2541 benigna
1213 2476 1294 2522 est
1325 2465 1501 2520 divina
1531 2459 1810 2518 clementia
1833 2499 1848 2522 ,
1880 2470 1998 2526 quae

419 2587 540 2627 rum
571 2571 706 2625 sciat
745 2581 850 2622 non
897 2563 1087 2620 deesse
1135 2558 1334 2614 sanatis
1372 2553 1614 2624 quiatdam
1660 2547 1996 2623 postmodum

420 2662 662 2726 vuinera,
681 2651 1093 2712 deditcurandis
1111 2649 1286 2704 denuo
1311 2644 1668 2712 sanandisque
1692 2639 1999 2696 vulneribus

423 2725 656 2806 remedia
686 2741 968 2801 salutaria!
1006 2759 1024 2794 ι
1063 2738 1109 2796 Ο
1133 2739 1322 2794 doctor
1349 2733 1750 2807 prmclarisstme
1773 2738 1826 2784 ct
1849 2725 2000 2784 testis

419 2839 820 2912 gloriosissime,
839 2834 918 2890 sic
937 2830 1183 2893 docuisti,
1199 2830 1276 2884 sic
1301 2823 1600 2890 monuisti‘,
1621 2821 1700 2878 sic
1715 2829 1769 2876 te
1783 2819 2002 2874 audien-

421 2910 546 2986 dum
571 2927 988 2995 imitandumque
1015 2919 1308 2991 przcbuisti.
1337 2915 1523 2972 Merito
1547 2913 1712 2968 finitis
1740 2910 1858 2964 aliis
1886 2923 2002 2962 om-

421 3021 566 3076 nium
585 3017 930 3086 cupiditatum
953 3009 1330 3066 certaminibus
1353 3005 1656 3074 sanatisque
1671 2999 1996 3062 vulneribus,

421 3125 543 3164 cum
587 3115 822 3161 extrema
852 3111 908 3158 et
952 3101 1188 3155 omnium
1239 3096 1469 3152 maxima
1498 3095 1623 3147 vita:
1669 3090 1827 3160 hujus
1853 3087 2004 3158 cupi-

423 3202 587 3258 ditate
609 3213 754 3269 ,-pro
803 3192 1002 3250 Christi
1051 3191 1274 3246 veritate
1325 3184 1608 3257 pugnasti,
1635 3191 1690 3237 et
1727 3180 1842 3252 ejus
1869 3181 2003 3234 inte

423 3291 607 3364 gratim
635 3287 882 3358 largitate
908 3283 1104 3338 vicisti.
1135 3282 1332 3337 Secura
1363 3285 1447 3334 est
1471 3289 1674 3331 corona
1695 3283 1806 3339 tua,
1832 3271 2002 3325 victo.

425 3363 567 3441 riosa
597 3390 679 3438 est
706 3378 948 3435 doctrina
973 3384 1058 3432 tua
1083 3416 1098 3441 ,
1127 3375 1179 3428 in
1206 3387 1308 3444 qua
1335 3381 1390 3426 et
1413 3371 1544 3424 istos
1568 3367 1738 3422 vincis
1761 3363 1852 3436 qui
1876 3378 2002 3418 con-

427 3471 599 3526 ﬁdunt
641 3473 694 3525 in
726 3469 920 3524 virtute
963 3481 1078 3522 sua.
1113 3463 1214 3536 Ipsi
1255 3463 1400 3518 enim
1446 3452 2004 3522 clamant,'Perfectio

423 3560 578 3615 nobis
599 3559 805 3614 virtutis
832 3573 862 3611 a
892 3556 1045 3612 nobis
1085 3562 1170 3611 est
1199 3570 1212 3606 :
1243 3561 1297 3606 tu
1323 3559 1501 3606 autem
1529 3547 1808 3609 reclamas,
1840 3562 1861 3597 s
1895 3541 2004 3598 Ne-

425 3665 515 3706 mo
543 3649 654 3705 suis
677 3649 877 3704 virihus
904 3646 1058 3702 fortis
1083 3652 1170 3701 est
1186 3683 1200 3709 ,
1228 3641 1322 3698 sed
1356 3641 1450 3696 Dei
1478 3637 1804 3708 indulgentia
1827 3643 1879 3690 et
1906 3633 2006 3688 mi-

425 3739 716 3798 sericordia
747 3749 892 3795 tutus
916 3747 1022 3794 est.
1061 3755 1087 3790 sc

493 3831 585 3887 26.
626 3829 766 3886 Audi
792 3839 848 3885 et
875 3827 1238 3884 beatissimum
1269 3821 1526 3880 Hilarium
1545 3861 1560 3884 ,
1593 3817 1682 3874 ubi
1707 3825 1887 3888 speret
1913 3814 2010 3869 ho-

426 3919 588 3978 minis
630 3919 1030 3990 perfectionem.
1077 3916 1211 3971 Cum
1250 3913 1393 3968 enim
1431 3911 1737 3981 loqueretur
1771 3905 1839 3960 de
1878 3915 2008 3975 pace

426 4011 730 4082 evangelica
758 4011 783 4082 (
797 4007 863 4064 In
903 4006 1049 4064 Psal.
1079 4019 1260 4069 cxvni,
1285 4003 1355 4057 ad
1387 4018 1519 4058 eers.
1554 4000 1626 4055 i8
1653 4007 1700 4052 et
1727 3996 1887 4066 115),
1916 3993 2008 4050 ubi

429 4105 707 4169 Dominus,
735 4101 833 4169 nit,
864 4097 1050 4154 Pacem
1077 4112 1238 4153 meum
1267 4095 1332 4149 do
1356 4089 1494 4148 vobis
1518 4089 1700 4163 (Joan.
1728 4101 1841 4154 xiv,
1867 4085 1959 4156 Ἦ)
1992 4101 2006 4138 :

433 4211 454 4246 ε
485 4191 620 4262 Quia
645 4193 750 4255 lex,
785 4208 807 4244 ι
837 4188 1024 4260 inquit,
1048 4187 1240 4242 umbra
1267 4192 1382 4239 erat
1401 4180 1698 4236 futurorum
1721 4177 2003 4242 bonorum,

429 4286 630 4342 idcirco
653 4301 750 4356 per
775 4283 911 4338 hanc
937 4279 1321 4352 pmilguratam
1351 4270 1753 4346 significandam
1777 4270 1800 4302 ⁸
1829 4267 2010 4323 docuit

433 4391 531 4431 nos
559 4377 615 4430 in
643 4375 745 4429 hoc
783 4372 983 4428 terreni
1029 4379 1084 4426 et
1123 4365 1390 4424 morticini
1429 4362 1674 4432 corporis
1712 4357 2012 4415 habitacnlo

435 4464 663 4522 mundos
687 4478 809 4518 esse
835 4477 938 4518 non
965 4475 1154 4531 posse,
1181 4459 1280 4513 nisi
1309 4471 1404 4528 per
1427 4454 1752 4510 ablutionem
1777 4449 2014 4506 celestis

435 4552 814 4611 misericordia:
839 4549 1270 4607 emundationcm
1311 4557 1721 4615 consequamur,
1753 4549 1872 4610 post
1913 4537 2010 4593 de-

435 4647 782 4702 mutationem
832 4638 1244 4698 resurrectionis
1298 4635 1496 4692 terreni
1548 4633 1792 4702 corporis
1845 4629 2011 4684 nostri

435 4735 621 4792 effecta
663 4731 978 4806 gloriosiore
1023 4737 1231 4786 natura.
1271 4745 1292 4798 ξ
1325 4725 1532 4780 Rursus
1575 4721 1628 4776 in
1669 4720 1858 4776 eodem
1901 4733 2016 4774 ser-

440 4844 643 4884 mone:
702 4846 722 4880 s
759 4825 918 4896 Ipsis,
979 4842 1000 4877 ι
1053 4821 1254 4892 inquit,
1303 4837 1326 4872 s
1361 4814 1630 4888 Apostolis
1669 4812 1833 4868 verbo
1895 4811 2019 4866 licet

437 4920 539 4992 jam
587 4917 713 4974 fidei
755 4915 1054 4972 emendatis
1097 4923 1254 4982 atque
1298 4905 1639 4964 sanctiﬁcatis
1678 4919 1783 4958 non
1831 4902 2018 4958 deesse

446 5025 620 5068 tamen
663 5011 919 5066 malitiam
945 5049 960 5072 ,
992 5023 1096 5076 per,
1127 5004 1485 5060 conditionem
1527 4997 1825 5055 communis
1865 4994 2018 5052 nobis

443 5103 664 5174 originis
684 5142 698 5164 ,
726 5099 906 5155 docuit
929 5097 1112 5152 dicens
1132 5137 1146 5160 ,
1180 5095 1241 5150 Si
1269 5109 1356 5148 eos
1399 5109 1512 5146 cum
1547 5090 1659 5144 sitis
1683 5087 1804 5143 mali
1822 5128 1836 5150 ,
1865 5085 2020 5139 nostis

441 5197 570 5247 bona
595 5193 714 5246 data
741 5195 864 5246 dare
889 5191 1011 5260 filiis
1049 5188 1222 5243 uestris
1256 5204 1276 5238 ι
1315 5185 1334 5259 (
1355 5183 1537 5240 Matth.
1565 5197 1638 5236 vlt
1657 5221 1673 5246 ,
1708 5180 1768 5235 ll
1787 5177 1830 5247 ).
1860 5177 2022 5232 Vides

441 5281 888 5351 quemadmodum
915 5277 1232 5336 venerabilis
1259 5274 1550 5330 catholicus
1573 5271 1894 5340 disputator,
1919 5280 2020 5320 nec

443 5374 494 5424 in
538 5372 640 5426 hac
666 5373 770 5426 vita
815 5370 1213 5426 mundationcm
1247 5375 1480 5422 nostram
1520 5369 1711 5433 neget;
1749 5369 1804 5415 et
1843 5368 2018 5414 tamen

509 5527 526 5596 ε
559 5535 738 5596 omnes
757 5537 908 5586 prope
931 5519 1384 5596 mansurumve
1397 5511 1870 5596 messes

443 5573 607 5658 uitiati.
627 5573 1286 5658 t‘trumqtieediderunt'sm.
1323 5573 1471 5629 et'Er.
1507 5577 1601 5626 hoc
1619 5573 1778 5635 modo,
1799 5573 1869 5623 sic
1905 5573 2025 5622 emi-

443 5646 588 5699 sististi
607 5645 678 5698 cel
700 5644 934 5694 monuisti.

465 5690 1338 5803 grtia:vat—itide;signiﬁcationem.
1377 5707 1474 5748 Am.
1503 5704 1556 5748 et
1579 5705 1702 5756 Mss,
1749 5690 2027 5766 rigttiﬁcanr

496 5784 558 5803 ρ...

1179 352 1449 412 CONTRA
1486 345 1821 408 JULIANUM
1863 337 2323 408 PELAGIANUM,
2364 339 2422 395 S.
2469 334 2834 394 AUGUSTINI

3575 331 3668 388 6112

2094 475 2380 529 humanam
2412 469 2782 543 perfectiorem
2826 467 2843 500 ¹
2875 477 3088 539 speret,
3130 463 3182 520 id
3229 473 3311 520 est
3339 461 3666 536 perfectioris

2091 564 2448 620 mundationis
2466 603 2482 630 ,
2516 561 2567 616 in
2597 560 2780 615 ultima
2805 559 3196 614 resurrectione
3223 565 3489 611 naturain.

2067 720 2074 728 ι
2158 654 2249 708 ‘27.
2293 653 2348 708 ln
2370 650 2596 722 quadam
2619 665 2749 705 vero
2771 648 2985 702 humilia
3010 646 3077 702 de
3104 645 3238 701 libro
3267 645 3439 700 sancti
3461 643 3562 698 Job
3592 643 3668 708 ia)

2091 745 2310 800 attende
2335 742 2460 814 quid
2488 742 2650 806 dicat,
2677 737 3124 811 quemadmodum
3153 737 3320 807 ipsius
3347 735 3544 791 diaboli
3574 743 3670 790 ait-

2093 849 2278 890 vcrsus
2307 848 2404 888 uos
2446 831 2750 887 indesinens
2797 829 2993 884 bellum
3039 843 3106 882 ex
3149 827 3254 882 hoc
3295 827 3411 882 fieri
3449 836 3670 887 asserat,

2092 941 2212 980 cum
2243 939 2304 979 ea
2333 922 2470 977 mala
2501 938 2618 993 qua:
2644 921 2696 976 in
2729 920 2882 974 nobis
2919 926 3062 982 sunt,
3091 916 3286 973 excitat
3318 927 3506 971 contra
3539 931 3674 978 nos;

2093 1013 2236 1086 quod
2263 1015 2316 1068 in
2343 1024 2578 1068 nostram
2614 1011 2726 1067 fieri
2758 1010 3037 1066 utilitatem
3064 1007 3175 1062 vult
3202 1007 3400 1062 docere
3418 1050 3432 1071 ,
3457 1021 3682 1061 conver-

2097 1115 2240 1160 tente
2269 1104 2472 1158 scilicet
2495 1103 2670 1158 divina
2703 1099 3068 1156 misericordia
3098 1099 3353 1154 malitiam
3382 1097 3584 1154 diaboli
3613 1097 3680 1152 ad

2095 1194 2458 1264 purgationem
2472 1201 2725 1246 nostram.
2738 1211 2756 1241 ‹
2779 1189 2944 1244 Tanta
2960 1190 3165 1243 enimet
3184 1199 3286 1242 tam
3299 1186 3643 1249 admirabilis,
3657 1206 3677 1237 ο

2097 1287 2283 1356 inquit,
2319 1305 2338 1338 s
2372 1285 2422 1338 iu
2453 1300 2549 1338 nos
2577 1281 2958 1338 misericordia:
2991 1281 3082 1336 Dei
3132 1280 3343 1336 bonitas
3367 1288 3472 1344 est,
3507 1287 3564 1332 ut
3589 1291 3684 1346 per

2096 1395 2252 1448 quem
2287 1383 2336 1432 in
2375 1377 2504 1432 Adm
2534 1375 2734 1430 offensa
2774 1373 3185 1444 generositatem
3215 1373 3404 1442 prima:
3432 1381 3486 1425 et
3515 1370 3685 1425 beam

2099 1471 2242 1528 illius
2281 1469 2566 1525 creationis
2608 1467 2885 1522 amisimus
2905 1507 2920 1530 ,
2950 1480 3048 1535 per
3073 1479 3197 1519 eum
3225 1477 3433 1518 rursum
3464 1459 3517 1516 id
3542 1458 3683 1530 quod

2099 1552 2377 1616 amisimus
2396 1601 2412 1624 ,
2441 1559 2684 1613 obtinere
2711 1571 3033 1611 mercamur.
3077 1548 3229 1611 Tunc
3255 1551 3399 1608 enim
3439 1547 3686 1604 diabolus

2097 1653 2336 1708 invidens
2376 1651 2556 1705 nocuit
2583 1652 2640 1713 ³;
2681 1664 2824 1704 nunc
2861 1656 3038 1704 autem
3083 1659 3204 1700 cum
3243 1658 3435 1698 nocere
3463 1640 3683 1702 nititur,

2097 1744 2342 1798 vincitur.
2370 1741 2546 1796 Movet
2585 1740 2727 1796 enim
2761 1755 2855 1808 per
2883 1719 3244 1792 infirmitatem
3282 1733 3457 1788 carnis
3487 1741 3686 1786 nostra:

2097 1835 2271 1889 omnia
2296 1831 2570 1902 potestatis
2591 1846 2700 1884 sua:
2727 1829 2850 1894 tela,
2874 1842 2991 1882 cum
3018 1825 3084 1882 ad
3114 1825 3385 1880 lasciviam
3409 1821 3680 1885 accendit,

2097 1941 2218 1981 cum
2243 1925 2311 1980 ad
2339 1923 2650 1979 ebrietatem
2679 1921 2849 1984 illicit,
2877 1934 3000 1974 cum
3029 1917 3096 1972 ad
3123 1917 3244 1972 odia
3272 1914 3528 1975 stimulat,
3559 1929 3682 1968 cum

2099 2017 2164 2072 ad
2191 2015 2468 2072 avaritiam
2511 2020 2762 2085 provocat
2787 2051 2802 2076 ,
2845 2025 2964 2062 cum
2991 2007 3057 2062 ad
3084 2005 3260 2062 ardes
3285 2003 3517 2069 instruit,
3549 2017 3674 2058 cum

2099 2107 2168 2163 ad
2189 2105 2468 2162 maledicta
2491 2102 2793 2159 cxacerbat.
2819 2101 2922 2157 Sed
2943 2115 3062 2156 cum
3084 2115 3180 2170 per
3198 2097 3498 2152 firmitatem
3517 2094 3684 2149 animi

2100 2197 2291 2253 horum
2321 2195 2559 2250 omnium
2602 2191 2941 2262 subrepentia
2990 2188 3252 2244 incentiva
3283 2187 3646 2256 reprimuntur
3667 2225 3683 2248 ,

2101 2289 2454 2346 emundamur
2491 2303 2522 2342 a
2566 2294 2786 2356 peccato
2829 2299 2925 2357 per
2961 2281 3118 2352 hujus
3153 2279 3389 2335 victorizc
3435 2276 3685 2348 gloriam.

2103 2381 2308 2437 Dictum
2326 2380 2468 2435 enim
2488 2379 2559 2433 ita
2577 2385 2660 2432 est
2677 2393 2690 2428 :
2711 2375 2808 2430 Aut
2822 2373 3071 2440 quomodo
3085 2387 3141 2426 se
3156 2368 3444 2426 emundabit
3462 2375 3608 2421 natus
3625 2380 3692 2420 ex

2102 2472 2310 2527 muliere
2349 2489 2369 2523 ι
2404 2467 2538 2540 (Job
2565 2483 2692 2534 xxv,
2719 2465 2784 2538 4)
2825 2484 2843 2517 ι
2867 2465 2892 2519 il
2918 2464 3048 2533 Quia
3079 2448 3183 2518 non
3231 2467 3473 2516 esstante
3500 2458 3688 2517 hoste.

2103 2579 2208 2619 non
2231 2563 2332 2619 erit
2350 2560 2543 2616 bellum
2563 2565 2835 2624 ;cessante
2848 2552 3217 2616 dcindebello,
3246 2547 3464 2604 victoria
3493 2545 3689 2601 deerit.

2102 2653 2482 2710 Collidentium
2523 2659 2700 2704 autem
2743 2647 2998 2702 adversus
3038 2657 3138 2698 nos
3175 2641 3422 2696 vitiorum
3464 2635 3690 2691 victoria

2104 2761 2210 2801 non
2237 2743 2448 2813 adepta,
2483 2756 2589 2795 non
2627 2739 2730 2794 erit
2765 2735 3077 2793 emendatio
3105 2732 3210 2788 ulla
3237 2731 3487 2786 vitiorum
3517 2746 3532 2782 :
3560 2727 3689 2798 quia

2105 2837 2191 2891 his
2219 2833 2424 2890 insidiis
2449 2831 2690 2902 corporis
2710 2827 2879 2883 nostri
2907 2827 3075 2896 pirata
3101 2821 3263 2887 victo,
3287 2818 3690 2874 colluctantium

2111 2927 2374 2984 adversus
2413 2939 2510 2979 nos
2553 2921 2857 2992 passionum
2901 2913 3296 2972 concertatione
3335 2925 3626 2980 purgamur
3649 2907 3688 2960 ³.

2104 3019 2368 3075 Memores
2406 3015 2590 3086 igitur,
2625 3030 2646 3064 ι
2681 3009 2888 3079 inquit,
2921 3025 2940 3060 ι
2973 3017 3027 3062 et
3052 3002 3286 3068 conscii,
3311 3001 3398 3057 illa
3427 3001 3540 3069 ipsa
3565 3013 3689 3053 cor-

2105 3123 2235 3180 pora
2281 3116 2461 3162 nostra
2506 3102 2746 3158 omnium
2783 3099 3032 3154 vitiorum
3079 3109 3202 3152 esse
3243 3093 3561 3154 materiem,
3597 3105 3692 3159 per

2107 3217 2266 3274 quam
2295 3199 2316 3232 "
2346 3197 2532 3270 polluti
2559 3203 2613 3251 et
2637 3193 2836 3250 sordidi
2859 3191 2987 3246 nihil
3009 3191 3060 3244 in
3081 3187 3236 3243 nobis
3257 3183 3530 3249 mundum,
3557 3181 3690 3236 nihil

2107 3294 2364 3349 innocens
2391 3288 2696 3343 obtinemus
2717 3325 2732 3350 ,
2765 3282 3088 3354 gaudeamus
3115 3277 3270 3334 nobis
3299 3291 3419 3331 esse
3445 3275 3657 3329 hostem
3675 3315 3692 3338 ,

2107 3401 2162 3441 tn
2189 3385 2342 3455 cujus
2365 3379 2764 3438 concertatione
2789 3375 3020 3448 quodam
3051 3370 3467 3430 concertationis
3493 3376 3696 3424 nostra:

2107 3475 2248 3532 bello
2274 3473 2610 3530 dimiccmus.
2649 3488 2668 3522 s

2177 3565 2269 3622 28.
2296 3563 2352 3618 ln
2377 3561 2715 3632 Expositione
2739 3567 2914 3613 autem
2941 3552 3098 3626 primi
3117 3551 3312 3608 Psalmi
3333 3549 3472 3606 idem
3499 3548 3697 3604 doctor

2111 3673 2218 3713 non
2249 3655 2458 3710 dubitat
2483 3651 2665 3708 dicere
2689 3692 2705 3716 ,
2744 3658 2988 3704 naturam
3035 3655 3294 3708 nostram,
3326 3641 3508 3712 utique
3536 3641 3693 3695 istam

2111 3762 2230 3818 qua:
2257 3745 2326 3800 de
2355 3742 2542 3798 morbo
2568 3739 2813 3796 morbum
2839 3737 3038 3802 trahit,
3069 3733 3134 3789 ad
3163 3733 3492 3804 peccandum
3522 3730 3652 3786 ferri
3674 3773 3689 3793 .

2111 3852 2177 3892 ac
2199 3837 2276 3892 sic
2303 3851 2370 3890 ne
2397 3844 2700 3904 peccemus,
2727 3829 2986 3884 adversus
3007 3841 3125 3882 eam
3153 3839 3250 3880 nos
3273 3822 3504 3894 quodam
3534 3820 3698 3877 modo
3784 3869 3787 3871 _

2114 3927 2237 3983 ﬁdei
2263 3925 2517 3996 religione
2545 3935 2800 3994 pugnare.
2851 3917 3036 3974 Plures
3059 3919 3191 3972 enim
3215 3926 3352 3984 sunt,
3389 3916 3584 3986 inquit,
3611 3915 3694 3986 qui

2114 4034 2229 4072 cum
2277 3995 2383 4086 per,
2415 4013 2778 4085 confessionem
2822 4009 2918 4065 Dei
2955 4011 3017 4063 ab
3042 3995 3299 4079 impietate
3324 4007 3526 4061 discreti
3551 4007 3652 4060 siut
3678 4047 3694 4071 ,

2115 4125 2215 4164 non
2243 4118 2407 4162 tamen
2435 4123 2466 4160 a
2493 4115 2698 4176 peccato
2737 4120 2826 4174 per
2849 4101 2904 4156 id
2933 4101 3076 4156 liberi
3104 4110 3248 4164 sunt,
3279 4097 3522 4152 Ecclesiae
3547 4097 3699 4151 disci.

2117 4200 2308 4269 pliuam
2336 4215 2436 4253 non
2467 4207 2703 4262 tenentes,
2729 4204 2786 4248 ut
2810 4193 2968 4258 avari,
2997 4192 3194 4255 ebriosi,
3225 4191 3542 4253 tumultuosi,
3578 4207 3696 4260 pro-

2115 4307 2276 4354 caces,
2307 4287 2528 4360 superbi,
2559 4286 2874 4340 simulatores
2893 4284 2940 4348 ⁸,
2971 4281 3252 4348 mendaces,
3283 4298 3514 4350 rapaces.
3536 4279 3607 4334 Et
3633 4280 3700 4333 ad

2117 4382 2224 4435 hac
2251 4378 2452 4449 quidem
2493 4394 2586 4431 nos
2613 4377 2732 4429 uitia
2769 4384 2984 4436 naturas,
3017 4373 3183 4442 inquit
3233 4382 3420 4426 suum:
3465 4371 3699 4442 propellit

2117 4473 2385 4528 instinctus
2418 4485 2438 4525 :
2465 4469 2553 4523 sed
2593 4467 2715 4522 utile
2754 4475 2826 4521 est
2873 4481 2964 4519 nos
3007 4480 3040 4518 α
3063 4465 3146 4518 via
3189 4463 3258 4517 ad
3298 4479 3452 4532 quam
3489 4461 3698 4531 ferimur

2117 4562 2401 4626 abscedere,
2433 4576 2592 4630 neque
2617 4558 2888 4612 consistere
2919 4556 3029 4611 illic
3069 4554 3294 4610 adlubito
3333 4553 3607 4608 decedendi
3639 4568 3700 4604 ex

2119 4671 2180 4709 ea
2206 4671 2308 4708 non
2333 4669 2531 4706 moroso
2558 4666 2788 4705 recursu.
2819 4648 2884 4702 Et
2909 4647 3129 4712 idcirco,
3162 4664 3182 4698 ι
3214 4645 3404 4700 Beatus
3427 4654 3501 4698 est
3521 4645 3599 4698 uir
3618 4642 3702 4713 qui

2118 4746 2174 4800 in
2201 4745 2281 4799 via
2306 4752 2622 4814 peccatorum
2653 4757 2756 4794 non
2783 4739 2913 4794 stetit
2942 4753 2961 4792 :
2997 4755 3018 4790 ι
3045 4746 3230 4791 natura
3255 4735 3458 4806 quidem
3485 4734 3538 4788 in
3570 4735 3702 4787 aiam

2122 4838 2252 4892 hanc
2288 4839 2494 4907 ferente,
2534 4833 2623 4888 sed
2657 4849 2724 4888 ea:
2758 4839 2841 4888 via
2885 4833 2980 4886 hac
3019 4831 3140 4902 ﬁdei
3179 4831 3421 4901 religione
3465 4829 3706 4898 referente

2125 4927 2214 5002 (lu
2255 4943 2380 4982 vers.
2416 4927 2489 4997 l).
2517 4922 2910 4995 Numquidnam
2953 4925 3112 4978 istum
3154 4921 3456 4990 putabimus
3483 4931 3702 4973 accusa-

2125 5033 2294 5076 torem
2324 5019 2486 5074 fuisse
2511 5027 2713 5072 natura:
2734 5059 2750 5078 ,
2777 5032 2936 5087 quam
2979 5015 3216 5071 condidit
3243 5013 3422 5068 Deus?
3462 5011 3578 5067 Non
3607 5009 3710 5064 uti-

2125 5127 2230 5182 que
2257 5129 2271 5166 :
2298 5127 2403 5166 non
2433 5111 2573 5166 enim
2604 5107 2878 5163 dubitabat
2903 5109 3063 5162 homo
3082 5105 3397 5171 catholicus,
3421 5103 3704 5158 humanam

2129 5203 2224 5258 Dei
2261 5217 2394 5272 opus
2433 5216 2551 5256 esse
2585 5209 2860 5260 naturam;
2892 5197 2986 5254 sed
3013 5195 3255 5268 profecto
3283 5197 3406 5249 vitia
3435 5208 3555 5249 cum
3579 5193 3700 5262 qui-

2193 5317 2208 5348 ί
2243 5316 2318 5366 sic
2337 5323 2435 5363 Am.
2462 5321 2515 5364 et
2535 5321 2641 5362 Mss.
2667 5319 2724 5362 At
2743 5319 2818 5373 Br.
2840 5307 3429 5373 et_tov.,_perfectionent.

2191 5378 2214 5410 ²
2244 5376 2554 5426 Floriacensis
2573 5374 2748 5434 codex,
2781 5371 2998 5423 invidens

2156 5498 2167 5510 '
2196 5439 2218 5472 ³
2247 5445 2368 5488 Tres
2389 5449 2454 5486 ex
2477 5438 2696 5500 quinque
2733 5428 2967 5485 vaticanis
3003 5441 3129 5494 tam,
3166 5428 3440 5495 passim
3473 5428 3711 5480 mnda-

2129 5507 2256 5551 tione
2277 5510 2557 5551 Duraamur.

2193 5510 2557 5610 psmgmrii
2585 5565 2791 5621 quatuor
2825 5555 3135 5621 atauuscripti
3155 5561 3265 5603 eum
3297 5549 3596 5606 Floriacensi,
3621 5544 3708 5596 sed

2132 5621 2344 5672 secunda
2367 5632 2510 5670 manu
2531 5619 2768 5670 corrc-cio.
2795 5625 2850 5668 At
2871 5619 3006 5678 editi,
3029 5628 3118 5678 pro
3530 5647 3540 5678 ε

2193 5682 2216 5712 ⁸
2249 5683 2381 5744 Apud
2401 5690 2502 5730 Am.
2529 5686 2694 5744 etin,
2713 5691 2816 5743 pro,
2839 5671 3157 5738 sinudutbres,
3171 5675 3368 5740 legitur,
3397 5671 3709 5726 mutamu-

2201 5745 2272 5810 (α)
2286 5741 2412 5805 Ίιςρε
2431 5741 2734 5803 humiliation
2754 5747 2928 5792 exstat.
