4014 6184
283 361 298 366 ·
341 340 444 396 695

343 453 444 506 bus
489 451 760 506 nascimur
793 447 1091 510 accusavit,
1133 447 1481 516 apostolicum
1529 447 1650 500 illud
1699 459 1922 509 tenens,

343 539 559 594 Fuimus
600 539 734 591 enim
765 550 809 591 et
854 555 942 591 nos
977 549 1156 589 natura
1197 537 1291 605 lilii
1328 539 1436 602 ἔνην,
1481 537 1607 589 sicul
1661 547 1706 590 et
1758 535 1926 589 ueteri

261 625 264 628 ’
343 631 556 702 (liphes.
591 645 646 694 li,
679 627 754 700 5).
787 629 1162 682 Verumtamen
1211 631 1322 681 hac
1355 627 1534 690 verba,
1564 643 1683 696 qua:
1711 625 1778 681 de
1807 641 1922 680 ser-

343 739 502 779 mone
532 723 698 776 sancti
727 721 911 776 Hilarii
959 725 1130 789 posui.
1179 723 1220 773 si
1272 737 1384 775 mei
1417 731 1616 782 essent,
1649 731 1844 790 quanta
1873 720 1923 772 in

339 831 427 870 me
442 815 668 878 diceres,
685 813 1198 884 Mauicliteoruntqne
1224 827 1412 866 nomen
1438 815 1701 867 cterimeu
1729 823 1926 884 quanto

341 905 626 960 buccarum
668 905 889 972 strepitu
916 903 1237 958 ventilares?
1266 903 1417 958 Nunc
1443 919 1568 972 ergo
1599 919 1663 956 ne
1693 904 1762 956 tui
1811 915 1924 958 sto-

341 997 515 1052 machi
548 995 684 1048 tollis
712 995 970 1064 indigesta
999 995 1396 1048 maledictorum
1419 995 1677 1048 cruditate
1708 1011 1922 1063 rumpa-

293 1139 302 1153 ,
340 1097 448 1153 tur,
480 1088 530 1140 in
561 1085 700 1138 hunc
726 1101 940 1148 evome,
967 1085 1010 1138 si
1037 1085 1220 1149 audes,
1248 1085 1604 1139 calumniosas
1632 1095 1748 1140 tuas
1772 1085 1922 1140 Vani-

255 1165 302 1232 θ’
347 1189 501 1240 tates,
532 1187 586 1230 et
617 1175 849 1230 insanias
881 1175 1182 1229 mendaces.
1215 1177 1294 1229 Ad
1319 1177 1445 1242 lucc,
1477 1176 1664 1242 inquit,
1688 1193 1778 1230 nos
1804 1178 1923 1231 vitia

241 1266 292 1326 ,*
339 1281 538 1321 natm-te
575 1279 759 1320 nostra:
806 1267 1038 1336 propellit
1078 1266 1362 1318 instinctus.
1411 1269 1541 1333 Quae
1591 1268 1686 1318 ista
1739 1275 1920 1319 natura

337 1358 456 1410 est?
477 1357 740 1427 Numquid
771 1371 902 1425 gens
932 1355 1300 1419 tenebrarum,
1328 1371 1486 1424 quam
1511 1355 1920 1408 Manichaairnm

340 1450 512 1502 l'ahula
563 1451 798 1502 inducit?
847 1449 1016 1502 Absit.
1067 1447 1372 1502 (Iatholicus
1415 1448 1664 1516 loquitur,
1703 1447 1923 1516 insignis

339 1541 702 1596 Beclesiarunt
727 1540 914 1594 doctor
939 1539 1192 1606 loquitur,
1215 1539 1441 1592 Ililaritis
1465 1525 1714 1608 qutiittir.
1735 1537 1920 1592 Nostra

337 1648 466 1702 ergo
503 1641 686 1684 natura
722 1641 803 1684 est
831 1631 982 1699 primi
1015 1629 1242 1683 hominis
1264 1629 1697 1699 pra'varicatitme
1719 1629 1920 1692 vitiata,

338 1738 446 1776 non
474 1721 540 1775 ah
566 1722 667 1774 alia
705 1731 896 1774 natura
926 1721 1026 1773 ulla
1054 1720 1318 1774 divisione
1346 1719 1658 1790 separanda,
1687 1719 1781 1774 sed
1809 1719 1920 1790 ipsa

337 1812 572 1865 sanando
601 1829 614 1865 :
645 1813 726 1866 cui
759 1811 1026 1865 diabolum
1054 1827 1083 1864 a
1123 1809 1273 1864 nobis
1299 1811 1548 1866 constitui
1581 1811 1922 1864 caluinniaris

335 1913 606 1954 auctorem
631 1943 645 1966 ,
691 1901 814 1954 dum
849 1913 902 1954 tu
933 1901 980 1954 ei
1010 1899 1279 1954 Christum
1325 1900 1528 1954 invides
1557 1901 1874 1955 salvatorem
1903 1940 1918 1964 ,

337 2000 394 2044 et
422 1991 536 2061 ejus
569 1991 651 2044 ltic
673 1991 856 2055 vitam,
891 1991 959 2044 ita
991 1999 1049 2044 ut
1078 1993 1192 2045 sine
1217 1990 1322 2044 ullo
1347 1991 1416 2046 sit
1438 1989 1656 2044 omnino
1678 2001 1920 2060 peccato,

337 2083 622 2152 perfectam
650 2081 770 2136 duci
803 2097 960 2152 posse
983 2081 1281 2137 contendis.

407 2173 500 2228 29.
525 2173 628 2230 Sed
668 2173 790 2226 audi
826 2173 952 2243 quid
984 2175 1142 2227 etiam
1173 2173 1296 2227 hinc
1327 2181 1377 2228 te
1407 2173 1691 2228 admoneat
1731 2171 1920 2227 beatus

337 2263 591 2319 Hilarius.
621 2263 753 2317 Cum
783 2265 924 2318 enim
959 2269 1256 2334 exponeret
1297 2261 1566 2318 Psalmum
1588 2265 1919 2334 quinquage-

339 2357 530 2408 simum
563 2354 790 2422 pritnum
822 2353 1036 2427 (Versus
1064 2355 1216 2422 liuent
1241 2353 1300 2424 ):
1332 2353 1482 2422 Spes,
1513 2355 1710 2424 inquit,
1739 2355 1790 2408 in
1811 2355 1910 2408 nti-

337 2445 610 2498 sericordia
647 2443 742 2498 Dei
779 2447 832 2498 in
870 2444 1111 2499 sacculum
1152 2455 1198 2500 et
1241 2450 1294 2500 in
1336 2447 1580 2501 sarculum
1620 2445 1794 2500 sa’culi
1826 2454 1918 2500 est.

343 2535 464 2591 Non
491 2539 622 2590 enim
649 2539 759 2608 ipsa
783 2537 874 2591 illa
899 2539 1108 2604 iustitia:
1140 2555 1294 2610 opera
1331 2540 1572 2611 stt/ﬁcient
1597 2541 1662 2592 ad
1687 2542 1922 2612 perfectae

337 2631 658 2684 beatitudinis
685 2631 938 2696 meritum,
965 2629 1064 2683 nisi
1083 2631 1428 2684 misericordia
1457 2631 1553 2684 Dei
1575 2630 1726 2684 etiam
1751 2635 1804 2683 in
1827 2630 1922 2682 hac

334 2721 548 2790 iustitia:
571 2719 822 2774 voluntate
842 2720 1178 2775 humanarum
1207 2723 1602 2776 demutationum
1627 2731 1672 2775 et
1697 2731 1921 2775 motuum

338 2827 441 2864 non
465 2820 658 2880 reputet
681 2811 961 2865 vitia.llinc
983 2811 1110 2864 illud
1137 2811 1394 2881 propheta:
1417 2811 1606 2864 dictum
1627 2821 1698 2864 est
1721 2827 1740 2864 :
1769 2811 1916 2864 ulle-

337 2903 440 2956 lior
489 2903 828 2955 misericordia
886 2911 972 2955 tua
1017 2920 1168 2973 super
1211 2903 1335 2957 vitas
1359 2903 1376 2935 ι
1413 2921 1430 2954 ι
1470 2901 1640 2972 (Psal.
1675 2919 1800 2969 Lm,
1837 2903 1916 2974 4).

341 2995 574 3050 Videsne
603 2995 872 3049 hominem
905 2995 997 3049 Dei
1023 3011 1092 3050 ex
1112 2995 1204 3048 illo
1230 3012 1452 3051 numero
1477 3009 1596 3049 esse
1623 2996 1916 3060 beatorum,

336 3089 409 3143 de
435 3089 624 3158 quibus
656 3089 962 3158 prmdictum
995 3096 1098 3153 est,
1128 3087 1312 3143 Beatus
1340 3093 1412 3141 vir
1437 3089 1518 3142 cui
1543 3106 1640 3142 non
1662 3091 1921 3158 imputavit

345 3179 591 3234 Dominus
632 3191 911 3250 peccatum,
945 3197 1102 3248 neque
1129 3189 1202 3234 est
1236 3181 1289 3234 in
1319 3197 1405 3234 ore
1432 3181 1540 3250 ejus
1567 3181 1712 3234 dolus
1744 3181 1917 3254 (Psal.

341 3287 489 3336 xxxt,
529 3271 628 3340 2)?
656 3271 958 3326 Conﬁtetur
984 3273 1125 3326 enim
1153 3272 1310 3326 etiam
1358 3285 1569 3342 peccata
1614 3273 1877 3342 justorum
1904 3315 1918 3338 ,

341 3363 510 3433 magis
539 3377 632 3417 eos
659 3377 906 3417 asserens
935 3364 985 3416 in
1014 3363 1106 3416 Dei
1138 3363 1502 3418 misericordia
1529 3379 1676 3432 spem
1702 3379 1918 3432 ponere,

337 3471 499 3526 quam
529 3455 597 3510 de
630 3454 834 3524 justitia
876 3469 968 3508 sua
1003 3457 1164 3510 ﬁdere
1195 3475 1207 3509 :
1238 3465 1290 3509 et
1327 3455 1450 3510 ideo
1491 3471 1598 3510 non
1640 3464 1720 3510 est
1751 3457 1800 3510 in
1829 3471 1922 3512 ore

341 3547 460 3614 ejus
487 3545 671 3612 dolus,
705 3547 812 3600 imo
841 3547 892 3601 in
922 3563 1014 3600 ore
1043 3547 1252 3600 illorum
1283 3548 1546 3611 omnium,
1588 3549 1777 3617 quibus
1820 3547 1921 3601 ltu-

337 3637 428 3708 jus
451 3638 657 3690 veracis
699 3636 1012 3691 humilitatis
1047 3639 1128 3691 vel
1179 3637 1392 3691 humilis
1421 3640 1660 3693 veritatis
1679 3638 1924 3710 perhibet

341 3731 727 3784 testimonium.
774 3729 870 3796 Qui
914 3731 1068 3783 dolus
1096 3731 1328 3784 abundat
1371 3731 1421 3784 iu
1467 3745 1562 3786 ore
1593 3741 1786 3786 vestro.
1823 3730 1918 3788 Ubi

337 3821 486 3874 enim
515 3821 681 3874 virtus
709 3835 814 3874 non
844 3829 945 3884 est,
972 3832 1025 3874 et
1053 3829 1192 3873 tanta
1219 3821 1469 3890 jactantia
1500 3831 1601 3884 est,
1628 3823 1922 3892 hypocrisis

335 3923 420 3966 est
441 3931 454 3966 :
476 3923 530 3966 et
554 3913 638 3966 tibi
663 3913 978 3984 hypocrisis,
1010 3913 1190 3982 utique
1212 3913 1386 3968 dolus.
1411 3913 1638 3968 Prorsus
1663 3924 1918 3984 quantum

339 4003 511 4056 sancti
556 4003 624 4058 de
675 4002 1037 4058 misericordia
1071 4003 1162 4056 Dei
1193 4019 1310 4072 quae
1341 4018 1526 4073 magna
1573 4015 1673 4068 ρει,
1718 4013 1918 4057 tantum

339 4107 438 4145 vos
475 4092 541 4144 de
581 4101 751 4145 vestra
789 4108 906 4159 qua:
937 4093 1074 4144 nulla
1104 4101 1186 4146 est
1213 4093 1404 4146 virtute
1450 4093 1774 4160 prtrsumitis
1814 4111 1826 4145 :
1869 4103 1922 4147 et

339 4191 596 4252 quantum
627 4183 721 4250 ipsi
753 4182 1006 4236 adversus
1033 4183 1334 4258 ingenerata
1361 4183 1482 4237 vitia
1505 4183 1698 4237 bellum
1730 4193 1922 4252 gerunt

339 4271 505 4340 adjuti
559 4287 654 4342 per
701 4273 790 4325 Dei
831 4274 1074 4342 gratiam,
1125 4281 1324 4326 tanttun
1375 4289 1468 4326 vos
1511 4273 1702 4327 bellum
1738 4275 1922 4342 geritis

337 4364 598 4418 adversns
629 4365 794 4432 ipsum
841 4365 930 4418 Dei
973 4365 1219 4434 gratiam.
1249 4365 1352 4420 Sed
1399 4367 1594 4419 utinam
1639 4365 1772 4420 sicut
1829 4383 1920 4420 vos

337 4456 505 4509 vincit
551 4455 602 4510 in
653 4457 790 4520 suis;
833 4457 900 4511 ita
950 4473 1075 4511 suos
1119 4457 1350 4522 iaciens,
1385 4473 1478 4514 vos
1522 4475 1730 4529 quoque
1779 4459 1920 4530 ipsos

338 4545 518 4600 vincat
547 4547 598 4598 in
631 4547 797 4600 vobis.

415 4637 502 4690 30.
535 4637 676 4690 itane
706 4639 756 4690 in
789 4637 948 4691 corde
975 4647 1152 4691 vestro
1179 4639 1354 4694 dicere
1379 4641 1607 4704 audetis,
1636 4643 1773 4711 quod
1796 4657 1918 4697 cum

337 4742 438 4780 vos
467 4727 720 4790 audiunt,
741 4725 1102 4782 accenduntur
1129 4729 1372 4786 homines
1397 4731 1462 4785 ad
1493 4733 1761 4795 virtutem.
1790 4748 1914 4788 cum

337 4825 521 4869 autem
551 4818 680 4872 istos
711 4818 930 4870 attdiunt
954 4826 1130 4872 tantos
1146 4835 1208 4874 ac
1231 4821 1362 4877 tales
1387 4822 1550 4889 viros,
1573 4821 1918 4894 Cyprianum,

337 4907 622 4970 Hilarium,
646 4907 982 4976 Gregorium,
1013 4909 1372 4974 Ambrosium,
1397 4923 1724 4983 cmterosque
1745 4930 1924 4970 sacer-

339 4997 494 5053 dotes
515 4999 744 5060 Domini,
766 4999 1143 5068 desperatione
1173 4999 1503 5071 franguntur,
1533 5021 1596 5060 ac
1618 5009 1922 5062 renuntiant

337 5091 533 5144 studiis
563 5091 934 5158 perfectionis?
978 5092 1222 5148 llmccine
1261 5108 1494 5150 monstra
1538 5099 1922 5166 cogitationum

337 5180 639 5234 ascendunt
685 5183 736 5234 in
781 5199 875 5235 eor
916 5193 1174 5249 vestrum,
1206 5193 1260 5240 et
1298 5201 1400 5240 non
1441 5189 1646 5244 elidunt
1691 5191 1919 5248 frontem

335 5273 612 5325 vestram?
649 5273 860 5342 Ergone
887 5291 980 5328 vos
1011 5276 1284 5332 honoratis
1314 5291 1525 5336 sanctos
1551 5285 1665 5346 Dei,
1693 5285 1923 5339 Patriar-

335 5363 486 5422 alias.
517 5363 831 5433 Prophetas,
863 5371 900 5418 Α
913 5369 1147 5435 poslolos
1175 5369 1330 5424 laude
1359 5383 1590 5438 naturae,
1623 5383 1676 5428 et
1702 5374 1919 5432 decolo-

337 5461 466 5507 rant
497 5469 592 5508 eos
633 5455 728 5508 ista
761 5457 956 5510 lumina
993 5459 1242 5514 licclesire
1271 5461 1654 5530 vituperatmne
1681 5475 1920 5528 natnrze;

337 5541 466 5610 quia
494 5557 588 5597 eos
617 5543 801 5598 dicunt
839 5547 892 5599 in
925 5564 1149 5616 corpore
1177 5553 1362 5606 mortis
1393 5553 1566 5622 hujus,
1598 5563 1654 5608 ut
1681 5565 1924 5612 tenerent

405 5719 430 5750 ι
459 5719 532 5766 sic
555 5727 658 5768 Mss.
695 5729 746 5770 At
774 5724 907 5780 editi,
936 5723 1090 5774 ritum.

1688 331 1886 389 [ABER
1923 335 2302 392 SECUNDUS.

3513 353 3610 410 υω

2033 447 2292 502 castitatis
2319 449 2540 514 bonum,
2566 449 2850 508 dimicasse
2873 461 3056 508 contra
3085 453 3375 526 ingenitum
3411 472 3608 515 concu-

2033 536 2304 604 piscentia:
2329 537 2550 606 malum,
2581 555 2676 609 per
2697 542 2786 596 Dei
2807 543 3030 611 grauiam
3056 545 3198 613 prius
3221 543 3613 604 conﬂictatione

2030 627 2374 697 vincendum,
2407 641 2586 701 postea
2635 633 2918 688 novissima
2965 637 3368 706 regeneratione
3409 652 3608 694 sanan-

2031 717 2196 773 dum?
2220 717 2300 774 Tu
2332 721 2579 792 intelligis
2603 719 2842 776 Judteum
2866 741 2972 778 esse
2989 727 3078 792 qui
3094 725 3216 778 dicit
3233 768 3246 789 ,
3279 745 3299 779 ι
3328 725 3450 781 Non
3476 729 3608 783 enim

2029 809 2166 876 quod
2205 809 2318 864 volo
2348 809 2555 878 bonum,
2595 813 2690 865 hoc
2719 829 2815 883 ago
2837 829 2856 867 :
2885 832 2904 865 ι
2941 825 2993 868 et
3029 814 3130 870 hoc
3176 815 3429 884 praeclaro
3458 818 3610 874 intel-

2031 896 2188 964 lectu,
2225 916 2314 954 nec
2343 903 2728 956 conversationis
2766 904 2937 958 sordes
2973 905 3024 958 in
3054 915 3247 960 natura:
3275 907 3504 978 refundis
3525 909 3608 962 iu-

2031 989 2239 1054 vidiam;
2268 1007 2355 1045 nec
2392 1009 2564 1046 earnm
2593 995 2914 1048 obscenitates
2941 997 3297 1066 Apostolorum
3327 1009 3374 1053 et
3404 1013 3603 1056 sancto-

2028 1095 2144 1132 rum
2183 1082 2408 1134 omnium
2450 1081 2729 1138 consolaris
2763 1085 2963 1155 injuriis
2985 1101 3004 1140 :
3027 1095 3084 1140 et
3105 1088 3218 1142 lucc
3241 1089 3376 1142 mala
3407 1105 3524 1160 quae
3555 1099 3609 1146 tu

2028 1184 2135 1224 non
2167 1168 2312 1231 iacis.
2336 1169 2562 1226 iaciebat
2583 1173 2894 1228 Ambrosius
2911 1191 3027 1228 cum
3056 1177 3269 1246 collegis
3295 1178 3403 1232 suis
3423 1179 3606 1236 eadem

2029 1261 2402 1326 sentientibus,
2425 1262 2513 1332 qui
2541 1263 2753 1318 beatum
2781 1267 3090 1333 ApuSlOlum
3113 1267 3180 1320 de
3200 1283 3258 1324 se
3281 1270 3394 1338 ipso
3413 1273 3610 1326 dixisse

2029 1353 2306 1423 intelligit,
2337 1351 2456 1408 Non
2481 1355 2616 1424 quod
2646 1355 2757 1408 volo
2789 1356 2920 1426 facio
2959 1358 3183 1424 bonum;
3208 1361 3298 1413 sed
3329 1361 3464 1430 quod
3493 1365 3610 1416 nolo

2029 1445 2256 1511 malum,
2305 1445 2398 1498 hoc
2427 1461 2558 1516 ago;
2583 1455 2656 1512 ct,
2711 1445 2864 1500 Video
2905 1447 3058 1501 aliam
3099 1449 3255 1520 legem
3297 1451 3348 1504 in
3379 1453 3610 1506 membris

2027 1535 2181 1600 meis,
2205 1545 2566 1604 repugnantem
2589 1537 2688 1607 legi
2709 1538 2886 1590 mentis
2913 1553 3034 1590 ntere
3061 1539 3237 1609 (llam.
3261 1556 3354 1602 vn.
3381 1541 3467 1608 l9,
3485 1542 3604 1612 23);

2025 1637 2081 1682 et
2109 1637 2300 1681 cetera
2332 1625 2671 1698 hujustuodi?
2701 1628 2788 1681 lsti
2817 1643 2946 1698 ergo
2975 1631 3143 1682 sancti
3173 1630 3296 1684 talia
3325 1633 3565 1688 docendo
3587 1673 3602 1698 ,

2027 1716 2330 1784 su/I'cdiunt,
2366 1718 2503 1772 sicut
2531 1719 2658 1772 mihi
2697 1718 2904 1787 obiicis,
2944 1735 3140 1772 murum
3181 1721 3412 1790 pudoris,
3449 1731 3498 1776 et
3523 1739 3609 1778 vos

2027 1811 2088 1862 ob
2131 1809 2450 1880 perfectionis
2477 1809 2882 1880 praedicationem
2910 1811 3140 1882 patimini
3181 1812 3420 1866 invidiam
3443 1813 3470 1867 7
3503 1813 3609 1869 Sed

2027 1908 2108 1965 te,
2155 1907 2214 1953 ut
2239 1900 2450 1962 scribis,
2485 1900 2760 1968 plurimum
2801 1901 3108 1966 consolaris,
3155 1903 3395 1974 quoniam
3441 1904 3607 1958 laudis

2024 2005 2182 2058 genus
2221 1999 2314 2052 est,
2353 1991 2398 2043 ei
2437 1989 2754 2060 displicuisse
2777 1991 2861 2060 qui
2883 1992 3138 2062 Apostolis
3165 2010 3266 2048 non
3288 1995 3526 2064 pepercit.
3549 1995 3606 2050 Si

2026 2093 2128 2149 ego
2163 2077 2440 2148 Apestolis
2467 2079 2698 2136 dicendo
2727 2081 2852 2136 talia
2892 2099 2994 2134 non
3042 2085 3290 2152 peperci;
3329 2099 3457 2155 ergo
3507 2101 3608 2140 nec

2028 2170 2338 2226 Ambrosius
2379 2171 2616 2240 pepercit
2660 2173 2952 2240 Apostolis,
3006 2189 3105 2230 nec
3155 2175 3456 2246 coepiscopi
3487 2177 3605 2247 ejus

2027 2262 2213 2316 eadem
2257 2269 2568 2318 sentientes.
2598 2263 2652 2318 Si
2683 2273 2860 2319 autem
2893 2265 2966 2318 illi
3009 2275 3064 2320 et
3101 2283 3164 2320 ex
3205 2269 3476 2336 Apostolis
3506 2271 3602 2322 ista

2025 2354 2345 2418 didicerunt,
2375 2364 2430 2410 et
2465 2355 2758 2410 secundum
2803 2358 3088 2425 Apostolos
3133 2361 3232 2413 ista
3257 2359 3554 2416 docuerunt
3585 2403 3600 2424 ,

2025 2443 2154 2514 quid
2196 2459 2282 2500 me
2326 2461 2487 2499 untun
2531 2447 2780 2514 appetis?
2827 2447 2976 2515 Ipsos
3021 2449 3222 2518 astrice,
3265 2451 3409 2522 ipsos
3443 2453 3604 2506 etiam

2026 2544 2185 2604 atque
2229 2537 2388 2590 etiam
2431 2537 2676 2606 deposito
2713 2538 2979 2608 paulisper
3030 2549 3240 2596 tumore
3277 2544 3500 2599 cervicis
3525 2545 3608 2598 in-

2025 2635 2196 2681 tuere.
2227 2627 2374 2682 ltane
2411 2627 2646 2694 tandem,
2675 2629 2886 2697 juvenis
2913 2631 3384 2700 conﬁdentissime,
3413 2648 3606 2690 conso-

2025 2717 2124 2771 lari
2153 2723 2206 2770 te
2229 2716 2423 2782 debes,
2451 2718 2576 2786 quia
2601 2718 2796 2772 talibus
2815 2719 3088 2788 displices,
3114 2736 3182 2774 an
3211 2721 3430 2790 lugere?

2097 2804 2322 2861 CAPUT
2361 2805 2452 2860 IX.
2479 2835 2552 2846 --
2581 2807 2668 2861 51.
2697 2805 2804 2861 Sed
2824 2807 2932 2876 jam
2959 2807 3084 2875 quid
3109 2809 3374 2878 egerimus
3401 2827 3496 2880 per
3527 2821 3607 2866 to-

2027 2905 2138 2950 tttm
2166 2897 2322 2950 istum
2348 2896 2559 2960 librum,
2585 2897 2636 2949 in
2664 2911 2929 2952 summam
2953 2898 3092 2952 sicut
3115 2911 3396 2967 possumus
3431 2899 3606 2956 brevi-

2027 2995 2110 3041 ter
2143 2987 2472 3056 colligamus.
2525 2986 2902 3056 Pl‘OpOStlimtls
2951 2987 3036 3040 hic
3085 2987 3417 3044 auctoritatis
3459 2989 3600 3046 mole

2027 3087 2356 3140 sanctorum,
2389 3078 2476 3144 qui
2505 3077 2738 3145 episcopi
2776 3087 2902 3130 ante
2937 3091 3069 3144 nos,
3111 3093 3219 3132 non
3265 3079 3442 3134 solum
3490 3094 3605 3136 ser-

2027 3183 2216 3230 mone,
2248 3183 2368 3222 cum
2397 3169 2482 3222 hic
2512 3169 2768 3230 viverent,
2813 3182 3000 3222 verum
3029 3169 3192 3223 etiam
3221 3169 3458 3238 scriptis,
3483 3186 3602 3240 qua:

2029 3259 2324 3328 posteritati
2375 3258 2774 3329 relinquerent,
2820 3258 2980 3314 ﬁdem
3036 3259 3349 3316 catholicam
3389 3273 3604 3318 strenue

2025 3349 2406 3411 defenderunt;
2451 3358 2624 3404 vestra
2666 3357 2974 3418 argumenta
3025 3350 3380 3420 confringere,
3409 3352 3604 3422 quibus

2026 3438 2202 3494 dicitis
2233 3455 2248 3491 :
2281 3438 2342 3493 Si
2371 3437 2510 3492 Deus
2535 3437 2760 3492 homines
2792 3447 2948 3502 creat,
2977 3455 3080 3492 non
3116 3450 3324 3510 possunt
3350 3457 3466 3495 cum
3499 3441 3602 3498 ali-

2025 3547 2124 3600 quo
2147 3531 2283 3584 malo
2303 3531 2462 3584 nasci.
2495 3529 2558 3586 Si
2579 3531 2768 3602 nuptiae
2787 3529 2976 3584 bonum
2997 3543 3136 3596 sunt,
3168 3533 3296 3588 nihil
3323 3549 3386 3588 ea:
3408 3535 3482 3590 eis
3499 3537 3602 3590 ori-

2025 3631 2110 3676 tur
2133 3622 2273 3675 ntali.
2297 3620 2360 3676 Si
2381 3621 2434 3674 in
2463 3621 2775 3690 Baptismate
2814 3631 3020 3691 peccata
3041 3625 3212 3678 omnia
3237 3626 3558 3682 remittuntur
3585 3669 3600 3690 ,

2027 3729 2126 3766 non
2153 3721 2360 3784 possunt
2387 3713 2494 3766 nati
2521 3711 2585 3766 de
2621 3712 2808 3786 renatis
2833 3713 3030 3766 trahere
3053 3715 3298 3784 originale
3321 3727 3596 3786 peccatum.

2027 3803 2090 3857 Si
2104 3803 2278 3873 justus
2313 3811 2384 3856 est
2421 3801 2591 3868 Deus,
2619 3819 2718 3856 non
2747 3812 2902 3873 potest
2950 3803 3004 3856 in
3043 3803 3163 3872 ﬁliis
3206 3814 3468 3874 parentum
3501 3807 3601 3860 da-

2027 3911 2203 3950 mnare
2226 3906 2451 3966 peccata,
2474 3912 2588 3949 cum
2607 3895 2732 3966 ipsis
2745 3895 3031 3966 parentibus
3051 3896 3270 3950 dimittat
3297 3905 3344 3950 et
3368 3897 3598 3967 propria.

2027 3987 2088 4042 Si
2115 3990 2350 4060 perfecta!
2374 3988 2590 4060 justitiat
2621 4003 2787 4058 capax
2822 3997 2896 4042 est
2928 3987 3150 4042 humana
3176 3997 3390 4054 natura,
3421 3989 3602 4045 habere

2026 4095 2126 4132 non
2170 4087 2329 4148 potest
2378 4080 2498 4132 uitia
2535 4081 2808 4132 naturalia.
2849 4079 2930 4134 Ad
2980 4080 3093 4135 hanc
3135 4095 3234 4135 nos
3273 4080 3520 4147 dicimus,
3549 4093 3604 4138 et

2027 4171 2192 4225 Deum
2217 4185 2337 4225 esse
2365 4169 2636 4223 hominum
2675 4177 2994 4237 creatorem,
3027 4170 3128 4224 hoc
3155 4179 3266 4236 est,
3311 4181 3366 4226 et
3409 4172 3601 4226 anima:

2023 4272 2078 4316 et
2107 4263 2376 4330 corporis;
2405 4269 2459 4315 et
2493 4261 2690 4315 bonttm
2717 4275 2836 4315 esse
2861 4261 3100 4329 nuptias;
3125 4270 3180 4316 et
3209 4275 3304 4330 per
3331 4261 3600 4330 Baptisma

2023 4352 2222 4408 Christi
2248 4353 2424 4408 omnia
2455 4362 2670 4421 peccata
2697 4349 2928 4418 dimitti;
2954 4360 3010 4406 et
3030 4353 3230 4422 justum
3249 4367 3372 4410 esse
3399 4354 3596 4422 Deum;

2025 4455 2079 4500 et
2107 4445 2354 4513 perlecta:
2374 4443 2592 4512 justitite
2611 4457 2860 4512 capacem
2883 4443 3168 4498 humanam
3186 4459 3306 4498 esse
3322 4453 3562 4502 naturam
3583 4467 3598 4502 -.

2025 4547 2078 4591 et
2105 4546 2284 4592 tamen
2327 4549 2448 4591 cum
2489 4534 2602 4588 haec
2629 4535 2808 4588 omnia
2838 4549 2960 4588 vera
2991 4535 3120 4600 sint,
3149 4535 3410 4590 obnoxios
3453 4539 3599 4594 nasci

2027 4627 2270 4681 homines
2307 4626 2498 4696 origini
2545 4625 2780 4690 vitiatae,
2827 4641 2946 4696 qua:
2995 4626 3222 4680 trahitur
3272 4644 3334 4682 ea
3387 4629 3602 4683 homine

2029 4721 2234 4789 primo;
2261 4729 2314 4772 et
2339 4717 2462 4774 ideo
2491 4719 2566 4772 ire
2595 4723 2646 4772 in
2669 4718 3087 4783 damnationem,
3133 4721 3231 4774 nisi
3259 4729 3604 4776 renascantur

2027 4826 2080 4866 tn
2110 4810 2342 4864 Christo.
2377 4809 2488 4864 [loc
2511 4818 2686 4864 autem
2717 4811 3056 4878 probavimus
3083 4811 3464 4866 catholicorum
3505 4827 3602 4868 au—

2023 4904 2270 4958 ctoritate
2309 4911 2634 4967 sanctorum,
2667 4903 2756 4972 qui
2789 4911 2844 4956 et
2893 4903 2994 4957 hoc
3035 4911 3307 4966 asserunt,
3351 4901 3494 4972 quod
3535 4905 3604 4960 de

2022 4994 2265 5064 originali
2315 5003 2534 5062 peccato
2561 4993 2806 5058 dicimus,
2837 5003 2894 5049 et
2928 4993 3016 5046 illa
3046 4995 3274 5062 quinque
3319 5008 3440 5049 esse
3475 5009 3604 5050 vera

2025 5085 2201 5141 omnia
2232 5085 2570 5138 conﬁtentur.
2617 5087 2694 5138 Ac
2727 5099 2823 5153 per
2861 5083 2962 5138 hoc
2995 5101 3097 5137 non
3138 5093 3222 5138 est
3267 5099 3603 5155 consequens

2027 5185 2086 5230 ut
2125 5175 2226 5229 hoc
2269 5173 2460 5229 falsum
2491 5174 2578 5239 sit,
2609 5174 2732 5244 quia
2765 5187 2890 5229 vera
2919 5182 3042 5228 sunt
3075 5175 3183 5228 illa.
3227 5173 3382 5230 Tales
3404 5176 3602 5246 quippe

2027 5283 2090 5321 ae
2115 5267 2244 5320 tanti
2273 5267 2370 5319 viri
2396 5264 2688 5320 secundum
2717 5263 3034 5319 catholicam
3059 5263 3218 5320 ﬁdem
3239 5307 3252 5330 ,
3297 5281 3416 5336 qua)
3460 5267 3604 5322 anti-

2027 5360 2206 5428 quitus
2233 5366 2346 5412 toto
2372 5356 2502 5412 orbe
2523 5353 2868 5422 diffunditur,
2896 5365 2952 5410 et
2979 5355 3104 5422 hoc,
3141 5365 3196 5411 et
3229 5357 3316 5412 illa
3340 5373 3464 5412 vera
3485 5371 3608 5413 esse

2027 5449 2380 5514 conﬁrmant;
2413 5455 2472 5501 ut
2495 5456 2670 5501 vestra
2691 5445 2914 5517 fragilis,
2943 5457 2998 5502 et
3020 5449 3171 5516 quasi
3191 5449 3432 5519 argutula
3455 5453 3606 5504 novi.

2027 5551 2112 5598 tas
2137 5541 2250 5597 sola
2278 5539 2594 5594 auctoritate
2613 5549 2922 5593 conteratur
2945 5539 3156 5593 illorum
3202 5557 3218 5595 :
3249 5550 3602 5612 praeterquam

2030 5633 2170 5702 quod
2191 5647 2255 5688 ea
2275 5631 2477 5696 dicunt,
2511 5637 2570 5684 ut
2595 5645 2654 5685 se
2677 5645 2772 5701 per
2797 5647 2890 5684 eos
2911 5630 3054 5701 loqui
3083 5633 3276 5686 veritas
3303 5633 3412 5701 ipsa
3445 5643 3600 5686 teste-

2037 5737 2140 5780 tur.
2184 5723 2290 5782 Sed
2331 5737 2469 5776 nunc
2505 5723 2820 5778 auctoritate
2849 5725 3088 5792 primitus
3109 5739 3290 5780 eorum
3323 5735 3492 5779 vestra
3525 5735 3604 5776 est.
