4038 6182
464 348 566 404 695

465 557 762 623 repercussi
785 596 800 619 ,
827 564 880 608 et
909 555 1134 624 quodam
1171 556 1329 610 modo
1363 558 1604 622 sauciati,
1633 557 1756 612 dum
1787 557 1921 613 tales
1946 559 2038 612 ho-

465 645 635 698 mines
665 645 753 699 Dei
797 645 874 699 sic
913 644 966 699 in
1004 644 1106 700 lide
1145 645 1405 702 catholica
1445 662 1627 702 errare
1664 649 1896 716 potuisse
1932 665 2036 703 non

461 733 697 798 creditis,
723 743 779 788 ut
807 733 1001 805 aliquid
1041 735 1300 800 dicerent,
1340 735 1479 792 unde
1505 749 1648 792 eSset
1667 751 1998 809 consequens
2021 781 2039 804 ,

465 825 627 878 Deum
675 839 778 878 non
818 840 938 880 esse
982 825 1256 882 hominum
1295 839 1618 896 creatorem,
1665 831 1876 900 nuptias
1917 845 2039 886 esse

459 915 808 980 damnandus,
857 918 910 972 in
952 918 1222 988 Baptism
1257 933 1362 974 non
1403 920 1641 975 omnium
1673 921 2038 978 remissionem

459 1007 576 1062 fieri
604 1018 980 1078 peccatorum,
1012 1010 1176 1064 Deum
1210 1025 1330 1066 esse
1359 1011 1635 1081 injustum,
1665 1011 1861 1065 nullam
1890 1025 2038 1082 spem

461 1100 613 1156 nobis
637 1101 959 1156 remansisse
986 1101 1198 1156 virtutis
1224 1101 1578 1172 perficierrdm,
1603 1117 1723 1172 qua:
1751 1103 1926 1156 omnia
1957 1101 2044 1157 vel

459 1191 659 1262 aliquid
683 1207 866 1246 eorum
894 1191 1044 1246 nefas
1068 1201 1150 1246 est
1173 1193 1378 1261 opinari
1411 1209 1424 1245 :
1453 1207 1613 1246 ausus
1641 1191 1934 1268 prmcipites
1961 1207 2045 1246 re-

461 1285 716 1350 l'renetis,
761 1294 816 1339 ct
863 1293 1112 1354 tanquam
1149 1301 1218 1338 ex
1260 1283 1436 1340 furore
1480 1283 1885 1354 resipiscentes,
1913 1283 2044 1342 inci-

458 1376 618 1446 piatis
657 1376 707 1430 in
746 1391 849 1446 qua
881 1375 1064 1429 nutriti
1096 1376 1226 1431 estis
1250 1415 1264 1438 ,
1297 1374 1536 1430 recolere
1577 1381 1633 1429 et
1668 1373 1946 1428 advertere
1990 1381 2046 1428 et

459 1482 734 1521 resumere
764 1467 1060 1520 veritatem.

527 1578 620 1634 3'2.
661 1579 790 1632 Dicit
819 1578 1003 1634 beatus
1027 1579 1363 1646 Ambrosius,
1384 1593 1544 1633 unum
1573 1577 1746 1633 solum
1775 1576 2042 1632 hominem

459 1670 806 1725 niediatorem
857 1669 947 1724 Dei
977 1679 1030 1724 et
1057 1667 1360 1730 hominum.
1391 1685 1456 1724 eo
1483 1668 1626 1738 quod
1666 1669 1734 1722 sit
1777 1677 1930 1722 natus
1971 1683 2038 1721 ex

455 1763 660 1832 virgine
678 1803 690 1822 .
726 1778 825 1828 nec
854 1763 1081 1816 sense-rit
1108 1761 1376 1816 nascendo
1403 1773 1677 1832 peccatum
1699 1805 1711 1827 ,
1737 1763 2042 1832 generatio-

458 1853 542 1908 nis
571 1853 814 1907 obnoxia:
841 1854 1064 1908 vinculis
1090 1870 1194 1908 non
1229 1853 1414 1910 teneri.
1444 1853 1644 1910 Omnes
1667 1863 1843 1910 autem
1866 1853 2044 1908 homi-

458 1959 552 1998 nes
577 1945 676 1997 sub
701 1953 920 2011 peccato
941 1944 1084 1998 nasci
1104 1985 1116 2008 ,
1143 1959 1369 2013 quarunt
1391 1943 1504 2015 ipse
1531 1952 1682 1998 ortus
1703 1944 1754 1998 in
1776 1943 1904 1998 vitio
1922 1951 2006 1998 est
2027 1935 2043 1996 ε’

459 2034 582 2104 quia
605 2033 1047 2102 concupiscentiae
1075 2035 1342 2104 voluptate
1362 2034 1618 2097 concreti,
1645 2035 1788 2103 prius
1804 2033 2044 2089 subirent

453 2127 697 2198 contagia
735 2127 1082 2194 delictorum,
1111 2141 1267 2196 quam
1302 2127 1510 2180 vitalem
1541 2125 1610 2181 de
1637 2126 1740 2181 hoc
1776 2141 1901 2181 aere
1927 2125 2040 2196 spi-

457 2217 619 2271 ritum
647 2217 923 2272 ducerent.
956 2218 1234 2288 lpsamque
1277 2217 1762 2287 concupiscentiam
1794 2227 2042 2288 tanquam

457 2310 627 2380 legem
671 2310 870 2378 peccati
896 2309 949 2364 in
975 2325 1199 2378 corpore
1238 2311 1426 2364 mortis
1467 2308 1665 2378 hujus,
1703 2308 1804 2379 legi
1852 2310 2044 2364 mentis

460 2415 631 2470 usque
658 2399 793 2454 adeo
819 2414 1116 2470 repugnare
1135 2441 1151 2462 ,
1183 2408 1240 2453 ιιι
1263 2400 1522 2454 adversus
1549 2413 1666 2455 eam
1686 2438 1702 2464 .
1731 2414 1838 2454 non
1871 2399 2041 2454 solum

461 2491 783 2562 quicumque
807 2492 930 2547 boni
956 2492 1140 2548 fideles
1158 2534 1174 2558 ,
1201 2493 1293 2548 sed
1319 2492 1624 2564 apostolicae
1649 2484 1808 2548 etiam
1834 2495 2043 2551 virtutis

457 2583 764 2654 magnitudo
789 2585 1131 2653 pugnaverit,
1180 2583 1244 2638 ad
1276 2583 1379 2638 hoc
1403 2592 1458 2638 ut
1487 2600 1578 2654 per
1597 2583 1792 2642 Christi
1821 2588 2040 2656 gratiam

454 2689 584 2729 caro
624 2675 816 2728 animat
853 2673 1160 2746 subjugata,
1211 2675 1262 2729 in
1315 2675 1653 2731 concordiam
1714 2687 2038 2734 revocetur:

453 2778 679 2835 quormn
719 2763 942 2818 duorum
964 2806 979 2830 ,
1023 2779 1142 2834 qua:
1172 2763 1415 2832 primitus
1444 2764 1560 2820 sine
1608 2776 1825 2836 peccato
1863 2777 2039 2822 creata

455 2862 578 2908 sunt
596 2894 610 2916 ,
637 2867 701 2908 ex
735 2853 888 2922 primi
919 2852 1151 2908 hominis
1173 2855 1590 2923 transgressione
1617 2853 1752 2911 facta
1777 2856 2040 2914 discordia

457 2952 539 2998 est
591 2943 658 2998 Et
683 2943 800 3014 quis
831 2943 946 2997 hate
973 2943 1144 2999 dicit?
1173 2944 1344 2998 llomo
1377 2945 1466 3000 Dei
1487 2987 1503 3010 ,
1529 2945 1855 3014 catholicus,
1876 2956 1932 3002 et
1951 2963 2040 3004 ca-

456 3033 672 3090 tholica:
702 3034 938 3090 veritatis
959 3034 1215 3090 adversus
1241 3034 1519 3090 haereticos
1541 3051 1705 3107 usque
1729 3037 1796 3092 ad
1828 3039 2038 3108 pericu.

457 3125 566 3180 lum
613 3125 886 3194 sanguinis
925 3123 1176 3179 defensor
1208 3126 1532 3192 acerrimus,
1575 3126 1652 3180 sic
1693 3126 1766 3181 tui
1808 3127 2043 3186 doctoris

454 3215 762 3272 testimonio
805 3215 1147 3286 praedicatus,
1178 3224 1236 3270 ut
1269 3215 1557 3282 diceretur,
1583 3215 1726 3286 quod
1754 3217 1862 3288 ejus
1886 3218 2038 3288 ﬁdem

450 3315 498 3360 cl
525 3307 578 3360 in
605 3306 886 3376 Scripturis
917 3305 1238 3374 purissimum
1275 3321 1477 3360 sensum
1497 3322 1560 3359 ne
1581 3307 1814 3362 inimicus
1839 3308 2040 3379 quidem

451 3415 607 3453 ausus
635 3407 706 3452 est
735 3399 1116 3470 reprehendere.
1149 3398 1248 3466 Qui
1289 3407 1584 3453 creatorem
1619 3399 1783 3454 Deum
1815 3416 1920 3456 non
1945 3416 2036 3456 so-

453 3491 562 3546 lum
583 3491 901 3555 animarum,
920 3506 1102 3545 verum
1127 3491 1288 3545 etiam
1315 3506 1619 3561 corporum,
1642 3491 1897 3550 adversus
1919 3494 2039 3550 Pla-

453 3583 747 3637 tonicorum
792 3581 1225 3652 philosophorum
1267 3583 1601 3639 a~severavit
1631 3599 1892 3641 errorem.
1935 3586 2036 3656 Qui

454 3675 755 3744 nuptiarum
777 3675 973 3729 bonum
995 3685 1046 3729 et
1064 3689 1222 3729 causa
1241 3675 1562 3745 prepagandi
1588 3677 1802 3745 generis
1821 3675 2035 3734 humani

449 3765 702 3822 divinitus
747 3767 1074 3832 institutum,
1119 3773 1174 3820 et
1207 3765 1454 3835 pudicitia
1492 3767 1770 3836 conjngali.
1799 3777 2035 3824 sanctam

445 3857 567 3926 ejus
593 3856 839 3926 copulant
882 3855 1209 3927 przedicavit.
1243 3855 1342 3922 Qui
1372 3856 1636 3910 neminem
1672 3857 1806 3912 dixit
1835 3857 2034 3928 justiti-

449 3948 564 4004 cari
591 3964 621 4002 a
667 3957 920 4018 peccato,
961 3947 1061 4002 nisi
1105 3947 1188 4001 cui
1221 3945 1416 4001 fuerint
1453 3961 1548 4016 per
1587 3948 1912 4018 Baptismum
1951 3949 2036 4004 di-

448 4041 609 4096 missa
637 4041 813 4095 omnia
843 4047 1081 4110 peccata.
1113 4038 1212 4107 Qui
1238 4039 1402 4092 coluit
1437 4038 1580 4108 juste
1616 4039 1816 4109 justum
1843 4040 2030 4096 Deum.

448 4131 550 4200 Qui
578 4131 960 4202 perfectionem
993 4129 1220 4188 hominis
1248 4130 1300 4184 in
1327 4130 1519 4185 virtute
1537 4142 1696 4202 atque
1717 4131 1920 4202 justitia
1940 4134 2034 4190 ab-

449 4227 518 4280 sit
569 4234 630 4279 ut
659 4223 912 4294 impediat
951 4223 1289 4294 desperando
1320 4242 1332 4277 :
1363 4225 1454 4280 sed
1492 4241 1608 4278 eam
1643 4235 1815 4282 tamen
1853 4224 2030 4296 perfe-

447 4319 682 4373 ctionem
712 4319 796 4374 cui
826 4319 958 4372 nihil
987 4317 1342 4388 adjiciendum
1367 4318 1458 4377 sit.
1487 4318 1536 4371 in
1568 4319 1670 4372 alia
1695 4317 1804 4372 vita
1830 4328 2030 4386 sperat,

447 4423 569 4478 qua:
615 4408 920 4477 itnplebitttr
965 4408 1354 4462 resurrectione
1409 4416 1774 4472 mortuorum;
1835 4407 1887 4462 in
1935 4406 2033 4463 hac

447 4505 624 4551 autem
651 4498 757 4549 vita
791 4496 1072 4550 humanam
1092 4498 1347 4565 justitiam
1377 4497 1428 4550 in
1451 4497 1678 4566 quadam
1704 4497 1888 4552 militia
1917 4497 2034 4554 bel-

448 4587 604 4656 loque
642 4587 943 4652 constituit,
975 4603 1078 4640 non
1109 4587 1283 4644 solum
1321 4585 1576 4641 adversus
1599 4587 1820 4642 tumulas
1859 4589 2034 4643 aerias

447 4683 764 4746 potestates,
806 4676 900 4732 sed
945 4676 1201 4731 adversus
1240 4677 1382 4746 ipsas
1433 4685 1642 4732 nmtras
1681 4678 2028 4748 cupiditates,

445 4782 546 4839 per
572 4781 705 4838 quas
733 4776 787 4822 et
825 4767 896 4821 illi
937 4768 1230 4823 exteriores
1270 4767 1467 4822 inimici
1511 4783 1609 4822 nos
1645 4767 1902 4837 dejicere,
1950 4769 2032 4824 vel

447 4867 728 4926 penetrare
770 4856 1080 4912 moliuntur.
1127 4855 1182 4910 In
1211 4855 1314 4910 hoc
1340 4856 1481 4910 bello
1511 4865 1566 4911 et
1603 4857 1769 4926 ipsam
1813 4873 2028 4913 carnem

446 4950 806 5006 adversariam
845 4963 1060 5020 gravem
1089 4948 1249 5011 dicit,
1286 4950 1438 5018 enjus
1468 4950 1646 5020 utique
1674 4959 1862 5004 natura
1894 4955 2031 5006 sicut

449 5043 692 5112 primitus
733 5041 942 5096 condita
973 5049 1084 5102 est,
1126 5040 1401 5095 nobiscum
1449 5039 1865 5101 coucordissima
1907 5056 2030 5110 per-

448 5144 715 5199 maneret,
753 5135 854 5188 nisi
881 5132 1040 5203 primi
1071 5131 1301 5186 hominis
1348 5131 1779 5200 praevaricatione
1815 5131 1990 5191 vitiata
2011 5173 2025 5197 ,

447 5239 546 5278 suo
564 5225 838 5279 nobiscum
861 5224 1114 5292 languore
1133 5221 1462 5292 conﬂigeret.
1487 5221 1542 5276 In
1568 5220 1671 5275 hoc
1687 5220 1828 5275 bello
1845 5221 1934 5276 ille
1951 5222 2031 5274 vir

452 5323 670 5368 sanctus
697 5323 878 5368 monet
918 5329 1016 5368 nos
1039 5314 1292 5371 saeculum
1339 5311 1603 5382 ell‘ugere,
1633 5320 1689 5366 et
1725 5311 1776 5365 in
1815 5327 1876 5366 ea
1906 5310 2026 5380 fuga

447 5413 642 5473 quanta
684 5405 754 5458 sit
787 5404 1103 5470 dillicultas,
1149 5403 1258 5462 imo
1313 5401 1744 5471 itnpossihilitas,
1793 5401 1891 5454 nisi
1935 5401 2026 5456 Dei

447 5494 612 5565 gratia
641 5495 947 5561 opituletur,
988 5492 1240 5547 ostendit.
1271 5491 1411 5546 Dicit
1435 5502 1640 5546 mortua
1661 5491 1874 5562 quidem
1903 5492 2032 5546 vitia

449 5600 546 5654 per
573 5582 936 5638 remissionem
967 5583 1018 5636 in
1049 5581 1370 5650 Baptismate
1399 5583 1634 5645 omnium
1666 5591 2024 5652 peccatorum,

448 5674 768 5732 sedeorum.
794 5687 888 5724 nos
913 5685 1100 5728 curare
1123 5671 1321 5728 debere
1349 5671 1576 5740 quodam
1604 5671 1775 5738 modo
1791 5673 2028 5740 sepultu-

449 5780 578 5826 ram.
604 5764 672 5827 Et
696 5763 749 5822 in
783 5761 882 5816 hoc
912 5761 1027 5831 ipso
1065 5775 1224 5830 opere
1253 5759 1412 5815 talem
1437 5760 1687 5816 describit
1728 5777 1845 5816 cunt
1889 5763 2036 5826 vitiis

1275 353 1540 409 CONTRA
1581 353 1916 410 JULLLVUM
1957 355 2412 427 PELAGIANUM,
2446 361 2503 418 S.
2545 363 2908 424 AUGUSTINI

461 467 795 521 contumacia
824 466 1241 536 comprimenda,
1257 476 1312 521 ut
1336 482 1364 521 a
1391 468 1818 540 prresumptionis
1841 469 2038 540 impetu

3619 382 3718 440 696

2150 474 2374 528 mortuis
2395 491 2488 529 nos
2512 475 2706 534 habere
2730 481 3032 538 conﬂictum
3051 527 3066 549 ,
3098 495 3153 541 ut
3183 503 3286 543 non
3315 489 3454 560 quod
3485 495 3724 556 volumus

2149 577 2396 635 agamus;
2442 569 2534 624 sed
2576 573 2716 642 quod
2765 575 2888 630 odio
2945 577 3238 645 habemus,
3285 581 3387 638 hoc
3430 585 3721 645 faciamus:

2337 657 2387 711 in
2421 660 2572 714 nobis
2600 674 2869 730 peccatum
2897 667 3050 723 nobis
3077 671 3457 730 reluctantibus
3486 683 3723 748 operari,

2151 747 2414 802 redivivas
2434 750 2743 824 plerumque
2767 770 3048 828 resurgere
3068 763 3360 833 voluptates
3387 785 3400 820 :
3426 747 3725 827 luctandum

2151 835 2304 889 nobis
2328 853 2447 893 esse
2475 841 2728 898 adversus
2753 861 2969 902 carnem
2991 889 3006 914 ,
3037 851 3292 909 adversus
3317 871 3475 926 quam
3505 859 3726 917 luctatus

2149 933 2232 979 est
2258 925 2448 1021 Paulus
2491 936 2702 1000 quando
2748 936 2990 1006 dicebat,
3055 939 3210 997 Video
3263 925 3418 1000 alium
3464 949 3624 1021 legem
3675 955 3726 1008 in

2150 1019 2383 1074 membris
2410 1023 2532 1077 meis
2559 1039 2918 1098 repugnantem
2965 1031 3062 1102 legi
3098 1037 3277 1090 utentis
3313 1055 3454 1094 utea.
3482 1019 3726 1114 Ιίτειξεὶρίι

2151 1123 2217 1162 ne
2243 1111 2386 1164 carni
2430 1123 2626 1169 nostra:
2667 1118 3024 1189 confidamus,
3070 1140 3136 1180 ne
3180 1142 3278 1182 nos
3318 1129 3366 1183 ei
3413 1111 3725 1200 credamus,

2150 1213 2272 1255 cum
2301 1202 2582 1272 Apostolus
2607 1207 2832 1276 clamet,
2864 1211 2984 1267 Scio
3019 1217 3137 1286 quia
3162 1235 3261 1272 non
3299 1221 3489 1277 Itabitat
3531 1227 3585 1280 in
3614 1245 3723 1296 me,

2149 1291 2206 1345 id
2224 1304 2328 1360 est,
2372 1295 2425 1350 in
2449 1313 2599 1352 carne
2625 1317 2756 1366 mea,
2781 1304 2963 1359 bonum
2995 1322 3015 1361 :
3051 1309 3178 1364 velle
3193 1313 3327 1366 enim
3343 1315 3545 1382 adiacet
3567 1321 3692 1374 mihi
3707 1361 3724 1388 ,

2151 1383 2390 1452 per/icere
2408 1396 2570 1441 autem
2593 1389 2776 1446 bonum
2797 1409 2898 1448 non
2923 1396 3119 1452 invenio
3143 1399 3161 1472 (
3173 1399 3324 1456 Rom.
3352 1419 3423 1458 \‘II
3443 1448 3459 1472 ,
3484 1406 3557 1462 23
3575 1449 3590 1472 ,
3615 1383 3718 1478 ιθι

2153 1473 2289 1532 Ecce
2316 1488 2564 1547 quantam
2599 1497 2698 1538 nos
2726 1500 2951 1556 pugnam
2982 1504 3102 1544 cum
3133 1496 3355 1567 mortuis
3381 1497 3579 1556 habere
3603 1473 3724 1570 pec-

2150 1566 2315 1634 catis,
2345 1569 2436 1623 ille
2473 1583 2720 1630 strenuus
2747 1576 2942 1634 Christi
2972 1581 3154 1650 miles,
3181 1595 3236 1640 et
3265 1585 3519 1644 Ecclesiae
3557 1566 3725 1648 ﬁdelis

2151 1657 2338 1714 doctor
2365 1663 2614 1746 ostendit.
2641 1667 2920 1734 Quomodo
2958 1673 3099 1726 enim
3139 1687 3414 1746 peccatum
3457 1694 3721 1739 mortuum

2151 1759 2266 1815 est,
2316 1766 2434 1806 cum
2497 1757 2659 1811 multa
2718 1767 2968 1828 operetur
3025 1763 3078 1818 in
3128 1767 3282 1824 nobis
3346 1771 3724 1833 reluctantibus

2150 1840 2346 1896 nobis?
2371 1843 2500 1910 Quae
2544 1847 2706 1902 nmlta
2731 1889 2744 1910 ,
2797 1851 2896 1905 nisi
2935 1851 3195 1909 desideria
3241 1859 3400 1914 stulta
3438 1872 3492 1917 et
3534 1867 3720 1932 noxia,

2149 1945 2268 2000 quae
2297 1935 2689 1990 consentientes
2727 1950 2972 2010 mergunt
3001 1942 3054 1997 in
3084 1943 3351 2002 interitum
3391 1961 3444 2005 et
3469 1953 3718 2022 perditio-

2150 2035 2271 2076 nem
2300 2021 2355 2093 (l
2387 2021 2520 2078 Tim.
2549 2040 2600 2078 vi
2619 2067 2634 2090 ,
2660 2025 2765 2098 9)?
2783 2044 2900 2099 quae
2927 2033 3106 2102 utique
3133 2039 3366 2106 perpeti,
3399 2021 3580 2112 eisque
3617 2061 3716 2100 non

2150 2113 2475 2206 consentire,
2505 2127 2773 2173 certamen
2805 2130 2916 2185 est,
2955 2125 3230 2182 conflictus
3268 2141 3380 2198 est,
3409 2149 3580 2206 pugna
3618 2151 3714 2194 est.

2149 2201 2386 2270 Quorum
2415 2221 2584 2277 pugtta
2607 2249 2622 2276 ,
2656 2209 2754 2265 nisi
2783 2211 2904 2267 boni
2932 2222 2986 2269 et
3010 2218 3165 2284 mali,
3194 2234 3297 2274 non
3321 2201 3522 2280 natura:
3545 2227 3718 2284 adver-

2149 2307 2239 2347 sus
2261 2303 2530 2364 naturam,
2555 2299 2648 2354 sed
2675 2311 2875 2357 natura:
2904 2305 3158 2363 adversus
3185 2311 3368 2367 vitium
3391 2357 3406 2380 ,
3431 2315 3542 2386 jam
3575 2335 3717 2375 mor-

2151 2389 2332 2451 tuum,
2363 2387 2456 2440 sed
2497 2389 2670 2446 adlmc
2693 2393 3082 2464 sepeliendum,
3103 2399 3153 2453 id
3173 2410 3275 2468 est,
3294 2405 3510 2462 omnino
3525 2423 3718 2464 sanau-

2149 2475 2317 2530 dum?
2338 2477 2615 2545 Quomodo
2631 2498 2757 2554 ergo
2785 2497 3048 2543 mortuum
3075 2490 3298 2548 dicimus
3319 2495 3420 2552 hoc
3447 2513 3716 2568 peccatum

2149 2568 2200 2622 in
2230 2569 2552 2639 Baptismate
2572 2616 2586 2640 ,
2621 2575 2757 2631 sicut
2785 2578 2944 2634 etiam
2976 2581 3074 2638 iste
3095 2584 3174 2639 vir
3193 2586 3319 2642 dicit
3337 2631 3352 2656 ,
3375 2600 3428 2644 et
3452 2596 3716 2662 quomodo

2151 2659 2390 2718 habitare
2431 2663 2484 2718 in
2523 2667 2776 2741 membris
2801 2669 3050 2740 fatemur,
3073 2683 3128 2729 ct
3155 2678 3318 2734 multa
3343 2659 3550 2750 operari
3578 2685 3718 2742 desi~

2147 2752 2293 2810 deria
2321 2756 2702 2816 reluctantibus
2730 2763 2913 2830 nobis,
2965 2767 3156 2836 quibus
3199 2786 3306 2836 non
3345 2779 3719 2834 consentiendo

2149 2847 2473 2917 resistimus,
2497 2851 2634 2906 sicut
2657 2853 2815 2912 etiam
2845 2857 2928 2911 hic
2949 2858 3032 2912 vir
3052 2859 3279 2928 fatetur;
3307 2865 3405 2920 nisi
3427 2868 3547 2936 quia
3575 2885 3719 2926 rnor-

2149 2949 2294 2996 tuum
2333 2949 2417 2996 est
2462 2943 2513 2996 in
2538 2957 2603 2998 eo
2641 2955 2789 3000 reatu
2815 2961 2920 3017 quo
2945 2963 3043 3004 nos
3080 2953 3321 3018 tenebat,
3354 2965 3404 3010 et
3437 2955 3607 3014 donec
3634 2976 3719 3016 se.

2148 3029 2370 3098 pullum
2411 3031 2735 3101 perfectione
2780 3047 3026 3106 sanetur,
3074 3041 3297 3098 rebellat
3319 3053 3375 3100 et
3411 3050 3722 3104 mortuum?

2146 3118 2399 3188 Quamvis
2415 3137 2523 3192 jam
2551 3139 2656 3178 non
2687 3139 2753 3180 eo
2783 3127 2942 3183 modo
2961 3130 3256 3200 appelletur
3283 3145 3556 3208 peccatum
3577 3179 3592 3204 ,
3619 3156 3721 3210 quo

2146 3208 2272 3266 facit
2294 3227 2474 3278 reum;
2511 3213 2602 3268 sed
2631 3217 2770 3285 quod
2797 3219 2866 3272 sit
2889 3231 3036 3275 reatu
3066 3224 3219 3292 primi
3250 3225 3482 3284 hominis
3500 3208 3716 3299 factum,

2145 3303 2366 3372 etquod
2410 3304 2718 3361 rebellando
2759 3323 2858 3364 nos
2899 3311 3106 3368 trahere
3147 3315 3330 3372 nititur
3371 3319 3436 3375 ad
3482 3331 3718 3388 reatum,

2145 3393 2244 3448 nisi
2274 3392 2488 3464 adjuvet
2515 3411 2612 3450 nos
2651 3407 2815 3467 gratia
2854 3399 2945 3456 Dei
2974 3417 3066 3472 per
3093 3403 3274 3461 .lesutn
3302 3407 3568 3465 Christum
3613 3412 3722 3467 Do-

2144 3487 2344 3542 minum
2389 3497 2660 3555 nostrum,
2713 3507 2778 3546 ne
2825 3493 2901 3547 sic
2940 3495 3097 3548 etiam
3139 3508 3404 3555 mortuum
3446 3514 3726 3572 peccatum.

2144 3577 2393 3645 rebellet,
2417 3588 2470 3632 ut
2502 3579 2760 3634 vincendo
2784 3585 3130 3640 revixisratct
3165 3599 3364 3658 regnet.

2211 3667 2438 3724 CAPUT
2471 3669 2718 3726 X.—53.
2754 3672 2810 3726 lit
2839 3672 2938 3728 hoc
2967 3675 3106 3730 bello
3135 3677 3717 3751 laborantes,quamdiu

2144 3761 2366 3816 tentatio
2392 3769 2476 3815 est
2525 3763 2626 3816 vita
2656 3762 2882 3820 lmmana
2910 3780 3071 3836 super
3113 3777 3304 3822 terram
3338 3769 3476 3843 (Job
3503 3789 3603 3837 vti,
3635 3777 3714 3846 l),

2141 3867 2247 3906 non
2286 3851 2404 3907 ideo
2439 3853 2556 3908 sine
2588 3863 2803 3923 peccato
2833 3872 2936 3909 non
2971 3871 3183 3925 sumus,
3214 3861 3335 3930 quia
3368 3863 3466 3917 hoc
3487 3865 3623 3935 quod
3653 3881 3717 3922 eo

2140 3941 2302 3996 modo
2331 3952 2600 4010 peccatum
2642 3943 2852 4008 dicitur,
2887 3955 3136 4015 operatur
3177 3949 3228 4002 iit
3266 3952 3518 4006 membris
3563 3970 3716 4024 repuo

2141 4047 2309 4103 gnans
2339 4033 2439 4104 legi
2468 4035 2688 4100 mentis,
2725 4035 2881 4090 etiam
2924 4051 3028 4091 non
3053 4038 3151 4092 sibi
3197 4039 3260 4094 ad
3293 4041 3470 4096 illicita
3495 4059 3716 4100 consen-

2143 4124 2394 4180 tientibus
2419 4124 2572 4180 nobis
2602 4128 2888 4198 (quantum
2932 4127 3072 4182 enim
3115 4127 3180 4182 ad
3228 4145 3324 4184 nos
3361 4134 3580 4199 attinet,
3605 4135 3717 4190 sine

2143 4225 2358 4284 peccato
2387 4200 2598 4286 semper
2637 4231 2904 4282 essemus,
2932 4218 3102 4273 donec
3141 4230 3418 4276 saltaretur
3463 4224 3564 4280 hoc
3603 4241 3714 4278 ma-

2141 4307 2248 4361 lttm
2271 4349 2286 4375 ,
2315 4306 2360 4362 si
2380 4305 2430 4362 ei
2457 4323 2721 4377 nunquam
2737 4309 3250 4366 consentiremusad
3281 4313 3501 4388 malum)
3519 4331 3534 4376 ;
3552 4315 3642 4371 sed
3664 4318 3713 4369 in

2141 4399 2332 4468 quibus
2356 4400 2425 4454 ab
2459 4400 2549 4454 illo
2577 4401 2899 4465 rebellante,
2930 4402 3028 4464 etsi
3064 4418 3166 4456 non
3196 4403 3481 4469 letltaliter,
3513 4406 3605 4462 sed
3637 4423 3716 4461 ve-
3749 4431 3762 4442 -

2141 4491 2370 4558 nialiter,
2413 4499 2588 4545 tamen
2631 4492 2920 4557 vincimur,
2967 4493 3017 4546 in
3054 4492 3138 4546 his
3175 4495 3538 4550 contrahimus
3582 4497 3717 4552 unde

2140 4583 2374 4652 quotidie
2462 4582 2726 4646 dicamus,
2810 4583 3015 4638 Dimitte
3084 4587 3226 4640 nobis
3314 4587 3479 4642 debita
3550 4601 3717 4642 nostra

2141 4672 2352 4744 (Matth.
2380 4689 2432 4728 γι
2453 4715 2466 4738 ,
2501 4675 2610 4743 12).
2641 4675 2790 4730 Sicut
2811 4675 3066 4746 conjuges
3089 4675 3300 4745 quando
3317 4678 3528 4732 modum
3557 4695 3717 4747 gene-

2139 4765 2328 4817 rationi
2359 4767 2724 4820 necessarium.
2736 4781 2895 4822 causa
2917 4767 3083 4821 solius
3105 4769 3389 4838 voluptatis
3421 4769 3714 4824 excedunt:

2139 4857 2273 4910 sicut
2319 4857 2682 4922 continentes,
2727 4857 2939 4927 quando
2985 4859 3035 4911 in
3085 4859 3276 4914 talibus
3316 4861 3717 4930 cogitationibus

2137 4947 2458 5020 cultraquna
2487 4948 2840 5003 delectatione
2869 4960 3226 5013 remorantur,
3260 4965 3363 5004 non
3393 4951 3606 5020 quidem
3627 4951 3719 5004 de-

2137 5049 2415 5092 Ceruentes
2457 5038 2742 5107 flagitium,
2789 5038 2882 5092 sed
2940 5040 3287 5094 intentionem
3343 5043 3568 5100 mentis.
3613 5058 3716 5096 non

2137 5129 2272 5183 sicut
2295 5137 2504 5197 oportet
2522 5169 2536 5192 ,
2570 5144 2637 5182 ne
2664 5129 2754 5182 illo
2781 5129 3008 5196 incidat,
3051 5130 3174 5184 inde
3199 5140 3498 5186 avet-tentes
3519 5172 3534 5195 ,
3557 5143 3647 5186 aut
3675 5135 3717 5186 si

2138 5219 2379 5274 inciderit
2407 5219 2528 5274 inde
2559 5219 2844 5284 rapientes.
2893 5221 2966 5274 Ite
3015 5219 3114 5275 hac
3155 5222 3269 5290 lege
3311 5223 3546 5290 peccati,
3593 5239 3712 5292 qua:

2136 5309 2241 5364 alio
2283 5309 2442 5363 modo
2489 5309 2646 5362 etiam
2689 5321 2960 5378 peceatum
3007 5321 3260 5377 vocatur,
3303 5328 3420 5379 qua:
3462 5322 3716 5382 repugnat

2137 5400 2238 5470 legi
2271 5401 2497 5465 tuentis,
2531 5399 2595 5452 de
2631 5415 2731 5468 qua
2760 5399 2926 5452 multa
2966 5401 3154 5454 beatus
3189 5401 3320 5454 dixit
3370 5403 3712 5466 Ambrosius,

2135 5499 2451 5542 attestantur
2495 5489 2654 5542 etiam
2685 5489 2881 5554 sancti,
2914 5489 3244 5560 Cyprianus,
3273 5490 3534 5558 llilarius,
3581 5491 3712 5548 Gre-

2133 5583 2341 5648 gorius,
2382 5580 2574 5648 aliique
2602 5595 2758 5650 quam
2787 5579 3016 5650 plurimi.
3046 5581 3144 5650 Qui
3187 5597 3314 5652 ergo
3339 5595 3622 5652 generatur
3661 5583 3712 5637 in

2134 5671 2324 5733 Adam,
2357 5669 2750 5738 regenerandns
2777 5671 2826 5724 in
2853 5671 3087 5737 Christo,
3138 5681 3382 5728 mortuus
3421 5672 3473 5727 in
3525 5671 3711 5734 Adam.

2137 5761 2208 5828 χχιι
2225 5761 2478 5816 iticantlus
2501 5761 2550 5815 in
2579 5761 2802 5827 Christo,
2832 5759 2948 5814 ideo
2970 5773 3185 5832 peccato
3205 5775 3284 5818 est
3301 5765 3587 5818 obstrictus
3603 5781 3701 5817 nn-
