4038 6182
327 386 433 443 697

325 499 487 571 ginis,
510 493 632 567 quia
652 491 720 547 de
741 489 880 546 malo
900 488 1153 552 nascitur,
1177 500 1281 556 quo
1310 498 1436 539 caro
1471 480 1795 550 concupiscit
1823 477 1915 532 ad-

328 604 519 648 versus
535 586 778 659 spiritum
799 600 811 650 ;
833 598 940 639 non
963 582 1030 637 de
1046 581 1207 645 bono,
1227 594 1331 649 quo
1352 576 1568 645 Spiritus
1589 571 1917 641 concupiscit

326 683 584 739 adversus
610 692 823 733 carnem
855 674 1050 747 (Colat.
1080 688 1144 737 v,
1170 668 1280 741 Π).
1299 669 1432 738 Quid
1452 682 1577 738 ergo
1606 666 1795 720 mirum
1812 672 1911 728 est,

328 778 375 831 si
394 773 601 831 renasci
619 771 778 826 debet
798 769 958 823 homo
974 783 1039 821 ex
1058 766 1147 819 illo
1178 765 1316 817 malo
1342 770 1496 815 natus
1516 802 1530 823 ,
1557 768 1740 814 contra
1775 755 1915 825 quod

335 876 536 938 pugnat
565 863 726 917 bomo
753 867 991 924 renatus,
1014 870 1119 927 quo
1136 869 1258 909 reus
1278 863 1331 908 et
1361 852 1473 920 ipse
1496 856 1783 913 teneretur,
1815 846 1916 938 nisi

331 936 660 1011 renascendo
681 946 1171 1007 liberaretur?Non
1203 952 1284 999 est
1309 943 1409 996 hoc
1440 941 1633 994 malum
1668 936 1917 992 materies

336 1051 428 1106 Dei
458 1047 689 1104 creantis
710 1086 727 1113 ,
754 1025 880 1098 sed.
904 1041 1090 1097 vulnus
1118 1036 1313 1092 diaboli
1358 1032 1599 1089 eamdem
1642 1029 1916 1084 materiem

328 1139 586 1196 vitiantis.
607 1136 719 1192 Non
742 1145 822 1190 est
844 1133 945 1187 huc
963 1130 1155 1185 malum
1174 1126 1496 1198 nuptiarum,
1516 1120 1609 1177 sed
1628 1121 1917 1190 primorum

332 1231 602 1286 hominum
634 1235 909 1298 peccatum
929 1263 945 1287 ,
978 1222 1029 1275 in
1077 1229 1319 1290 posteros
1347 1211 1725 1285 pr0pagatione
1756 1208 1917 1279 traje-

330 1332 498 1378 ctum.
525 1309 694 1375 Etiam
725 1315 878 1385 lmjus
894 1311 1017 1368 mali
1035 1321 1232 1372 reatus,
1254 1304 1591 1376 Baptismatis
1619 1300 1917 1357 sanctifica-

332 1413 475 1465 tione
498 1407 800 1463 remittitur.
830 1404 970 1458 Deus
1004 1409 1178 1455 autem
1197 1398 1395 1467 justus,
1435 1395 1480 1450 si
1502 1402 1646 1447 tanta
1673 1390 1917 1461 parvulis

330 1504 491 1567 mala,
536 1506 731 1568 quanta
758 1510 898 1551 nunc
925 1493 1104 1548 dicere
1147 1506 1251 1544 non
1281 1488 1517 1553 sufﬁcio,
1546 1485 1678 1540 nihil
1712 1481 1918 1554 peccati

330 1589 663 1645 trahentibus
681 1576 1676 1656 irrogarct,magisappareretinjustus.
1693 1572 1920 1629 iustitiae

328 1698 459 1735 vero
478 1677 710 1750 perfecta
730 1675 997 1746 capacitas
1015 1672 1246 1727 hominis
1267 1684 1371 1724 non
1398 1675 1644 1737 negatur,
1672 1665 1796 1736 quia
1821 1678 1920 1719 nec

327 1776 578 1829 vitiorum
609 1760 844 1826 omnium
871 1767 1175 1840 plenissima
1196 1764 1397 1820 sanitas
1431 1763 1531 1818 sub
1570 1758 1922 1832 omnipotenti

327 1866 542 1921 medico
568 1864 898 1932 desperatur.
942 1859 1164 1928 Propter
1186 1870 1342 1926 quam
1383 1852 1697 1909 catholicam
1723 1850 1922 1906 verita-

330 1968 439 2011 tem
483 1954 650 2009 sancti
675 1967 739 2006 ac
777 1950 914 2006 beati
937 1958 990 2003 et
1021 1948 1072 2001 in
1116 1946 1416 2001 divinorum
1440 1943 1774 2013 eloquiorum
1801 1955 1924 2011 per-

331 2045 653 2101 tractatione
692 2040 975 2097 clarissitni
1024 2035 1363 2101 sacerdotes,
1410 2033 1673 2097 lrenmus,
1706 2033 1924 2104 Cypria-

329 2152 470 2201 nus,
534 2133 800 2198 Reticius,
863 2129 1171 2202 Olympius,
1242 2125 1510 2192 Hilarius,
1574 2123 1922 2190 Ambrosius,

330 2225 660 2297 Gregorius,
708 2221 1080 2285 Innocentius,
1127 2216 1396 2281 Joannes,
1448 2214 1703 2282 Basilius,
1733 2214 1925 2284 quibus

330 2316 474 2373 addo
522 2314 923 2386 presbyterum,
971 2310 1104 2366 velis
1167 2308 1338 2374 nolis,
1405 2306 1818 2377 Hieronymum,
1868 2313 1927 2359 ut

331 2410 577 2465 omittam
608 2418 703 2460 eos
737 2403 828 2474 qui
867 2391 1105 2457 nondum
1144 2399 1514 2466 dormierunt,
1546 2397 1801 2452 adversus
1833 2410 1926 2450 vos

334 2505 614 2578 proferunt
637 2502 705 2557 de
731 2499 967 2556 omnium
991 2497 1263 2553 hominum
1290 2503 1514 2568 peccato
1558 2491 1800 2562 originali
1826 2489 1927 2545 ob-

336 2596 496 2652 noxia
536 2592 875 2650 successione
914 2588 1235 2644 sententiam
1296 2602 1311 2640 :
1366 2584 1509 2640 unde
1555 2599 1713 2638 nemo
1756 2583 1925 2646 eruit,

337 2685 440 2741 nisi
465 2698 624 2754 quem
666 2681 782 2736 sine
808 2680 925 2749 lege
970 2676 1172 2749 peccati
1217 2682 1545 2746 repugnante
1589 2671 1689 2743 legi
1732 2670 1942 2725 mentis

336 2777 489 2846 virgo
513 2773 773 2844 concepit.
1172 2842 1175 2845 ἢ

410 2869 501 2923 54.
531 2865 666 2933 Quid
703 2872 786 2919 est
837 2860 977 2932 quod
1020 2859 1283 2923 exsultas,
1336 2865 1393 2911 et
1442 2854 1569 2910 mihi
1626 2852 1775 2925 quasi
1817 2850 1929 2907 vic-

341 2966 427 3014 tor
460 2956 684 3011 insultas
708 2954 724 2985 ί
749 2994 764 3020 ,
791 2963 1029 3022 tanquam
1056 2966 1158 3003 non
1196 2949 1475 3002 invenirem
1515 2944 1637 3012 quid
1678 2948 1927 3016 facerem,

340 3064 440 3120 quo
465 3048 816 3119 confugerem,
853 3043 897 3097 si
943 3041 1181 3113 judicans
1215 3054 1465 3110 premerer
1492 3044 1766 3107 potestate,
1800 3036 1846 3088 si
1877 3035 1933 3089 in

343 3139 510 3194 medio
548 3137 861 3193 eruditorum
908 3133 1229 3187 consisterem
1264 3140 1461 3195 tecum,
1501 3128 1547 3182 si
1582 3140 1744 3194 uerat,
1772 3139 1931 3196 quam

345 3230 509 3296 dicis,
549 3227 762 3282 rationis
791 3225 911 3280 tuba
929 3264 944 3291 ,
990 3239 1021 3278 a
1052 3232 1104 3277 te
1131 3222 1336 3277 scilicet
1363 3234 1556 3290 magno
1584 3218 1818 3273 tubicine
1848 3217 1932 3272 in-

345 3319 500 3385 flata,
530 3318 574 3371 si
601 3316 891 3370 auditorum
913 3328 1057 3367 arma
1083 3310 1519 3366 circumstantium
1545 3316 1599 3364 et
1628 3307 1720 3364 tibi
1748 3307 1935 3362 faven-

349 3409 480 3463 tium
508 3404 908 3477 concreparent?
957 3403 1031 3457 Ita
1057 3402 1199 3457 enim
1247 3400 1340 3455 tibi
1388 3400 1541 3470 ponis
1582 3407 1707 3454 ante
1750 3398 1935 3454 oculos

351 3511 590 3557 nostrum
633 3499 685 3553 in
721 3496 1076 3567 disputatione
1118 3504 1418 3563 certamen,
1464 3502 1518 3547 et
1565 3501 1615 3547 te
1649 3506 1933 3561 argumen-

353 3601 497 3647 tante
516 3633 532 3658 ,
564 3606 650 3645 me
674 3589 802 3660 quid
829 3586 1184 3658 respondeam
1210 3600 1315 3640 non
1336 3584 1616 3639 habentem
1638 3625 1653 3650 ,
1684 3583 1838 3653 fingis
1878 3590 1936 3637 ut

351 3686 545 3756 placet.
576 3683 665 3738 Sic
695 3692 867 3737 tecum
897 3694 1031 3734 vana
1055 3686 1111 3734 et
1137 3679 1319 3732 insana
1342 3677 1416 3730 tui
1437 3675 1611 3732 cordis
1632 3674 1937 3745 imaginatio

350 3774 638 3840 fabulatur,
665 3773 815 3844 quasi
860 3786 947 3826 me
987 3779 1110 3823 ante
1159 3767 1469 3837 Pelagianos
1513 3765 1719 3835 judices
1763 3775 1935 3820 tecum

350 3865 674 3929 constituas,
721 3862 914 3930 quibus
956 3859 1324 3931 plaudentibus
1367 3857 1459 3911 tibi
1500 3857 1655 3910 liceat
1700 3855 1938 3910 exaltare

351 3966 602 4027 tanquam
655 3955 837 4010 tubam
870 3968 1055 4009 vocem
1100 3960 1277 4018 tuam,
1325 3959 1381 4005 et
1428 3949 1715 4019 praedicare
1754 3957 1938 4002 contra

352 4050 671 4106 catholicam
721 4047 878 4103 fidem
904 4057 958 4102 et
983 4054 1167 4100 contra
1192 4044 1417 4115 gratiam
1446 4040 1675 4106 Christi,
1706 4055 1807 4109 qua
1836 4054 1936 4107 pu-

354 4142 457 4198 silli
482 4156 602 4196 cum
644 4140 851 4210 magnis
877 4139 1168 4194 liberantur
1196 4152 1226 4190 a
1267 4135 1437 4199 malo,
1467 4147 1803 4187 communem
1848 4133 1940 4188 tibi

356 4242 408 4287 et
437 4233 544 4286 illis
575 4231 785 4286 novitiae
830 4219 987 4298 hujus
1016 4226 1303 4297 impietatis
1332 4238 1589 4280 errorem.
1620 4223 1777 4278 Tales
1799 4222 1933 4293 judi-

352 4337 444 4377 ces
469 4322 521 4376 in
550 4321 789 4376 Ecclesia
822 4320 948 4383 Dei,
993 4333 1091 4373 nec
1119 4320 1233 4371 sine
1260 4315 1568 4370 adversario
1598 4328 1661 4369 ex
1692 4322 1840 4383 parte
1864 4313 1944 4368 al-

357 4422 472 4468 tera
494 4421 668 4467 stante
710 4411 877 4480 potuit
920 4409 1159 4464 eruditor
1181 4418 1358 4464 vester
1399 4406 1642 4476 Pelagius
1686 4406 1936 4460 invenire.

357 4508 432 4562 De
456 4523 563 4578 quo
600 4507 835 4577 judicio,
884 4506 995 4575 ipse
1019 4504 1231 4575 quidem
1262 4512 1517 4574 quantum
1560 4501 1626 4556 ad
1670 4500 1947 4554 hominum

357 4607 702 4666 conspectum
747 4596 965 4659 attinet,
995 4595 1145 4650 velut
1187 4594 1496 4657 absolutus,
1541 4600 1720 4646 vestro
1768 4602 1944 4644 tamen

356 4687 531 4759 palam
556 4686 805 4741 damnato
830 4686 1078 4755 dogmate
1102 4725 1117 4749 ,
1140 4698 1387 4753 egressus
1410 4691 1510 4736 est.
1540 4681 1610 4735 At
1651 4695 1749 4750 ego
1769 4722 1783 4746 ,
1832 4680 1946 4733 ubi-

358 4793 588 4848 cumque
614 4778 688 4830 sis
707 4819 723 4843 ,
753 4778 1077 4845 ubicumque
1103 4775 1277 4844 legere
1321 4774 1418 4827 ista
1446 4772 1713 4843 potueris,
1746 4780 1795 4824 te
1823 4780 1945 4824 ante

358 4867 490 4920 istos
510 4866 717 4936 judices
746 4866 890 4919 intus
921 4864 972 4919 in
1016 4862 1177 4919 corde
1202 4872 1291 4918 tuo
1319 4866 1619 4924 constituo;
1662 4876 1796 4931 quos
1836 4875 1943 4913 non

356 4960 559 5013 amicos
586 4974 734 5012 meos
760 4967 813 5012 et
830 4958 1071 5012 inimicos
1097 4966 1216 5010 tuos
1235 4998 1249 5021 ,
1273 4953 1445 5024 aliqua
1472 4955 1523 5008 in
1547 4969 1717 5008 meam
1744 4964 1944 5023 partem

357 5049 528 5118 gratia
554 5047 983 5117 propendentes,
1028 5047 1205 5116 aliquo
1230 5046 1323 5098 abs
1351 5054 1402 5099 te
1430 5045 1621 5098 merito
1650 5055 1749 5097 tua:
1777 5042 1945 5098 offen-

358 5137 526 5192 sionis
551 5151 766 5192 aversos
787 5178 803 5200 ,
834 5148 890 5191 et
923 5137 994 5191 ub
1023 5136 1125 5190 hoc
1154 5135 1245 5190 tibi
1277 5134 1530 5189 adversus
1555 5176 1569 5199 ,
1618 5135 1669 5187 in
1701 5134 1797 5189 hac
1853 5150 1949 5187 no-

360 5237 471 5281 stra
520 5228 908 5296 disceptatione
930 5227 1181 5281 constitui
1218 5226 1539 5296 cognitores.
1580 5223 1689 5279 Nec
1724 5240 1818 5278 eos
1858 5224 1945 5294 qui

362 5336 632 5388 nunquam
660 5319 876 5373 fuerunt
900 5329 991 5373 aut
1036 5335 1140 5373 non
1173 5329 1330 5384 sunt,
1359 5327 1450 5372 aut
1470 5333 1693 5388 quorum
1726 5328 1945 5371 senten-

363 5410 446 5462 tize
474 5409 542 5464 de
574 5409 676 5463 hoc
703 5408 844 5478 quod
868 5410 1004 5463 inter
1044 5426 1139 5461 nos
1183 5408 1484 5478 disputatur
1531 5410 1745 5462 incertae
1789 5417 1943 5475 sunt,

288 5566 300 5571 _
363 5500 503 5553 inani
528 5501 848 5568 c0gitatione
872 5501 1105 5554 conlinxi
1153 5518 1165 5552 :
1213 5500 1306 5555 sed
1334 5507 1544 5555 sanctos
1572 5511 1626 5554 et
1672 5500 1721 5551 in
1766 5510 1946 5553 sancta

365 5590 601 5644 Ecclesia
647 5590 880 5646 illustres
923 5593 1186 5647 antistites
1247 5593 1371 5655 Dei,
1420 5608 1522 5645 non
1568 5591 1853 5647 Platonicis
1896 5601 1949 5645 et

428 5722 444 5750 ¹
484 5729 583 5769 Am.
610 5728 683 5768 Er.
727 5728 779 5771 et
803 5736 814 5784 ι
834 5721 1025 5788 leriquc
1051 5730 1174 5788 Mss.
1204 5729 1302 5788 et»
1322 5723 1408 5783 ἰΙιὶ,
1440 5722 1482 5774 si
1520 5723 1567 5773 in
1593 5729 1842 5788 conspectu
1866 5724 1950 5785 jn-

372 5783 534 5837 d‘tcwn
556 5796 783 5845 essemus,
808 5783 945 5846 quasi
971 5784 1113 5835 t't't'lor
1134 5785 1347 5835 insultas.

1642 321 1842 425 LIBEll
1881 366 2254 424 SECUNDUS.

3498 365 3604 423 6‘38

2024 478 2373 533 Aristotelicis
2421 488 2474 534 et
2531 478 2813 534 Zenonicis
2855 478 3077 551 aliisque
3099 478 3494 550 hujuscemodi,
3518 478 3603 535 vel

2021 571 2208 640 graecis
2235 571 2316 625 vel
2342 569 2547 637 latinis,
2590 587 2887 642 quanquam
2918 581 2971 628 et
3018 573 3131 628 istis
3169 574 3373 645 aliquos
3396 589 3602 639 eorum,

2028 673 2212 714 verum
2244 676 2430 716 omnes
2457 662 2623 717 sacris
2651 661 2867 719 Litteris
2887 662 3142 727 eruditos,
3163 664 3474 717 nominatim
3493 680 3605 718 διον

2028 759 2088 804 ut
2116 752 2392 821 Oportebat
2442 754 2714 822 expressi;
2746 767 3038 822 eorumque
3083 755 3408 819 sententias,
3437 769 3609 825 quan—

2025 849 2134 893 tum
2164 840 2409 895 sufficere
2439 841 2732 907 videbatur,
2764 843 2879 897 sine
2916 843 3028 897 ulla
3056 843 3226 898 editas
3268 843 3610 913 ambiguitate

2023 927 2247 998 digessi,
2275 938 2332 983 ut
2372 930 2423 984 in
2454 930 2534 985 cis
2579 930 2797 997 timeas,
2827 946 2935 985 non
2976 931 3150 1001 ipsos,
3194 932 3288 988 sed
3331 932 3477 986 illum
3520 934 3608 1003 qui

2022 1021 2123 1076 sibi
2149 1036 2242 1075 eos
2272 1022 2416 1076 utilia
2464 1037 2588 1077 vasa
2616 1022 2889 1087 formavit,
2921 1032 2976 1078 et
3016 1034 3196 1079 sancta
3241 1025 3436 1094 templa
3477 1039 3609 1078 eon-

2024 1111 2251 1177 struxit;
2291 1113 2381 1181 qui
2412 1120 2537 1166 tunc
2565 1112 2633 1167 de
2680 1114 2777 1167 ista
2806 1129 2964 1168 causa
2990 1115 3360 1184 judicaverunt
3383 1157 3398 1182 ,
3440 1129 3609 1184 quan-

2023 1199 2094 1255 do
2121 1216 2215 1256 eos
2242 1216 2400 1256 nemo
2429 1211 2605 1273 potest
2628 1203 2807 1258 dicere
2832 1218 3111 1273 perperam
3141 1204 3384 1274 cuiquam
3410 1205 3494 1258 vel
3520 1204 3614 1257 ad-

2025 1293 2226 1346 versari
2247 1292 2331 1347 vel
2352 1292 2529 1349 favere
2553 1293 2805 1362 potuisse.
2832 1293 3075 1348 Nondum
3099 1295 3241 1349 cnim
3261 1295 3609 1360 exstiteratis,

2024 1392 2208 1437 contra
2234 1397 2383 1453 quos
2422 1384 2815 1453 suscipercmns
2836 1383 2905 1439 de
2930 1384 3033 1439 hac
3074 1384 3368 1454 quzestione
3420 1382 3612 1438 confli-

2023 1481 2171 1528 ctum
2194 1491 2206 1527 :
2231 1474 2467 1528 nondum
2490 1475 2674 1541 eratis,
2698 1476 2787 1543 qui
2814 1476 3064 1531 diceretis
3090 1476 3231 1546 quod
3259 1478 3308 1530 in
3334 1477 3484 1530 libris
3507 1476 3612 1530 tuis

2024 1565 2213 1633 ponis,
2244 1564 2378 1631 Quia
2419 1566 2483 1618 de
2509 1565 2647 1620 vobis
2674 1566 2986 1620 multitudini
3031 1569 3225 1621 mentiti
3263 1569 3534 1638 fuerimus,
3568 1577 3614 1621 et

2025 1654 2159 1724 quod
2179 1654 2591 1709 Caelestianorum
2612 1657 2688 1711 uel
2728 1655 3123 1727 Pelagianorum
3148 1660 3350 1712 nomine
3390 1659 3615 1713 homines

2028 1753 2324 1810 teneamus,
2350 1754 2396 1798 et
2421 1745 2556 1815 quod
2578 1754 2768 1800 terrore
2789 1745 2853 1799 ab
2878 1746 3164 1800 hominibus
3189 1747 3206 1778 ¹
3231 1757 3611 1817 extorqueamus

2026 1850 2305 1889 assensum.
2351 1835 2509 1890 Certe
2536 1835 2649 1904 ipse
2670 1835 2884 1903 dixisti,
2933 1836 3069 1906 quod
3112 1853 3283 1891 omnes
3310 1838 3510 1907 judices
3548 1841 3613 1892 ab

2028 1924 2145 1979 odio
2164 1967 2179 1992 ,
2209 1924 2432 1978 amicitia
2452 1966 2467 1991 ,
2484 1926 2751 1980 inimicitia
2769 1968 2783 1992 ,
2810 1926 2890 1979 ira
2912 1941 3097 1981 uacuos
3117 1943 3223 1981 esse
3245 1927 3434 1982 deceat.
3456 1930 3614 1984 Pauci

2031 2016 2162 2070 tales
2197 2024 2487 2085 potuerunt
2525 2017 2751 2072 inveniri
2797 2035 2811 2073 :
2857 2018 2950 2073 sed
2997 2019 3338 2075 Ambrosium
3381 2021 3617 2091 aliosque

2029 2105 2259 2176 collegas
2304 2106 2458 2176 ejus,
2499 2122 2634 2178 quos
2677 2122 2800 2162 cum
2843 2108 2938 2162 illo
2987 2110 3433 2175 commemoravi,
3484 2111 3619 2167 tales

2031 2195 2194 2252 fuisse
2216 2197 2542 2252 credendum
2587 2208 2690 2253 est.
2725 2198 2919 2255 Verum
2944 2208 2998 2255 et
3036 2200 3081 2254 si
3112 2200 3241 2255 tales
3268 2216 3375 2255 non
3406 2200 3620 2256 fuerunt

2014 2287 2084 2353 ,in
2123 2286 2208 2341 his
2235 2289 2413 2342 causis
2433 2329 2447 2351 ,
2478 2304 2611 2359 quas
2636 2290 2703 2344 ad
2728 2305 2786 2345 se
2813 2290 3018 2346 delatas
3047 2300 3102 2346 et
3145 2291 3284 2346 inter
3312 2302 3493 2361 partes
3519 2309 3617 2348 co-

2030 2378 2238 2448 gnitas,
2269 2394 2391 2433 cum
2421 2380 2509 2435 hic
2535 2380 2808 2448 viverent,
2837 2396 2936 2436 suo
2975 2381 3180 2451 judicio
3220 2383 3499 2446 finierunt;
3550 2385 3618 2439 ad

2032 2471 2170 2525 hanc
2197 2480 2370 2525 tamen
2404 2486 2614 2527 causam
2649 2474 2783 2528 tales
2826 2483 3011 2539 erant,
3039 2475 3252 2544 quando
3275 2475 3343 2529 de
3374 2476 3461 2529 illa
3492 2492 3619 2530 sen-

2034 2562 2226 2617 tentias
2254 2561 2590 2632 protulerunt
2621 2580 2635 2617 :
2686 2562 2859 2617 nullas
2905 2564 3181 2618 nobiscum
3225 2564 3310 2619 vel
3345 2565 3616 2619 vobiscum

2032 2652 2296 2707 amicitias
2341 2653 2716 2720 attenderunt,
2764 2654 2847 2707 vel
2892 2654 3194 2710 inimicitias
3233 2666 3618 2720 exercuerunt;

2033 2758 2207 2814 neque
2231 2744 2384 2799 nobis
2426 2760 2600 2815 neque
2622 2745 2772 2800 vobis
2792 2747 2907 2799 irati
2949 2755 3089 2812 sunt,
3120 2763 3294 2816 neque
3322 2764 3419 2804 nos
3450 2765 3622 2819 neque

2032 2850 2129 2889 vos
2153 2835 2389 2890 miserati
2427 2844 2571 2889 sunt.
2602 2835 2754 2902 Quod
2801 2837 3118 2891 invi-nerunt
3145 2839 3196 2891 in
3231 2840 3495 2904 ECl'iCSia,
3541 2850 3621 2895 te-

2034 2935 2298 2991 nuerunt;
2328 2926 2466 2996 quod
2496 2926 2789 2982 didicerunt
2813 2968 2827 2993 ,
2873 2926 3196 2994 docuerunt;
3236 2929 3376 2998 quod
3402 2945 3433 2984 a
3462 2932 3624 2999 patri-

2037 3017 2137 3071 bus
2182 3027 2538 3086 acceperunt,
2573 3018 2675 3072 hoc
2719 3017 2840 3071 filiis
2879 3018 3229 3073 tradiderunt.
3260 3020 3501 3074 Nondum
3531 3037 3625 3074 vo-

2036 3107 2239 3162 biscum
2270 3106 2409 3177 apud
2447 3108 2579 3163 istos
2599 3108 2812 3178 judices
2839 3109 3034 3179 aliquid
3063 3111 3379 3179 agebamus,
3407 3124 3460 3166 et
3484 3115 3622 3181 apud

2037 3214 2130 3254 eos
2157 3209 2273 3255 acta
2317 3209 2400 3256 est
2427 3215 2586 3255 causa
2614 3210 2815 3256 nostra.
2845 3201 2956 3257 Nec
2994 3218 3094 3256 nos
3125 3218 3225 3258 nec
3257 3219 3349 3259 vos
3393 3205 3471 3260 eis
3514 3206 3624 3259 noti

2038 3290 2307 3348 fueramus
2326 3335 2341 3359 ,
2373 3302 2428 3349 et
2455 3308 2642 3350 eorum
2690 3309 2786 3364 pro
2816 3295 2969 3350 nobis
2998 3297 3133 3351 latas
3159 3306 3343 3351 contra
3383 3312 3478 3352 vos
3502 3315 3625 3353 sen-

2038 3384 2233 3440 tentias
2256 3384 2567 3441 recitamus.
2600 3385 2845 3439 Nondum
2877 3386 3146 3441 vobiscum
3169 3387 3538 3457 certabamus,
3571 3400 3647 3448 et.

2038 3474 2116 3529 eis
2141 3476 2605 3544 pronuntiantibus
2633 3477 2900 3531 vicimus.’

2110 3566 2199 3620 55.
2234 3565 2402 3629 Dicis,
2441 3583 2460 3617 ι
2503 3580 2622 3628 me.
2645 3566 2691 3619 si
2728 3566 2827 3619 sub
2852 3573 3113 3635 potestate
3134 3567 3374 3638 judicum
3408 3586 3624 3639 preme-

2041 3673 2164 3723 rer,
2201 3675 2220 3709 ι
2251 3656 2437 3727 quales
2467 3657 2557 3711 tibi
2600 3656 2714 3725 ipse
2760 3658 3039 3726 componis
3062 3699 3076 3721 ,
3112 3677 3132 3710 ί
3172 3676 3276 3713 non
3325 3661 3624 3717 habiturum

2041 3749 2205 3806 fuisse
2232 3749 2357 3820 quid
2386 3748 2635 3814 facerem,
2663 3763 2768 3819 quo
2794 3749 3170 3819 confugerem;
3199 3765 3319 3805 eum
3348 3753 3451 3805 tuis
3475 3768 3632 3823 argu-

2043 3839 2456 3895 mentationibus.“
2507 3837 2647 3893 unde
2690 3853 3027 3893 occurrerem
3077 3842 3314 3906 reperire
3365 3855 3469 3894 non
3511 3855 3633 3910 pos-

2043 3945 2176 3985 sem.
2218 3949 2237 3982 ι
2271 3929 2383 4000 Ego
2413 3929 2567 4000 plane
2612 3928 2864 3983 haberem
2915 3929 3040 3999 quid
3078 3928 3344 3997 facerem,
3377 3931 3630 3987 haberem

2043 4039 2150 4092 quo
2180 4023 2523 4092 confugerem
2566 4040 2577 4075 :
2612 4038 2641 4076 a
2674 4022 2969 4092 Pelagianis
2996 4023 3135 4076 enim
3166 4023 3396 4078 tenebris
3423 4024 3490 4078 ad
3520 4024 3635 4079 tunc

2047 4123 2154 4167 tam
2186 4114 2439 4182 praeclara
2465 4112 2727 4167 catholica
2768 4113 2965 4167 lumina
3001 4127 3384 4183 pr0vocarem;
3417 4114 3557 4184 quod
3582 4125 3638 4170 ct

2046 4220 2188 4259 nunc
2210 4204 2319 4274 jam
2361 4202 2517 4257 facio.
2548 4202 2627 4256 'I‘u
2682 4218 2807 4271 ergo
2849 4202 3114 4271 responde
3154 4204 3277 4272 quid
3322 4203 3520 4268 facias,
3551 4204 3638 4258 die

2048 4309 2154 4364 quo
2181 4292 2476 4362 confugias.
2507 4292 2620 4362 Ego
2644 4307 2672 4345 a
2718 4292 3014 4362 Pelagianis
3058 4293 3123 4346 ad
3153 4294 3279 4346 istos
3310 4312 3323 4348 :
3349 4302 3402 4347 tu
3431 4294 3497 4349 ab
3522 4294 3639 4349 istis

2048 4390 2113 4443 ad
2138 4402 2273 4458 quos
2295 4387 2322 4441 ?
2340 4389 2419 4441 An
2448 4388 2569 4457 quia
2604 4405 2621 4438 ι
2656 4402 2763 4441 non
2794 4388 3148 4443 numerandas
3172 4431 3187 4454 ,
3212 4388 3305 4444 sed
3334 4389 3637 4460 ponderan.

2049 4484 2144 4536 das
2182 4500 2201 4533 ι
2236 4494 2426 4536 censes
2455 4497 2473 4530 α
2512 4494 2631 4534 esse
2658 4480 2979 4545 sententias,
3017 4498 3040 4533 ι
3068 4490 3122 4535 et.
3149 4481 3302 4536 addis
3331 4483 3494 4552 (quod
3524 4484 3640 4554 qui-

2048 4574 2171 4629 dem
2201 4580 2257 4628 et
2278 4588 2376 4643 ego
2405 4588 2590 4627 verum
2619 4587 2738 4628 esse
2759 4572 3058 4648 coruscatio)
3077 4615 3093 4641 ,
3132 4593 3150 4627 ι
3181 4575 3246 4630 ad
3273 4577 3468 4646 aliquid
3495 4578 3641 4631 inve-

2049 4666 2307 4721 niendum
2348 4665 2742 4720 multitudinem
2797 4666 2923 4720 nihil
2972 4668 3226 4736 prodesse
3277 4683 3576 4734 caecorum,
3614 4686 3633 4719 ο

2049 4758 2211 4814 etiam
2243 4759 2371 4812 istos
2394 4771 2566 4812 czecos
2594 4757 2772 4811 dicere
2807 4757 3063 4812 audebis?
3088 4760 3149 4812 Et
3178 4774 3344 4828 usque
3367 4759 3500 4813 adeo
3523 4774 3639 4827 per-

2052 4849 2263 4902 miscuit
2284 4848 2404 4902 imis
2432 4848 2620 4916 longus
2646 4863 2851 4901 summa
2879 4847 2993 4901 dies
3014 4848 3093 4917 (a)
3122 4863 3286 4916 usque
3314 4848 3447 4902 adeo
3489 4859 3638 4904 tene-

2050 4939 2159 4994 bra:
2208 4939 2329 5003 lux,
2361 4946 2415 4991 et
2463 4936 2550 4990 lux
2599 4938 2831 4991 tenebrae
2861 4952 2978 4991 esse
3023 4938 3271 4991 dicuntur
3292 4979 3306 5003 ,
3341 4949 3397 4991 ut
3429 4938 3643 4994 videant
3678 4936 3687 5003 ἶ

2054 5028 2292 5098 Pelagius
2317 5069 2332 5095 ,
2359 5027 2644 5082 Caelestius
2668 5069 2682 5093 ,
2712 5027 2971 5093 Julianus,
2998 5036 3054 5082 et
3089 5029 3214 5081 cruci
3245 5028 3352 5082 sint
3377 5029 3641 5096 llilarius,
3683 5027 3696 5099 ζ

2053 5121 2361 5191 Gregorius,
2385 5120 2738 5176 Ambrosius?
2765 5119 2870 5174 Sed
2911 5121 3313 5190 qualiscumque
3344 5121 3503 5176 homo
3530 5125 3601 5177 sis
3625 5165 3641 5189 ,

2056 5226 2229 5268 tamen
2282 5214 2403 5283 quia
2453 5215 2611 5266 homo
2640 5227 2735 5277 es,
2766 5213 2944 5266 videre
2993 5214 3120 5266 mihi
3170 5214 3355 5268 videor
3384 5230 3644 5270 verecunc

2052 5305 2194 5360 diam
2228 5315 2368 5358 tuam
2396 5304 2475 5374 (si
2507 5313 2679 5371 tamen
2715 5319 2817 5355 non
2852 5304 2902 5355 in
2939 5312 2987 5355 te
3010 5317 3134 5371 spes
3158 5312 3238 5357 est
3264 5305 3438 5358 munis
3465 5322 3646 5360 cmor-

2056 5408 2143 5450 tua
2191 5390 2488 5464 sanitatis),
2517 5402 2571 5448 et
2599 5393 2826 5462 quodam
2868 5393 3026 5446 modo
3065 5394 3224 5447 audio
3256 5410 3435 5449 vocem
3479 5405 3646 5451 tuam.

2055 5487 2397 5557 ReSpondes,
2436 5485 2586 5539 Absit
2630 5493 2688 5537 ut
2729 5484 2954 5539 audeam
3002 5499 3174 5539 czccos
3223 5488 3350 5542 istos
3393 5489 3535 5545 viros
3565 5489 3651 5543 vel

2119 5641 2133 5670 ί
2169 5640 2242 5687 sic
2263 5643 2368 5685 Mss.
2397 5634 2512 5683 Editi
2538 5645 2676 5690 vero,
2698 5631 2929 5683 cautibus.

2117 5702 2136 5732 ³
2171 5698 2301 5761 Apud
2325 5705 2454 5754 l.ov.,
2480 5694 2727 5745 cincinnis.

2118 5786 2188 5843 (τι)
2225 5781 2592 5833 νρνὶιειῐιιηιιιιὶ.
2625 5778 2825 5828 t'h'u'sal.
2859 5777 2939 5825 lib.
2967 5778 3012 5837 5,
3042 5790 3169 5829 vers.
3215 5777 3314 5836 l58,
3345 5774 3450 5827 139.
