4038 6182
379 456 634 527 uigilare,
663 452 747 508 vel
773 450 967 506 dicere.
999 447 1196 502 Eorum
1216 459 1344 514 ergo
1388 439 1628 512 appcade
1647 437 1958 493 sententias.

381 526 514 602 Nolo
537 559 658 600 esse
687 543 886 612 plures,
909 549 967 593 ut
990 551 1082 592 eas
1109 547 1160 591 te
1186 536 1361 606 pigeat
1389 545 1671 588 numerare
1695 548 1710 582 :
1736 526 1829 583 sed
1859 541 1962 580 non

379 648 502 693 sunt
529 635 673 691 icves
697 675 712 699 ,
761 639 820 686 ut
851 645 942 686 eas
979 627 1282 698 dedigneris
1319 623 1662 698 appendere;
1709 621 1816 675 imo
1858 628 1964 672 tam

381 737 501 782 sunt
521 738 740 796 graves,
772 731 830 784 ut
857 731 908 776 te
935 720 1144 775 videam
1179 718 1279 772 sub
1303 731 1488 772 carum
1515 728 1677 768 onere
1702 711 1962 766 laborare.

381 814 644 885 Numquid
670 823 725 870 et
761 812 830 867 de
875 810 988 865 istis
1015 809 1256 864 dicturus
1280 822 1340 862 es
1359 848 1376 873 ,
1407 824 1428 858 ι
1459 820 1542 860 me
1573 801 1838 858 imbellem
1869 798 1968 854 tibi

381 906 682 975 opinionem
713 901 975 957 consortis
997 913 1287 968 opponere,
1315 905 1370 950 et
1395 895 1538 950 velut
1565 897 1966 948 consternatum

381 1009 523 1054 metu
547 1039 563 1062 ,
588 989 832 1051 conscios
861 994 879 1026 ί
911 991 1254 1048 nominare?»

451 1089 542 1144 56.
575 1087 735 1152 Dicis,
763 1103 784 1137 ι
818 1085 869 1138 ἰιι
895 1097 1054 1138 causa
1074 1079 1344 1152 judicandi
1365 1087 1582 1146 ,amoto
1607 1077 1830 1144 strepitu
1859 1083 1970 1129 tur-

380 1181 590 1246 barum,
617 1178 684 1234 de
711 1177 855 1232 omni
883 1175 1068 1230 ordine
1096 1170 1516 1227 conversationis
1543 1165 1968 1230 hominum,sive

381 1271 715 1328 sacerdotum
742 1309 758 1334 ,
811 1268 924 1322 sive
971 1263 1486 1325 administrantium,
1529 1262 1642 1314 sive
1690 1257 1968 1328 praefecto-

383 1379 502 1418 rum
523 1365 568 1430 ⁸,
599 1361 666 1416 ad
697 1358 1081 1416 discussionem
1129 1356 1309 1410 talium
1340 1367 1518 1408 rerum
1555 1367 1660 1405 non
1701 1349 1814 1404 sola
1867 1361 1968 1402 no-

383 1456 528 1510 mina
551 1495 570 1523 ,
619 1451 712 1508 sed
741 1450 1040 1528 eligendam
1068 1461 1188 1502 esse
1211 1443 1544 1516 prudentiam
1566 1481 1585 1507 ,
1627 1449 1684 1496 et
1704 1441 1971 1494 honoran-

385 1547 506 1602 dam
535 1559 655 1600 esse
682 1544 998 1614 paucitatem
1020 1581 1038 1608 ,
1065 1555 1223 1610 quam
1249 1539 1386 1602 ratio
1403 1577 1418 1599 ,
1452 1532 1700 1596 eruditio,
1731 1531 1971 1585 libertas-

384 1649 490 1707 que
531 1635 798 1690 sublimat.
835 1651 854 1686 ι
884 1631 960 1688 lta
980 1645 1109 1687 vero
1136 1639 1252 1695 est,
1291 1638 1350 1682 ut
1395 1625 1529 1682 dicis
1561 1642 1576 1678 :
1609 1622 1705 1679 sed
1734 1635 1833 1676 nec
1869 1634 1970 1690 ego

387 1737 440 1783 te
468 1727 625 1782 ullius
653 1725 1003 1780 multitudinis
1039 1721 1421 1779 numerositate
1467 1716 1749 1788 perturba;
1779 1727 1969 1784 qnam-

386 1819 468 1872 vis
511 1817 741 1888 propitio
769 1817 880 1872 Deo
903 1857 918 1882 ,
946 1816 1014 1870 de
1041 1815 1141 1870 bac
1183 1813 1288 1868 lide
1311 1852 1326 1876 ,
1351 1811 1434 1866 cui
1455 1807 1817 1864 contradicitis
1839 1845 1856 1866 .
1882 1819 1972 1860 ca-

390 1909 588 1964 tholica
619 1923 806 1962 sanum
836 1907 1006 1976 sapiat
1047 1905 1206 1962 etiam
1231 1901 1546 1962 multitudo;
1574 1899 1629 1953 in
1655 1912 1756 1968 qua
1781 1910 1974 1966 usque-

387 2017 598 2071 quaque
651 1998 894 2070 plurimi,
951 1998 1038 2052 ubi
1081 2002 1341 2066 possunt,
1395 1989 1662 2063 quomodo
1716 1993 1970 2058 possunt,

390 2095 528 2146 sicut
579 2089 832 2144 divinitus
873 2087 1226 2158 adjuvantur,
1275 2097 1407 2138 vana
1463 2089 1637 2136 vestra
1663 2084 1974 2148 argumenta

389 2184 669 2238 confutant
694 2183 738 2236 ⁸.
767 2182 919 2240 Unde
938 2179 1075 2236 absit
1097 2194 1127 2232 a
1157 2193 1242 2233 me
1271 2177 1390 2238 ista,
1419 2189 1578 2244 quam
1605 2169 1734 2228 mihi
1760 2169 1968 2239 objicis,

389 2277 689 2344 arrogantia
715 2316 730 2338 ,
757 2291 778 2327 ι
813 2282 872 2329 ut
897 2289 982 2329 tne
1017 2271 1174 2326 istam
1201 2283 1414 2324 causam
1457 2274 1645 2321 contra
1667 2277 1782 2330 vos,
1810 2275 1972 2316 unum

391 2381 490 2434 pro
521 2365 766 2419 omnibus
813 2379 970 2434 agere
1014 2361 1315 2432 pollicerer.
1357 2377 1375 2409 ι
1408 2355 1556 2423 Quod
1584 2369 1704 2410 cum
1737 2363 1791 2408 tu
1838 2351 1978 2407 inter

393 2457 703 2526 Pelagianos
727 2457 854 2511 facis
877 2496 892 2518 ,
925 2469 1030 2508 non
1060 2452 1382 2506 erubescens
1405 2448 1584 2502 dicere
1609 2455 1666 2502 et
1704 2444 1939 2500 scribere
1955 2483 1972 2508 ,

397 2564 420 2598 ι
457 2545 672 2616 majoris
693 2546 784 2600 tibi
831 2558 952 2598 esse
975 2541 1110 2612 apud
1144 2541 1308 2595 Deum
1330 2538 1532 2609 gloriae,
1554 2535 1865 2590 destitutam
1893 2548 1980 2587 ve-

394 2635 604 2690 ritatem
633 2635 806 2696 tueri;
834 2651 852 2686 ι
871 2631 1092 2686 multum
1124 2629 1311 2699 ahjecti
1343 2637 1399 2683 et
1417 2641 1544 2682 vere
1567 2622 1806 2689 destituti
1830 2630 1974 2689 sunt,

393 2726 728 2795 multumque
753 2725 852 2782 abs
897 2731 950 2777 te
995 2721 1229 2792 pendent
1253 2719 1314 2787 ⁸,
1338 2719 1384 2774 si
1413 2718 1549 2772 hanc
1591 2713 1977 2772 intolerabilem

394 2816 750 2886 arrogantiam
805 2828 926 2870 esse
973 2828 1082 2866 non
1127 2811 1402 2882 judicant,
1433 2823 1535 2880 qua
1565 2815 1617 2862 te
1642 2807 1804 2862 etiam
1850 2802 1981 2874 ipsis

397 2907 607 2975 Pelagio
646 2907 844 2960 scilicet
878 2912 936 2960 et
961 2903 1242 2964 C(elestio,
1274 2909 1509 2955 vestrum
1535 2897 1773 2952 omnium
1793 2894 1980 2951 docto-

395 2996 544 3050 ribus
563 2995 881 3066 anteponis;
909 2993 1058 3062 quasi
1101 3001 1156 3046 et
1181 2991 1255 3046 illi
1273 2991 1382 3060 jam
1407 2988 1698 3054 cesserint,
1719 2995 1774 3043 et
1809 2994 1869 3041 tu
1895 3000 1982 3041 re-

398 3087 692 3154 manseris,
738 3086 828 3154 qui
877 3083 1182 3138 destitutam
1231 3081 1650 3150 tuearis,quam
1699 3077 1980 3134 veritatem

400 3177 618 3248 putatis.
644 3175 840 3230 Verum
863 3173 987 3244 quia
1015 3183 1066 3228 te
1100 3171 1363 3237 delectat,
1391 3185 1495 3224 non
1529 3183 1814 3224 numerare
1841 3166 1980 3221 mul-

401 3265 702 3328 titudinem,
734 3263 827 3317 sed
865 3262 1165 3332 appendere
1199 3261 1514 3330 paucitatem
1541 3274 1556 3325 ;
1582 3257 1820 3326 exceptis
1843 3255 1982 3326 judi-
2032 3265 2045 3281 ‘

400 3356 554 3412 cibus
593 3353 930 3414 Palaestinis,
961 3353 1050 3422 qui
1083 3351 1324 3406 haeresim
1374 3359 1602 3405 vestram
1643 3349 1696 3404 in
1736 3345 1984 3402 absoluto

403 3447 616 3516 Pelagio
640 3446 1062 3510 damnaverunt,
1088 3458 1246 3512 quem
1276 3441 1468 3496 timore
1492 3454 1855 3510 compressum
1885 3437 1986 3495 Pe-

404 3539 609 3609 lagiana
637 3538 748 3608 ipsa
775 3537 1019 3608 dogmata
1049 3534 1302 3590 damnare
1321 3541 1629 3602 coegerunt,
1657 3529 1840 3587 decem
1868 3529 1987 3600 epi-

405 3643 598 3698 scopos
640 3628 749 3697 jam
775 3625 1053 3681 defunctos
1091 3635 1144 3680 et
1170 3639 1328 3688 unum
1363 3621 1726 3694 presbyterum
1758 3621 1850 3675 tibi
1890 3620 1987 3674 hu-

405 3719 492 3790 jus
520 3733 693 3772 causa:
718 3716 942 3786 Opposui
965 3715 1175 3786 judices
1195 3757 1210 3780 ,
1239 3715 1328 3785 qui
1355 3714 1424 3769 de
1454 3714 1540 3768 illa
1582 3729 1703 3768 cum
1732 3711 1820 3766 hic
1841 3711 1984 3766 vive-

406 3819 526 3865 rent
567 3807 958 3878 judicaverunt.
989 3806 1049 3861 Si
1081 3814 1256 3860 vestra
1299 3804 1667 3860 c0nsideretur
1706 3803 1944 3872 paucitas
1969 3843 1984 3867 ,

407 3900 560 3955 multi
587 3907 712 3953 sunt
737 3915 751 3952 :
782 3899 828 3954 si
860 3895 1141 3951 multitudo
1175 3895 1560 3951 catholicorum
1584 3894 1987 3963 episcoporum,

407 3990 659 4062 perpauci
685 3999 825 4043 sunt.
852 3988 931 4042 Ex
959 3987 1150 4058 quibus
1180 4001 1366 4056 papam
1392 3983 1756 4038 Innocentium
1783 3991 1838 4038 et
1867 3997 1988 4052 prc-

408 4083 680 4152 sbyterum
712 4081 1088 4150 Hieronymum
1121 4077 1394 4131 retrahere
1437 4073 1664 4129 fortasse
1713 4073 1942 4129 tentabis
1973 4089 1986 4126 :

411 4175 593 4237 istum,
615 4172 734 4242 quia
755 4171 1019 4242 Pelagium
1044 4167 1455 4237 lecstiumque
1474 4165 1778 4230 damnavit;
1811 4165 1956 4219 illum
1973 4205 1987 4228 ,

409 4264 533 4332 quia
565 4263 616 4316 in
641 4261 858 4317 Oriente
883 4269 1066 4314 contra
1096 4259 1362 4329 Pelagium
1387 4257 1700 4313 Catholicam
1727 4255 1884 4310 fidem
1907 4255 1990 4323 pia

413 4356 709 4410 intentione
748 4352 998 4408 defendit.
1031 4349 1136 4407 Sed
1165 4352 1280 4421 lege
1324 4366 1442 4420 qum
1481 4349 1621 4403 dicat
1647 4349 1698 4402 in
1731 4347 1943 4404 laudem
1970 4346 1993 4378 ⁸

414 4443 704 4500 beatissimi
759 4457 908 4512 papze
967 4441 1259 4496 Innocentii
1311 4439 1551 4508 Pelagius
1603 4437 1676 4510 (a)
1705 4477 1719 4500 ,
1772 4447 1827 4491 et
1875 4436 1994 4491 vide

417 4545 592 4591 utrum
615 4533 748 4588 tales
777 4532 931 4586 facile
954 4531 1128 4602 possis
1158 4530 1364 4600 judices
1396 4529 1648 4582 invenire.
1680 4529 1754 4582 De
1779 4528 1872 4608 illp
1899 4542 1995 4580 an«

419 4641 526 4683 tcm
573 4635 758 4680 sancto
802 4624 1146 4694 presbytero,
1177 4621 1266 4690 qui
1309 4619 1597 4675 secundum
1627 4619 1848 4688 gratiam
1877 4634 1995 4686 qttze

417 4722 538 4774 data
565 4728 646 4772 est
669 4716 717 4772 ei
742 4756 759 4781 ,
792 4715 868 4770 sic
897 4715 948 4768 in
977 4713 1214 4768 Ecclesia
1243 4710 1536 4775 laboravit,
1560 4717 1616 4762 ut
1643 4709 1995 4762 eruditionem

419 4812 731 4869 catholicam
757 4808 980 4864 multant
1009 4805 1062 4861 in
1091 4805 1250 4860 latina
1275 4803 1452 4872 lingua
1481 4801 1658 4856 multis
1674 4809 1729 4854 et
1756 4814 1999 4854 necessa-

485 5019 504 5052 ί
536 5023 637 5066 Duo
656 5021 785 5072 Mss,
809 5019 1062 5062 consectas.

488 5081 510 5112 ί
538 5060 938 5127 mammas
960 5060 1013 5121 et
1033 5067 1258 5132 plerique
1277 5061 1498 5132 Gallicani
1533 5060 2000 5132 Mss.,_privqlo'_‘im1.

421 5122 790 5190 ωιιιόιῖἔέλῶξ
809 5141 862 5183 et
893 5139 968 5182 Er.
993 5122 1103 5182 αὶω
1140 5122 1247 5178 aliis
1277 5125 1562 5191 quibusdam
1596 5122 1844 5173 Gallicanis
1873 5130 2000 5181 ttss.,

424 5198 862 5266 prqmqriqatorwyt.

489 5247 519 5294 ἶ
541 5247 852 5310 ἑίοιέὶδεὲηδὶε
871 5261 976 5320 Ms,
997 5247 1306 5320 conﬁmdtmt.
1328 5313 1355 5320 _
1368 5319 1371 5320 ν

488 5321 512 5353 ⁸
543 5304 1017 5378 λιῖῖίῖιὶίξῖιήιᾷθιείαἰ
1055 5304 1158 5363 tiss.
1184 5322 1296 5362 cum
1322 5304 1558 5358 Gallicana
1595 5304 1876 5356 Pratelleusl
1921 5304 2004 5353 ha-

427 5385 564 5440 bent,
584 5377 882 5444 obstupcytdi.

489 5445 512 5477 ³
543 5439 672 5502 uss,
697 5439 747 5489 in
768 5439 929 5489 laude.

492 5523 566 5585 (a)
597 5519 1000 5630 Pelagitasupmo.
1015 5517 1065 5565 in
1087 5511 1386 5584 mfessione
1424 5522 1526 5560 sua:
1554 5508 1670 5582 fidei
1693 5508 1751 5558 ad
1773 5515 2006 5556 Innocen-

492 5597 568 5630 tm.
587 5600 610 5630 α
628 5589 772 5630 Emeu
895 5589 1114 5630 cupimus
1135 5589 1162 5624 a
1185 5583 1296 5630 te,s
1325 5579 1410 5630 att,
1440 5588 1462 5617 ι
1484 5584 1564 5630 qm
1606 5571 1730 5620 Petri
1763 5578 1813 5618 et
1863 5569 2006 5618 ﬁdem

430 5569 568 5646 uniti;
587 5569 610 5630 .i
628 5569 876 5631 amandas
895 5579 1114 5646 αιιιίιῐιιξε
1135 5589 1162 5646 ξι
1185 5573 1462 5646 textam:
1484 5573 1573 5646 τιυὶ
1604 5571 1730 5646 "ei"
1763 5578 1813 5618 9"
1830 5638 1843 5646 .
1863 5569 2006 5646 ⁶ί¹ῒ⁵¹¹¹

431 5633 484 5695 Et
712 5649 872 5692 tenes.
895 5654 920 5684 ι
957 5633 1218 5688 inhibetur
1251 5633 1386 5692 infra,
1415 5633 1463 5681 in
1499 5633 1706 5683 secunda
1744 5638 1878 5693 larte
1925 5640 2008 5692 Λιι-

433 5722 510 5768 pet
563 5717 662 5755 tas.

1191 329 1460 385 CONTRA
1501 321 1838 381 JULIANUM
1879 319 2340 390 PELAGIANUM,
2380 327 2436 382 S.
2481 328 2842 384 AUGUSTINI

2653 105 2678 130 Ι

3544 332 3646 389 700

2071 435 2166 490 riis
2199 437 2388 494 litteris
2431 441 2739 511 adjuvaret,
2781 457 2886 498 non
2916 443 3052 500 solet
3086 443 3327 516 Pelagius
3367 446 3646 516 iactitare,

2073 529 2170 582 nisi
2191 547 2208 581 ι
2240 530 2379 599 quod
2401 532 2448 586 ei
2477 541 2722 603 tanquam
2741 535 2933 588 aetnnlo
2953 534 3218 591 inviderit.
3257 556 3275 590 ι
3302 537 3404 593 Sed
3426 538 3552 594 nolo
3581 556 3646 597 ex

2073 621 2173 675 hoc
2211 621 2301 676 tibi
2329 623 2570 678 videatur
2595 623 2662 680 de
2703 625 2921 678 istormn
2949 641 3170 680 numero
3198 627 3433 697 iudicum
3475 639 3650 686 retra-

2072 713 2296 769 hendus.
2326 715 2440 770 Non
2470 717 2609 772 enim
2639 716 2753 787 ejus
2781 720 3097 772 sententiam
3121 721 3306 790 posui,
3337 735 3492 791 quam
3525 730 3646 775 tem-

2074 822 2200 876 pore
2222 807 2612 864 inimicitiarum
2655 821 2839 864 contra
2873 821 3104 865 vestrum
3130 813 3371 866 tenuitet
3413 812 3646 868 defendit

2072 911 2306 952 errorem
2327 915 2340 951 :
2365 897 2457 952 sed
2501 913 2656 969 quam
2704 900 2878 968 posuit
2921 899 2970 954 in
2999 901 3212 971 scriptis
3241 903 3352 954 suis
3375 943 3390 966 ,
3425 902 3558 956 liber
3584 905 3652 955 ab

2073 989 2216 1042 omni
2243 989 2418 1044 studio
2445 989 2692 1058 partium,
2709 1000 2994 1060 antequam
3017 1001 3192 1047 vestra
3216 993 3532 1049 damnabilia
3555 995 3639 1050 do

2071 1089 2244 1148 gmata
2272 1079 2608 1147 pullularent.

2143 1168 2231 1222 57.
2259 1168 2337 1222 De
2363 1169 2580 1239 reliquis
2602 1185 2730 1224 sane
2751 1186 2855 1225 non
2881 1170 3044 1227 habes
3071 1171 3290 1230 omnino
3317 1173 3458 1244 quod
3480 1175 3647 1229 dicas.

2071 1259 2335 1330 Numquid
2369 1261 2620 1328 lrenaeus,
2641 1271 2693 1317 et
2713 1263 3027 1335 Cyprianus,
3057 1274 3113 1320 et
3133 1264 3385 1331 Beticius,
3407 1277 3460 1320 et
3479 1265 3674 1338 Olym-_

2073 1351 2212 1420 pius,
2242 1360 2297 1405 et
2325 1351 2570 1416 llilarius,
2590 1361 2642 1406 ct
2667 1350 2975 1423 Gregorius,
3002 1363 3055 1409 et
3082 1355 3324 1418 Basilius,
3347 1366 3401 1411 et
3421 1357 3654 1411 Ambro-

2073 1442 2184 1496 sius
2207 1483 2223 1508 ,
2249 1450 2302 1497 et
2328 1441 2562 1499 Joannes
2588 1487 2604 1508 ,
2635 1463 2655 1496 ι
2691 1445 2758 1500 de
2786 1445 2998 1514 plebeia.
3017 1445 3146 1502 fzece
3172 1447 3558 1503 scllulariorum
3577 1491 3593 1515 ,
3627 1469 3645 1502 ι

2073 1533 2209 1586 sicut
2237 1533 2479 1588 Tulliane
2500 1535 2726 1604 jocaris,
2761 1551 2780 1587 ι
2817 1536 2868 1590 in
2900 1545 3126 1592 vostram
3173 1537 3424 1594 invidiam
3466 1541 3648 1596 conci-

2076 1624 2170 1678 tati
2199 1625 2363 1678 sunt?
2399 1642 2420 1677 ι
2449 1625 2711 1695 Numquid
2739 1645 2756 1677 ι
2784 1626 3022 1681 milites?
3053 1646 3074 1680 ι
3113 1631 3364 1700 numquid
3395 1648 3415 1681 ι
3443 1631 3654 1686 schola-

2075 1715 2190 1770 stici
2219 1714 2596 1772 audiloriales?
2617 1733 2638 1768 ι
2667 1717 2920 1787 numquid
2951 1735 2970 1770 ι
3007 1729 3201 1784 nautae,
3231 1721 3536 1786 tabernarii,
3563 1736 3655 1777 ce-

2075 1805 2196 1860 tarii
2215 1847 2230 1870 ,
2251 1807 2404 1876 coqui
2425 1847 2440 1872 ,
2471 1807 2638 1862 lanii?
2670 1827 2688 1859 ι
2721 1809 2974 1879 numquid
3000 1829 3020 1862 ι
3055 1809 3419 1866 adolescentes
3445 1829 3510 1868 ex
3535 1828 3652 1867 mo-

2075 1896 2262 1952 nachis
2287 1897 2560 1954 dissoluti?
2588 1917 2606 1950 ι
2649 1897 2910 1970 Numquid
2945 1913 3214 1969 postremo
3245 1921 3264 1953 ι
3297 1903 3364 1958 de
3390 1905 3653 1972 qualium-

2075 2002 2302 2056 cumque
2348 1988 2661 2042 clcricorum
2703 1990 2852 2043 turba
2889 2009 2908 2042 ι
2956 1991 3038 2044 isti
3088 2001 3241 2051 sunt,
3279 2008 3412 2063 quos
3452 1995 3649 2048 urbana

2075 2077 2368 2147 exagitatos
2404 2076 2712 2142 dicacitate,
2746 2079 2825 2132 vel
2874 2081 3049 2148 potius
3070 2081 3302 2136 vanitate
3323 2084 3648 2149 contemnis,

2083 2185 2103 2218 ι
2136 2166 2258 2236 quia
2286 2182 2389 2222 non
2435 2179 2658 2238 possunt
2703 2170 2994 2224 secundum
3037 2173 3328 2241 categorias
3356 2173 3654 2230 Arismtelis

2076 2255 2146 2312 de
2193 2257 2527 2328 dogmatibus
2561 2258 2844 2328 judicare?
2875 2279 2895 2312 ι
2941 2261 3102 2328 Quasi
3152 2270 3240 2329 tu,
3289 2263 3376 2332 qui
3425 2263 3655 2318 maxime

2077 2348 2316 2418 quereris
2359 2365 2379 2400 ι
2414 2364 2634 2405 examen
2661 2349 2812 2404 vobis
2837 2359 2890 2405 et
2931 2351 3232 2422 episcopale
3269 2352 3526 2422 judicium
3553 2354 3650 2410 de-

2079 2439 2294 2510 negari,
2321 2439 2350 2490 ἰ
2386 2438 2854 2510 Peripateticorum
2883 2443 3054 2510 possis
3082 2442 3318 2498 invenire
3343 2445 3658 2510 concilium,

2080 2529 2170 2584 ubi
2196 2529 2264 2585 de
2302 2529 2541 2600 subjecto
2567 2540 2621 2585 et
2664 2530 2747 2585 his
2775 2548 2894 2601 qua:
2921 2543 3044 2590 sunt
3089 2533 3146 2588 in
3193 2533 3430 2604 subjecto
3469 2544 3655 2589 contra

2080 2623 2338 2694 originale
2383 2633 2655 2693 peccatum
2701 2625 2976 2680 dialectica
3030 2628 3291 2682 sententia
3333 2627 3655 2697 proferatur.

2083 2711 2186 2768 lsti-
2216 2713 2450 2784 episcopi
2497 2723 2658 2778 sunt,
2702 2715 2880 2782 docti,
2907 2731 3097 2786 graves
3117 2758 3132 2782 ,
3182 2719 3392 2786 sancti,
3421 2717 3660 2774 veritatis

2082 2805 2328 2861 acerrimi
2371 2805 2682 2864 defensores
2729 2807 2984 2862 adversus
3025 2809 3266 2880 garrulas
3291 2811 3572 2877 vanitates,
3602 2809 3656 2866 in

2082 2909 2308 2965 quorum
2331 2898 2554 2965 ratione,
2577 2896 2897 2964 eruditione,
2924 2898 3188 2968 libertate,
3213 2915 3330 2971 quae
3353 2903 3450 2957 tria
3479 2901 3614 2956 bona
3639 2903 3658 2934 ι

2077 2987 2245 3058 judici
2276 2989 2502 3045 tribuisti
2528 3031 2542 3056 ,
2573 3006 2676 3045 non
2717 3000 2870 3060 potes
2909 2989 3148 3047 invenire
3171 2991 3310 3062 quod
3341 3007 3579 3062 spernas.
3601 2991 3660 3048 Si

2084 3078 2404 3149 episcopalis
2429 3080 2663 3150 synodus
2688 3095 2754 3135 ex
2782 3089 2894 3134 toto
2937 3082 3068 3137 orbe
3094 3092 3524 3152 congregaretnr,
3554 3082 3660 3137 mi-

2085 3184 2205 3224 rum
2227 3167 2273 3224 si
2295 3170 2426 3225 tales
2462 3179 2681 3243 possent
2729 3171 2836 3226 illic
2875 3169 3031 3228 facile
3071 3182 3146 3226 tot
3168 3173 3373 3228 sedere.
3403 3173 3535 3243 Quia
3562 3189 3662 3230 nec

2088 3259 2174 3314 isti
2199 3274 2308 3314 uno
2337 3269 2576 3330 tempore
2597 3259 2812 3316 fuerunt
2837 3279 2851 3314 :
2873 3263 2968 3317 scd
2995 3261 3175 3316 ﬁdeles
3200 3269 3255 3317 et
3276 3262 3456 3318 multis
3480 3246 3662 3319 excel-

2090 3349 2344 3408 lentiores
2368 3367 2563 3424 paucos
2603 3353 3000 3424 dispensatores
3027 3370 3154 3411 suos
3190 3353 3335 3410 Deus
3361 3371 3458 3426 per
3481 3355 3662 3411 divero

2089 3457 2176 3499 sas
2203 3454 2386 3500 anates
2429 3453 2748 3516 temporum,
2780 3447 3121 3517 locorumque
3157 3446 3438 3504 distantias
3461 3489 3478 3514 ,
3527 3447 3667 3503 sicut

2089 3536 2140 3591 ei
2165 3537 2338 3606 placet
2359 3547 2516 3608 atque
2535 3537 2788 3608 expedire
2821 3538 3022 3608 judicat
3043 3579 3059 3602 ,
3086 3540 3202 3609 ipse
3241 3538 3531 3610 dispensat.
3555 3539 3666 3597 llos

2091 3625 2268 3697 itaque
2292 3627 2361 3682 de
2406 3628 2524 3682 aliis
2549 3637 2711 3697 atque
2745 3629 2862 3684 aliis
2887 3629 3214 3700 temporibus
3253 3641 3413 3700 atque
3433 3631 3666 3700 regioni-

2091 3717 2191 3773 bus
2236 3719 2302 3775 ab
2327 3717 2544 3776 Oriente
2569 3729 2623 3776 et
2664 3719 2948 3777 Occidente
2972 3732 3319 3794 congregatos
3345 3723 3494 3778 vides
3513 3763 3530 3786 ,
3559 3737 3664 3777 non

2092 3805 2148 3861 in
2175 3810 2348 3866 locum
2389 3824 2494 3880 quo
2538 3810 2790 3882 navigare
2816 3823 3072 3881 cogantur
3101 3811 3344 3866 homines
3367 3852 3382 3874 ,
3409 3811 3501 3866 sed
3523 3812 3574 3865 in
3599 3813 3666 3866 li-

2093 3901 2247 3958 brum
2273 3901 2365 3972 qui
2414 3901 2662 3972 navigare
2712 3903 2879 3972 possit
2917 3903 2986 3958 ad
3031 3903 3294 3957 homines.
3339 3906 3547 3970 Quanto
3569 3903 3664 3960 tibi

2093 4005 2272 4050 essent
2298 3995 2382 4050 isti
2402 3994 2609 4065 judices
2633 3997 2974 4065 optabiliores
2997 4038 3014 4064 ,
3043 3997 3087 4051 si
3118 4007 3326 4052 teneres
3349 3997 3666 4052 catholicam

2095 4087 2287 4152 fidem;
2319 4095 2464 4142 tanto
2485 4087 2576 4142 tibi
2597 4095 2716 4142 sunt
2743 4088 3104 4154 terribiliores,
3135 4089 3256 4158 quia
3281 4105 3552 4159 Oppugnas
3575 4105 3634 4145 ca
3651 4124 3670 4132 -

2096 4179 2344 4236 tholicam
2390 4179 2547 4245 fidem
2572 4196 2587 4235 :
2615 4195 2770 4250 quam
2810 4181 2860 4234 in
2909 4180 3045 4236 lacte
3086 4191 3372 4249 suverunt,
3420 4197 3575 4250 quam
3615 4182 3666 4234 in

2095 4269 2214 4325 cibo
2265 4277 2642 4338 sumpserunt,
2691 4269 2844 4338 cujus
2895 4270 2979 4325 lac
3016 4279 3068 4325 et
3108 4270 3284 4324 cibum
3335 4270 3509 4336 parvis
3558 4287 3669 4323 ma-

2097 4361 2320 4430 gnisque
2341 4361 2770 4415 ministraverunt
2791 4403 2806 4427 ,
2834 4376 2992 4430 quam
3037 4370 3222 4415 contra
3247 4361 3486 4416 inimicos
3505 4360 3664 4414 etiam

2099 4466 2193 4506 vos
2231 4461 2354 4506 tunc
2397 4451 2630 4506 nondum
2681 4463 2866 4516 natos,
2916 4451 3055 4506 unde
3096 4467 3239 4506 nunc
3276 4451 3579 4506 revelamini
3603 4452 3625 4484 ⁸
3650 4495 3670 4520 ,

2099 4545 2430 4615 apertissime
2469 4559 2532 4598 ac
2579 4543 2865 4599 fortissime
2911 4542 3280 4599 defenderunt.
3309 4543 3522 4597 Talibus
3552 4549 3674 4610 post

2099 4635 2383 4704 Apostolos
2399 4645 2578 4688 sancta
2609 4633 2842 4689 Ecclesia
2876 4634 3257 4702 plantatorihus
3277 4675 3290 4696 ,
3316 4633 3634 4702 rigatoribus
3651 4672 3669 4696 ,

2101 4723 2540 4790 a3dilicatoribus,
2575 4724 2898 4793 pastoribus,
2937 4725 3287 4777 nutritorihus
3319 4722 3503 4776 crevit.
3549 4721 3672 4776 Ideo

2101 4816 2348 4884 profanas
2377 4831 2534 4870 voces
2561 4825 2750 4868 vestra:
2789 4813 3034 4870 novitatis
3061 4813 3308 4884 expavit;
3344 4823 3396 4868 ct
3433 4822 3586 4868 cauta
3611 4829 3676 4869 ac

2102 4905 2278 4962 sobria
2293 4921 2359 4961 ex
2371 4904 3042 4974 admonitioneapostolica,
3057 4906 3266 4960 nesicut
3278 4921 3498 4974 serpens
3509 4905 3675 4960 Evam

2104 4996 2316 5052 seduxit
2342 4995 2529 5050 astutia
2558 5011 2672 5062 sua,
2695 4995 2772 5050 sic
2799 5004 2852 5050 et
2877 5011 3027 5050 mens
3052 4995 3168 5063 ejus
3186 5005 3618 5066 corrumperetur
3643 5011 3674 5048 a

2105 5085 2345 5142 castitate
2371 5101 2490 5155 quae
2519 5095 2601 5140 est
2639 5087 2689 5140 in
2719 5083 2930 5140 Christo
2961 5084 3026 5156 (Il
3051 5083 3170 5140 Cor.
3194 5101 3246 5140 ιι
3264 5127 3278 5150 ,
3305 5085 3381 5155 3),
3403 5085 3681 5138 catholicae

2107 5181 2227 5237 fidei
2268 5181 2565 5252 virginitate
2593 5178 2614 5210 ⁸
2641 5181 2856 5234 insidias
2884 5180 3048 5235 vestri
3087 5179 3344 5249 dogmatis
3387 5179 3682 5245 subrepen-

2109 5274 2174 5328 tis
2204 5273 2508 5338 exhorruit;
2529 5281 2582 5326 et
2613 5279 2858 5338 tanquam
2888 5278 3045 5340 caput
3067 5271 3267 5324 colubri
3293 5269 3556 5332 calcavit,
3583 5267 3683 5320 ob-

2111 5364 2252 5420 trivit
2278 5362 2486 5432 ahjecit.
2523 5360 2615 5415 llis
2661 5360 2820 5430 igitur
2865 5359 3088 5428 eloquiis
3114 5367 3332 5413 ettanta
3365 5359 3680 5414 auctoritate

2175 5499 2192 5532 ⁸
2227 5495 2416 5558 Aliquot
2435 5501 2560 5558 Mss,
2579 5493 2712 5544 fama.

2173 5563 2194 5628 ξ
2226 5547 2356 5628 Ire's
2379 5569 2410 5628 εξ
2444 5547 2659 5618 quinque
2681 5551 2915 5604 Vaticanis
2947 5559 3073 5614 Mss,
3116 5549 3414 5615 refellanini.
3442 5548 3529 5600 .tlii
3564 5547 3687 5610 duos

2113 5617 2476 5672 rebellamim‘.’
2580 5617 2591 5618 “
2692 5683 2744 5684 η
2869 5681 2920 5684 __

2181 5685 2200 5716 ³
2231 5684 2301 5730 sic
2324 5691 2422 5728 Αιιι.
2448 5684 2499 5728 et
2521 5684 2623 5726 Mss.
2651 5683 2704 5726 At
2738 5683 2812 5726 Er.
2833 5682 2885 5726 et
2904 5681 3034 5735 ων..
3059 5707 3076 5735 ,
3092 5679 3366 5732 tammulti.
