4014 6184
285 340 378 396 ’ἴΜ
1622 332 1821 388 LIBER
1861 332 2170 387 TERTIUS.

285 464 611 519 sanctorum,
632 450 871 525 profecto
891 448 1268 504 autsanaberis
1285 446 1375 501 Dei
1396 445 1758 500 misericordia
1782 445 1875 499 do-

289 559 469 612 nante,
493 546 634 617 quod
656 555 910 614 quantum
941 543 1032 599 tibi
1055 552 1255 612 optem,
1280 540 1421 595 videt
1443 541 1530 609 qui
1561 539 1719 593 faciat
1749 558 1760 593 :
1786 550 1875 593 aut

286 640 354 703 si,
372 638 512 709 quod
530 636 830 699 abominor,
852 636 902 687 in
920 633 1105 688 eadem
1123 648 1240 702 qua:
1260 631 1349 685 tibi
1366 630 1574 686 videtur
1594 630 1872 699 sapientia,

288 739 341 783 et
370 739 452 783 est
491 742 679 798 magna
729 726 945 781 stultitia
973 765 986 789 ,
1021 722 1417 793 perdurat-eris;
1443 736 1547 776 non
1581 730 1634 775 tu
1670 720 1876 789 judices

288 821 610 890 φιωεῑιιινιιε
641 834 701 875 cs
725 861 739 884 ,
766 818 852 871 ubi
879 831 1094 870 causam
1121 826 1264 869 tuam
1296 828 1522 883 purges;
1554 813 1645 867 sed
1675 813 1762 867 ubi
1799 821 1875 867 tot

288 922 503 967 sanctos
530 911 777 965 doctores
817 907 1059 979 egregios
1101 916 1258 976 atque
1289 906 1661 960 memorabiles
1691 905 1875 958 catho-

289 1003 408 1058 lica:
443 1002 678 1056 veritatis
724 1015 943 1055 accuses
968 1041 983 1063 ,
1013 998 1269 1052 lrcnzcum
1293 1037 1307 1061 ,
1339 996 1657 1065 Cyprianum
1679 1037 1692 1057 ,
1722 994 1873 1048 Reti-

232 1150 237 1157 ,
289 1093 429 1147 cium
454 1133 469 1158 ,
511 1090 810 1162 Olympium
833 1131 847 1154 ,
883 1087 1171 1153 llilarium,
1203 1086 1548 1156 Gregorium,
1581 1085 1829 1139 Basiliam
1854 1125 1869 1148 ,

289 1183 631 1237 Ambrosium
655 1223 669 1245 ,
700 1180 959 1234 Joannem
979 1220 993 1243 ,
1026 1178 1391 1232 innocentium
1409 1216 1423 1241 ,
1454 1176 1833 1247 Hieronymum
1854 1217 1870 1240 ,

3459 335 3565 395 7ft!

1981 454 2309 515 carterosqne
2335 446 2507 501 socios
2565 461 2627 501 ac
2681 448 2965 518 participes
3001 460 3189 503 eorum
3217 490 3230 513 ,
3273 448 3488 518 insuper
3509 462 3566 506 et

1983 536 2279 591 universam
2307 537 2504 591 Christi
2535 538 2822 592 Ecclesiam
2845 580 2857 601 ,
2889 539 2972 592 cui
3004 538 3192 593 divinae
3233 540 3442 594 familiae
3469 540 3566 595 do-

1981 629 2173 683 minica
2201 630 2396 683 cibaria
2444 630 2674 684 llileliter
2698 630 3063 684 ministrantes
3085 674 3099 695 ,
3141 632 3340 701 ingenti
3385 632 3435 685 in
3459 632 3565 687 Do-

1980 721 2126 774 mino
2154 721 2319 790 gloria
2361 722 2682 776 claruerunt.
2715 721 2985 777 Adversus
3016 724 3150 777 hanc
3191 736 3367 777 autem
3399 728 3560 777 mise-

1979 813 2200 867 rabilem
2221 852 2234 870 ,
2261 827 2419 881 quam
2467 813 2604 867 Deus
2652 828 2682 865 a
2712 822 2762 867 te
2803 822 3024 879 avertat,
3046 814 3302 867 insaniam
3326 854 3339 876 ,
3370 815 3445 867 sic
3476 830 3559 868 re-

1979 902 2345 972 Spontlendum
2392 918 2511 957 esse
2542 903 2694 957 vitlco
2737 904 2884 957 libris
2915 904 3047 963 luis,
3073 913 3129 957 ut
3179 904 3307 957 litlcs
3351 920 3561 973 quoque

1977 995 2231 1048 adversus
2254 1004 2303 1048 te
2325 994 2637 1050 defendatur
2663 996 2903 1058 istorum;
2933 995 3069 1048 sicut
3088 1006 3269 1049 contra
3294 994 3481 1063 impios
3510 1006 3558 1048 et

1978 1084 2171 1138 Christi
2214 1083 2481 1153 professos
2532 1085 2778 1139 inimicos
2825 1086 2983 1139 etiam
3039 1086 3206 1154 ipsum
3257 1085 3559 1139 defenditur

1979 1175 2349 1245 Evangelium.

3439 1308 3556 1319 ..-

1315 1404 1784 1510 LIBER
1868 1402 2175 1507 TER
2201 1402 2361 1507 ΤΙ
2385 1402 2587 1510 US.

353 1588 568 1651 Julianus
587 1587 821 1651 deinceps
843 1598 900 1651 ea
922 1586 1109 1633 ratione
1119 1596 1177 1651 ac
1194 1583 1444 1646 diligentia
1466 1583 1800 1651 confutaadns,
1815 1589 1869 1632 ut
1890 1581 1950 1651 ad
1959 1581 2179 1651 singulos
2201 1586 2458 1651 ιιιιιιιιιιῃίι
2476 1585 2579 1651 sius
2602 1585 2748 1634 iiitl‘t's
2770 1600 2970 1651 seozsnu
2995 1588 3341 1649 respondeatur
3366 1595 3567 1651 Singulis

288 1651 495 1700 totidem
538 1648 686 1696 libris.
734 1642 829 1695 Hoc
870 1648 1034 1710 itaque
1058 1646 1203 1694 tertio
1226 1642 1316 1710 suo
1340 1646 1632 1707 Augustinus
1654 1647 1856 1710 primum
1880 1642 2245 1710 .Iti_liaiiilili_rtiiii
2270 1642 2468 1710 refellit,
2492 1647 2539 1694 id
2562 1659 2717 1710 agens
2738 1655 2788 1697 ut
2812 1648 2991 1710 liquido
3022 1642 3269 1710 appareat,
3305 1664 3413 1698 cum
3439 1642 3565 1699 ficus

288 1724 441 1760 verus
487 1718 538 1759 et
579 1710 735 1758 turnus
771 1710 834 1776 sit
869 1705 1116 1776 hominum
1140 1705 1773 1776 conditor,gbonzeqt_te’_sint
1806 1708 1988 1776 nuptiae
2013 1705 2163 1776 etab
2187 1718 2291 1765 ipso
2315 1707 2561 1776 institutai,
2589 1705 2758 1776 malam
2783 1705 2944 1757 tanien
2972 1705 3565 1776 esse'mnciijxisceittiaiii,

285 1786 388 1835 qua
422 1784 535 1819 caro
565 1779 728 1819 contra
765 1770 985 1830 Spiritum
1024 1768 1333 1829 concupiscit.
1381 1774 1474 1815 ttoc
1506 1766 1631 1815 tualo
1662 1768 1794 1815 bene
1828 1766 1895 1814 uti
1939 1766 2215 1828 pudicitiam
2254 1767 2560 1876 coniugalem
2597 1770 2870 1831 meliusque
2895 1784 2990 1819 non
3014 1771 3086 1819 uti
3132 1786 3192 1820 co
3214 1766 3563 1821 continentiam

285 1833 596 1876 sanctiorem.
645 1830 811 1876 Malum
853 1838 1017 1876 autem
1042 1831 1166 1876 istud
1192 1842 1285 1876 non
1321 1842 1383 1876 ex
1408 1828 1500 1876 alia
1522 1829 1788 1876 substantia
1807 1840 1950 1876 uuam
1974 1840 2067 1874 nou
2094 1834 2221 1875 Deus
2238 1840 2327 1876 con
2365 1830 2526 1876 iderit.
2553 1837 2605 1876 ut
2631 1832 2907 1876 vanidicus
2932 1833 3122 1876 insanit.
3146 1835 3283 1876 nobis
3307 1848 3417 1876 esse.
3454 1848 3563 1876 mtr-

285 1828 596 1882 sauctiorem.
645 1828 811 1878 Malum
853 1838 1017 1877 autem
1042 1831 1166 1877 istud
1180 1828 1285 1876 non
1321 1842 1383 1876 ex
1408 1828 1500 1876 alia
1522 1829 1788 1877 substantia
1807 1840 1950 1890 quam
1974 1840 2067 1874 nou
2094 1834 2221 1875 Deus
2238 1840 2327 1877 con

2365 1830 2526 1895 iderit,
2553 1837 2605 1877 ttt
2631 1830 2907 1895 vanidicus
2932 1833 3122 1895 insanit,
3146 1835 3283 1881 nobis
3307 1848 3417 1882 esse
3453 1848 3563 1895 pcr-

284 1892 643 1960 niixtnni;_sed
689 1905 776 1960 per
801 1894 910 1960 stlte
952 1891 1331 1960 inobedientiam
1355 1896 1583 1960 exortum
1611 1896 1759 1951 atque
1785 1890 2074 1960 tralnctum,
2101 1896 2152 1960 et
2190 1901 2280 1960 per
2311 1890 2482 1960 gliristi
2523 1891 2849 1960 obedientiam
2873 1894 3164 1953 expiandum
3203 1902 3351 1960 atque
3388 1890 3564 1943 sanan-

282 1957 438 2017 duiu:
466 1948 602 2017 cujus
638 1948 746 2017 mali
773 1949 1324 2017 obligatiouehim,limt
1352 1951 1518 2017 debita
1558 1948 1699 2017 poma
1740 1956 2039 2017 nascentem,
2080 1948 2224 1998 solvit
2260 1949 2474 1999 indebita
2513 1953 2668 2012 gtatia
2708 1948 3067 2017 renascentem.
3116 1961 3177 2002 Ex
3214 1948 3332 2016 ipsis
3362 1968 3561 2017 quoque

283 2016 461 2076 .tuliaai
483 2009 623 2064 dictis
656 2014 826 2076 malam
850 2009 1038 2076 ostendi
1064 2009 1313 2060 libidinem
1339 2025 1352 2076 :_
1377 2009 1570 2076 quippe
1601 2012 1683 2072 qui
1710 2017 1760 2059 et
1782 2009 1997 2076 remedia
2021 2018 2187 2076 contra
2212 2022 2319 2059 eam
2361 2009 2610 2073 agnoscat,
2649 2021 2701 2062 et
2741 2015 2928 2063 ratione
2973 2015 3152 2063 frenari
3189 2009 3299 2064 eam
3328 2009 3562 2076 ve'litfae

283 2075 503 2140 denique
524 2078 650 2125 dicat
692 2074 901 2137 gloriosa
922 2075 972 2122 in
1004 2074 1155 2136 ipsam
1178 2086 1208 2122 a
1229 2072 1590 2122 continentibus
1611 2072 1835 2120 exerceri
1868 2075 2155 2121 certamina.

1581 2176 2268 2217 -η-ι-ῦοοα--υ

365 2305 586 2361 CAPUT
638 2303 922 2359 PRIMUM.
954 2333 1026 2343 —
1054 2304 1106 2357 l.
1133 2302 1248 2357 Jam
1275 2316 1448 2368 nunc,
1477 2301 1597 2372 quia
1630 2301 1742 2355 sine
1771 2301 1871 2355 du-

288 2398 381 2452 bio
408 2407 485 2451 tot
519 2407 886 2466 tantorumque
910 2404 1210 2450 sanctorum
1233 2435 1248 2459 ,
1292 2403 1345 2447 et
1387 2394 1437 2447 in
1468 2393 1634 2448 sacris
1659 2392 1872 2448 Litteris

291 2490 650 2554 eruditorum,
694 2497 748 2543 et
794 2488 845 2540 in
876 2486 1129 2541 Ecclesim
1159 2485 1417 2553 regimine
1446 2493 1550 2538 tam
1587 2484 1726 2537 clara
1756 2497 1870 2536 nie-

292 2580 465 2634 moria
495 2589 547 2633 et
584 2578 735 2631 laude
763 2577 1074 2647 pollcntium
1101 2574 1401 2629 auctoritati
1426 2574 1594 2628 sinon
1624 2573 1867 2638 cesseris,

295 2685 399 2725 nec
443 2670 803 2739 acquieveris,
854 2669 966 2723 sive
1012 2666 1544 2722 contumeliosissime
1589 2666 1727 2720 sicut
1764 2679 1871 2731 me,

284 2762 404 2817 sive
433 2757 554 2815 illos
576 2760 924 2815 verecundius
957 2769 1013 2814 et
1053 2760 1231 2813 mitius
1256 2774 1378 2814 cum
1413 2758 1587 2827 aliqua
1615 2772 1871 2827 persona-

285 2867 407 2908 rum
434 2852 739 2921 acceptione
756 2850 1084 2913 tractaveris,
1112 2849 1471 2904 tamenetiam
1498 2848 1643 2917 ipsos
1664 2862 1874 2903 errasse

281 2942 528 2997 dicturus
556 2955 616 2995 es
642 2959 658 2995 :
692 2941 760 2995 ita
790 2941 914 3005 tibi,
944 2940 1136 2995 dilecte
1162 2939 1234 2994 fili
1264 2939 1491 3002 Juliane,
1522 2940 1745 2994 Domino
1772 2938 1872 2994 do-

286 3041 454 3088 nante
481 3030 807 3101 respondere
834 3031 1006 3085 debeo
1026 3071 1044 3097 ,
1073 3039 1129 3086 et
1164 3031 1240 3085 sic
1268 3039 1388 3084 tuos
1414 3029 1577 3084 libros
1604 3037 1762 3100 atque
1788 3045 1875 3085 ar-

284 3132 538 3195 gumenta
567 3123 817 3180 refellere
841 3165 857 3191 ,
885 3134 942 3178 ut
965 3124 1010 3177 si
1053 3124 1249 3193 possis,
1291 3122 1553 3192 intelligas
1571 3163 1587 3189 ,
1619 3123 1755 3177 male
1777 3123 1870 3178 tibi

283 3215 455 3271 fuisse
484 3229 815 3285 persuasum,
849 3213 991 3284 quod
1018 3214 1136 3267 aliis
1161 3212 1480 3282 persuadere
1511 3212 1754 3277 moliris;
1788 3221 1871 3268 te-

283 3320 393 3374 que
429 3303 711 3359 salubriter
742 3305 994 3373 pmuiteat
1025 3304 1249 3358 incautae
1288 3318 1351 3356 ac
1391 3303 1685 3358 temerariae
1720 3303 1874 3373 juve-

284 3398 412 3453 nilis
453 3396 838 3468 progressionis
874 3406 928 3451 et
958 3394 1311 3468 prolapsionis
1341 3404 1478 3461 tute,
1525 3411 1631 3450 non
1668 3403 1869 3450 tantum

286 3484 385 3542 tibi
414 3495 497 3541 tua
524 3487 874 3552 correctione,
916 3502 1095 3541 verum
1127 3488 1286 3540 etiam
1316 3486 1553 3555 pluribus
1573 3488 1867 3555 profutura,

282 3578 730 3649 cognoscentibus
754 3579 906 3633 vobis
931 3589 1089 3647 atque
1116 3578 1402 3632 fatentibus
1435 3593 1594 3647 quam
1621 3594 1725 3632 non
1752 3577 1870 3633 ina-

285 3670 431 3725 niter
465 3684 730 3739 quamque
777 3669 1035 3724 veraciter
1083 3677 1161 3722 tot
1206 3677 1261 3723 et
1302 3670 1430 3723 tanti
1460 3669 1868 3724 cbristianorum

289 3769 529 3816 rectores
566 3760 919 3830 doctoresque
961 3760 1278 3830 populorum
1306 3760 1408 3815 boc
1435 3760 1485 3814 iu
1513 3760 1754 3816 Ecclesia
1780 3761 1870 3815 Dei

286 3851 576 3906 didicerint
603 3859 656 3905 et
678 3850 992 3914 docuerint,
1024 3849 1164 3919 quod
1193 3850 1304 3904 veri
1331 3850 1489 3905 simili
1522 3851 1753 3905 novitate
1777 3850 1871 3905 de-

285 3941 430 4011 cepti
457 3940 754 4010 cupiebatis
781 3950 1042 3996 evertere.
1078 3940 1134 3995 Si
1160 3949 1337 3994 autem
1355 3981 1371 4004 ,
1397 3939 1537 4009 quod
1562 3939 1657 3993 abs
1689 3949 1740 3994 te
1770 3942 1872 3995 Do-

283 4034 467 4089 minus
491 4034 697 4089 avertat
720 4074 737 4099 ,
784 4035 866 4089 vel
903 4035 981 4089 sie
1011 4033 1341 4089 tenebratmn
1377 4048 1473 4087 cor
1497 4031 1747 4087 habueris
1768 4074 1783 4098 ,
1813 4041 1871 4087 ut

284 4124 587 4194 intelligere
612 4124 711 4179 ista
749 4139 853 4179 non
878 4124 1085 4193 possis;
1132 4124 1217 4178 vel
1246 4138 1315 4177 ex
1342 4137 1407 4177 eo
1433 4137 1657 4177 numero
1680 4120 1866 4189 fueris,

283 4229 425 4284 quos
455 4215 506 4268 in
535 4214 734 4268 sanctis
756 4214 981 4269 Psalmis
1020 4215 1215 4269 veritas
1244 4222 1391 4268 notat
1425 4212 1639 4279 dicens,
1688 4211 1870 4268 Noluit

287 4306 606 4377 intelligere,
648 4315 706 4359 ut
749 4310 868 4361 bene
905 4316 1070 4379 ageret
1112 4304 1280 4379 (Prol.
1321 4322 1504 4371 xxxv,
1532 4306 1633 4379 4);
1678 4307 1762 4361 vel
1803 4323 1870 4362 ex

284 4413 378 4464 eo,
403 4398 472 4453 de
501 4398 746 4468 qualibus
774 4397 899 4453 item
925 4398 1181 4468 scriptum
1210 4408 1293 4453 est
1312 4439 1327 4463 ,
1367 4395 1539 4451 Verbis
1570 4414 1670 4451 non
1699 4415 1868 4452 emen-

285 4490 492 4545 dabitur
516 4507 686 4545 servus
706 4489 903 4555 durus;
929 4491 974 4545 si
1002 4490 1134 4545 enim
1159 4500 1205 4544 et
1236 4490 1562 4555 intellexerit,
1592 4507 1692 4544 non
1722 4492 1870 4544 obau-

204 4573 213 4583 ’
283 4583 391 4637 dict
415 4580 601 4650 (Prov.
633 4596 799 4649 χχιι,
832 4581 921 4651 l9)
969 4599 982 4635 :
1016 4597 1117 4637 nec
1149 4582 1227 4636 sic
1258 4581 1359 4636 erit
1386 4582 1485 4636 iste
1514 4581 1869 4635 infructuosus

283 4673 443 4729 labor
469 4673 557 4728 vel
588 4688 737 4727 meus
756 4715 771 4738 ,
801 4672 891 4727 vel
913 4672 1134 4727 aliorum
1162 4671 1407 4733 fratrum,
1438 4672 1526 4742 qui
1554 4686 1649 4741 per
1674 4672 1867 4726 Christi

280 4764 508 4835 gratiam
550 4754 734 4817 contra
774 4762 917 4819 hunc
958 4778 1194 4818 errorem
1224 4761 1539 4817 catholicam
1580 4761 1869 4817 defendunt

287 4853 472 4908 (idem.
504 4853 668 4908 Multo
711 4853 941 4923 amplius
965 4854 1107 4908 enim
1137 4861 1295 4908 erunt
1318 4867 1452 4922 quos
1488 4852 1701 4923 antiqua
1731 4852 1868 4906 veri-

283 4957 369 4998 tas
397 4943 480 4997 vel
511 4943 738 4997 instruat
777 4942 994 4998 defensa
1014 4982 1031 5009 ,
1063 4942 1146 4998 vel
1170 4942 1435 5011 corrigat,
1463 4942 1506 4996 si
1548 4958 1653 4996 non
1686 4940 1869 4997 defue-

279 5044 406 5090 runt
431 5047 568 5103 quos
609 5032 851 5103 irrepens
879 5048 1030 5089 error
1058 5032 1304 5089 insolitus
1329 5035 1347 5066 ί
1377 5042 1469 5087 aut
1504 5032 1861 5097 subverteret,

279 5134 372 5184 aut
393 5133 653 5180 moveret.
684 5129 760 5180 Ac
788 5140 857 5181 ne
892 5125 1107 5194 longum
1135 5126 1342 5189 faciam,
1371 5140 1477 5179 non
1506 5125 1684 5179 omnia
1703 5124 1864 5180 verba

278 5228 372 5274 tua
401 5232 594 5287 ponam
619 5234 635 5283 ;
680 5216 773 5272 sed
803 5218 848 5271 si
881 5218 1134 5272 Dominus
1156 5217 1418 5285 adjuverit
1440 5255 1455 5282 ,
1488 5225 1696 5271 tuarum
1723 5216 1869 5270 velut

271 5320 553 5366 acutarum
574 5311 1089 5381 argumentationum
1117 5311 1245 5366 nihil
1265 5327 1371 5368 non
1398 5311 1629 5367 solutum
1656 5310 1864 5367 destru-

268 5410 534 5471 clumque
557 5400 845 5459 dimittam.

344 5495 406 5549 2.
453 5494 530 5551 De
570 5494 869 5565 iudicibus,
921 5514 941 5548 ι
971 5496 1110 5567 apud
1153 5510 1289 5566 quos
1344 5502 1623 5566 propterea
1654 5511 1674 5545 ι
1730 5492 1862 5548 dicis

270 5605 296 5641 ι
334 5602 447 5642 non
476 5587 711 5655 potuisse
738 5602 833 5643 vos
861 5603 1020 5658 agere
1044 5602 1257 5644 causam
1282 5595 1531 5651 vestram,
1562 5584 1682 5656 quia
1705 5597 1863 5640 nemo

337 5700 358 5731 '
396 5699 534 5758 ωίιί.
557 5696 802 5753 Mutus.
822 5708 998 5750 omnes
1018 5707 1142 5758 διεδ..

1977 2284 2044 2334 de
2070 2281 2229 2335 rebus
2255 2280 2428 2335 dubiis
2448 2280 2583 2336 bene
2607 2283 2907 2345 consultat,
2940 2283 3040 2339 nisi
3079 2285 3167 2355 qui
3196 2286 3264 2340 ab
3294 2286 3414 2342 odio
3437 2331 3452 2355 ,
3484 2289 3560 2344 ira

1979 2378 2035 2424 et
2084 2370 2313 2424 amicitia
2372 2387 2596 2425 vacuum
2654 2383 2836 2441 pectus
2889 2375 3159 2440 attulerit;
3215 2379 3399 2446 quales
3455 2394 3558 2432 non

1979 2460 2143 2517 fuisse
2183 2480 2204 2514 ι
2250 2461 2419 2530 dicis,
2457 2479 2477 2514 ι
2509 2462 2597 2533 qui
2635 2463 2701 2517 de
2748 2478 2905 2518 causa
2951 2474 3125 2519 vestra
3169 2466 3561 2535 judicaverunt,

1981 2554 2102 2622 quia
2132 2553 2281 2622 prius
2305 2569 2424 2608 eam
2449 2563 2727 2623 coeperunt
2760 2555 2938 2610 odisse
2964 2573 3120 2625 quam
3154 2574 3311 2612 nosse
3334 2600 3348 2621 ,
3388 2578 3408 2611 ι
3451 2560 3561 2624 jam

1979 2642 2192 2711 quidem
2217 2644 2494 2711 superiore
2520 2644 2655 2697 libro
2676 2646 2923 2713 respondi
2954 2645 3089 2717 (Lib.
3113 2648 3168 2713 2,
3198 2665 3251 2700 n.
3270 2649 3360 2717 54)
3390 2667 3401 2701 :
3427 2648 3560 2715 Quia

1979 2732 2025 2787 si
2070 2733 2202 2787 tales
2233 2732 2476 2803 judices,
2522 2735 2707 2804 quales
2734 2734 2997 2802 delinivnt,
3045 2737 3186 2792 unde
3226 2738 3325 2791 hoc
3353 2740 3554 2802 dixisti,

1980 2822 2290 2887 Sallustius,
2317 2824 2627 2894 qutereretis
2650 2840 2666 2891 ;
2691 2834 2875 2879 sancto
2902 2825 3188 2880 Ambrosio
3209 2838 3261 2881 et
3283 2829 3559 2897 coepisco-

1980 2914 2063 2984 pis
2091 2914 2240 2983 ejus,
2280 2914 2367 2983 qui
2394 2914 2462 2969 de
2508 2914 2606 2969 bac
2641 2931 2699 2970 re
2732 2916 2800 2970 ab
2840 2917 2963 2971 odio
2991 2926 3153 2971 vestri
3182 2919 3264 2973 vel
3305 2920 3556 2982 amicnia,

1978 3005 2062 3060 vel
2089 3006 2187 3071 ira,
2212 3006 2297 3062 vel
2320 3006 2462 3076 quod
2485 3018 2539 3060 tu
2567 3021 2672 3062 non
2695 3009 2937 3078 posuisti,
2961 3010 3053 3063 sed
3080 3010 3361 3065 Sallustius
3387 3014 3561 3081 posuit

1980 3094 2081 3165 (De
2104 3095 2464 3168 Conjuratione
2480 3098 2732 3167 Catilinae,
2759 3101 2812 3154 in
2842 3102 3065 3155 oratione
3089 3100 3326 3174 Cesaris)
3344 3146 3357 3166 ,
3388 3107 3549 3158 mise-

1977 3187 2205 3242 ricordia
2238 3203 2332 3258 pro
2362 3189 2544 3255 vobls,
2582 3192 2666 3245 vel
2701 3202 2886 3246 contra
2928 3208 3023 3246 vos
3046 3233 3061 3258 ,
3103 3208 3326 3247 vacuum
3375 3204 3561 3262 pectus

1978 3279 2315 3345 habuerunt,
2362 3283 2573 3353 quando
2607 3283 2673 3338 de
2720 3283 2820 3338 liae
2853 3301 2911 3339 re
2953 3301 3109 3340 veras
3148 3287 3562 3355 tranquillasque

1976 3372 2270 3427 sententias
2301 3374 2650 3441 protulerunt,
2682 3379 2862 3443 utique
2887 3375 3148 3431 crdcrctis
3177 3379 3216 3430 ¹.
3247 3377 3391 3444 Quos
3418 3391 3558 3431 nunc

1976 3464 2128 3518 vobis
2155 3480 2339 3533 parum
2366 3476 2449 3519 est
2470 3465 2677 3534 judices
2704 3468 2845 3521 nolle
2865 3508 2879 3532 ,
2920 3469 3027 3524 nisi
3051 3469 3209 3522 etiam
3242 3483 3363 3523 reos
3390 3469 3563 3522 facere

1978 3554 2197 3624 insuper
2226 3554 2485 3609 audeatis.
2520 3556 2623 3609 Sed
2646 3597 2662 3622 ,
2688 3558 2909 3611 obsrcro
2943 3568 2991 3612 te
3012 3598 3025 3620 ,
3054 3558 3320 3627 quomodo
3346 3573 3559 3611 causam

1978 3655 2208 3703 vestram
2241 3648 2329 3716 qui
2351 3647 2738 3703 damnaverunt
2765 3659 2887 3702 ante
2914 3650 3380 3718 creperuntodissc
3401 3668 3559 3721 quant

1978 3739 2176 3793 nosse?
2204 3739 2303 3805 Qui
2341 3756 2458 3794 eam
2503 3742 2683 3808 procul
2730 3742 2891 3796 dubio
2927 3743 3048 3811 quia
3096 3754 3377 3809 noverant,
3427 3746 3560 3799 ode—

1979 3838 2099 3883 rant
2122 3830 2163 3880 ³.
2208 3829 2481 3885 Noverunt
2506 3831 2648 3885 enim
2674 3848 2769 3886 Vos
2799 3832 2976 3886 dicere
2997 3874 3012 3897 ,
3058 3833 3189 3886 nihil
3218 3834 3340 3886 mali
3370 3849 3562 3900 parvu-

1978 3919 2060 3973 los
2082 3918 2279 3975 habere
2304 3921 2589 3986 nascendo,
2614 3920 2751 3990 quod
2776 3922 2982 3991 purgari
3002 3922 3192 3974 debeat
3214 3921 3559 3975 renascendo.

1979 4009 2251 4065 Noverant
2287 4027 2381 4064 vos
2403 4011 2586 4066 dicere
2606 4052 2619 4076 ,
2671 4015 2891 4081 gratiam
2922 4013 3013 4066 Dei
3044 4013 3334 4066 secundum
3373 4016 3559 4065 merita

1978 4112 2161 4156 nostra
2189 4102 2302 4156 dari
2333 4120 2345 4155 :
2380 4104 2564 4171 utjam
2590 4105 2757 4172 gratia
2789 4120 2889 4156 non
2918 4113 3059 4157 esset
3085 4103 3254 4173 gratia
3284 4102 3459 4175 (Horn.
3484 4118 3560 4167 xi,

1978 4192 2033 4263 ὑ)
2057 4233 2072 4257 ,
2102 4193 2223 4260 quia
2254 4208 2359 4245 non
2389 4194 2554 4260 gratis
2580 4192 2797 4246 daretur
2821 4235 2833 4254 ,
2879 4194 2973 4247 sed
3004 4192 3294 4247 secundum
3321 4193 3558 4250 debitum

1978 4284 2307 4339 redderetur.
2354 4283 2622 4336 Nov-erant
2650 4298 2743 4335 vos
2783 4282 2997 4348 dicere,
3048 4284 3313 4338 hominem
3357 4285 3408 4337 in
3461 4284 3559 4338 hac

1979 4374 2084 4426 vita
2125 4379 2284 4442 posse
2329 4371 2529 4425 nullum
2576 4370 2773 4426 habere
2808 4381 3116 4442 peccatum;
3165 4384 3220 4427 ut
3262 4389 3366 4428 nou
3404 4374 3450 4427 ei
3495 4385 3564 4428 snt

1979 4465 2340 4519 necessarium
2370 4504 2386 4530 ,
2428 4463 2569 4532 quod
2618 4466 2668 4517 in
2706 4465 2949 4520 oratione
2987 4465 3255 4520 dominica
3299 4476 3405 4520 tota
3434 4467 3564 4521 dicit

1982 4536 2215 4610 Ecclesia
2236 4597 2250 4619 ,
2296 4553 2501 4608 Dimitte
2530 4554 2671 4609 nobis
2695 4555 2861 4610 debita
2895 4566 3065 4611 nostra
3100 4557 3312 4627 (Matth.
3344 4574 3414 4624 vi,
3450 4559 3541 4615 12)

1979 4646 2104 4699 Ιιιιξο
2133 4646 2183 4698 in
2207 4646 2359 4700 vobis
2387 4655 2664 4713 noverant,
2701 4657 2754 4702 et
2783 4648 3076 4703 rectissime
3097 4650 3318 4705 oderant
3347 4649 3387 4701 ³.
3420 4650 3559 4703 Deni-

1977 4751 2081 4805 qnc
2102 4737 2169 4787 ab
2196 4736 2273 4789 cis
2300 4751 2394 4788 vos
2420 4748 2689 4790 correctos
2715 4738 2989 4805 noverint,
3019 4749 3073 4794 et
3102 4740 3372 4792 amabunt.
3421 4738 3561 4804 Quo-

1976 4828 2118 4882 niam
2170 4843 2273 4881 uon
2316 4829 2451 4881 sicut
2484 4828 2614 4883 dicis
2635 4870 2649 4892 ,
2699 4847 2717 4880 ι
2750 4827 2805 4884 Si
2838 4830 2955 4898 quis
2984 4838 3074 4883 aut
3114 4829 3335 4883 liberum
3367 4828 3417 4880 in
3463 4834 3560 4881 lio-

1979 4919 2212 4972 minibus
2238 4918 2550 4982 arbitrium,
2592 4929 2686 4972 aut
2724 4920 2885 4974 Deum
2926 4933 3046 4973 esse
3084 4920 3411 4972 nascentium
3436 4933 3559 4970 con-

1976 5011 2203 5063 ditorem
2230 5010 2443 5075 dixerit,
2475 5010 2787 5080 Pclagianus
2811 5020 2864 5064 ct
2888 5009 3237 5065 C(nlestianus
3265 5021 3480 5063 vocatur
3498 5028 3510 5039 ο
3535 5028 3557 5061 ι

1976 5103 2070 5157 sed
2100 5103 2187 5172 qui
2224 5102 2519 5156 libertatem
2550 5102 2601 5156 in
2628 5118 2784 5171 quam
2816 5102 2983 5156 vocati
3007 5117 3190 5156 sumus
3218 5103 3273 5166 ⁵,
3308 5116 3412 5155 non
3442 5116 3561 5170 gra-

1978 5196 2066 5251 tia:
2118 5197 2209 5251 Dei
2264 5195 2540 5260 tribuerit;
2585 5205 2641 5249 et
2684 5196 2772 5264 qui
2823 5195 3165 5264 parvulorum
3221 5194 3561 5248 liberatorem

2040 5331 2057 5359 ι
2094 5337 2191 5375 Am.
2218 5333 2269 5376 et
2290 5332 2422 5384 Mss,
2444 5322 2723 5375 crederetis.

2038 5390 2059 5419 ¹
2090 5389 2162 5437 sic
2183 5393 2293 5436 διεδ.
2328 5392 2385 5436 Al.
2408 5381 2526 5436 editi
2548 5401 2560 5435 :
2584 5384 2703 5445 quia
2724 5396 2828 5435 eam
2843 5382 3011 5447 procul
3032 5381 3179 5434 dubio
3191 5390 3437 5444 noveram,
3456 5385 3562 5435 ode-

1974 5455 2099 5498 rant.

2038 5512 2059 5543 ³
2091 5508 2277 5575 aliquot
2299 5514 2405 5557 διεδ.
2428 5506 2505 5557 bir
2529 5506 2712 5575 addunt
2734 5519 2751 5575 :_
2774 5516 2887 5558 Ha'c
2916 5506 2968 5575 in
2999 5504 3128 5575 tabis
3155 5512 3401 5575 nomn,
3418 5512 3464 5557 et
3489 5519 3567 5575 re-

1974 5566 2419 5621 ctissimc'odermit.
2441 5576 2541 5618 Mox
2569 5570 2616 5616 in
2639 5568 2809 5618 editis:
2830 5567 3039 5630 Denique
3061 5566 3180 5619 siab
3201 5567 3288 5620 eis.
3316 5575 3479 5628 Abest.
3506 5568 3567 5627 si,

1972 5646 2000 5681 a
2024 5630 2371 5698 manuscriptis.

2039 5700 2055 5724 ι
2090 5700 2216 5751 Mss,
2238 5690 2290 5743 in
2312 5703 2408 5752 qna
2427 5690 2578 5742 vocati
2601 5703 2780 5742 simum.
