4014 6184
495 329 601 383 τοδ

488 444 752 499 Christum
783 435 1079 508 negaverit;
1113 440 1164 488 et
1193 431 1279 499 qui
1325 429 1552 498 :uiquam
1581 425 1632 476 in
1661 422 1760 476 hac
1785 421 1889 474 vita
1916 417 2060 488 justo

491 535 716 604 aliquam
751 531 800 585 in
831 526 1093 582 dominica
1129 523 1369 578 oraticne
1412 518 1750 588 petitionem,
1798 527 1901 566 non
1945 523 2065 579 pro-

494 600 611 696 pter
654 623 822 693 ipsum
867 600 1496 673 dixerit'necessariam;
1552 606 1663 677 ipse
1727 603 1882 674 hujus
1918 617 2064 655 erro-

491 691 566 767 ris
594 691 780 779 accipit
809 722 1001 763 nomen
1027 747 1042 772 ,
1081 703 1201 774 quia
1223 714 1406 756 errore
1429 693 1782 752 communicat
1811 691 2033 745 crimen.

563 803 615 857 5.
643 801 759 856 Jatn
789 813 916 853 vero
947 794 1354 851 Manichzeorum
1377 787 1598 844 crimine
1619 827 1634 849 ,
1670 799 1788 854 qua:
1809 780 2068 838 catholica

493 891 693 947 lumina
717 887 950 951 audeas,
986 885 1070 939 vel
1109 893 1158 938 te
1187 881 1392 937 nescias
1412 921 1428 944 ,
1464 877 1546 931 vel
1577 875 1782 930 nescire
1808 881 1857 926 te
1880 869 2068 939 ﬁngas,

497 982 788 1042 infamare,
833 994 938 1032 non
974 991 1108 1045 opus
1134 982 1216 1028 est
1256 971 1342 1025 hic
1376 969 1575 1023 dicere.
1619 965 1791 1027 Sane,
1835 971 1890 1016 ut
1915 960 2068 1019 dicis,

497 1073 540 1128 si
576 1091 595 1126 ι
633 1086 731 1142 pro
755 1069 906 1125 vobis
934 1069 1106 1134 potius
1134 1065 1200 1118 ab
1224 1063 1548 1131 lmperatore
1577 1067 1891 1124 responsum
1917 1059 2020 1114 est,
2047 1067 2066 1100 ι

495 1179 593 1218 cur
623 1141 727 1216 non
769 1163 819 1214 in
853 1161 1082 1212 medium
1121 1152 1374 1224 prosilitis
1397 1193 1412 1216 ,
1457 1159 1512 1204 et
1549 1147 1652 1202 hoc
1681 1146 1820 1201 ultro
1849 1141 2075 1213 publicis

497 1251 850 1320 potestatibus
876 1246 1146 1315 allegatis,
1177 1258 1273 1297 vos
1297 1255 1419 1296 esse
1441 1245 1798 1292 monstrantes
1815 1276 1827 1298 ,
1851 1247 2075 1302 quorum

500 1343 822 1396 christianos
859 1341 1101 1408 princeps
1127 1333 1442 1404 approbavit.
1471 1327 1668 1382 fidem?
1698 1327 1891 1380 Verum
1914 1323 1958 1377 si
1986 1323 2076 1376 Dei

502 1435 674 1500 legem
717 1445 823 1484 non
855 1430 992 1483 sicut
1030 1441 1151 1480 sese
1182 1425 1376 1486 habet,
1426 1419 1518 1474 sed
1545 1418 1682 1472 sicut
1705 1415 1856 1471 vobis
1885 1414 2076 1485 placet,

503 1521 830 1592 intelligitis;
888 1519 1012 1587 quid
1059 1518 1249 1588 mirum
1291 1513 1334 1568 si
1374 1521 1428 1566 et
1464 1512 1532 1566 de
1577 1511 1693 1580 lege
1744 1505 2082 1575 Imperatoris

505 1613 606 1666 hoc
647 1609 859 1665 facitis?
904 1607 1009 1664 Sed
1054 1607 1166 1660 lucc
1198 1616 1248 1658 te
1287 1604 1418 1658 alias
1453 1609 1826 1657 exsecuturum
1872 1597 2082 1668 plenius

505 1701 792 1771 polliceris.
847 1697 998 1768 Quod
1048 1698 1092 1751 si
1151 1695 1368 1757 feceris,
1417 1700 1510 1747 aut
1555 1690 1902 1760 redarguetur
1949 1687 2088 1741 sicut

509 1793 862 1856 insidiosum;
925 1798 1016 1843 aut
1067 1794 1440 1842 coutemnetur
1490 1783 1629 1837 sicut
1684 1781 1886 1845 inane,
1939 1776 2082 1847 quod

509 1880 697 1936 feceris
727 1880 766 1932 ¹.

580 1972 634 2024 4.
680 1967 850 2036 Quam
891 1981 1020 2020 vero
1061 1965 1202 2019 lauta
1233 1972 1288 2018 et
1328 1961 1501 2031 lepida
1543 1969 1626 2014 est
1665 1956 1948 2030 gratulatio
1979 1963 2084 2015 tua.

509 2061 650 2130 quod
687 2079 704 2111 ι
741 2075 904 2114 unum
941 2076 958 2110 ι
995 2056 1127 2110 dicis
1158 2074 1177 2107 ι
1214 2067 1508 2124 egressum,
1539 2051 1707 2121 quiin
1741 2063 1798 2102 se
1827 2060 2088 2102 summam

513 2151 680 2222 praelii
713 2151 866 2204 sitam
897 2156 1046 2217 Optat
1071 2145 1324 2214 intelligi;
1354 2161 1374 2195 ι
1408 2141 1654 2197 videlicet
1676 2137 2044 2208 utPelagianis
2066 2137 2087 2167 '

517 2253 572 2297 tu
603 2241 830 2296 videaris
861 2237 1023 2293 David
1045 2279 1059 2301 ,
1104 2253 1202 2306 ego
1227 2246 1403 2290 autem
1433 2232 1634 2288 Colias.
1685 2229 1923 2292 Videris,
1952 2227 1998 2282 si
2037 2235 2091 2280 ιιι

516 2333 618 2387 hoc
646 2329 896 2385 induxisti
927 2334 1137 2397 paetum
1165 2335 1220 2380 et
1249 2325 1497 2394 placitum
1529 2336 1648 2376 cum
1689 2317 2007 2388 Pelagianis.
2039 2326 2094 2368 ut

522 2425 566 2478 si
598 2424 768 2478 victus
789 2421 980 2484 fueris,
1005 2419 1132 2473 nihil
1161 2416 1383 2471 ulterius
1403 2415 1477 2468 illi
1502 2413 1748 2468 audeant.
1784 2410 1894 2480 Ego
1920 2421 2114 2461 attteut~

519 2513 657 2567 absit
687 2522 744 2564 ut
782 2510 846 2564 ad
873 2507 1296 2564 monomachiam
1323 2520 1419 2558 vos
1457 2516 1743 2573 provocem
1767 2541 1781 2564 ,
1813 2515 1946 2570 quos
1985 2500 2098 2550 nhi—

521 2618 746 2672 cumque
773 2599 1120 2670 apparueritis
1140 2639 1156 2662 ,
1187 2597 1378 2666 ubique
1398 2593 1621 2649 diffusus
1649 2591 1844 2647 Christi
1871 2590 2102 2645 debellat

521 2693 820 2757 exercitus;
863 2690 952 2760 qui
999 2687 1290 2744 debellavit
1343 2685 1481 2755 apud
1510 2682 1882 2752 Carthaginem
1923 2679 2099 2734 Cmic-

523 2783 704 2847 stium,
731 2778 1066 2850 quandoillic
1095 2778 1208 2846 ipse
1229 2791 1333 2830 non
1355 2789 1536 2838 eram;
1565 2783 1618 2828 ct
1643 2787 1826 2827 rursus
1854 2771 2104 2824 Conslan-

527 2872 746 2942 tinopoli
790 2873 865 2942 (a)
907 2879 1012 2926 tam
1062 2870 1218 2938 longe
1253 2883 1284 2922 a
1320 2866 1628 2939 regionibus
1671 2863 1934 2919 Africanis
1970 2880 1983 2914 :
2017 2861 2104 2930 qui

523 2963 808 3020 debellavit
833 2964 883 3018 in
917 2963 1196 3017 Palmstina
1221 2959 1512 3030 Pelagium,
1538 2957 1624 3012 ubi
1642 2970 1854 3011 causam
1879 2963 2105 3008 vestram

469 3093 477 3100 ν
528 3071 641 3110 suae
669 3053 1028 3108 damnationis
1060 3051 1250 3105 timore
1275 3047 1543 3104 damnavit
1575 3065 1588 3102 :
1623 3045 1692 3101 ibi
1719 3045 1862 3100 enim
1891 3043 2108 3098 omnino

529 3146 722 3201 cecidit
749 3143 972 3199 hmresis
997 3133 1194 3196 vestra.
1229 3143 1294 3195 Et
1319 3140 1437 3209 quia
1467 3139 1558 3194 ille
1575 3180 1592 3206 ,
1631 3137 1784 3206 cujus
1809 3135 1971 3205 figura
1997 3143 2111 3187 erat

535 3237 721 3304 David,
749 3246 935 3291 contra
962 3249 1088 3289 suos
1115 3232 1448 3287 adversarios
1478 3231 1530 3284 in
1555 3231 1664 3285 suis
1691 3229 1938 3282 omnibus
1967 3226 2109 3280 mili-

531 3329 670 3382 tibus
701 3335 926 3399 pugnat,
971 3337 1210 3378 errorem
1239 3332 1477 3376 vestrum
1509 3320 1668 3374 etiam
1700 3317 1894 3388 Pelagii
1933 3317 2111 3387 lingua

535 3432 783 3490 tanquam
814 3417 836 3448 '
880 3415 1131 3488 prostrati
1169 3422 1223 3469 et
1260 3411 1486 3483 jacentis
1525 3409 1699 3482 gladio
1746 3407 2112 3464 detruncavit.

534 3511 666 3566 Nam
695 3509 833 3580 quod
861 3519 914 3563 tu
932 3507 1258 3576 dedignaris,
1293 3523 1313 3556 ι
1345 3511 1622 3574 prOpterea
1641 3516 1734 3556 vos
1756 3515 1934 3580 novos.
1950 3499 2118 3554 haere-

537 3601 669 3654 ticos
694 3599 818 3664 diei,
849 3597 970 3668 quia
988 3611 1146 3651 omne
1167 3594 1363 3649 malum
1382 3591 1522 3664 quod
1545 3599 1818 3663 peccatum
1847 3589 2115 3656 delinitur,

539 3690 774 3744 asseritis
810 3703 914 3742 non
965 3688 1016 3742 in
1055 3697 1262 3750 natura,
1309 3685 1402 3739 sed
1434 3684 1486 3738 in
1508 3683 1620 3737 sola
1643 3683 1914 3737 voluntate
1941 3681 2118 3735 consi-

539 3793 702 3847 stere,
735 3799 755 3833 ι
781 3779 890 3850 jam
916 3779 1067 3834 vobis
1093 3777 1335 3847 Pelagius
1357 3819 1370 3843 ,
1403 3776 1510 3830 imo
1540 3791 1636 3844 per
1662 3775 1894 3844 linguam
1924 3771 2122 3842 Pelagii

495 3883 498 3888 '
544 3873 796 3927 Dominus
849 3870 1160 3940 amputavit.
1216 3869 1433 3922 Titnens
1485 3867 1682 3936 quippe
1726 3867 1816 3919 ille
1859 3863 2119 3929 damnari,

495 3983 498 3986 ’
541 3963 811 4020 damnavit
835 3975 929 4016 eos
956 3961 1043 4030 qui
1074 3959 1292 4022 dicunt,
1325 3957 1552 4012 infantes
1580 3957 1786 4011 etiamsi
1817 3970 1924 4010 non
1950 3955 2123 4026 bapti-

545 4062 748 4119 zentur,
779 4051 974 4106 habere
1001 4051 1158 4104 vitam
1189 4057 1462 4102 :eternam.
1501 4046 1600 4116 Qui
1626 4061 1754 4116 ergo
1781 4046 1982 4116 negatis
2008 4060 2128 4102 esse

546 4147 598 4202 in
629 4146 844 4217 parvulo
872 4144 1069 4199 malum
1089 4187 1106 4209 ,
1151 4141 1293 4214 quod
1322 4141 1638 4211 Baptismate
1664 4139 1926 4202 diluatur;
1971 4136 2130 4192 dicite

489 4230 495 4236 ’
547 4253 653 4307 quo
700 4237 890 4293 merito
935 4235 1184 4306 parvulus
1230 4249 1334 4287 non
1381 4231 1673 4302 baptizatus
1715 4238 1912 4284 aeterna
1960 4235 2130 4282 morte

551 4335 830 4401 plectatur.
853 4329 958 4386 Sed
988 4330 1114 4400 quid
1162 4327 1292 4382 estis
1333 4325 1561 4392 dicturi,
1609 4323 1708 4378 nisi
1749 4323 1884 4377 forte
1915 4320 2130 4391 Pelagio

553 4421 879 4476 maledicturi
900 4422 924 4474 ?
949 4419 1046 4487 Qui
1072 4428 1244 4472 tamen
1268 4416 1313 4472 si
1335 4417 1484 4470 vobis
1510 4413 1948 4469 maledicentibus
1973 4411 2132 4477 dicat,

557 4515 622 4568 Et
643 4514 766 4584 quid
787 4513 992 4566 velletis
1009 4520 1065 4565 ut
1089 4508 1357 4564 facerem?
1380 4524 1447 4561 an
1474 4506 1683 4561 dicente
1697 4504 1794 4560 Clu
1809 4504 1931 4567 isto,
1956 4501 2016 4558 Si
2037 4518 2136 4556 non

557 4601 977 4657 manducarert'tis
1015 4616 1176 4653 nteant
1217 4615 1452 4664 carnem,
1497 4606 1543 4650 et
1579 4595 1797 4649 biberitis
1825 4610 1988 4646 meum
2015 4609 2136 4646 san-

554 4695 756 4766 guinem
776 4733 792 4758 ,
844 4707 944 4744 non
983 4687 1222 4743 habebitis
1258 4687 1407 4741 vitam
1437 4687 1488 4739 in
1529 4684 1664 4739 vobis
1692 4683 1868 4756 (Joan.
1895 4699 1978 4747 vl,
2011 4681 2135 4752 54);

555 4787 790 4841 dicturus
820 4782 1020 4836 fueram
1063 4779 1336 4850 parvulum
1367 4777 1668 4832 habiturum
1695 4775 1877 4867 vitam,
1905 4775 1994 4842 qui
2023 4774 2139 4829 sine

558 4879 658 4933 isto
683 4877 1028 4932 Sacramenta
1074 4871 1276 4926 finisset
1319 4870 1455 4924 hanc
1482 4869 1686 4923 vitam?
1730 4877 1858 4938 puto
1878 4867 2016 4936 quod
2049 4882 2142 4920 vos

561 4967 898 5024 maledixisse
942 4963 1146 5018 homini
1190 4961 1482 5032 paenitebit.
1527 4959 1642 5013 Jam
1679 4974 1772 5012 vos
1811 4971 1940 5026 ergo
1987 4956 2145 5010 totius

561 5061 816 5130 ptettiteat
843 5057 1002 5127 hujus
1031 5057 1251 5112 erroris.
1349 5043 1356 5048 ’

633 5151 684 5206 5.
717 5149 794 5205 Ne
834 5156 1146 5218 argumento
1173 5145 1474 5200 miserrimo
1504 5142 1722 5198 utamini
1744 5183 1758 5207 ,
1787 5157 1891 5210 quo
1919 5138 2146 5194 universi

565 5251 780 5296 utuntur
801 5241 1058 5305 haeretici,
1091 5254 1225 5306 quos
1252 5253 1280 5290 a
1315 5236 1611 5307 perniciosa
1643 5234 1853 5289 licentia
1883 5233 2026 5303 leges
2053 5233 2150 5284 itn-

631 5354 648 5384 ι
681 5352 752 5402 sic
772 5357 881 5400 uss.
903 5349 1022 5399 Editi
1045 5363 1182 5414 vero,
1203 5348 1330 5414 quod
1353 5347 1538 5412 fateris.

630 5414 650 5444 ³
681 5420 802 5462 ἸἸὊ8
827 5419 956 5471 Mss,
984 5409 1290 5473 Pelagianae.

635 5473 656 5505 ³
689 5480 810 5534 Am.,
841 5464 1021 5536 pugnat
1063 5464 1282 5522 errorem
1317 5478 1541 5530 vestrum,
1567 5467 1711 5519 etiam
1731 5465 1917 5536 pelagi?
1941 5464 2154 5536 linguqm

571 5527 812 5592 tmquam'.
842 5527 1059 5581 'ErFattun
1079 5540 1279 5582 secutus
1299 5527 1544 5594 Erasmus,
1565 5532 1767 5581 mutavit
1811 5527 2154 5586 tantummodo,

574 5598 752 5654 νυθηαι
763 5625 787 5654 νγ
803 5594 872 5654 ίαν
1296 5653 1300 5654 ν
1716 5652 1727 5654 _
1887 5649 1900 5654 -
2110 5647 2121 5654 .

763 5625 788 5655 Ἀ
803 5605 872 5655 ιιι,

659 5653 710 5722 a)_
744 5647 1095 5722 vide'ititjrafin
1127 5653 1337 5722 secunda
1359 5652 1835 5722 parteLAppendicLs,
1871 5649 1936 5701 dc
1975 5647 2156 5714 synodo

575 5709 1086 5768 Wmunopolitana
1111 5715 1202 5760 sub
1226 5709 1375 5762 Attico
1394 5713 1556 5763 habita
1573 5709 1702 5761 anno
1725 5709 1834 5762 M7.

1276 308 1543 366 CONTRA
1584 301 1920 361 JULIANL'M
1959 297 2416 365 PELACIANUM,
2459 298 2516 352 S.
2557 293 2918 354 AUGUSTINI

3641 289 3748 352 7οὸ

2170 425 2469 482 peratorum
2497 413 2874 468 catholicorum
2906 417 3172 481 premunt.
3200 408 3398 466 Omnes
3425 409 3622 480 quippe
3645 411 3743 465 hu-

2164 505 2396 574 jnsmodi
2424 504 2638 566 dicunt,
2684 505 2824 574 quod
2852 503 2962 574 ipse
2995 502 3208 566 dixisti,
3246 520 3265 552 ι
3307 500 3574 557 Laborare
3603 503 3756 557 illam

2173 604 2371 664 partem
2401 595 2618 650 rationis
2639 593 2834 662 inOpia,
2859 610 2974 664 quae
3019 594 3068 646 in
3092 591 3404 646 disserendo
3427 607 3546 646 cum
3573 601 3750 647 terro-

2173 703 2282 742 rem
2328 688 2614 758 subrogat,
2662 687 2861 742 nullum
2885 703 2914 740 a
2949 686 3294 754 prudentibus
3333 684 3614 755 impetrat,
3654 683 3750 741 sed

2171 795 2368 834 caecum
2397 780 2776 852 a_meticulosis
2792 786 3076 848 extorquet
3099 791 3396 832 assensum.
3423 793 3442 827 ι
3475 774 3608 830 Novi
3633 776 3753 844 qui-

2173 871 2293 925 dem
2320 871 2550 924 ha-rvtiri
2580 885 2672 922 vos
2699 871 2826 923 estis
2845 907 2861 922 .
2901 868 2994 923 sed
3027 868 3178 922 istam
3211 883 3345 928 pene
3374 867 3616 921 omnium
3639 865 3756 919 ha:-

2178 967 2474 1024 reticorum
2501 967 2735 1014 veterem
2765 965 2948 1007 vocem
2975 962 3096 1002 cum
3122 942 3328 998 ca-teris
3355 938 3646 1008 agnovistis
3670 947 3762 990 at-

2178 1073 2283 1131 que
2327 1052 2594 1113 tenuistis.
2650 1046 2761 1104 Nec
2805 1058 2902 1098 vos
2949 1054 3049 1094 nec
3097 1037 3230 1091 alios
3275 1028 3576 1100 decipiatis,
3613 1025 3761 1080 velut

2181 1122 2340 1206 talem
2371 1159 2558 1200 vocem
2602 1141 2860 1196 habentes
2901 1133 3180 1187 adversum
3231 1141 3350 1188 nos,
3403 1122 3614 1194 qualem
3661 1133 3762 1173 nos

2180 1243 2460 1297 adversum
2511 1232 2838 1296 Donatistas,
2887 1238 3022 1296 quos
3063 1221 3130 1278 ad
3174 1218 3520 1276 Collationem
3575 1211 3759 1267 nobis.

2180 1349 2302 1390 cum
2352 1329 2533 1384 venire
2575 1340 2668 1394 per
2710 1316 3170 1390 imperialiajussa
3214 1307 3570 1380 compulimus
3617 1301 3759 1373 (ιιιο.

2181 1441 2300 1482 rum
2342 1422 2487 1478 enim
2542 1421 2690 1472 furor
2739 1415 3089 1481 occupaverat
3137 1403 3368 1458 Africam
3417 1408 3617 1461 totum,
3663 1404 3760 1449 nec

2181 1513 2458 1591 przcdicari
2502 1526 2532 1565 a
2567 1506 2855 1563 Catholicis
2881 1501 3158 1556 veritatem
3199 1503 3381 1548 contra
3409 1504 3565 1546 suum
3597 1485 3754 1589 patie-

2185 1578 2376 1664 bantur
2401 1616 2659 1665 errorem,
2687 1593 2941 1650 violentis
2980 1586 3430 1661 aggressiouibus,
3481 1578 3766 1634 latrocina-

2186 1697 2417 1756 tionibus
2434 1695 2475 1762 ί,
2528 1691 2774 1745 itinerum
2821 1681 3205 1743 obsidionibus,
3260 1665 3480 1746 rapinis,
3533 1669 3766 1740 ignibus,

2185 1787 2421 1845 aedibus
2445 1759 2606 1837 multa
2632 1785 2922 1838 vastantes,
2951 1781 3141 1829 cuncta
3171 1765 3485 1834 terrentes):
3510 1777 3632 1816 cum
3650 1759 3764 1830 quia

2186 1881 2287 1936 bus
2322 1875 2460 1947 apud
2503 1875 2803 1943 episcopos,
2847 1879 2983 1936 quos
3022 1872 3331 1918 communes
3379 1871 3484 1910 non
3534 1852 3766 1906 habeba—

2188 1983 2330 2035 mus,
2357 1942 2489 2022 nihil
2517 1942 2675 2034 agere
2715 1969 3046 2029 poteramus;
3099 1951 3238 2022 quod
3283 1963 3411 2002 vero
3447 1957 3572 1998 ante
3603 1942 3769 1997 ferme

2187 2069 2400 2118 centum
2429 2070 2600 2110 annos
2640 2051 2870 2120 majores
2899 2045 3065 2104 nostri
3096 2059 3216 2098 cum
3263 2041 3343 2096 eis
3388 2044 3629 2107 egerant,
3657 2035 3769 2102 jam

2190 2149 2506 2224 populorum
2551 2143 2804 2198 memoria
2832 2153 2938 2194 non
2969 2135 3196 2192 tenebat.
3234 2133 3356 2186 llwc
3397 2129 3556 2200 igitur
3583 2141 3770 2181 neces-

2189 2221 2319 2298 sitas
2343 2238 2618 2308 compulit,
2651 2243 2707 2287 ut
2731 2232 2916 2286 saltem
2943 2224 3106 2298 gestis
3130 2234 3307 2278 nostra
3331 2221 3626 2278 Collatioue
3642 2233 3774 2271 con-

2191 2323 2364 2397 fectis,
2395 2347 2578 2386 eorum
2621 2323 3070 2381 coutttndcremus
3119 2315 3570 2376 inverecundiam,
3603 2319 3658 2366 et
3690 2325 3774 2365 re-

2193 2431 2544 2502 primeremus
2569 2420 2862 2477 audaciam.
2906 2416 3092 2470 Vestra
3136 2427 3267 2468 vero
3293 2407 3430 2478 apud
3459 2416 3777 2475 competens

2189 2495 2444 2594 judicium
2463 2506 2822 2572 communium
2850 2507 3218 2578 episcoporum
3248 2499 3407 2555 modo
3433 2511 3596 2551 causa
3625 2495 3777 2548 finita

2193 2593 2307 2670 est:
2339 2622 2438 2664 nec
2465 2604 2693 2675 amplius
2739 2599 3011 2655 vobiscum
3054 2593 3316 2665 agendum
3358 2597 3462 2653 est,
3514 2595 3776 2659 quantum

2194 2703 2270 2759 ad"
2284 2702 2371 2775 jus
2395 2697 2655 2756 examinis
2685 2693 2932 2766 pertinet,
2960 2687 3060 2743 nisi
3091 2696 3148 2740 ut
3175 2685 3435 2754 prolatam
3475 2680 3544 2734 de
3589 2679 3692 2732 hac
3721 2692 3780 2732 re

2194 2772 2513 2856 sententiam
2541 2807 2660 2845 cum
2694 2802 2820 2857 pace
2849 2779 3179 2853 sequamini:
3207 2776 3350 2848 quod
3387 2776 3431 2830 si
3474 2772 3777 2837 nolueritis,

2206 2883 2238 2918 a
2265 2867 2563 2920 turbulenta
2587 2863 2672 2918 vel
2710 2861 2960 2918 insidiosa
3003 2861 3364 2934 inquietudine
3407 2858 3786 2914 cohibeamini.

2207 2955 2423 3011 Similes
2450 2965 2636 3011 autem
2657 2953 2830 3023 potius
2846 2953 2980 3008 estis
2997 2951 3422 3016 Maximianistis,
3453 2952 3542 3019 qui
3573 2949 3793 3018 cupien-

2212 3054 2290 3100 tes
2316 3046 2652 3115 exiguitatem
2682 3059 2832 3098 suam
2865 3043 3080 3098 nomine
3109 3042 3299 3096 saltem
3334 3040 3644 3095 certaminis
3673 3053 3794 3094 con.

2212 3137 2392 3198 solari,
2425 3146 2479 3189 et
2509 3135 2628 3190 ideo
2659 3133 2825 3188 videri
2865 3131 3062 3204 aliquid
3089 3131 3226 3202 apud
3257 3146 3356 3186 eos
3378 3171 3393 3195 ,
3435 3130 3632 3200 quibus
3657 3144 3791 3184 con.

2215 3225 2535 3298 temptibiles
2580 3233 2772 3291 erant,
2823 3225 2946 3294 quia
2991 3223 3126 3278 inire
3167 3222 3442 3277 nobiseum
3483 3221 3792 3282 sinerentur

2213 3335 2470 3383 examen;
2521 3317 2922 3386 interpellantes
2952 3331 3046 3370 eos
3085 3323 3142 3369 et
3168 3313 3406 3368 libellum
3430 3311 3624 3367 dantes
3661 3325 3795 3380 pro-

2215 3419 2573 3480 vocantesque
2599 3407 3032 3476 contempsimus.
3056 3405 3222 3476 Magis
3243 3404 3386 3460 enim
3411 3403 3480 3458 de
3505 3401 3800 3458 certamine

2219 3501 2478 3557 nominari
2505 3498 2912 3564 desiderabant,
2957 3511 3114 3568 quam
3155 3493 3511 3550 formidabant
3544 3494 3597 3548 in
3637 3503 3806 3547 certa-

2221 3593 2366 3648 mine
2401 3595 2636 3661 superarl
2669 3607 2683 3642 :
2714 3604 2812 3644 nec
2857 3587 3142 3658 sperabant
3160 3586 3396 3640 victoria:
3415 3584 3635 3654 gloriam
3655 3624 3672 3648 ,
3711 3581 3804 3637 sed

2224 3685 2414 3739 famam
2443 3681 2786 3752 requirebant
2805 3678 3138 3742 Collationis,
3166 3677 3287 3746 quia
3314 3675 3670 3730 multitudinis
3697 3689 3804 3728 non

2226 3777 2508 3830 habebant.
2534 3775 2590 3830 Si
2616 3787 2744 3844 ergo
2769 3773 2966 3842 putatis
2995 3769 3115 3825 ideo
3139 3785 3235 3824 vos
3257 3781 3376 3822 esse
3401 3768 3653 3833 victores,
3685 3767 3808 3836 quia

2227 3886 2334 3926 non
2391 3868 2543 3923 vobis
2590 3865 2772 3921 datum
2827 3872 2914 3920 est
2961 3862 3116 3932 quale
3171 3860 3488 3916 desideratis
3539 3872 3804 3916 examen;

2229 3959 2630 4016 Maximianistze
2653 3971 2749 4011 vos
2785 3955 2851 4010 ad
2891 3955 2990 4010 ista
3029 3953 3334 4023 vaniloquia
3379 3959 3804 4020 praecesserant:

2228 4052 2473 4123 quamvis
2509 4048 2720 4106 dederit
2757 4047 2910 4102 vobis
2946 4046 3183 4101 Ecclesia
3224 4043 3484 4100 catholica
3528 4042 3807 4113 judicium,

2231 4145 2386 4215 quale
2411 4143 2628 4208 debuit,
2658 4141 2748 4194 ubi
2776 4154 2937 4194 causa
2965 4148 3141 4193 vestra
3170 4137 3320 4191 finita
3346 4144 3430 4191 est
3457 4152 3470 4188 :
3501 4135 3608 4190 illis
3631 4143 3811 4187 autem

2234 4235 2434 4290 nullum
2457 4233 2588 4288 dare
2611 4231 2826 4302 dignata
2851 4239 2962 4295 est;
3003 4229 3126 4299 quia
3156 4243 3261 4283 non
3293 4242 3323 4280 a
3354 4226 3509 4281 nobis
3532 4226 3672 4280 sicut
3696 4239 3814 4287 vos,

2235 4329 2327 4381 sed
2349 4341 2378 4380 a
2401 4324 2688 4378 Donatistis
2727 4319 2939 4376 fuerant
2965 4319 3246 4390 segregati.
3274 4319 3330 4374 Si
3356 4325 3536 4372 autem
3563 4317 3617 4371 in
3655 4315 3819 4370 nasi-

2239 4417 2500 4472 mianistis
2534 4415 2725 4470 videtis
2763 4428 2867 4470 non
2907 4427 3026 4467 esse
3054 4426 3424 4481 consequens,
3478 4418 3537 4464 ut
3566 4409 3652 4479 qtti
3692 4423 3817 4462 con-

2240 4510 2379 4565 ferre
2410 4510 2462 4563 in
2492 4508 2670 4578 aliquo
2693 4505 2894 4576 judicio
2924 4519 3030 4558 non
3059 4505 3306 4558 sinuntur
3327 4543 3344 4568 ,
3392 4501 3564 4570 putari
3594 4499 3823 4554 debeant

2241 4601 2307 4656 de
2333 4601 2555 4655 veritate
2592 4596 2864 4651 conlidere
2897 4613 2909 4648 :
2942 4595 3107 4649 nolite
3154 4594 3375 4648 ulterius
3411 4591 3528 4645 haec
3570 4606 3704 4644 vana
3739 4589 3822 4657 ja-

2242 4703 2387 4747 ctare
2411 4706 2425 4754 ;
2459 4688 2714 4757 vobisque
2738 4686 2988 4752 sufficiat,
3016 4685 3154 4754 quod
3181 4699 3278 4738 vos
3299 4683 3536 4738 Ecclesia
3563 4681 3826 4736 catholica

2244 4794 2298 4838 et
2319 4791 2557 4837 materna
2578 4778 2797 4834 leuitate
2815 4777 3106 4841 sustinuit,
3135 4783 3189 4830 et
3213 4773 3496 4843 judiciaria
3518 4773 3824 4831 severitate,

2247 4875 2326 4928 vel
2351 4872 2526 4942 potius
2549 4869 2850 4924 medicinali
2881 4868 3196 4923 necessitate
3220 4863 3509 4919 damnavit.
3535 4854 3546 4864 ’

2317 4964 2371 5018 6.
2410 4960 2514 5016 Sed
2537 4973 2604 5014 ne
2629 4958 2911 5028 superﬂuis
2937 4958 3282 5012 immorentur
3301 4997 3317 5019 ,
3347 4953 3540 5008 omitto
3566 4951 3826 5008 tumultus

2249 5052 2649 5108 maledictorum
2683 5059 2738 5104 et
2779 5049 3138 5104 convicion
3181 5058 3428 5112 tuorum,
3469 5046 3585 5102 sive
3625 5061 3744 5115 quas
3773 5045 3824 5097 iu

2250 5143 2508 5216 principio
2545 5141 2856 5212 congessisti
2885 5141 3063 5210 operis
3091 5139 3194 5206 tui,
3223 5141 3335 5195 sive
3373 5154 3492 5208 qua:
3517 5153 3619 5208 per
3646 5152 3830 5191 omnes

2253 5235 2467 5292 eosdem
2495 5243 2721 5305 quatuor
2751 5233 2912 5287 libros
2937 5247 3075 5302 pene
3101 5247 3360 5300 nusquam
3391 5243 3646 5300 spargere
3671 5229 3835 5282 desti-

2257 5329 2362 5381 tisti
2386 5347 2400 5392 ;
2428 5343 2497 5381 ne
2521 5325 2768 5395 gravibus
2795 5323 3096 5378 hominibus
3121 5329 3308 5376 neuter
3335 5330 3576 5376 nostrum
3605 5319 3839 5388 disputa-

2260 5426 2343 5472 tor
2367 5417 2562 5488 gravis,
2575 5415 2668 5470 sed
2695 5415 2824 5470 levis
2849 5421 3070 5484 uterque
3096 5412 3324 5483 litigator
3349 5419 3624 5482 appareat.
3648 5411 3674 5460 \
3695 5409 3838 5462 idea-

2259 5523 2376 5563 mus
2398 5507 2508 5577 jam
2537 5507 2708 5577 potius
2730 5505 2855 5575 quid
2883 5503 3074 5559 alieras
3092 5543 3108 5570 ,
3139 5502 3277 5557 unde
3305 5516 3391 5556 tne
3409 5541 3425 5566 ,
3456 5500 3597 5555 sicut
3625 5498 3843 5568 promit-

2262 5599 2358 5661 tis.
2412 5594 2662 5652 ostendas
2713 5595 2954 5650 homines
3004 5600 3061 5648 et
3107 5591 3318 5661 nuptias
3371 5589 3588 5645 diabolo
3635 5585 3844 5642 auctori

2329 5713 2342 5739 ¹
2382 5715 2480 5755 Am.
2503 5721 2555 5756 ac
2581 5715 2682 5753 uss.
2703 5705 2923 5754 Gallicani
2953 5714 3002 5754 et
3028 5703 3247 5753 Vaticani.
3277 5698 3687 5752 latrocinamini.
