4014 6184
316 300 422 364 vos
1143 268 1155 312 ¹

315 400 567 479 tribucre.

387 509 614 567 CAPUT
641 509 704 564 ll.
733 536 802 571 -τ
830 508 880 560 7.
906 505 1059 561 Certe
1092 501 1454 576 redarguenda
1484 498 1573 558 tibi
1604 520 1720 558 mea
1749 496 1907 555 verba

318 603 608 675 proponis;
645 599 836 671 quibus
880 598 1165 668 propositis
1208 597 1350 651 velut
1392 595 1737 665 respondens,
1786 610 1906 661 per-

324 694 550 750 suadere
597 691 842 751 conaris,
900 707 918 741 t
957 697 1143 743 eontra
1194 703 1280 741 tne
1326 688 1498 755 ipsum
1542 686 1771 739 locutum
1823 699 1907 738 me

319 786 519 838 fuisse:
547 783 633 862 qui
664 797 783 836 cum
816 790 1036 851 propter
1062 794 1233 831 meum
1264 776 1628 832 defensionem
1660 776 1902 838 dixerim,

316 876 386 929 ab
416 874 681 929 hazreticis
712 872 861 925 novis
890 869 992 924 dici
1039 883 1137 921 nos
1166 868 1509 921 damnatores
1543 880 1663 919 85:0
1694 865 1905 932 nuptia-

319 983 436 1021 rum
461 1007 476 1030 ,
508 966 789 1035 aperisque
818 962 1003 1024 divini,
1032 970 1214 1035 postea
1242 959 1294 1013 id
1321 956 1649 1022 abstulerim,
1683 956 1907 1011 dicendo

319 1057 372 1112 in
398 1055 561 1111 semis
588 1054 777 1108 unciis‘
810 1052 1067 1122 possideri
1097 1051 1366 1104 hominem
1397 1058 1704 1103 nascentem
1735 1062 1764 1101 a
1797 1046 1906 1103 Deo

319 1158 374 1203 et
418 1164 447 1201 a
492 1146 723 1212 diabolo,
770 1145 853 1199 vel
896 1144 1067 1213 potius
1108 1151 1273 1196 totum
1313 1156 1343 1194 a
1382 1139 1593 1194 diabolo
1623 1138 1903 1209 possideri,

320 1250 539 1307 prorsus
563 1236 779 1290 excluso
808 1235 916 1289 Deo
943 1232 1086 1287 velut
1109 1231 1177 1285 ab
1202 1230 1454 1285 universa
1483 1245 1576 1283 sua
1602 1230 1903 1299 possessio-

318 1343 410 1387 ne.
441 1327 578 1396 quod
610 1337 692 1379 est
718 1327 896 1378 homo.
937 1344 954 1374 ι
988 1322 1087 1378 Ubi
1119 1331 1202 1377 est
1230 1337 1452 1376 acumen
1486 1329 1652 1384 tuum,
1683 1336 1789 1390 quo
1814 1318 1904 1373 tibi

317 1419 517 1473 videris
538 1429 590 1473 et
631 1417 925 1486 categorias
952 1415 1314 1470 Aristotelicas
1337 1423 1641 1480 assecutus,
1670 1424 1717 1468 et
1747 1412 1904 1467 aliam

317 1512 611 1565 dialectica:
628 1510 755 1563 artis
770 1507 1057 1565 astutiam?
1076 1508 1218 1562 Itane
1246 1521 1347 1561 non
1364 1504 1594 1561 attendis
1617 1507 1736 1570 hoc,
1765 1503 1906 1574 quod

319 1600 453 1654 mihi
480 1600 546 1654 de
582 1600 814 1670 parvulis
846 1598 1123 1668 objecisti,
1156 1596 1225 1652 de
1256 1596 1577 1666 quibuslibet
1617 1595 1907 1665 majoribus

317 1690 481 1744 malis
512 1689 814 1743 hominibus
840 1689 1048 1758 utrique
1078 1696 1316 1742 nostrum
1346 1687 1503 1755 objici
1532 1701 1689 1755 posse
1713 1687 1781 1742 ab
1808 1685 1905 1739 ali-

318 1796 432 1850 quo
457 1781 761 1835 adversario
794 1778 1069 1851 veritatis?
1099 1779 1371 1847 Interrogo
1401 1778 1542 1833 enim
1571 1787 1643 1843 te,
1687 1776 1815 1847 quid
1840 1776 1907 1831 de

323 1870 562 1924 nondum
590 1877 903 1939 regenerato
931 1868 1145 1922 homine
1188 1868 1420 1937 pessimo
1445 1881 1780 1937 quocumque
1820 1882 1907 1923 re-

310 1964 612 2029 spondeas.
643 1960 841 2015 Saltem
882 1959 1040 2012 istum
1077 1957 1349 2013 confiteris
1388 1972 1508 2012 esse
1547 1958 1646 2013 sub
1674 1958 1905 2025 diabolo,

322 2052 427 2105 nisi
466 2058 779 2106 renascatur
817 2050 870 2104 in
909 2048 1163 2104 Christo:
1196 2063 1261 2103 an
1291 2059 1345 2104 et
1372 2048 1474 2103 hoc
1500 2049 1702 2119 negas?
1727 2048 1783 2103 Si
1810 2064 1902 2104 ne-

314 2159 437 2213 gas,
470 2143 559 2214 qui
586 2152 709 2196 sunt
733 2156 861 2212 ergo
889 2157 1022 2211 quos
1049 2141 1188 2195 Deus
1212 2140 1349 2194 eruit
1377 2139 1444 2194 de
1469 2148 1735 2208 potestate
1762 2149 1909 2195 tene—

308 2234 560 2296 'brarum,
589 2242 644 2289 et
674 2232 925 2287 transfert
952 2231 1017 2286 ad
1047 2246 1266 2302 regnum
1297 2230 1420 2285 Filii
1449 2230 1725 2285 charitatis
1753 2229 1903 2283 suae?

324 2326 382 2380 Si
410 2334 583 2381 autem
613 2325 906 2401 confiteris,
938 2339 1121 2394 quaero
1152 2331 1325 2377 utrum
1371 2324 1423 2376 in
1468 2322 1554 2375 tali
1598 2321 1815 2375 homine
1854 2322 1907 2375 in

312 2426 587 2487 potestate
629 2416 801 2470 adhuc
840 2416 1012 2486 posito
1043 2414 1380 2470 tenebrarum
1420 2413 1613 2467 habeat
1641 2413 1778 2465 Deus
1806 2411 1906 2465 ali-

310 2522 482 2577 quam
529 2515 867 2577 potestatem.
897 2505 950 2560 Si
984 2505 1209 2568 dixeris,
1239 2503 1354 2557 Non
1384 2502 1540 2557 habet
1570 2521 1583 2557 :
1618 2502 1911 2572 responde-

320 2598 473 2652 bitur
524 2598 638 2661 tibi,
674 2597 810 2666 Ergo
835 2598 974 2651 Deus
1000 2596 1065 2649 de
1091 2610 1185 2649 sua
1236 2594 1573 2663 possessione
1618 2610 1645 2645 a
1696 2594 1909 2648 diabolo

310 2688 573 2742 exclusus
600 2695 700 2742 est.
731 2686 787 2742 Si
813 2685 1032 2750 dixeris,
1085 2685 1251 2739 [labet
1296 2702 1310 2738 :
1350 2683 1757 2753 respondebitur
1788 2683 1904 2750 tibi,

323 2778 469 2848 Ergo
498 2778 637 2832 Deus
660 2785 715 2832 et
740 2776 979 2831 diabolus
1009 2776 1059 2829 in
1087 2776 1250 2829 semis
1294 2775 1462 2829 unciis
1487 2773 1757 2828 hominem
1787 2789 1909 2842 pos-

322 2868 533 2933 sident;
564 2875 618 2922 et
646 2866 738 2921 tibi
766 2867 832 2922 ab
859 2867 1118 2935 imperitis
1155 2867 1273 2919 talis
1312 2866 1505 2920 invidia
1532 2866 1905 2931 concitabitur,

324 2958 537 3029 qualem
569 2966 621 3012 tu
649 2956 799 3022 mihi,
821 2957 909 3027 qui
935 2957 1015 3010 vis
1043 2956 1242 3026 peritus
1273 2949 1465 3025 putari,
1495 2956 1561 3010 de
1588 2956 1817 3024 parvulis
1840 2956 1908 3010 ab

326 3058 447 3102 ortu
479 3047 783 3102 recentibus
810 3047 1078 3101 concitare
1122 3043 1359 3099 voluisti.
1393 3046 1528 3100 Ecce
1566 3046 1791 3114 primum
1818 3060 1906 3099 ar-

325 3150 634 3210 gumentum
691 3148 835 3193 tuum
885 3147 1080 3208 quanta
1138 3137 1389 3192 facilitate
1433 3137 1762 3191 destruetum
1803 3148 1902 3201 est,

327 3231 454 3283 dum
486 3229 760 3288 attendere
787 3230 1031 3298 negligis,
1063 3229 1141 3282 sic
1168 3243 1287 3283 esse
1312 3226 1555 3282 homines
1585 3226 1684 3282 sub
1709 3227 1907 3281 diaboli

326 3328 605 3389 potestate,
637 3327 917 3388 antequam
948 3319 1277 3373 redimantur
1303 3333 1333 3371 a
1363 3318 1597 3382 Christo,
1645 3327 1703 3371 ut
1731 3327 1904 3371 tamen

329 3410 423 3465 Dei
454 3411 715 3479 potestati,
747 3425 850 3463 non
879 3410 1049 3464 solum
1083 3409 1158 3473 hi,
1190 3409 1282 3463 sed
1318 3423 1386 3463 ne
1409 3409 1521 3478 ipse
1546 3408 1758 3477 quidem
1787 3407 1905 3462 dia-

327 3502 485 3555 bolus
510 3501 871 3554 subtrahatur.
1536 3559 1546 3568 .

396 3592 626 3647 CAPUT
668 3592 755 3645 Ill.
786 3622 857 3631 —
894 3591 948 3647 8.
996 3591 1070 3646 De
1115 3590 1370 3660 Baptismi
1423 3604 1552 3645 sane
1589 3590 1904 3661 quastione,

326 3698 486 3751 quam
535 3682 686 3737 vobis
734 3681 872 3750 apud
901 3683 1113 3751 ignaros
1143 3680 1460 3735 invidiosam
1491 3681 1781 3734 mendaciis
1810 3696 1906 3734 no-

324 3776 451 3829 stris
500 3773 691 3828 faetam
745 3773 909 3828 fuisse
951 3782 1272 3843 conquestus
1316 3788 1408 3838 es,
1441 3774 1528 3827 vix
1564 3771 1668 3827 dici
1709 3780 1904 3842 potest,

324 3883 486 3938 quam
537 3867 805 3937 eleganter
833 3866 1015 3931 existi,
1052 3865 1191 3920 hanc
1219 3880 1249 3919 a
1295 3865 1446 3920 vobis
1487 3865 1734 3918 amolitus
1776 3864 1910 3917 invi-

322 3959 493 4019 diam.
523 3973 588 4012 eo
617 3957 754 4027 quod
798 3956 1054 4027 parvulos
1088 3954 1438 4026 baptizandos
1463 3969 1584 4009 esse
1615 3954 1904 4019 fateamini,

322 4048 448 4118 quia
479 4066 498 4099 ι
530 4049 750 4117 gratiam
778 4047 1113 4116 Baptismatis
1147 4065 1165 4099 ι
1196 4046 1391 4109 dicitis,
1430 4064 1449 4096 ι
1483 4061 1585 4099 non
1612 4060 1707 4114 pro
1732 4045 1910 4100 causis

240 4130 249 4139 ’
324 4153 447 4194 esse
478 4137 804 4202 mutandam,
833 4137 972 4208 quod
1003 4138 1116 4205 ipsa
1150 4137 1285 4190 dona
1314 4151 1407 4190 sua
1435 4150 1530 4205 pro
1555 4134 1908 4190 accidentium

322 4230 621 4299 capacitate
670 4228 967 4297 dispensat.
1016 4225 1246 4296 ideoque
1297 4225 1540 4280 Christus
1577 4227 1667 4295 qui
1715 4233 1798 4281 est
1825 4228 1908 4279 sui

324 4320 507 4390 aperis
533 4319 863 4389 redemptor,
891 4327 1067 4387 auget,
1114 4336 1132 4370 ›
1167 4317 1363 4387 inquis,
1400 4334 1420 4368 ι
1452 4317 1593 4371 circa
1624 4317 1907 4386 imaginem

325 4426 480 4466 suam
528 4411 776 4465 continua
828 4409 1071 4479 largitate
1119 4407 1416 4471 beneficia;
1462 4416 1517 4461 et
1557 4422 1691 4477 quos
1713 4405 1910 4462 fecerat

324 4500 609 4557 condendo
652 4501 842 4565 bonos,
876 4498 1001 4552 facit
1026 4496 1327 4552 iunovando
1354 4497 1761 4567 adoptandoque
1790 4512 1906 4552 me-

326 4595 509 4648 liores.
550 4609 569 4644 ι
600 4590 834 4648 Hoccine
860 4598 941 4645 est
972 4598 1157 4653 tomm,
1191 4604 1288 4643 cur
1315 4589 1465 4643 vobis
1490 4588 1558 4643 de
1585 4589 1909 4657 Baptismate

325 4683 671 4756 parvulorum
724 4679 1021 4736 faciendam
1086 4694 1190 4733 non
1244 4678 1560 4734 existimatis
1618 4677 1910 4732 invidiam?

326 4775 479 4845 quasi
506 4774 781 4844 quisquam
811 4780 1049 4826 nostrum
1078 4785 1172 4826 vos
1218 4770 1411 4824 dixerit
1437 4784 1648 4839 negare,
1677 4768 1911 4838 baptiza-

325 4863 375 4920 ri
409 4865 656 4934 parvulos
678 4874 949 4933 oportere.
979 4860 1095 4916 Non
1127 4876 1221 4915 eos
1264 4860 1439 4914 dicitis
1467 4875 1572 4914 non
1597 4846 1793 4915 debere
1820 4860 1912 4913 ba-

323 4954 516 5023 ptizari
542 4970 556 5014 ;
585 4953 677 5008 sed
717 4967 813 5021 pro
853 4951 1214 5022 magnitudine
1242 4950 1520 5019 sapientia:
1564 4960 1755 5005 vestrm
1776 4991 1790 5014 ,
1822 4965 1910 5005 res

326 5042 602 5099 mirabiles
629 5042 802 5097 dicitis
829 5061 844 5097 :
874 5042 929 5096 ln
955 5044 1301 5097 Sacramento
1320 5040 1611 5095 Salvatoris
1636 5040 1910 5110 baptizan-

328 5142 440 5198 tnr,
471 5133 564 5188 sed
610 5149 715 5187 non
756 5134 1027 5188 salvantur
1057 5150 1070 5195 ;
1122 5132 1476 5195 redimuntur,
1505 5131 1600 5186 sed
1635 5147 1739 5186 non
1780 5131 1912 5185 libe—

326 5216 551 5287 rantur;
595 5223 854 5286 lavantur,
901 5222 995 5276 sed
1034 5237 1141 5276 non
1188 5222 1513 5285 abluuntur;
1542 5220 1912 5275 exorcizantur

326 5323 387 5369 et
408 5313 777 5379 exsufflantur,
808 5311 902 5368 sed
928 5328 956 5364 a
989 5320 1251 5382 potestate
1276 5312 1470 5365 diaboli
1498 5324 1603 5364 neu
1632 5319 1908 5365 eruuntur.

326 5403 459 5459 [huc
495 5415 618 5458 sunt
652 5404 1033 5459 sententiarum
1074 5412 1316 5472 portenta
1348 5410 1662 5465 vestrarum,
1693 5399 1805 5455 haec
1835 5401 1910 5454 iu-

397 5584 414 5616 '
450 5582 589 5643 aditi,
607 5583 687 5634 hic
712 5591 762 5634 et
779 5582 920 5641 infra,
943 5581 994 5633 in
1033 5582 1159 5635 sem's
1180 5582 1351 5645 unciis.
1374 5582 1540 5632 Plures
1563 5590 1666 5645 Vss.
1692 5579 1914 5645 Callieani

330 5652 385 5695 et
409 5652 514 5715 tres
535 5646 743 5695 Vaticani
766 5680 784 5706 ,
807 5645 857 5695 in
878 5644 1018 5695 sentis
1041 5645 1209 5695 unciis.
1240 5644 1321 5694 alii
1346 5646 1549 5693 \atieaai
1572 5643 1686 5704 duo,
1712 5643 1758 5693 iu
1789 5656 1915 5695 sem-

330 5718 503 5758 matrs.

1699 302 1908 357 'lJBElt
1950 295 2265 355 'l'E'ltTlL'S.

3488 304 3592 358 706

2024 414 2233 481 opinata
2261 413 2508 481 mysteria
2533 412 2834 482 dogmatmn
2876 429 3153 477 novorum,
3188 415 3299 469 hrc
3332 416 3593 480 paradoxa

2022 502 2420 571 Pelagianorum
2444 502 2832 563 luureticorum,
2867 503 3189 557 mirabiliora
3211 520 3367 575 quam
3389 506 3592 562 Stoico-

2018 610 2133 647 rum
2163 594 2617 663 philosophorum.
2640 595 2706 649 Ut
2733 596 2872 650 enim
2899 595 3011 650 hinc
3037 597 3241 660 dicatis,
3276 600 3477 654 timetis
3497 615 3591 654 au-

2015 684 2158 748 dire,
2178 685 2241 739 Si
2273 686 2566 752 salvantur,
2593 685 2717 755 quid
2750 689 2799 739 in
2826 688 2903 741 eis
2929 689 3215 757 mgrotabat
3238 691 3260 741 ἲ
3290 691 3331 743 si
3364 692 3590 745 liberan-

2017 784 2130 839 tur,
2195 777 2317 844 quid
2380 778 2431 830 iu
2477 779 2556 831 eis
2605 779 2872 832 servitutis
2915 780 3125 834 vinculo
3174 781 3587 836 tenebatur?-si

2006 866 2318 934 abluuntur,
2352 868 2476 936 quid
2510 868 2561 922 in
2603 870 2681 924 eis
2712 869 2905 922 latebat
2934 870 3294 925 immundum?
3325 874 3367 925 si
3394 888 3589 926 eruun-
3664 886 3669 891 '

2010 966 2131 1023 tur,
2164 974 2267 1024 quo
2296 960 2486 1013 merito
2516 971 2668 1012 erant
2697 962 2796 1013 sub
2822 960 3018 1014 diaboli
3051 966 3432 1033 potestatc,qui
3465 979 3588 1032 pro-

2017 1046 2127 1114 pria
2159 1046 2435 1115 iniquitate
2466 1062 2569 1100 non
2598 1059 2750 1101 erant
2777 1049 2873 1113 rei,
2906 1050 3005 1103 nisi
3036 1053 3155 1119 quia
3188 1052 3420 1117 trahunt,
3449 1053 3586 1122 quod

2012 1138 2239 1207 negatis,
2267 1139 2525 1207 originale
2552 1141 2870 1207 peccatum?
2906 1142 2974 1195 Et
3007 1143 3074 1195 ad
3104 1144 3203 1196 hoc
3229 1146 3450 1212 negatis,
3481 1160 3584 1199 non

2012 1235 2070 1281 ut
2113 1242 2207 1281 eos
2248 1228 2445 1293 salvos,
2476 1228 2689 1293 liberos,
2724 1234 2972 1297 mundos,
2999 1232 3128 1286 nulli
3178 1233 3317 1287 hosti
3347 1235 3584 1290 subditos

2006 1318 2299 1382 asseratis;
2333 1332 2439 1372 non
2467 1320 2608 1372 enim
2648 1320 2846 1389 aliquid
2885 1321 2963 1375 eis
3012 1322 3302 1390 epitulatur
3349 1335 3589 1385 vestrum,

2011 1408 2375 1461 testimonium
2420 1408 2630 1473 falsum,
2675 1419 2801 1465 ante
2845 1410 3077 1480 judicent
3126 1428 3307 1467 verum
3342 1430 3355 1464 :
3387 1414 3481 1468 sed
3529 1425 3585 1468 ut

2012 1496 2117 1550 illis
2171 1497 2225 1551 in
2281 1500 2417 1551 mala
2465 1509 2733 1555 vetustate
2780 1503 3197 1570 remanentibus,
3251 1519 3346 1557 vos
3396 1519 3587 1559 novatn

2012 1590 2286 1643 sectemini
2315 1592 2625 1646 vanitatem.
2655 1593 2771 1648 Non
2799 1596 2939 1648 enim
2967 1604 3140 1649 vestra
3163 1636 3177 1661 ,
3221 1597 3313 1650 sed
3340 1597 3479 1651 illius
3505 1608 3588 1653 est

2008 1695 2133 1734 vera
2176 1683 2458 1748 sententia,
2487 1685 2576 1752 qui
2604 1684 2757 1749 dixit,
2808 1684 2925 1739 Nisi
2956 1688 3068 1756 quis
3104 1698 3306 1741 renatus
3344 1689 3493 1757 fuerit
3529 1705 3593 1744 ea

2008 1786 2145 1839 aqua
2162 1780 2210 1824 et
2229 1772 2430 1841 spiritu,
2460 1790 2561 1827 non
2586 1783 2746 1844 potest
2770 1775 2963 1829 intrare
2982 1777 3035 1830 in
3061 1792 3271 1847 regnum
3289 1777 3384 1831 Dei
3410 1777 3586 1850 (Joan.

2012 1876 2090 1926 ιιι,
2122 1861 2198 1932 5).

2089 1957 2142 2009 9.
2177 1954 2374 2009 Verum
2411 1971 2508 2011 vos
2532 1957 2969 2013 excellentissimi
2993 1966 3260 2015 amatores
3279 1960 3419 2015 illius
3443 1961 3583 2025 vitae,

2013 2060 2133 2113 qua:
2165 2044 2336 2100 futura
2364 2055 2448 2101 est
2494 2057 2694 2103 mterna
2719 2062 2838 2102 cum
2866 2048 3100 2115 Christo,
3131 2049 3328 2104 nullam
3376 2064 3587 2119 ptenam

2013 2137 2207 2204 putatis
2253 2152 2373 2192 esse
2416 2137 2661 2209 imaginis
2702 2139 2818 2206 Dei,
2868 2139 2924 2193 in
2972 2148 3229 2193 aeternum
3276 2141 3522 2196 exsulare
3559 2159 3588 2194 a

2014 2241 2179 2295 regno
2209 2227 2337 2282 Dei‘
2375 2245 2389 2281 :
2426 2245 2547 2283 cum
2591 2229 2635 2284 si
2675 2244 2891 2299 parvam
2926 2244 3138 2299 pinnam
3175 2245 3295 2286 esse
3321 2230 3587 2297 diceretis,

2012 2333 2118 2371 non
2145 2326 2290 2374 esset
2316 2318 2430 2374 haec
2474 2335 2580 2374 vox
2610 2319 2749 2375 beati
2790 2322 3048 2375 amatoris
3091 2321 3230 2377 illius
3275 2322 3446 2390 regni,
3494 2324 3589 2377 sed

2012 2410 2190 2465 miseri
2214 2412 2621 2479 contemptoris.
2648 2411 2817 2466 Porro
2842 2420 3042 2475 autem,
3075 2413 3119 2467 si
3149 2412 3287 2482 quod
3322 2413 3443 2467 huic
3485 2416 3591 2466 sut-

2015 2500 2124 2557 ticit
2175 2516 2370 2568 causa),
2428 2518 2644 2572 parvam
2698 2504 2887 2557 saltem
2933 2518 3142 2570 paruam
3189 2503 3425 2559 fatemini
3451 2519 3590 2565 esse.

2011 2606 2133 2661 qum
2178 2608 2365 2661 magna
2394 2602 2507 2656 est,
2536 2601 2597 2647 ut
2626 2595 2798 2664 imago
2826 2595 2917 2649 Dei
2946 2611 3050 2650 non
3082 2596 3287 2649 sinatur
3313 2596 3508 2649 intrare
3540 2596 3591 2648 in

2013 2697 2234 2752 regnum
2264 2683 2356 2737 Dei
2384 2699 2399 2749 ;
2432 2684 2677 2749 obsecro,
2716 2686 2917 2753 aperite
2942 2685 3357 2754 qualescumque
3385 2686 3590 2745 oculos.

2011 2785 2065 2830 et
2091 2775 2266 2831 videte
2291 2790 2392 2846 qua
2409 2776 2613 2846 justitia
2636 2791 2790 2845 poena
2820 2777 2919 2830 ista
2944 2776 3227 2845 inﬂigenda
3254 2776 3321 2830 sit
3347 2776 3588 2844 parvulo.

2011 2881 2168 2935 quem
2206 2867 2399 2921 clausis
2442 2867 2613 2922 oculis
2637 2868 2879 2938 originali
2909 2868 3196 2922 obnoxium
3244 2868 3445 2937 negatis
3472 2883 3592 2921 esse

2013 2965 2250 3026 peccato.
2279 2955 2479 3012 Omitto
2508 2971 2932 3012 commemorare
2956 2973 3074 3027 quae
3101 2958 3235 3012 mala
3266 2959 3316 3012 in
3346 2950 3446 3011 hac
3476 2957 3589 3026 ipsa

2012 3049 2314 3105 transitoria
2363 3050 2471 3104 vita
2521 3064 2655 3119 pene
2705 3065 2892 3103 omnes
2938 3050 3205 3119 patiantur
3243 3049 3492 3115 infantes,
3539 3059 3594 3103 et

2010 3139 2282 3209 quomodo
2321 3140 2617 3209 explicetur
2644 3139 2788 3209 quod
2824 3139 3026 3194 dictum
3069 3149 3171 3206 est,
3220 3138 3380 3194 Grave
3411 3141 3592 3211 iugum

2008 3247 2161 3304 super
2184 3232 2317 3301 ﬁlios
2346 3232 2507 3285 Adam
2528 3249 2561 3285 a
2587 3232 2671 3285 die
2695 3233 2863 3286 exitus
2887 3232 2950 3286 de
2979 3240 3147 3286 ventre
3185 3232 3361 3285 matris
3397 3246 3589 3290 eorum.

2011 3337 2165 3390 usque
2188 3321 2240 3375 in
2267 3322 2398 3374 diem
2416 3322 2689 3392 sepultura:
2710 3323 2763 3375 in
2788 3332 3001 3376 matrem
3033 3322 3257 3376 omnium
3286 3321 3470 3392 (Eccii.
3502 3338 3589 3383 χι,

2012 3412 2091 3481 1).
2120 3411 2251 3479 Quze
2300 3412 2484 3480 utique
2518 3412 2655 3465 mala
2696 3412 2795 3465 sub
2815 3411 2960 3480 justo
2987 3420 3042 3465 et
3083 3411 3445 3481 omnipotente
3486 3411 3595 3465 Deo

2011 3516 2116 3555 non
2141 3502 2501 3571 irrogarentur
2524 3501 2641 3569 ejus
2666 3500 2902 3569 imagini,
2931 3500 3123 3570 quibus
3151 3502 3301 3553 malis
3327 3501 3377 3553 in
3401 3500 3593 3553 virtute

2010 3592 2247 3645 exerceri
2291 3589 2544 3644 infantilis
2587 3601 2718 3645 actas
2747 3605 2855 3645 non
2901 3599 3076 3660 potest
3117 3591 3241 3657 dici,
3289 3592 3331 3645 si
3360 3591 3501 3645 nulla
3527 3608 3592 3645 ex

2011 3681 2318 3752 parentibus
2341 3682 2477 3736 mala
2508 3684 2696 3736 merita
2724 3681 3078 3736 traherentur.
3104 3682 3229 3736 Haec
3252 3694 3427 3737 autem
3454 3685 3591 3739 mala

2012 3771 2376 3841 parvulorum,
2423 3787 2527 3826 non
2558 3786 2619 3826 ea
2660 3787 2778 3842 quae
2829 3771 3025 3826 habere
3066 3781 3323 3840 negantur
3362 3788 3393 3827 a
3420 3775 3590 3837 vobis,

2011 3861 2106 3916 sed
2153 3877 2273 3931 quae
2326 3862 2528 3931 perpeti
2574 3871 2868 3917 cernuntur
2910 3862 2978 3916 ab
3021 3862 3266 3917 omnibus
3314 3862 3485 3929 nobis,
3538 3873 3591 3916 tu

2013 3954 2376 4024 przetermittis
2399 3953 2639 4021 omnino,
2662 3968 2762 4009 nec
2789 3953 3045 4024 respicis:
3077 3953 3170 4009 sed
3196 3954 3442 4023 spatiaris
3465 3955 3555 4009 tibi
3572 3957 3590 3985 '

2012 4044 2098 4098 vir
2124 4043 2527 4107 disertissimus,
2575 4052 2631 4097 et
2679 4058 2898 4099 exerces
2945 4043 3212 4113 ingenium
3257 4058 3320 4099 ac
3358 4044 3590 4113 linguam

2014 4143 2157 4189 tuam
2189 4134 2241 4188 in
2290 4133 2445 4188 laude
2475 4143 2696 4188 naturae.
2738 4132 2934 4188 Natura
2974 4133 3073 4186 ista
3105 4134 3157 4186 in
3206 4142 3378 4189 tantas
3405 4145 3459 4189 et
3484 4143 3590 4189 tam

2013 4224 2322 4282 manifestas
2361 4226 2589 4296 collapsa
2641 4225 2903 4287 miserias,
2952 4224 3290 4291 salvatorem,
3339 4225 3591 4280 liberato-

2014 4335 2127 4374 rem
2152 4360 2166 4383 ,
2219 4318 2591 4372 mundatorem
2619 4359 2633 4376 .
2684 4316 3077 4386 redemptorem
3125 4316 3392 4372 Christum
3434 4317 3592 4373 habet

2013 4409 2411 4473 necessarium;
2461 4422 2566 4461 non
2608 4406 2917 4473 .luliauum,
2965 4423 3069 4461 non
3113 4406 3442 4471 Caelestium,
3488 4425 3592 4462 mut

2015 4501 2282 4571 Pelagium
2334 4499 2684 4553 laudatorem.
2717 4497 2885 4566 Quam
2913 4499 3126 4568 quidem
3172 4501 3357 4555 redimi
3385 4516 3487 4554 non
3517 4503 3561 4554 fa
3580 4531 3592 4539 -

2016 4592 2207 4648 tereris
2236 4593 2287 4645 in
2316 4591 2572 4661 parvulis,
2602 4591 2705 4645 nisi
2731 4591 2851 4658 quia
2880 4590 2983 4646 hoc
3006 4592 3288 4646 leestius
3311 4594 3447 4661 apud
3470 4594 3593 4646 Car-

2015 4685 2280 4753 thaginem
2335 4683 2499 4753 gestis
2543 4682 2949 4745 ecclesiasticis,
3006 4697 3097 4735 ora
3149 4682 3434 4736 christiana
3489 4698 3591 4736 nou

2014 4775 2305 4838 sustinens,
2322 4773 2494 4828 fassus
2518 4783 2617 4829 est.
2638 4772 2923 4835 Caeterum,
2954 4787 3084 4842 rogo
3112 4786 3184 4835 te,
3210 4773 3472 4842 quomodo
3502 4788 3591 4840 po-

2017 4875 2119 4921 test
2162 4865 2381 4935 intelligi
2409 4866 2506 4919 ista
2553 4863 2867 4933 redemptio,
2900 4864 2998 4917 nisi
3028 4879 3057 4916 a
3103 4864 3263 4928 malo,
3303 4863 3593 4917 redimequ

2017 4958 2107 5012 illo
2132 4957 2219 5027 qui
2265 4956 2476 5011 redimit
2518 4955 2677 5009 Israel
2726 4956 2793 5009 ab
2821 4955 3066 5008 omnibus
3097 4953 3455 5022 iniquitatilus
3479 4954 3593 5019 ejus

2021 5046 2186 5117 (Psal.
2218 5061 2402 5113 cxnx,
2429 5045 2531 5117 8)?
2561 5045 2661 5102 Ubi
2688 5046 2828 5100 enim
2860 5044 3155 5113 redemptio
3185 5052 3370 5107 sonat,
3404 5043 3595 5098 intelli-

2016 5139 2158 5208 gitur
2182 5149 2236 5193 et
2277 5140 2501 5207 pretium
2539 5154 2552 5191 :
2594 5146 2647 5190 et
2691 5136 2830 5205 quod
2879 5142 2961 5189 est
3008 5134 3127 5198 hoc,
3180 5135 3277 5187 nisi
3330 5134 3597 5203 pretiosus

2017 5232 2232 5301 sanguis
2279 5231 2400 5300 agni
2451 5228 2771 5283 immaculati
2818 5227 2942 5279 .lcsu
2971 5226 3165 5280 Clu-isti
3198 5225 3235 5292 (l
3271 5224 3407 5278 Petr.
3437 5241 3473 5281 ι.
3511 5225 3597 5290 i8.

2020 5322 2157 5393 l9)?
2198 5323 2271 5378 De
2300 5323 2400 5376 hoc
2427 5330 2604 5374 autem
2633 5320 2804 5388 pretio
2832 5334 2996 5389 quare
3025 5319 3095 5373 sit
3121 5316 3319 5383 fusum,
3363 5318 3486 5387 quid
3517 5318 3597 5372 in-

2085 5520 2101 5552 ι
2139 5516 2275 5575 miti,
2321 5515 2494 5579 putetis
2534 5528 2634 5567 esse
2651 5550 2665 5574 ,
2704 5515 2960 5579 nauigium:
2987 5516 3074 5567 Dei
3106 5516 3158 5579 in
3201 5524 3434 5579 (stertitur:
3452 5532 3590 5570 eam

2022 5579 2125 5630 tare
2147 5591 2177 5642 a_
2200 5576 2472 5642 regnonci.
2492 5586 2613 5635 Mss...
2642 5576 2820 5642 putatis
2849 5591 2950 5630 esse
2986 5578 3207 5642 imaginis
3230 5578 3339 5639 Dei,
3366 5589 3463 5630 etc.

2087 5642 2106 5703 ξ
2137 5640 2208 5688 sic
2236 5640 2464 5703 plerique
2504 5641 2829 5702 manuscripti.
2866 5646 2917 5691 At
2950 5647 3023 5691 Er.
3066 5640 3117 5690 et
3158 5647 3289 5703 Lov.,
3312 5640 3602 5703 exaudiaris

2024 5700 2093 5752 ibi
2109 5714 2128 5762 ,'
2151 5702 2344 5761 omisso,
2373 5702 2473 5752 scd.
