4014 6184
485 298 586 352 70'!

485 435 820 502 terrogamus‘
843 423 1048 479 alium?
1079 421 1402 490 Redemptor
1423 421 1534 489 ipse
1563 416 1902 487 respondeat,
1923 415 2066 470 dicat

486 539 598 593 Ipse
640 528 922 575 mercator.
963 515 1061 569 llic
1085 524 1175 576 est,
1207 514 1396 582 inquit,
1447 511 1654 581 sanguis
1681 523 1818 562 meus
1851 507 1937 578 qui
1975 523 2067 576 pro

489 613 657 666 mauis
699 610 980 676 e/fundetur
1023 607 1075 660 in
1112 605 1452 659 remissionem
1491 611 1810 674 peccatorum
1853 597 2069 668 (Matth.

487 721 626 768 xxvi,
659 703 771 772 28).
807 701 1014 770 Pergite
1039 699 1227 759 adhuc,
1276 696 1500 766 pergite,
1545 703 1598 748 et
1623 694 1760 747 sicut
1785 690 1981 755 dicitis,
2012 687 2068 742 ln

485 795 828 848 Sacramenta
864 788 1154 845 Salvatoris
1195 787 1560 854 bapti‘zantur,
1599 781 1691 836 sed
1721 796 1825 835 non
1857 780 2069 832 salvan-

486 897 602 949 tur;
633 885 984 946 redimuntur,
1016 881 1108 935 sed
1155 893 1258 933 non
1302 879 1636 938 liberantur;
1680 875 1942 937 lavantur,
1971 869 2070 926 sed

485 995 590 1033 non
613 978 939 1039 abluuntur;
987 974 1360 1029 exorcizantur
1407 979 1462 1024 et
1505 967 1871 1027 exsufﬂantur,
1916 963 2010 1020 sed
2037 977 2068 1015 a

483 1077 749 1138 potestate
803 1066 1003 1120 diaboli
1051 1080 1155 1118 non
1184 1072 1442 1117 eruuntur
1485 1078 1498 1114 :
1542 1059 1620 1113 sic
1665 1059 1824 1113 etiam
1872 1055 2066 1117 dicite,

491 1159 748 1212 Funditur
776 1172 872 1226 pro
901 1157 978 1210 eis
1005 1155 1220 1222 sanguis
1247 1154 1297 1206 in
1315 1151 1684 1207 remissionem
1709 1157 2065 1216 peccatorum,

485 1248 579 1302 sed
625 1248 817 1300 nullius
848 1245 1045 1314 peccati
1075 1242 1385 1297 remissione
1419 1239 1759 1294 mandantur.
1794 1235 1923 1289 Mira
1948 1241 2072 1286 sunt

487 1355 606 1408 qua-
633 1337 828 1402 dicitis,
876 1353 1007 1390 nova
1039 1343 1164 1390 sunt
1202 1348 1320 1404 qua:
1363 1333 1556 1393 dicitis,
1607 1329 1736 1384 falsa
1781 1335 1908 1382 sunt
1949 1339 2072 1395 qute

485 1428 694 1482 dicitis:
725 1427 854 1480 mira
870 1435 1166 1496 stupemus,
1183 1439 1319 1478 nova
1335 1434 1606 1487 cavemus,
1639 1419 1770 1472 falsa
1795 1414 2067 1472 convinci-

487 1532 624 1572 mus.

556 1607 782 1663 CAPUT
807 1607 891 1661 IV.
914 1636 981 1647 -—
1008 1607 1093 1661 l0.
1117 1605 1303 1659 Nonne
1325 1604 1439 1673 ipse
1456 1601 1690 1667 dixisti,¢
1721 1599 2071 1652 Administra—

493 1700 690 1754 tiont-m
712 1699 952 1767 corporis
968 1698 1045 1750 sic
1067 1697 1244 1750 animo
1265 1710 1384 1748 esse
1407 1693 1776 1755 commissam,
1795 1702 1851 1744 ut
1869 1689 2070 1742 fructus

491 1792 669 1861 Operis
692 1793 838 1843 ﬁeret
870 1791 1076 1858 utrique
1094 1787 1413 1847 comnumis,
1445 1795 1500 1840 et
1528 1783 1610 1838 vel
1639 1782 1850 1834 virtutis
1875 1778 2070 1834 exerci-

489 1893 557 1936 ta:
585 1882 793 1952 gaudia,
825 1881 908 1934 vel
939 1880 1232 1934 insolentia:
1257 1879 1274 1910 ί
1302 1892 1486 1948 pmnas
1511 1889 1630 1928 eum
1657 1875 1773 1942 ejus
1797 1886 1954 1942 quam
1985 1869 2070 1923 bic

490 1987 596 2026 non
659 1973 794 2025 bene
861 1979 1091 2034 rexerat,
1151 1970 1328 2024 carnis
1395 1965 1682 2020 afflictione
1742 1960 2006 2016 sentiret?
2043 1977 2062 2010 ι

492 2060 776 2130 Responde
789 2061 966 2130 igitur,
985 2075 1150 2127 quare
1172 2059 1224 2112 in
1257 2061 1354 2111 hac
1375 2059 1486 2126 ipsa
1515 2057 1620 2108 vita
1639 2052 1926 2108 adﬂictione
1945 2065 2068 2104 car-

492 2153 578 2207 nis
595 2153 770 2206 anima
797 2155 1065 2206 crucietur
1093 2148 1330 2210 infantis.
1370 2149 1523 2216 cujus
1549 2145 1597 2200 ei
1625 2144 1898 2206 meritum,
1946 2141 2068 2210 quia

490 2258 599 2297 non
629 2243 767 2297 bene
798 2243 997 2296 rexerit
1023 2255 1262 2302 carnem,
1289 2237 1464 2292 adhuc
1491 2251 1593 2290 non
1626 2242 1800 2304 potest
1841 2233 2066 2301 imputa-

488 2338 556 2392 ri.
595 2355 615 2389 t
646 2337 898 2391 Naturam
929 2354 951 2388 ι
981 2335 1115 2390 dicis
1143 2353 1162 2386 ι
1201 2333 1484 2386 humanam
1513 2331 1566 2384 in
1587 2326 1824 2384 exordiis
1845 2340 2071 2380 nascen-

493 2432 623 2480 tium
669 2425 986 2480 innocentia:
1027 2423 1152 2478 dote
1191 2421 1526 2490 locupletem.
1562 2436 1584 2470 ι
1617 2419 1868 2472 Fatemur
1915 2429 2066 2480 sane,

493 2525 746 2587 quantum
790 2514 856 2568 ad
903 2523 1115 2581 peccata
1163 2513 1393 2582 pertinet
1431 2509 1644 2580 propria
1688 2522 1845 2564 :cum
1889 2515 2066 2560 autem

490 2606 648 2661 etiam
677 2605 922 2675 originali
945 2603 1146 2672 negatis
1165 2601 1443 2663 obnoxios,
1463 2597 1802 2668 reSpondete.
1829 2610 1934 2666 quo
1955 2610 2068 2650 nie-

489 2697 596 2750 rito
611 2702 753 2748 tanta
780 2695 1080 2748 innocentia
1107 2706 1484 2760 nonnunquam
1505 2703 1667 2754 caeca,
1691 2700 2066 2755 nonnunquam

488 2787 648 2842 surda
675 2795 940 2840 nascatur.
967 2784 1116 2852 Quod
1148 2784 1330 2837 vitimn
1360 2783 1518 2837 etiam
1556 2781 1721 2850 ipsam
1753 2779 1970 2848 impedit
1999 2777 2069 2834 li-

488 2879 633 2944 dem,
659 2875 912 2946 Apostolo
940 2884 1166 2929 testante
1183 2874 1269 2942 qui
1298 2872 1443 2939 dicit,
1477 2870 1639 2942 Igitur
1666 2871 1788 2928 ﬁdes
1807 2885 1869 2923 ex
1893 2867 2068 2922 auditu

488 2967 666 3039 (llam.
694 2981 752 3032 ι,
787 2965 894 3037 17).
923 2964 1040 3019 .lam
1071 2977 1197 3018 vero
1238 2964 1359 3034 quis
1395 2963 1546 3027 ferat,
1593 2961 1734 3030 quod
1783 2959 1848 3012 ad
1893 2961 2066 3028 ipsum

491 3067 696 3127 spectat
720 3057 977 3118 aninuun,
1011 3056 1293 3125 imaginem
1326 3054 1417 3108 Dei
1447 3071 1470 3104 ί
1507 3053 1846 3116 innocenti-ar,
1874 3069 1896 3103 ι
1929 3050 2070 3104 sicut

489 3148 707 3205 asseris.
750 3147 876 3200 dote
917 3145 1252 3213 locupletem,
1299 3142 1496 3198 fatuam
1541 3143 1708 3206 nasci,
1739 3141 1786 3194 si
1814 3140 1957 3196 nulla
2001 3154 2068 3195 ex

495 3238 802 3304 parentibus
827 3236 961 3287 mala
993 3236 1180 3288 merita
1212 3239 1264 3287 in
1286 3234 1534 3303 parvulos
1559 3232 1972 3287 transeunt?An
1993 3232 2066 3286 ita

490 3337 574 3380 est
593 3326 870 3396 quisquam
893 3336 1127 3378 vestrum
1147 3324 1342 3390 fatuus,
1361 3333 1416 3377 ut
1431 3323 1722 3378 fatuitatem
1745 3323 1945 3378 nullum
1965 3339 2068 3378 ma-

490 3420 598 3471 lum
617 3427 765 3487 putet
779 3434 792 3482 ;
807 3433 926 3471 cum
939 3415 1208 3486 Scriptura
1223 3415 1380 3480 dicat,
1400 3415 1657 3469 Hermum
1670 3425 1854 3484 septem
1871 3413 2064 3482 diebus,

489 3512 688 3580 fatuum
707 3525 819 3562 vero
843 3509 1072 3562 omnibus
1095 3507 1267 3562 diebus
1284 3523 1394 3562 esse
1417 3507 1690 3577 lugendum
1711 3504 1895 3579 (Eccli.
1928 3522 2064 3575 nu,

491 3601 628 3670 l5)?
670 3599 800 3670 Quis
847 3609 1020 3654 autem
1049 3601 1270 3659 nesciat.
1297 3615 1434 3667 quos
1472 3600 1626 3668 vulgo
1655 3599 1923 3653 moriones
1969 3613 2066 3652 vo-

493 3699 636 3758 cant,
666 3699 850 3744 natttra
897 3691 968 3744 ita
1009 3690 1203 3754 fatuos,
1245 3700 1302 3744 ut
1343 3690 1658 3760 quibusdam
1701 3705 1888 3744 eorum
1932 3705 2068 3760 pene

404 3781 412 3792 ’
489 3797 680 3838 sensus
710 3772 963 3852 pecorum
994 3781 1344 3836 ctmferatnri
1373 3782 1441 3836 Et
1481 3796 1586 3835 non
1614 3781 1775 3836 vultis
1803 3780 1956 3836 fateri
1975 3796 2067 3852 ge-

489 3888 592 3928 nus
621 3875 908 3927 lnunanum
949 3888 1014 3926 ex
1049 3873 1198 3926 initio
1223 3889 1330 3941 quo
1357 3871 1590 3926 deseruit
1620 3871 1807 3936 Deum,
1857 3871 2069 3927 trahere

491 3967 756 4020 (latnnata:
798 3966 1017 4034 originis
1063 3979 1254 4018 noxam
1295 3964 1377 4018 his
1413 3963 1661 4018 omnibus
1705 3962 2066 4032 dignissumam

493 4057 686 4126 pannis,
733 4057 830 4109 nisi
872 4057 960 4110 ubi
1005 4058 1174 4124 parcit
1213 4055 1420 4108 ratione
1451 4041 1814 4122 dismsitionis
1847 4055 2069 4108 occultie

489 4147 848 4202 inscrntabilis
868 4147 1123 4216 sapientia
1151 4144 1472 4199 Conditoris.
1501 4143 1600 4212 Qui
1624 4158 1721 4198 nec
1739 4145 1806 4196 ah
1823 4145 1932 4213 ipsa
1955 4146 2071 4198 uni-

489 4253 640 4294 versa
685 4253 856 4293 massa
902 4238 1216 4312 perditionis
1257 4237 1486 4292 abstinet
1519 4237 1599 4290 sui
1617 4237 1794 4306 operis
1831 4236 2065 4292 bonum:

491 4339 549 4384 ut
599 4345 663 4384 ex
718 4330 870 4384 malis
913 4329 1160 4383 vitiorum
1213 4328 1430 4391 condat,
1483 4327 1606 4382 licet
1644 4342 1764 4382 eum
1808 4328 1982 4393 malis,
2017 4330 2068 4382 in

490 4432 746 4492 quantum
770 4422 906 4475 bona
937 4431 1033 4483 est,
1060 4421 1374 4476 rationalem
1400 4422 1783 4489 mou-talemque
1804 4430 2066 4485 naturam,

491 4512 641 4582 cujus
671 4527 828 4566 nemo
851 4527 969 4566 esse
999 4523 1170 4581 potest
1193 4512 1458 4575 conditor,
1484 4521 1682 4581 praeter
1710 4513 1880 4581 ipsum
1899 4553 1914 4575 ,
1943 4516 2067 4566 etin

490 4605 837 4672 generatione
864 4603 1133 4668 dammua,
1163 4604 1396 4672 praebeat
1422 4607 1562 4657 vasis
1588 4603 1966 4658 misericordiae
1994 4619 2072 4658 re-

490 4697 851 4766 generationis
879 4697 1154 4750 auxilium.

559 4786 784 4842 CAPUT
825 4786 888 4840 V.
917 4816 990 4828 -—
1018 4788 1104 4842 11.
1135 4787 1353 4842 Frustra
1396 4787 1573 4858 itaque
1611 4795 1786 4857 putas,
1815 4806 1834 4840 ι
1863 4788 1984 4844 ideo
2015 4791 2067 4844 in

489 4879 722 4949 parvulis
751 4894 854 4933 non
883 4893 1004 4934 esse
1027 4878 1274 4934 delictum
1297 4921 1312 4942 ,
1341 4878 1462 4948 quia
1490 4879 1606 4932 sine
1633 4881 1922 4945 voluntate,
1949 4895 2068 4950 qua:

488 4973 541 5023 in
571 4970 651 5025 eis
679 4969 819 5024 nulla
847 4978 950 5034 est,
989 4983 1108 5025 esse
1149 4985 1254 5024 non
1296 4977 1489 5038 potest.
1529 4987 1550 5021 ι
1586 4968 1696 5023 lloc
1733 4970 1874 5022 enim
1925 4980 2070 5025 recte

485 5059 682 5114 dicitur
724 5069 942 5129 propter
989 5060 1260 5129 proprium
1313 5059 1572 5128 cujusque
1620 5068 1914 5128 peccatum,
1963 5073 2066 5113 non

489 5163 707 5218 prepter
746 5151 898 5219 primi
944 5151 1142 5219 peceati
1185 5149 1443 5219 originale
1485 5151 1828 5217 contagium:
1857 5148 2064 5219 quodsi

491 5239 690 5292 nnlhtm
731 5247 894 5304 esset,
925 5241 1161 5308 profecto
1207 5240 1334 5294 nulli
1377 5239 1516 5292 malo
1553 5239 1751 5307 parvuli
1803 5240 2064 5304 obstricti,

491 5328 618 5382 nihil
649 5332 773 5384 mali
798 5331 881 5386 vel
913 5332 964 5384 in
990 5348 1236 5400 corpore,
1261 5331 1346 5386 vel
1378 5332 1429 5385 in
1457 5332 1654 5396 anima,
1683 5333 1780 5386 sub
1811 5339 1952 5385 tanta
1977 5331 2066 5401 ju-

489 5419 556 5473 sti
588 5421 680 5476 Dei
711 5431 972 5492 potestate
1000 5432 1327 5494 paterentur.
1359 5423 1510 5491 Quod
1535 5433 1710 5478 tamen
1740 5431 1794 5478 et
1821 5423 1990 5494 ipsum
2035 5439 2066 5478 a

557 5615 571 5644 ¹
610 5621 738 5682 unus
761 5629 790 5682 e
813 5619 1047 5682 Vaticanis
1077 5624 1205 5677 Mss,
1227 5617 1302 5682 uel
1333 5616 1622 5682 insularum;
1644 5620 1769 5682 quod
1794 5633 1888 5682 non
1911 5622 2070 5671 minus

490 5675 622 5720 bene
645 5673 785 5721 alteri
809 5680 1025 5724 m-anbro
1046 5692 1144 5729 rest
1161 5673 1329 5738 undet,
1351 5679 1422 5728 uel
1443 5673 1628 5730 virtutis
1645 5673 1889 5732 ἐπενεὶιω.

1280 287 1552 343 CONTRA
1591 281 1926 340 JULIANUM
1967 279 2428 344 PELAGIANUM,
2468 279 2524 336 S.
2558 279 2924 337 AUGUSTINI

3651 284 3762 338 70.8

2177 389 2312 446 mala
2339 392 2607 447 voluntate
2627 393 2861 463 priorum
2883 393 3158 448 hominum
3180 394 3406 464 sumpsit
3425 393 3761 450 esurdium‘.

2177 480 2250 535 lta
2293 481 2391 536 nisi
2421 483 2668 538 voluntas
2689 483 2844 548 mala,
2877 499 2984 539 non
3007 492 3092 538 est
3125 484 3433 553 cujusquam
3471 482 3580 540 ulla
3605 487 3759 556 origo

2177 573 2400 642 peccati.
2423 571 2545 627 llaec
2559 573 2604 628 si
2629 573 2823 642 sapias,
2846 573 3156 644 simpliciter
3169 583 3224 628 et
3241 574 3501 630 veraciter
3528 577 3724 645 gratiar
3740 593 3758 630 t

2177 661 2370 715 Christi
2384 677 2509 731 erga
2533 663 2783 732 parvulos
2799 663 3158 728 confiteberis,
3175 680 3273 720 nec
3289 665 3496 734 cogeris
3535 681 3625 722 res
3653 667 3726 720 im
3739 696 3758 707 ο

2187 753 2450 820 piissimus
2479 763 2637 822 atque
2667 753 3074 808 absurdissimas
3087 754 3286 821 dicere,
3306 768 3395 808 aut
3413 756 3754 825 baptizando:

2179 861 2280 897 non
2310 859 2430 898 esse
2467 848 2712 914 parvulos
2735 887 2750 910 ,
2782 845 2922 915 quod
2944 845 3156 916 quidem
3179 855 3358 915 postea
3377 849 3506 901 estis
3529 849 3756 902 fortasse

2177 933 2388 998 dicturi,
2413 945 2503 988 aut
2525 944 2630 988 tam
2651 950 2898 1004 magnum
2927 935 3328 990 Sacramentum
3350 936 3428 991 sic
3459 937 3510 990 in
3539 938 3615 992 eis
3637 953 3760 994 esse

2178 1025 2485 1091 ludibrium,
2515 1035 2571 1078 ut
2601 1027 2652 1078 in
2695 1025 2971 1081 Salvatore
3011 1025 3363 1095 baptizentnr,
3391 1026 3484 1081 sed
3513 1043 3618 1081 non
3646 1030 3754 1082 sal-

2180 1127 2396 1181 ventur;
2427 1134 2454 1167 a
2487 1117 2768 1171 liberatore
2799 1117 3146 1182 redimantur,
3169 1118 3262 1172 sed
3292 1135 3396 1172 non
3427 1119 3752 1180 liberentur,

2179 1203 2386 1260 lavacro
2429 1207 2844 1276 regenerationis
2889 1209 3148 1272 laventur,
3183 1208 3276 1264 sed
3305 1223 3408 1264 non
3438 1211 3749 1275 abluantur;

2175 1299 2545 1351 exorcizentur
2571 1307 2624 1352 et
2650 1297 3018 1364 evsufllentnr,
3041 1300 3133 1353 sed
3162 1315 3191 1353 a
3219 1308 3478 1370 potestate
3508 1301 3755 1356 tenebra-

2175 1403 2291 1440 rum
2315 1402 2416 1440 non
2443 1399 2695 1442 eruantur
2723 1406 2736 1452 ;
2764 1388 2834 1443 sit
2859 1405 3044 1444 eorum
3075 1391 3296 1460 pretium
3323 1394 3559 1460 sanguis,
3576 1394 3678 1464 “qui
3700 1396 3752 1448 in

2175 1477 2543 1532 remiSsionem
2565 1478 2710 1534 fusus
2731 1492 2813 1533 est
2833 1490 3190 1549 peccatorum,
3212 1481 3304 1535 sed
3328 1483 3520 1536 nullius
3548 1486 3752 1553 peccati

2181 1566 2497 1622 remissione
2525 1580 2831 1639 purgentur.
2868 1570 2980 1624 Hoc
3009 1580 3174 1624 totum
3209 1581 3506 1642 propterea,
3539 1575 3661 1644 quia
3687 1585 3752 1629 tt-

2175 1661 2330 1713 metis
2375 1661 2572 1725 dicere,
2601 1660 2718 1714 Non
2769 1662 3130 1732 baptizentur;
3163 1678 3230 1716 ne
3258 1678 3362 1716 non
3389 1664 3561 1719 solum
3591 1664 3750 1722 facies

2174 1758 2364 1803 vestra:
2385 1751 2555 1818 sputis
2580 1751 2884 1806 oblinantur
2905 1753 3158 1818 virorum,
3185 1768 3364 1808 verum
3389 1757 3548 1810 etiam
3577 1759 3749 1828 capita

2173 1839 2428 1893 sandaliis
2456 1841 2888 1896 muliercularum
2923 1843 3371 1912 commitigentur.

2249 1927 2332 1982 12.
2362 1928 2470 1984 Nos
2497 1941 2641 1985 certe
2667 1947 2880 1986 causam
2899 1948 2998 1986 cur
3016 1933 3115 1986 sub
3131 1933 3342 1988 diabolo
3366 1935 3435 1990 sit
3455 1937 3545 2006 qui
3574 1939 3748 1993 nasci-

2177 2027 2280 2086 tur,
2310 2019 2481 2074 donec
2517 2033 2826 2076 renascatur
2871 2022 2922 2076 in
2965 2022 3198 2086 Christo,
3232 2027 3430 2093 peccati
3455 2042 3519 2080 ex
3546 2029 3748 2098 origine

2173 2109 2400 2163 dicimus
2433 2125 2552 2165 esse
2589 2113 2912 2182 contagium.
2937 2112 3043 2168 Vos
3068 2125 3243 2169 autem
3272 2117 3360 2186 qui
3393 2116 3496 2172 hoc
3523 2109 3744 2190 negatis,

2171 2217 2234 2255 ea
2273 2201 2462 2256 saltem
2501 2219 2622 2272 quae
2658 2213 2841 2272 aperta
2885 2214 3010 2259 sunt
3052 2207 3360 2272 intuemini;
3393 2223 3488 2264 cur
3512 2211 3747 2266 nonnulli

2171 2292 2330 2346 etiam
2352 2293 2652 2348 dannonem
2676 2297 2940 2364 patiantur
2963 2296 3216 2351 infantes:
3239 2299 3338 2352 nisi
3356 2298 3495 2354 forte
3509 2309 3562 2356 et
3583 2301 3745 2371 ipsos,

2171 2392 2266 2437 aut
2307 2399 2447 2450 esse,
2481 2397 2570 2438 aut
2617 2387 2716 2441 sub
2762 2387 2976 2442 diabolo
3017 2404 3156 2453 esse,
3199 2392 3487 2462 negabitis;
3527 2409 3628 2448 nec
3654 2409 3746 2450 vos

2172 2472 2514 2544 Evangelium
2558 2478 2944 2543 commonebit,
2997 2479 3084 2532 ubi
3131 2479 3349 2536 forsitan
3394 2495 3616 2555 propter
3655 2501 3748 2542 vos

2173 2565 2516 2636 interrogavit
2547 2567 2797 2622 Dominus
2824 2570 2964 2639 quod
2991 2572 3212 2638 sciebat,
3247 2582 3305 2626 ut
3332 2585 3480 2642 pater
3497 2578 3646 2646 pueri
3669 2595 3747 2634 re-

2171 2654 2477 2722 Sponderct,
2528 2657 2691 2710 lilium
2735 2674 2888 2711 suum
2935 2661 3004 2715 ab
3050 2661 3266 2720 infantia
3309 2678 3402 2717 sua
3429 2681 3458 2718 a
3485 2667 3746 2723 dtcmonio

2175 2755 2278 2800 tam
2309 2749 2457 2817 gravi
2484 2750 2819 2819 graviterque
2843 2753 3043 2817 vexari,
3074 2763 3132 2808 ut
3175 2771 3206 2808 a
3241 2755 3436 2810 Cbn'sti
3477 2757 3746 2830 diScipulis

2173 2850 2280 2890 non
2325 2847 2504 2906 posset
2547 2839 2739 2907 expelli
2765 2839 2956 2910 (Marc.
2986 2857 3064 2905 ix,
3097 2843 3314 2915 16-26).
3351 2845 3489 2901 Ecce
3530 2863 3652 2917 ego,
3693 2860 3746 2904 ut

2174 2925 2283 2979 sint
2313 2928 2514 2995 parvuli
2542 2929 2592 2982 in
2620 2929 2813 2983 diaboli
2844 2941 3124 3000 potestate,
3154 2949 3367 2990 causam
3399 2939 3610 3004 nuptias
3633 2955 3745 2996 esse

2173 3031 2278 3069 non
2304 3015 2442 3082 dico,
2467 3018 2610 3086 quod
2635 3035 2719 3073 me
2739 3019 2916 3075 dicere
2936 3023 3293 3080 calutnniaris.
3323 3025 3530 3096 Nuptize
3556 3031 3745 3100 quippe

2173 3105 2371 3160 habent
2395 3107 2638 3162 ordinem
2686 3125 2838 3164 suum
2883 3120 2939 3166 et
2976 3112 3399 3170 benedictionem
3449 3135 3620 3184 suam,
3651 3123 3744 3174 bo-

2173 3213 2405 3268 numque
2433 3213 2588 3252 suum
2637 3215 2735 3256 nec
2779 3201 3109 3258 snbintrante
3138 3215 3352 3273 peccato
3385 3209 3629 3264 amittere
3654 3226 3745 3282 po-

2175 3295 2408 3340 tuerunt.
2439 3288 2517 3342 Tu
2547 3302 2722 3342 autem
2753 3307 2916 3358 quare
2954 3293 3024 3346 sit
3061 3295 3161 3348 sub
3197 3294 3410 3350 diabolo
3446 3298 3534 3351 ille
3561 3301 3743 3354 saltent

2174 3377 2367 3441 infans,
2399 3380 2490 3449 qui
2533 3381 2964 3438 manifestissime
3009 3395 3230 3439 vexatur
3271 3402 3300 3440 a
3338 3387 3570 3456 diabolo,
3599 3390 3668 3442 ita
3695 3401 3746 3446 ut

2173 3469 2457 3539 aliquando
2487 3470 2598 3539 ipsa
2618 3472 2898 3528 vexatione
2925 3475 3202 3542 moriatur,
3227 3479 3490 3546 responde
3511 3483 3553 3534 si
3578 3491 3745 3550 potes.

2171 3560 2287 3616 Non
2331 3562 2411 3616 vis
2451 3563 2616 3640 enim,
2649 3579 2968 3634 quemquam
3013 3567 3173 3622 ullam
3203 3583 3412 3638 pinnam
3446 3587 3540 3640 pro
3565 3574 3748 3629 alienis

2173 3651 2353 3705 subire
2382 3637 2633 3722 peccatis,
2666 3669 2732 3709 ne
2761 3655 2884 3710 hinc
2909 3655 3002 3710 fiat
3021 3657 3295 3723 credibile,
3319 3637 3477 3714 etiam
3509 3666 3744 3735 contagia

2174 3751 2510 3812 peccatorum
2533 3744 2582 3798 in
2601 3755 2880 3802 nascentes
2901 3763 2964 3803 ex
2984 3749 3320 3818 gignentibus
3333 3767 3488 3820 posse
3502 3756 3746 3810 transire.

2243 3831 2468 3888 CAPUT
2506 3831 2596 3888 Vl.
2623 3865 2696 3876 —
2723 3837 2810 3891 l3.
2839 3837 2942 3892 Sed
2969 3838 3234 3904 videlicet,
3262 3851 3318 3894 ut
3357 3845 3602 3912 egregius
3639 3845 3749 3898 dia-

2174 3923 2414 3990 lecticus,
2443 3943 2460 3976 ι
2490 3941 2594 3978 non
2621 3941 2706 3980 me
2732 3927 2948 3995 patieris
2973 3928 3142 3994 elabi,
3169 3931 3262 3984 sed
3303 3947 3488 4002 presse
3527 3935 3748 3989 interm-

2171 4015 2321 4084 gabis
2345 4025 2397 4070 et
2427 4015 2677 4082 breviter,
2709 4017 2766 4070 In
2801 4019 3030 4084 parvulis
3057 4022 3320 4076 actionem
3367 4038 3532 4085 ream,
3564 4041 3631 4079 au
3659 4042 3750 4078 na-

2177 4113 2344 4158 turam
2375 4114 2592 4174 .putcm.
2639 4124 2658 4158 ›
2707 4106 2774 4161 Ει
2821 4108 2886 4161 ad
2933 4120 3214 4180 utrumque
3257 4114 3617 4180 respondens,
3648 4113 3779 4172 «Si.

2174 4195 2460 4258 actionem,
2498 4214 2516 4248 ι
2555 4197 2746 4267 inquis,
2772 4215 2790 4248 ι
2824 4198 3050 4253 Ostende
3082 4200 3206 4269 quid
3235 4199 3460 4258 fecerint
3482 4205 3560 4259 :si
3595 4219 3748 4260 natu-

2177 4303 2285 4340 ram
2303 4327 2318 4353 ,
2348 4289 2569 4342 ostende
2599 4289 2719 4358 quis
2743 4305 2860 4344 eam
2891 4289 3096 4344 fecerit.
3126 4311 3144 4343 ι
3171 4291 3333 4361 Quasi
3361 4304 3418 4350 et
3445 4299 3586 4352 actio
3615 4298 3750 4353 mala

2177 4378 2329 4432 faciat
2357 4377 2456 4432 nisi
2488 4389 2730 4433 naturam
2761 4396 2928 4434 ream.
2953 4383 3176 4438 ACIione
3199 4386 3392 4456 quippe
3413 4388 3503 4456 qui
3531 4404 3654 4444 rens
3671 4398 3751 4444 est

2176 4471 2404 4522 hominis
2420 4471 2462 4536 ',
2498 4470 2656 4525 homo
2685 4481 2801 4532 est;
2831 4471 2990 4526 homo
3016 4481 3192 4528 autem
3222 4484 3406 4529 natura
3435 4485 3538 4532 est.
3569 4477 3748 4534 ﬂanti-

2174 4573 2269 4611 nes
2298 4558 2474 4629 igitur,
2502 4561 2638 4614 sicut
2664 4562 2862 4628 peccati
2891 4563 3098 4616 actione
3126 4564 3390 4634 majores,
3421 4567 3490 4620 ita
3519 4567 3750 4624 minores

2175 4647 2432 4718 majorum
2461 4651 2775 4720 contagione
2803 4658 2930 4705 sunt
2951 4653 3024 4706 rei
3050 4670 3062 4705 :
3089 4653 3172 4708 isti
3196 4670 3259 4709 ex
3280 4671 3346 4710 eo
3366 4657 3508 4725 quod
3531 4657 3748 4723 faciunt,

2175 4737 2247 4792 illi
2277 4754 2344 4793 ex
2372 4740 2566 4809 quibus
2589 4739 2849 4810 originem
2878 4741 3096 4796 ducunt.
3121 4743 3382 4812 Quocirca
3412 4747 3463 4800 in
3493 4749 3752 4817 parvulis'

2174 4826 2372 4882 bonum
2417 4838 2519 4892 est,
2562 4828 2701 4899 quod
2753 4829 2998 4885 homines
3041 4840 3200 4898 sunt;
3229 4835 3370 4904 quod
3401 4837 3622 4890 omnino
3647 4852 3752 4892 non

2173 4925 2369 4981 essent,
2403 4917 2503 4971 nisi
2534 4932 2627 4973 eos
2657 4919 2746 4974 ille
2777 4920 2866 4989 qui
2895 4936 3103 4975 summe
3131 4921 3300 4976 bonus
3330 4935 3412 4978 est
3438 4927 3754 4982 creavisset.

2235 5073 2254 5103 ί
2289 5071 2638 5136 Ροδιιειιηιρδίι
2672 5072 2946 5136 exordium,
2970 5075 3022 5136 in
3045 5075 3190 5125 editis
3203 5075 3415 5126 additur:
3440 5077 3573 5128 sicut
3592 5079 3754 5130 mlior-

2171 5138 2246 5205 (αξ
2260 5134 2388 5184 mala
2409 5133 2514 5194 ipsa
2535 5133 2604 5184 est
2623 5133 2757 5205 origo
2777 5133 2980 5205 percuti,
3007 5135 3062 5205 id
3081 5143 3172 5194 est,
3193 5151 3226 5205 ᾳ
3244 5138 3480 5205 uoluntas
3500 5140 3632 5190 uiola
3648 5154 3756 5205 pec-

2171 5199 2329 5259 catum
2350 5205 2573 5244 exortum
2595 5202 2682 5254 est,
2698 5196 2751 5246 ἐι
2764 5196 2957 5259 pecvati
2984 5197 3116 5259 origo
3139 5199 3346 5248 velimus
3379 5196 3508 5249 multi
3527 5209 3616 5251 est.
3648 5196 3756 5252 'ttoc

2170 5253 2464 5321 glossemate
2515 5253 2684 5321 errent
2745 5253 2842 5321 duo
2893 5271 2926 5306 e
2959 5253 3176 5321 quinique
3211 5261 3444 5309 Vaticanis
3487 5269 3593 5311 Mss.
3637 5270 3756 5313 Tres

2172 5316 2305 5378 vero,
2321 5316 2401 5378 alii
2427 5330 2512 5378 pro
2533 5319 2688 5368 :st'cut
2719 5318 2929 5368 ootrmtas
2965 5316 3124 5378 uwla',
3163 5324 3324 5371 lerunt
3348 5334 3362 5370 :
3383 5321 3606 5374 relicuas
3629 5323 3756 5374 enim

2169 5377 2300 5442 mula
2327 5377 2668 5442 :t*ldt‘iacetisis
2691 5387 2789 5438 δίδη
2816 5381 2948 5442 (tuor!
2974 5377 3182 5432 rotantes
3202 5382 3346 5442 malo,
3376 5390 3458 5433 etc

2237 5439 2257 5470 ³
2291 5445 2413 5494 Post,
2437 5437 2522 5501 qui
2545 5453 2654 5490 reus
2689 5446 2758 5489 est
2778 5473 2794 5497 ,
2817 5437 3052 5500 addimus,
3105 5437 3342 5501 hominis,
3366 5457 3428 5492 ex
3469 5443 3753 5496 Floriacemi

2170 5501 2504 5570 manuscrirto.
2521 5503 2603 5564 qui
2618 5510 2778 5550 tamen
2799 5502 2953 5552 codex
2994 5511 3161 5566 postea
3181 5504 3616 5565 omittit,homines,
3639 5517 3754 5557 ante

2171 5563 2340 5612 verba.
2361 5567 2508 5612 tuttur
2539 5563 2678 5612 sicut.

2171 5570 2345 5622 verba,
2361 5570 2508 5622 tguttr
2539 5570 2678 5612 sicut.

2181 5576 2508 5632 ternaqguur
2539 5576 2678 5633 sicut.
2882 5621 2896 5636 .
3149 5625 3159 5635 .
3657 5625 3668 5634 .

2181 5620 2681 5734 Μὲἰΐύὲὲᾉξιυοανσα
2706 5621 2912 5687 ρετινυιτ.
2955 5630 3010 5674 At
3041 5622 3356 5676 Floriaceusis
3389 5631 3492 5688 tu,
3525 5639 3756 5690 quom-ca

2173 5692 2222 5730 ut
2242 5692 2472 5742 porrum.
