4014 6184
348 317 453 378 τὶιϋ

344 439 538 493 Malum
565 452 693 492 vero
721 437 766 492 si
797 436 997 491 nullum
1028 450 1092 491 ex
1112 434 1318 506 origine
1340 433 1631 491 traherent.
1659 445 1926 498 nunquam

342 546 463 582 ('uttt
496 528 637 583 vitiis
681 527 767 584 vel
806 526 1174 599 corporalibus
1220 531 1583 579 nascerentur.
1619 521 1759 574 Deus
1786 520 1929 573 enim

342 620 431 676 cui
454 629 535 674 est
563 620 886 687 animarum,
907 619 1021 688 ipse
1050 625 1132 671 cst
1162 616 1321 671 etiam
1350 627 1632 683 corporum
1661 610 1926 674 conditur,

339 713 430 779 qui
463 713 643 781 utique
675 713 921 765 humana:
968 711 1022 764 in
1072 711 1180 777 ipsa
1227 707 1533 762 conditione
1573 716 1775 758 naturte
1803 702 1929 756 vitia

344 818 446 856 non
480 802 666 872 infligit
706 802 1007 857 immeritze.
1039 799 1222 869 Neque
1256 799 1397 852 enim
1427 797 1495 850 de
1525 793 1927 849 innumerabili-

344 892 442 946 bus
473 893 727 960 parvulis,
758 893 848 962 qui
873 898 930 946 et
959 892 1012 945 in
1038 892 1216 944 animo
1239 897 1292 943 et
1311 888 1360 941 iu
1384 901 1610 955 corpore
1632 900 1751 938 cum
1784 893 1925 936 tanta

342 983 589 1036 vitiorum
633 983 887 1036 varietate
926 991 1235 1039 nascuntur.
1281 979 1383 1033 hoc
1419 977 1521 1031 dici
1551 985 1742 1045 potest,
1784 971 1924 1043 quod

344 1074 601 1127 Dominus
624 1074 695 1126 ait
718 1073 785 1126 de
815 1072 907 1127 illo
935 1072 1023 1142 qui
1048 1086 1222 1125 CtIECllS
1243 1078 1399 1123 natus
1419 1077 1531 1130 est;
1574 1082 1678 1119 non
1710 1073 1927 1134 propter

341 1175 615 1234 peccatum
659 1166 846 1235 ipsius,
872 1165 956 1219 vel
1010 1171 1311 1233 parentum,
1345 1160 1395 1214 id
1427 1175 1546 1215 esse
1577 1158 1796 1223 factum,
1829 1155 1924 1209 sed

339 1264 401 1312 ut
439 1254 906 1312 manifestarentur
945 1270 1105 1325 Opera
1153 1255 1244 1310 Dei
1290 1253 1342 1307 in
1388 1252 1479 1307 illo
1509 1252 1696 1322 (Jaan.
1727 1266 1800 1312 ix,
1829 1249 1922 1313 '5).

339 1345 490 1401 Multi
517 1347 712 1417 quippe
750 1362 850 1402 nec
887 1356 1146 1402 sanantur
1171 1344 1411 1406 omnino,
1444 1342 1537 1397 sed
1568 1357 1688 1396 cum
1719 1339 1920 1392 eisdem

339 1438 503 1503 vitiis,
536 1438 647 1492 sive
672 1438 906 1508 qualibet
935 1440 950 1469 ί
980 1446 1169 1500 (etate,
1202 1437 1314 1491 sive
1360 1435 1411 1489 in
1456 1434 1567 1505 ipsa
1623 1432 1925 1486 moriuntur

341 1529 581 1581 infantia.
623 1528 907 1582 Nonnullis
950 1529 1109 1582 etiam
1150 1526 1380 1597 parvulis
1419 1525 1528 1594 jam
1577 1525 1811 1585 renatis,
1839 1522 1921 1576 vel

341 1629 654 1687 permanent
676 1634 795 1673 cum
825 1619 1017 1688 quibus
1046 1626 1170 1672 sunt
1198 1618 1328 1681 nati,
1361 1618 1442 1670 vel
1471 1615 1710 1669 accidunt
1740 1613 1924 1682 hujus-

341 1710 484 1763 modi
514 1711 671 1777 mala,
695 1711 831 1764 absit
860 1719 915 1763 ut
941 1710 1180 1764 dicamus
1206 1707 1420 1777 indigne
1445 1725 1456 1759 :
1483 1706 1575 1760 sed
1606 1706 1724 1758 hinc
1746 1705 1922 1776 potius

340 1800 697 1871 intelligamus
728 1802 807 1854 eis
840 1799 906 1853 ad
935 1801 1158 1854 alterum
1187 1799 1439 1852 saeculum
1470 1796 1745 1865 prodesse,
1778 1794 1920 1865 quod

337 1900 721 1953 renascuntur;
753 1890 909 1957 hujus
936 1897 1111 1942 autem
1153 1887 1332 1942 saeculi
1366 1885 1766 1955 dispositionem
1784 1890 1925 1955 'pro-

339 1993 458 2053 pter
477 1985 658 2038 vitium
679 1984 702 2015 ²
730 1982 992 2052 superbiae
1034 1981 1283 2042 hominis,
1314 1995 1410 2049 per
1433 1978 1575 2047 quod
1602 1976 1921 2043 apostatavit

337 2090 368 2127 a
400 2075 507 2128 Deo
530 2073 712 2146 (Et-cli.
740 2088 795 2137 χ,
825 2073 911 2137 l-l,
943 2073 1056 2143 15),
1079 2053 1304 2125 dirersis
1326 2070 1476 2122 malis
1505 2069 1774 2121 hominum
1800 2082 1921 2136 per-

336 2165 420 2232 agi
447 2165 498 2217 in
523 2164 650 2234 jugo
672 2164 816 2232 gravi
834 2179 984 2233 super
1002 2163 1136 2232 ﬁlios
1162 2160 1347 2224 Adam,
1367 2176 1399 2212 α
1423 2159 1505 2212 die
1532 2158 1695 2212 exitus
1715 2157 1777 2210 de
1795 2173 1918 2210 ven-

339 2265 414 2308 tre
440 2256 613 2308 matris
638 2270 831 2316 eorum,
871 2269 1028 2323 usque
1072 2252 1124 2305 iu
1170 2253 1302 2304 diem
1329 2249 1603 2321 sepultura
1628 2248 1681 2301 in
1708 2257 1919 2300 matrem

340 2349 558 2401 omnium
588 2346 694 2420 (Id.
725 2362 817 2413 XL,
849 2348 927 2418 1).
1468 2352 1475 2358 ’

407 2437 632 2493 CAPUT
676 2437 784 2493 γη.
810 2467 883 2478 —
908 2437 994 2491 Μ.
1021 2435 1179 2505 Quod
1203 2443 1381 2490 autem
1405 2434 1456 2489 in
1488 2435 1591 2488 hoc
1614 2447 1775 2502 Opere
1807 2442 1917 2495 tuo,

339 2531 605 2600 quomodo
632 2529 759 2583 fiant
786 2545 814 2582 a
837 2528 1128 2583 dialecticis
1156 2526 1473 2600 syllogismi,
1498 2525 1640 2579 unde
1663 2526 1917 2593 quaestio-

340 2640 461 2676 ιιοηι
485 2623 575 2675 tibi
606 2622 786 2676 nullus
805 2620 1025 2689 objecit,
1051 2619 1248 2674 docere
1262 2617 1513 2682 conaris;
1541 2625 1797 2686 quantum
1825 2613 1918 2668 tibi

338 2715 541 2783 places,
565 2722 765 2766 tantum
795 2712 1044 2783 gravibus
1075 2710 1360 2763 lectoribus
1375 2707 1646 2777 dispiices.
1665 2706 1751 2770 Et,
1777 2703 1917 2771 quod

333 2816 416 2859 est
428 2804 765 2877 pejus,iingis
778 2820 861 2859 me
876 2804 1051 2858 dicere
1064 2803 1203 2872 quod
1220 2819 1321 2854 non
1344 2801 1483 2865 dico,
1498 2798 1812 2853 concludere
1823 2798 1919 2852 sie-

335 2906 395 2951 nt
416 2913 521 2951 non
543 2897 818 2957 concludo,
851 2895 1144 2950 concedere
1163 2893 1304 2964 quod
1328 2908 1431 2947 non
1449 2890 1706 2957 concede,
1730 2899 1917 2945 etcen-

334 2988 505 3044 cludis
536 2988 627 3043 tibi
655 2989 766 3058 ipse
793 2987 935 3058 quod
964 3003 1152 3042 renuo.
1171 2985 1394 3053 Quando
1414 2985 1557 3040 enim
1580 2997 1678 3053 ego
1708 2982 1914 3052 negavi,

341 3099 360 3130 ο
386 3090 626 3133 naturam
647 3080 917 3132 hominum
935 3094 1054 3133 esse
1076 3077 1414 3141 laudabilem,
1440 3095 1458 3127 ι
1486 3078 1539 3129 in
1557 3081 1810 3146 quantum
1831 3073 1919 3128 lto-

334 3173 508 3225 inines
534 3172 694 3227 sunt?
720 3171 940 3240 Quando
969 3171 1110 3236 dixi,
1139 3188 1157 3222 ‹
1190 3170 1259 3224 ob
1280 3169 1379 3223 hoc
1412 3170 1584 3238 ipsum
1608 3182 1727 3223 reos
1765 3178 1914 3232 esse,

335 3265 460 3331 quia
477 3271 617 3323 sunt;
643 3281 661 3315 ι
683 3278 801 3316 cum
821 3262 1058 3331 profecto
1072 3269 1266 3322 essent,
1287 3274 1383 3312 nec
1399 3259 1474 3312 rei
1487 3266 1684 3321 essent,
1699 3256 1742 3311 si
1758 3271 1917 3311 nemo

334 3355 647 3424 peccasset?
674 3356 896 3422 Quando
920 3353 1061 3417 dixi,
1108 3371 1128 3405 ι
1177 3350 1553 3407 fecunditatem
1584 3365 1704 3405 esse
1729 3362 1914 3417 repro-

335 3447 597 3511 bandam;
638 3466 657 3499 ι
689 3462 807 3501 cum
834 3445 901 3501 ad
935 3445 1360 3501 benedictionem
1405 3443 1667 3513 pertineat
1710 3440 1918 3509 nuptia-

334 3541 491 3594 rum?
520 3541 799 3609 Quomodo
824 3557 853 3595 a
887 3550 937 3596 te
967 3551 1203 3612 peterem
1232 3551 1287 3594 ut
1315 3539 1416 3594 hoc
1443 3539 1614 3608 ipsum
1658 3535 1920 3594 concede-

333 3645 443 3692 res.
467 3631 609 3701 quod
641 3632 753 3701 ipse
782 3647 884 3685 non
916 3630 1065 3685 dixi?

407 3722 495 3775 15.
527 3720 643 3776 Jam
688 3736 819 3776 vero
867 3721 1007 3791 quod
1054 3737 1139 3776 me
1184 3720 1317 3774 dicis
1358 3733 1654 3783 assumere,
1689 3734 1708 3766 ι
1733 3715 1918 3770 Omnis

333 3812 647 3866 cammixtio
676 3826 959 3881 Corporum
988 3813 1160 3876 mala;
1197 3829 1216 3863 ι
1259 3810 1388 3864 nihil
1423 3812 1598 3864 minus
1629 3816 1731 3874 est,
1760 3821 1917 3878 quam

334 3914 393 3957 ut
421 3904 587 3967 dicas,
621 3918 708 3958 me
746 3904 904 3958 etiam
932 3902 1041 3957 vini
1080 3911 1134 3956 et
1177 3918 1328 3972 aqua:
1358 3915 1639 3955 accusasse
1661 3898 1919 3955 commix-

335 3995 557 4057 tioncm,
588 3994 798 4064 quando
837 3995 990 4049 nobis
1034 3996 1179 4063 potio
1212 4001 1539 4061 temperatur
1562 4010 1575 4046 :
1602 3993 1725 4062 quia
1765 4001 1819 4046 et
1849 3990 1918 4046 ibi

331 4099 619 4154 corporum
659 4096 739 4138 est
768 4086 884 4139 sine
911 4086 1238 4140 dubitatione
1266 4083 1611 4147 commixtio;
1643 4091 1698 4137 et
1724 4082 1769 4137 si
1797 4096 1919 4135 om-

335 4187 461 4227 nem
511 4174 944 4239 couunixtioncm
991 4188 1274 4243 corporum
1326 4173 1519 4227 malum
1562 4171 1692 4237 dixi,
1746 4184 1921 4240 neque

332 4262 473 4318 hanc
502 4266 684 4334 utique
715 4264 1051 4333 praetermisi.
1085 4263 1189 4318 Sed
1237 4277 1334 4316 nec
1377 4263 1545 4334 ipsam
1585 4261 1923 4315 commixtio-

334 4369 458 4408 nem
501 4369 659 4408 sexus
704 4356 983 4424 utriusque
1024 4353 1367 4424 reprehendi,
1397 4354 1440 4407 si
1488 4353 1722 4422 legitima
1758 4362 1921 4423 atque

333 4445 586 4511 nuptialis
611 4457 709 4499 est.
738 4446 865 4501 Sine
891 4448 990 4502 hac
1017 4448 1159 4500 enim
1190 4462 1293 4498 non
1325 4447 1476 4498 fieret
1521 4443 1794 4498 hominum
1827 4458 1922 4513 ge-

337 4537 564 4600 neratio,
593 4537 751 4590 etiam
799 4536 946 4590 nullo
974 4537 1286 4605 cujusquam
1315 4536 1650 4604 pnecedentc
1676 4544 1915 4603 peccato.

339 4626 567 4683 Proinde
593 4625 723 4680 illud
769 4627 910 4681 aliud
952 4626 1092 4697 quod
1123 4642 1209 4682 me
1237 4625 1419 4680 dicere
1445 4624 1709 4695 adiungis,
1746 4643 1765 4677 ε
1802 4622 1919 4678 Filii

334 4728 513 4775 autem
553 4719 620 4773 de
658 4736 944 4790 corporum
981 4720 1362 4774 commixtione
1401 4728 1711 4777 nascuntur,
1747 4735 1765 4768 ι
1800 4716 1920 4771 dico

334 4826 468 4867 sane
500 4810 634 4865 :sed
670 4812 964 4875 conclusio,
991 4826 1149 4882 quam
1194 4811 1341 4866 velut
1388 4824 1559 4865 meam
1608 4809 1801 4863 inferre
1828 4823 1921 4863 vo-
1952 4854 1964 4867 .

340 4904 503 4965 luisti,
535 4921 639 4959 non
665 4914 747 4958 est
777 4921 911 4958 mea.
948 4905 1060 4958 Non
1086 4905 1228 4959 enim
1242 4920 1340 4974 ego
1365 4904 1506 4969 dico,
1527 4923 1545 4955 ι
1565 4902 1799 4973 Nequam
1824 4902 1921 4972 igi-

340 5006 423 5049 tur
454 4995 576 5059 filii,
604 4996 695 5067 qui
721 4996 788 5051 de
819 4997 953 5050 mala
982 4997 1292 5065 operatione
1324 4995 1654 5066 procedunt;
1691 5011 1710 5045 ι
1744 5008 1919 5062 quan-

338 5084 624 5155 doquidem
684 5087 851 5156 ipsam
906 5086 1191 5157 conjugnm
1240 5087 1646 5157 Operationem,
1696 5100 1814 5155 qute
1863 5082 1923 5137 fit

335 5177 721 5246 gignendorum
766 5162 932 5247 gratia
978 5177 1229 5242 filiorum,
1274 5195 1378 5231 non
1419 5177 1538 5232 dico
1585 5176 1795 5240 malam,
1826 5173 1917 5229 sed

332 5270 513 5340 potius
530 5271 718 5324 bonam
741 5288 753 5323 :
773 5270 893 5341 quia
908 5271 1043 5325 bene
1061 5271 1222 5325 utitur
1237 5270 1469 5324 libidinis
1482 5270 1642 5333 malo,
1660 5284 1753 5336 per
1780 5263 1919 5335 quod

331 5370 658 5431 generantur
685 5362 927 5416 homines
955 5360 1149 5415 bonum
1178 5376 1314 5430 opus
1340 5361 1466 5423 Dei;
1500 5375 1603 5414 non
1627 5359 1741 5412 sine
1759 5358 1917 5424 malo,

336 5464 557 5523 propter
578 5453 720 5524 quod
749 5453 1101 5524 regeneraudi
1126 5465 1271 5520 sunt,
1302 5463 1357 5508 ut
1388 5455 1727 5508 Iibcreutora
1756 5452 1907 5506 malo.

399 5653 415 5723 ξ
455 5650 1042 5723 Mityst'reiuguutibet;
1065 5659 1191 5723 διες,
1340 5651 1561 5714 quatiet.

398 5716 418 5745 ³
452 5725 554 5761 Ani.
581 5721 655 5762 t-Lr.
682 5722 732 5764 et
757 5715 977 5778 plerique
1003 5723 1129 5775 3258.,
1153 5715 1355 5762 initium.

1719 315 1915 367 Liiiiili
1956 312 2267 367 'l'l'll’t'i'lUS.

3510 338 3618 384 ’11η

2109 450 2196 505 16.
2230 451 2428 508 Deinde
2472 457 2715 512 contexis
2759 458 2985 513 alterum
3035 462 3398 534 syllogismum
3430 474 3616 529 tuum;

2035 545 2284 612 quoniam
2307 553 2425 599 tuus
2446 556 2527 601 est
2548 558 2600 602 et
2622 551 2765 618 prior
2790 552 2889 606 iste
2908 555 2945 619 ',
2972 570 3075 610 non
3101 572 3273 611 meus.
3298 557 3440 613 Dicis
3459 574 3614 630 erga,

2040 654 2059 686 ι
2085 633 2253 690 Causa
2283 653 2504 692 sexuum
2532 644 2839 697 commixtio
2865 660 3149 714 corporum
3172 665 3184 702 :
3208 667 3227 701 ι
3244 660 3297 704 et
3325 651 3403 704 vis
3434 659 3491 704 ut
3515 649 3619 705 huc

2039 727 2329 779 concedam
2356 727 2469 781 tibi.
2511 729 2647 785 Ecce
2676 733 2930 787 concedo.
2963 735 3145 804 Pergis
3184 737 3326 799 inde.
3351 748 3405 793 et
3428 740 3587 807 adjun

2032 812 2112 882 gis
2137 831 2150 867 :
2185 816 2268 869 «Si
2295 817 2427 870 mala
2452 834 2670 888 semper
2688 824 3010 887 commixtio,
3037 826 3290 881 deformis
3310 831 3469 884 etiam
3488 846 3614 883 con-

2032 902 2162 956 ditio
2185 919 2467 973 corporum
2517 907 2568 962 in
2615 924 2835 965 sexuum
2885 914 3190 969 diversitate
3240 920 3551 985 positorum.
3589 938 3608 972 ι

2032 990 2144 1046 Hoc
2171 994 2215 1047 si
2246 1006 2388 1049 esset
2417 1012 2769 1068 consequens,
2802 1019 2885 1056 me
2908 1019 3012 1057 non
3040 1018 3321 1073 premeret,
3353 1010 3438 1076 qui
3469 1025 3615 1065 coni-

2033 1083 2346 1140 mixtionem
2377 1090 2689 1157 nuptialem,
2722 1092 2773 1146 id
2800 1106 2902 1160 est,
2934 1097 3221 1152 liberorum
3253 1104 3611 1169 procreando-

2031 1188 2148 1228 rum
2176 1179 2389 1245 causa’,
2416 1195 2518 1233 nou
2542 1183 2711 1235 solum
2742 1184 2931 1238 malam
2958 1203 3060 1240 non
3078 1188 3218 1256 dico,
3248 1208 3429 1247 verum
3452 1196 3609 1250 etiam

2031 1263 2224 1319 bonam
2274 1267 2413 1322 dico.
2450 1271 2568 1327 Huc
2609 1274 2833 1338 accedit,
2865 1277 2983 1345 quia
3031 1290 3084 1333 et
3130 1296 3460 1351 consequens
3506 1303 3611 1341 non

2030 1365 2132 1421 est,
2162 1366 2220 1411 ut
2243 1359 2285 1412 si
2309 1375 2526 1430 semper
2543 1372 2624 1417 est
2643 1366 2775 1418 mala
2799 1382 2956 1421 sexus
2988 1370 3260 1441 utriusque
3284 1377 3609 1442 commixtio,

2032 1454 2313 1515 propterea
2341 1451 2410 1504 sit
2457 1450 2712 1507 deformis
2761 1458 2920 1510 etiam
2970 1460 3204 1515 conditio
3247 1477 3529 1532 corporum
3559 1468 3612 1521 in

2029 1548 2249 1590 sexuum
2297 1538 2609 1618 diversitate
2660 1546 2970 1612 positorum.
3020 1550 3262 1606 Profecto
3309 1555 3449 1608 enim
3487 1557 3611 1612 siin

2031 1633 2232 1681 tantum
2264 1628 2506 1683 homines
2534 1643 2714 1689 essent
2779 1636 2919 1691 malo
2965 1639 3198 1694 libidinis
3239 1644 3527 1714 subjngati,
3552 1656 3611 1701 ut

2029 1726 2233 1771 remota
2276 1719 2556 1776 honestate
2586 1726 2919 1793 nuptiarum,
2947 1744 3132 1784 omnes
3162 1732 3526 1791 indifferenter
3547 1753 3612 1793 ac

2029 1806 2224 1872 passim
2273 1810 2465 1862 canino
2506 1826 2654 1866 more
2681 1818 3115 1885 concumberent,
3150 1836 3253 1875 non
3285 1823 3404 1878 ideo
3428 1825 3612 1881 defor-

2028 1894 2129 1946 mis
2158 1905 2299 1951 esset
2343 1900 2580 1954 conditio
2612 1918 2920 1974 corporum,
2948 1909 3101 1977 cujus
3131 1910 3271 1965 Deus
3294 1924 3481 1969 auctor
3503 1926 3603 1983 est,

2025 1987 2275 2054 quoniam
2300 1990 2433 2044 mala
2461 2004 2605 2047 esset
2624 1997 2860 2051 omnium
2880 1998 3156 2055 hominum
3184 2007 3345 2059 maris
3370 2005 3608 2062 femina:-

2026 2092 2129 2143 que
2155 2081 2463 2134 commixtio
2486 2099 2501 2135 :
2521 2084 2657 2139 sicut
2685 2089 2845 2142 etiam
2878 2106 3020 2146 nunc
3042 2093 3111 2147 de
3139 2095 3432 2151 adulterina
3454 2114 3606 2154 eom-

2026 2167 2282 2221 mixtione
2304 2170 2664 2239 utique'maln,
2697 2177 2893 2233 bonum
2922 2190 3006 2235 est
3034 2182 3085 2236 in
3112 2198 3395 2253 corporum
3422 2192 3609 2245 condi-

2025 2256 2171 2314 tione
2207 2274 2343 2328 Opus
2389 2264 2501 2346 Dei.
2535 2265 2693 2321 Vides
2723 2285 2933 2338 nempe,
2965 2288 3122 2341 quam
3149 2275 3428 2334 dialectice
3474 2282 3607 2338 nihil

2023 2347 2243 2415 dixeris,
2270 2362 2325 2407 et
2364 2355 2503 2407 nulla
2534 2357 2749 2426 quidem
2781 2362 2934 2430 culpa
2963 2362 3256 2443 dialectica:
3283 2368 3604 2438 disciplinae,

2026 2447 2078 2492 tu
2103 2452 2358 2509 quantum
2389 2459 2418 2498 a
2447 2449 2656 2501 tramite
2688 2448 2805 2517 ejus
2831 2452 3243 2509 exorbitaveris.
3279 2455 3439 2512 Vides
3468 2460 3609 2515 illius

2023 2530 2154 2584 artis
2179 2533 2356 2587 verbis
2383 2535 2449 2587 ad
2483 2536 2583 2590 hoc
2620 2545 2671 2591 te
2724 2538 2802 2592 uti
2824 2538 2865 2603 ⁸,
2895 2550 2953 2594 ut
2989 2544 3070 2597 eis
3106 2543 3316 2599 inflatus
3355 2550 3610 2605 attonitos

2025 2620 2186 2675 facias
2220 2622 2513 2692 imperitos,
2550 2628 2779 2682 volcndo
2817 2631 2984 2686 videri
3028 2648 3148 2691 esse
3190 2638 3332 2706 quod
3376 2655 3481 2694 non
3525 2657 3605 2696 es.

2023 2713 2176 2777 Quod
2201 2722 2254 2767 et
2278 2715 2323 2769 si
2351 2730 2520 2781 esses,
2544 2718 2610 2773 ad
2639 2734 2763 2774 eum
2790 2723 3004 2777 modum
3026 2740 3134 2794 quo
3161 2727 3259 2781 ista
3288 2728 3609 2798 diSputanda

2023 2817 2182 2871 sunt,
2237 2808 2368 2862 nihil
2421 2825 2589 2865 esses.
2645 2812 2749 2867 Sed
2808 2814 2962 2883 plane
3002 2832 3143 2872 nunc
3183 2828 3237 2872 et
3285 2821 3495 2890 ineptus
3551 2834 3609 2880 et

2024 2896 2326 2965 imperitus,
2395 2908 2522 2955 tunc
2585 2912 2761 2956 autem
2831 2905 3039 2974 ineptus
3079 2909 3267 2963 artifex
3330 2927 3497 2967 esses.
3542 2916 3610 2970 Et

2025 2996 2200 3043 tamen
2256 2990 2651 3047 dialecticorum
2710 2996 2860 3064 quasi
2919 2998 3111 3065 jaculis
3174 3011 3426 3057 oneratus
3480 3019 3608 3060 acu-

2023 3087 2110 3140 tis,
2140 3078 2192 3132 in
2237 3089 2506 3145 certamen
2553 3085 2817 3150 procedis,
2869 3095 2923 3140 et
2980 3088 3153 3156 jactas
3210 3091 3484 3157 plumbeos
3511 3111 3609 3165 pu-

2020 3169 2224 3239 giones,
2257 3171 2460 3240 dicens,
2493 3193 2513 3225 ‹
2542 3175 2596 3231 Si
2642 3177 2778 3230 mala
2821 3192 3034 3247 semper
3069 3183 3397 3246 commixtio,
3428 3185 3607 3242 defor-

2020 3260 2126 3317 mis
2149 3264 2308 3316 etiam
2336 3264 2570 3319 conditio
2601 3280 2891 3337 corporum
2943 3270 2993 3322 in
3046 3285 3268 3327 sexuum
3299 3273 3607 3334 diversitate

2022 3352 2336 3420 positorum.
2376 3373 2396 3406 ι
2432 3354 2541 3409 Nec
2567 3356 2754 3411 videns
2781 3374 2940 3427 quam
2975 3376 3080 3415 non
3129 3362 3199 3415 sit
3243 3380 3603 3435 consequens,

2022 3442 2164 3511 quod
2206 3458 2304 3514 pro
2329 3456 2644 3514 argumequ
2669 3450 2975 3502 necessario
3007 3451 3250 3518 posuisti,
3279 3453 3525 3526 adjungis
3552 3466 3608 3513 et

2022 3532 2174 3598 dicis,
2209 3552 2229 3585 σ
2251 3534 2401 3601 Quod
2430 3551 2549 3590 cum
2579 3553 2773 3607 negare
2795 3540 3116 3607 nequiveris.
3153 3560 3172 3593 ι
3197 3542 3335 3609 Quid
3366 3554 3448 3598 est
3463 3545 3605 3614 quod

2021 3639 2230 3694 nequeo
2271 3641 2486 3696 negare,
2519 3628 2678 3683 homo
2720 3628 3294 3700 inconsitleratc?quid
3340 3642 3425 3689 est
3461 3636 3605 3707 quod

2023 3730 2232 3785 nequeo
2262 3718 2489 3785 negare?
2512 3718 2622 3772 lloc
2645 3733 2859 3786 nempe,
2891 3719 3032 3786 quod
3065 3728 3118 3773 tu
3141 3720 3276 3790 jam,
3302 3723 3347 3777 si
3373 3725 3455 3779 vel
3482 3738 3607 3779 sero

2022 3807 2185 3874 sapis,
2211 3821 2313 3859 non
2346 3817 2498 3874 potes
2529 3807 2627 3861 nisi
2657 3823 2852 3878 negare
2877 3826 2891 3862 :
2912 3810 3034 3878 quia
3057 3824 3161 3863 non
3186 3810 3368 3880 utique
3396 3812 3442 3867 si
3468 3814 3604 3868 maia

2023 3906 2106 3952 est
2149 3898 2458 3952 commixtio
2504 3900 2891 3966 adulterorum,
2921 3910 3203 3973 propterea
3242 3918 3306 3958 ex
3354 3904 3458 3959 illis
3506 3920 3605 3961 na-

2023 3991 2283 4045 scentium
2309 3992 2542 4046 conditio
2565 3992 2822 4047 deformis
2855 4004 2938 4047 est
2965 3994 3259 4050 hominum.
3292 3995 3382 4051 Illa
3411 3998 3605 4068 quippe

2023 4089 2107 4134 est
2134 4080 2405 4134 hominum
2425 4082 2561 4135 male
2575 4085 2906 4151 operantium
2925 4084 2993 4138 de
3022 4085 3274 4140 membris
3290 4087 3445 4141 bonis
3466 4105 3479 4141 :
3503 4091 3604 4147 ista

2023 4186 2150 4226 vero
2173 4171 2262 4225 Dei
2287 4181 2371 4226 est
2386 4173 2519 4226 bene
2544 4175 2816 4241 operantis
2837 4174 2904 4229 de
2923 4174 3228 4231 hominibus
3252 4178 3424 4232 malis.
3448 4179 3604 4247 Quod

2024 4262 2069 4317 si
2097 4263 2318 4328 dixeris,
2349 4264 2517 4317 Etiam
2548 4280 2668 4318 cum
2700 4266 2759 4318 tit
2782 4266 3129 4334 adulterium,
3149 4269 3286 4324 bona
3315 4280 3399 4327 est
3422 4287 3518 4342 per
3546 4291 3606 4330 se

2026 4354 2137 4420 ipsa
2166 4353 2497 4418 commixtio,
2526 4354 2643 4423 quia
2674 4357 2928 4410 naturalis
2953 4365 3057 4423 est,
3079 4359 3173 4413 scd
3197 4375 3259 4415 ea
3285 4362 3423 4416 male
3450 4373 3608 4419 utun-

2027 4454 2113 4499 tur
2138 4443 2399 4507 adulteri;
2428 4459 2526 4499 cur
2552 4463 2655 4500 non
2683 4447 2765 4502 vis
2790 4450 3133 4518 acquiescere
3152 4494 3165 4514 ,
3194 4453 3263 4507 ita
3292 4469 3449 4524 posse
3477 4472 3599 4514 esse

2027 4534 2297 4589 libidinem
2339 4536 2553 4599 malam,
2583 4551 2683 4606 qua
2714 4545 2889 4594 tamen
2934 4540 3071 4596 bene
3108 4552 3329 4601 utantur
3354 4548 3606 4617 gignendi

2025 4624 2194 4694 gratia
2212 4624 2513 4695 coniugati?
2533 4626 2614 4682 An
2641 4637 2814 4696 potest
2831 4629 3088 4687 bonorum
3114 4649 3234 4690 esse
3256 4651 3384 4692 usus
3404 4639 3599 4703 malus.

2027 4723 2082 4771 et
2108 4731 2212 4769 non
2246 4724 2422 4784 potest
2458 4717 2717 4772 malorum
2747 4718 2956 4776 bonus?
2983 4737 3104 4778 cum
3133 4725 3461 4781 inveniamus
3489 4728 3606 4797 ipso

2026 4816 2212 4879 satana
2238 4824 2396 4877 quam
2435 4809 2570 4864 bene
2605 4824 2733 4864 usus
2780 4809 2941 4866 fuerit
2981 4815 3289 4882 Apostolus,
3317 4816 3530 4871 tradens
3550 4817 3600 4871 ei

2026 4900 2297 4956 hominem
2326 4900 2379 4953 in
2407 4899 2675 4955 interitum
2706 4902 2882 4955 carnis
2910 4911 2967 4956 ut
2994 4904 3212 4971 Spiritus
3252 4905 3431 4959 salvus
3459 4914 3605 4962 esset

2028 4991 2079 5046 in
2106 4990 2193 5046 die
2221 4990 2428 5045 Domini
2451 4990 2469 5061 (
2494 4989 2652 5046 lCor.
2684 5007 2736 5058 v,
2764 4992 2854 5063 5),
2883 5000 2939 5048 et
2961 4992 3095 5047 alios
3122 5002 3178 5047 ut
3203 4994 3470 5051 discerent
3499 5013 3607 5051 non

2028 5080 2398 5149 blasphemare
2421 5081 2463 5151 (l
2493 5079 2625 5136 Tim.
2654 5097 2692 5149 ι,
2722 5080 2838 5153 20).

2099 5195 2325 5251 CAPUT
2352 5194 2484 5250 \‘lll.
2503 5224 2577 5236 —
2601 5196 2682 5250 i7;
2704 5195 2853 5262 Quod
2877 5210 3004 5249 vero
3025 5197 3359 5265 superaddis,
3382 5208 3435 5253 ct
3455 5198 3607 5267 dicis,

2033 5304 2053 5341 α
2088 5286 2186 5343 Rei
2228 5294 2404 5341 autem
2448 5286 2602 5341 make
2643 5288 2782 5341 Deus
2819 5292 3006 5339 auctor
3037 5301 3157 5340 esse
3186 5303 3291 5342 non
3334 5297 3543 5358 potest;
3584 5308 3604 5342 ι

2090 5465 2111 5530 ξ
2146 5464 2275 5530 Apud
2298 5472 2429 5523 Lov.,
2453 5471 2506 5515 ut
2526 5463 2660 5530 prior
2679 5462 2785 5516 iste.

2089 5528 2112 5559 ³
2143 5528 2280 5583 Editi,
2302 5528 2594 5577 causamJAt
2616 5535 2739 5586 Mss,
2767 5538 2930 5578 causa.

2090 5588 2121 5652 '_
2145 5594 2219 5636 Er.
2244 5589 2401 5652 t_.t_tgd._
2432 5596 2550 5652 γει).
2573 5589 2643 5638 sic
2657 5588 2839 5652 legunt
2858 5590 2988 5652 hunc
3020 5588 3215 5652 locum:
3260 5587 3617 5652 Videms'iltns

2159 5647 2401 5754 ‘2chng
2426 5647 2515 5700 hoc
2532 5657 2577 5701 te
2599 5648 2683 5701 uti.
2708 5647 2837 5700 lima:
2871 5649 3058 5703 Videris
3079 5650 3208 5704 illius
3229 5653 3350 5705 artis
3370 5651 3525 5703 verbis
3545 5650 3612 5702 ως

2043 5721 2112 5759 20¢
2130 5721 2215 5756 ltu-
2278 5721 2338 5744 ἰ’
3162 5760 3167 5766 .
