4038 6182
445 259 567 317 qu
1214 255 1484 311 CONTRA
1524 255 1864 313 JULIANUM
1904 244 2363 326 PBLACIANUM,
2405 258 2464 314 s.
2498 259 2866 320 Aecusm‘t

469 369 736 444 quomodo
759 369 811 426 id
830 369 962 425 dicis
975 369 998 422 l
1013 370 1030 401 ⁸
1053 368 1236 423 Melius
1253 369 1396 422 enim
1425 367 1568 438 loqui
1591 369 1738 423 novit
1758 369 1872 438 ipse
1891 383 2052 440 quam

472 477 564 528 tu,
590 463 680 534 qui
728 476 823 531 per
864 459 1177 530 prophetam
1221 459 1384 523 dicit,
1418 473 1690 514 crearese
1714 459 1850 513 mala
1893 456 2050 529 (Isai.

472 572 596 618 xm,
623 555 712 624 7).
745 552 946 608 Deinde
973 551 1373 622 quomodolibct
1406 565 1528 607 sese
1567 549 1762 606 habeat
1806 552 1920 604 lucc
1958 563 2052 606 su-

471 645 765 715 peradditio
797 654 884 698 tua
906 685 922 710 ,
963 643 1092 714 quid
1119 643 1186 698 ad
1216 659 1300 698 me
1331 642 1601 712 pertinet,
1629 657 1749 697 cum
1795 640 1923 696 illud
1967 640 2052 696 cui

465 736 800 790 connectitur
823 749 930 790 non
961 736 1357 794 concesserim;
1389 749 1454 789 eo
1479 733 1620 804 quod
1655 735 2050 802 inconsequens

464 841 585 882 esse
626 827 1068 894 monstraverim,
1101 836 1156 880 ut
1198 825 1456 880 deformis
1485 826 1556 880 sit
1591 824 1828 878 conditio
1855 839 2051 892 corpo-

464 931 615 983 rum,
647 915 855 972 etiamsi
893 931 1108 971 omnem
1156 916 1592 972 commixtionem
1634 929 1918 984 corporum
1968 915 2048 969 vel

464 1011 738 1078 utriusque
780 1023 940 1064 sexus
980 1009 1172 1062 malam
1207 1023 1327 1062 esse
1367 1005 1762 1063 concederem?
1801 1005 1872 1062 Ut
1905 1005 2050 1060 enim

463 1102 822 1156 concedamus
851 1102 1017 1155 Deum
1042 1100 1237 1155 nullius
1255 1116 1378 1155 esse
1399 1110 1670 1155 auctorem
1699 1099 1822 1154 mali
1849 1117 1862 1153 :
1897 1115 2051 1153 num-

462 1193 587 1262 quid
617 1193 736 1247 ideo
764 1209 868 1246 non
896 1203 980 1248 est
1007 1201 1192 1247 auctor
1213 1191 1534 1248 conditionis
1553 1206 1863 1260 corporum,
1886 1206 2046 1262 quam

464 1286 609 1340 nullo
639 1285 798 1340 modo
825 1287 1016 1340 malam
1045 1301 1163 1340 esse
1192 1285 1476 1348 concessi;
1507 1285 1630 1353 quia
1675 1285 1821 1338 nulla
1858 1299 1944 1338 me
1980 1283 2046 1339 ad

462 1375 564 1430 hoc
593 1377 837 1446 superius
861 1390 1115 1431 concessa
1150 1375 1450 1446 cogebant?
1493 1375 1667 1428 Inanis
1706 1389 1834 1444 ergo
1879 1383 1935 1430 et
1973 1374 2050 1428 ri-

461 1467 633 1522 denda
665 1479 750 1522 tua
779 1469 1038 1522 remansit
1065 1467 1230 1522 illatio
1260 1506 1276 1532 ,
1315 1483 1418 1538 qua
1459 1465 1736 1522 concludis
1774 1475 1830 1522 et
1870 1465 2041 1530 dicis,

467 1579 487 1614 ι
515 1560 704 1615 Omnia
746 1560 904 1630 igitur
948 1575 1172 1630 corpora
1215 1559 1358 1614 malo
1400 1567 1713 1628 reputantur
1753 1557 1982 1612 auctori.
2018 1575 2040 1609 ι

456 1650 622 1714 Multo
659 1653 801 1706 enim
827 1651 1008 1708 verius
1051 1653 1122 1706 ita
1165 1651 1534 1718 concluditur,
1566 1660 1625 1706 ut
1659 1650 1904 1708 dicamus
1934 1665 1950 1703 :
1981 1649 2044 1704 Si

457 1757 559 1798 nec
596 1744 734 1797 mala
775 1743 1084 1798 commixtio
1124 1742 1488 1798 adulterorum
1519 1743 1642 1798 facit
1681 1757 1803 1798 esse
1847 1742 2044 1797 malam

455 1835 816 1888 conditionem
836 1849 1152 1904 corporum;
1181 1843 1274 1888 aut
1293 1834 1340 1888 si
1366 1835 1507 1889 bona
1523 1843 1605 1889 est
1625 1843 1682 1890 et
1710 1834 1764 1890 in
1785 1833 2044 1889 adulteris

457 1939 617 1979 sexus
637 1924 916 1994 utriusque
935 1925 1265 1989 commixtio,
1285 1925 1378 1980 sed
1399 1939 1462 1980 ea
1484 1925 1609 1980 mali
1633 1934 1855 1980 utuntur
1878 1925 2040 1991 male,

457 2016 706 2085 quoniam
733 2017 902 2070 multo
934 2017 1103 2086 magis
1137 2032 1204 2072 ex
1237 2006 1353 2071 hoc
1391 2031 1499 2072 non
1538 2023 1717 2087 potest
1754 2029 2041 2086 corporum

458 2107 595 2160 mala
623 2121 742 2161 esse
767 2106 1032 2173 conditio;
1065 2116 1207 2162 recte
1250 2108 1408 2178 igitur
1451 2122 1680 2178 corpora
1721 2108 1834 2162 Deo
1875 2122 2039 2178 repu-

459 2206 637 2253 tantur
665 2199 891 2254 auctori.
921 2198 1075 2254 Nulla
1101 2208 1180 2255 est
1207 2201 1386 2270 itaque
1407 2199 1583 2266 fovea,
1607 2214 1765 2270 quam
1793 2207 2038 2256 metuens

380 2298 382 2300 '
454 2287 606 2358 quasi
649 2297 889 2344 revertar
927 2290 978 2344 in
1017 2288 1157 2343 viam
1178 2331 1192 2355 ,
1221 2306 1328 2360 quo
1353 2289 1555 2345 videris
1593 2306 1681 2347 me
1707 2291 1844 2346 velle
1879 2305 2038 2346 revo-

455 2391 600 2433 care.
633 2379 724 2433 Die
745 2391 922 2434 tamen
947 2396 1190 2450 quaenam
1221 2383 1309 2436 illa
1333 2383 1418 2436 via
1442 2383 1532 2448 sit,
1560 2393 1614 2437 et
1636 2383 1846 2453 explica
1876 2384 2040 2439 ratio-

451 2469 772 2525 cinatiunem
803 2480 966 2526 tuam.

523 2559 750 2618 CAPUT
788 2561 880 2616 IX.
905 2591 980 2603 —
1007 2563 1094 2618 18.
1121 2581 1143 2615 ι
1178 2563 1348 2630 Deus,
1384 2582 1406 2618 ι
1431 2565 1628 2636 inquis,
1655 2583 1676 2618 ι
1709 2565 1908 2632 bonus,
1941 2581 2039 2641 per

451 2666 613 2720 quem
639 2650 778 2706 facta
803 2661 926 2708 sunt
953 2655 1131 2708 omnia
1151 2695 1166 2720 ,
1195 2656 1309 2724 ipse
1335 2657 1576 2726 corporis
1601 2659 1769 2714 nostri
1794 2661 2034 2716 membra

449 2741 714 2798 formavit.
741 2763 761 2796 ι
791 2744 903 2800 lloc
922 2747 1260 2801 verissimum
1283 2761 1406 2804 esse
1423 2749 1680 2804 concedo.
1709 2748 1962 2821 Sequeris
1979 2762 2037 2808 et

447 2833 692 2905 adiungis
723 2851 738 2888 :
767 2853 786 2889 ι
824 2835 928 2902 Qui
969 2847 1148 2893 autem
1193 2853 1420 2909 corpora
1467 2839 1702 2910 fecerat,
1749 2843 1930 2900 divisit
1981 2855 2035 2900 et

448 2939 636 2980 sexum
659 2943 672 2980 :
693 2925 873 2981 divisit
902 2929 954 2981 in
985 2929 1183 2997 specie,
1213 2931 1357 3000 quod
1383 2931 1438 2986 in
1465 2934 1776 3002 operatione
1802 2935 2033 3004 conjun-

445 3025 628 3087 geret;
658 3017 889 3089 fecitque
925 3034 1141 3074 causam
1179 3021 1614 3090 conjunctionum
1653 3023 2032 3082 dissimilitudo

447 3108 834 3164 membrorum.
863 3127 886 3162 ι
915 3111 982 3164 Ει
1006 3109 1111 3166 hoc
1133 3113 1416 3167 assentior.
1443 3113 1644 3169 Deinde
1673 3115 1877 3172 infers:
1901 3135 1920 3168 ι
1949 3118 2032 3172 Ab

449 3201 569 3272 ipso
597 3202 758 3273 igitur
776 3203 1093 3258 commixtio
1121 3219 1426 3274 corporum,
1454 3221 1483 3260 a
1498 3193 1614 3276 'quo
1634 3217 1720 3262 est
1743 3209 1892 3279 origo
1911 3223 2034 3264 cor-

446 3308 665 3364 porum,
693 3315 712 3348 ι
737 3295 867 3362 Quis
889 3295 992 3350 hoc
1013 3297 1320 3367 negaverit?
1347 3315 1366 3349 ι
1396 3296 1550 3366 Quod
1575 3315 1696 3354 cum
1723 3299 2024 3371 ingratis',»

447 3384 623 3454 inquis
643 3427 658 3451 ,
689 3403 708 3436 ι
739 3373 1104 3452 concesseris,
1131 3389 1372 3458 sequitur
1396 3396 1476 3443 tot
1506 3405 1688 3460 rerum
1730 3391 1992 3448 bonarum
2012 3435 2027 3460 ,

443 3482 749 3546 corporum,
766 3463 1014 3546 sexuum,
1032 3480 1486 3550 conjunctionum,
1506 3483 1674 3537 malos
1695 3484 1898 3540 fructus
1910 3501 2030 3542 esse

445 3583 550 3622 non
578 3583 753 3637 posse.
785 3588 805 3622 ι
838 3571 905 3625 Ει
936 3571 1039 3628 hoc
1059 3588 1246 3628 verum
1273 3573 1406 3628 d.cis
1430 3592 1444 3629 :
1469 3573 1657 3630 horum
1683 3578 1828 3632 enim
1855 3578 2027 3636 bono-

447 3675 568 3714 rum
596 3661 799 3718 fructus
827 3665 986 3719 homo
1012 3674 1130 3732 est,
1159 3667 1298 3738 quod
1341 3671 1394 3722 in
1429 3679 1685 3738 quantum
1725 3672 1886 3727 homo
1911 3684 2024 3739 est,

446 3751 644 3806 bonum
673 3763 756 3808 est
779 3773 793 3808 :
817 3755 957 3824 quod
986 3767 1166 3811 autem
1193 3757 1244 3810 in
1275 3758 1368 3811 illo
1393 3761 1590 3813 malum
1616 3770 1717 3826 est,
1749 3777 1780 3816 a
1806 3779 1914 3834 quo
1935 3779 2023 3819 sa-

445 3844 654 3900 nandus
672 3854 754 3900 est
782 3861 878 3916 per
902 3848 1254 3916 Salvatorem,
1273 3859 1328 3904 et
1352 3850 1656 3908 liberandus
1679 3869 1775 3924 per
1797 3855 2027 3912 Redem-

446 3945 648 4002 ptorem
672 3934 714 3999 ³,
742 3947 794 3990 et
815 3937 1110 3992 ablueudus
1132 3954 1226 4008 per
1245 3941 1536 4009 lavacrum,
1561 3956 1612 3999 et
1641 3945 1910 4003 eruendus
1931 3963 2028 4018 per

439 4027 818 4094 exorcismnm,
840 4037 896 4082 et
914 4027 1270 4084 absolvendus
1295 4047 1390 4104 per
1414 4036 1726 4104 sanguinem
1747 4037 1838 4106 qui
1867 4037 1924 4092 in
1951 4054 2027 4093 re-

440 4119 748 4175 missionem
775 4120 922 4175 fusus
940 4130 1022 4176 est
1051 4132 1421 4191 peccatorum;
1446 4141 1549 4180 non
1571 4135 1656 4182 est
1680 4128 1882 4186 fructus
1903 4147 2026 4186 cor-

441 4226 628 4279 porum
645 4251 660 4276 ,
685 4225 907 4266 sexuum
923 4255 938 4279 ,
961 4213 1393 4284 conjunctionum
1413 4259 1428 4282 ,
1456 4217 1550 4272 sed
1577 4219 1850 4287 originalis
1875 4230 2027 4277 vete-

439 4303 619 4368 risque
660 4305 883 4372 peccati.
931 4304 1079 4360 Sicut
1107 4307 1250 4362 enim
1278 4306 1347 4362 de
1376 4309 1916 4379 prole'adulterorum
1935 4353 1952 4380 ,
1977 4315 2024 4371 si

437 4406 540 4460 ego
563 4392 818 4458 dicerem,
847 4395 948 4450 Tot
977 4398 1258 4464 malorum,
1293 4399 1342 4452 id
1371 4411 1472 4466 est,
1502 4401 1754 4468 lasciviae,
1791 4407 2021 4474 turpitu-

435 4482 596 4545 dinis,
629 4483 897 4548 criminis;
929 4486 1098 4541 bonus
1127 4487 1328 4543 fructus
1353 4504 1472 4546 esse
1501 4506 1604 4546 non
1643 4497 1842 4564 potuit;
1871 4509 2026 4556 recte

435 4571 568 4628 mihi
590 4573 960 4641 respunderes,
981 4576 1248 4632 hominem
1269 4581 1356 4649 qui
1377 4581 1446 4636 de
1465 4583 1720 4641 adulteris
1744 4597 1898 4644 natus
1921 4602 2024 4661 est,

437 4680 544 4719 non
591 4677 714 4718 esse
757 4663 988 4720 fructum
1037 4668 1300 4732 lasciviae,
1343 4674 1714 4743 turpitudinis,
1745 4680 2017 4747 criminis,

433 4771 660 4826 quorum
687 4757 942 4812 malorum
969 4769 1155 4815 auctor
1179 4771 1261 4814 est
1285 4762 1558 4830 diabolus;
1589 4767 1684 4822 sed
1704 4783 2014 4842 corporum,

435 4861 679 4910 sexuum,
703 4847 1158 4916 conjunctionum.
1183 4867 1406 4919 quorum
1437 4855 1696 4911 bonorum
1723 4871 1912 4918 auctor
1933 4876 2013 4920 est

437 4939 579 4994 Deus
601 4957 614 4991 :
639 4939 718 4994 sic
756 4955 855 5010 ego
903 4942 996 4996 tibi
1037 4943 1332 5000 rectissime
1355 4945 1510 5012 dico,
1537 4950 1735 5005 malum
1756 4967 1885 5006 cum
1915 4971 2022 5024 quo

435 5033 674 5086 nascitur
695 5033 871 5098 homo,
899 5049 1000 5088 non
1027 5051 1150 5090 esse
1179 5034 1410 5092 fructuum
1437 5055 1744 5110 contorum,
1768 5059 2018 5114 sexuum,

435 5123 868 5192 conjunctionum
890 5165 904 5188 ,
931 5139 1156 5194 quorum
1206 5127 1465 5183 bonorum
1503 5142 1690 5186 auctor
1717 5141 1800 5188 est
1845 5135 2018 5202 Deus;

436 5213 528 5267 sed
562 5215 743 5282 prima:
775 5217 1240 5284 prwvaricationis,
1263 5219 1414 5288 cujus
1437 5228 1626 5276 auctor
1645 5232 1728 5278 est
1749 5225 2012 5282 diabolus.

513 5303 600 5360 l9.
647 5306 800 5360 Absit
837 5319 1015 5362 autem
1049 5319 1134 5376 ut,
1165 5313 1610 5380 quemadmodum
1641 5317 2014 5388 calumniaris,

505 5459 520 5490 ι
557 5461 638 5508 llic
660 5459 777 5510 editi
809 5461 1007 5522 addunt,
1033 5475 1146 5514 cum
1165 5462 1262 5518 sint

433 5527 536 5593 aur
556 5527 626 5570 est
650 5529 779 5593 Deus
803 5535 821 5572 :
853 5525 1159 5593 taruetsihoc
1179 5539 1278 5578 non

499 5583 518 5648 ξ
556 5592 651 5648 sin.
673 5588 727 5630 et
901 5583 1136 5648 ingratus.

498 5643 520 5678 ³
549 5647 680 5706 ιω..
707 5649 753 5695 α
775 5641 1050 5696 libertinam
1072 5660 1159 5710 per
1183 5651 1566 5718 redanptionan.

1352 5469 1514 5537 tedam
1543 5471 1692 5530 "tota,
1716 5487 1920 5537 quorum
1937 5491 2024 5528 au-

1381 5541 1484 5582 rent
1516 5538 1838 5601 manuscrljzti.

3573 324 3576 328 .
3649 271 3756 332 ’112

2166 366 2405 424 dicamus
2439 387 2458 421 ι
2493 369 2738 428 homines
2767 371 2835 428 ad
2875 372 2980 432 hoc
3005 389 3039 432 a
3068 375 3182 436 Deo
3208 376 3353 444 fieri.
3380 387 3445 437 ιιι
3475 395 3508 436 a
3536 378 3754 440 diabolo

2168 456 2402 528 legitimo
2425 460 2546 530 jure
2573 471 2870 518 teneantur.
2905 483 2927 519 ι
2961 465 3218 536 Quamvis
3241 471 3388 526 enim
3409 481 3466 528 et
3491 471 3593 528 hoc
3619 474 3755 529 divi.

2167 564 2250 603 na:
2275 549 2344 604 sit
2368 552 2556 620 magis,
2579 568 2736 622 quam
2762 553 3042 611 diabolica:
3066 560 3368 629 potestatis,
3395 573 3450 616 ut
3471 563 3753 620 immundo

2165 639 2390 710 principi
2417 644 2691 712 generatio
2720 645 2994 704 immunda
3021 650 3296 716 subdatur,
3325 653 3426 708 nisi
3464 670 3718 726 regenera
3739 687 3758 702 -

2167 729 2308 785 tione
2331 732 2619 788 mundetur
2643 752 2656 788 :
2681 744 2860 790 tamen
2889 753 2994 792 non
3025 740 3093 794 ad
3119 740 3222 797 hoc
3251 742 3393 798 Deus
3423 745 3549 800 facit
3578 746 3752 803 homi-

2163 835 2280 886 nes,
2310 831 2366 876 ut
2396 823 2645 880 familiam
2674 826 2904 896 quodam
2933 831 3093 886 modo
3121 831 3365 889 diabolus
3395 835 3619 905 habeat;
3651 842 3750 896 sed

2162 925 2224 965 ea
2250 913 2505 980 bonitate,
2533 931 2637 986 qua
2665 917 2870 973 naturis
2895 921 3142 976 omnibus
3169 936 3386 994 priestat
3416 938 3472 981 ut
3497 931 3625 994 sint,
3645 946 3753 1001 qua

2161 1001 2318 1056 etiam
2346 1003 2518 1072 ipsum
2546 1008 2671 1062 facit
2698 1008 2992 1078 subsistere
3017 1011 3308 1069 diabolum.
3340 1015 3508 1085 Quam
3535 1019 3750 1074 bonita-

2161 1103 2267 1150 tem
2296 1096 2340 1152 si
2369 1097 2527 1152 rebus
2555 1099 2912 1168 subtraheret,
2939 1103 3192 1160 continuo
3211 1105 3346 1161 nihil
3367 1119 3568 1164 essent.
3597 1110 3752 1167 Sicut

2159 1199 2266 1238 non
2297 1186 2417 1240 ideo
2440 1199 2586 1242 creat
2614 1204 2804 1258 pecora
2831 1191 2884 1245 in
2913 1195 3170 1249 armentis
3192 1206 3244 1250 et
3273 1199 3523 1268 gregibus
3550 1199 3748 1270 impio-

2157 1291 2312 1342 rum,
2344 1287 2401 1332 ut
2436 1279 2767 1338 daemonibus
2805 1285 3168 1352 immolentur,
3212 1291 3456 1358 quamvis
3499 1291 3606 1348 hoc
3647 1309 3745 1350 eos

2157 1369 2363 1424 noverit
2382 1385 2502 1426 esse
2529 1373 2791 1430 facturos:
2813 1375 2892 1430 sic
2911 1377 3070 1440 etiam
3089 1377 3174 1433 ubi
3194 1383 3596 1449 generationem
3615 1399 3746 1456 pec-

2154 1470 2276 1514 cato
2295 1464 2463 1516 cernit
2481 1463 2798 1532 obnoxiam;
2823 1465 3116 1524 secundum
3136 1472 3556 1542 pulcherrimum
3579 1493 3742 1547 quem

2154 1549 2414 1621 diSposuit
2440 1554 2682 1610 ordinem
2709 1559 3026 1614 saiculorum
3045 1603 3061 1628 ,
3088 1576 3239 1617 suam
3277 1579 3381 1620 non
3408 1567 3642 1622 abstinet
3669 1569 3743 1622 ab

2153 1643 2270 1712 ejus
2296 1646 2600 1701 conditione
2627 1648 2939 1706 bonitatem.

2223 1734 2448 1793 CAPUT
2478 1737 2544 1792 Χ.
2561 1769 2634 1779 --
2651 1741 2741 1796 20.
2766 1741 2870 1798 Sed
2894 1757 3011 1814 post
3036 1745 3174 1802 hanc
3197 1754 3739 1823 argumentationem,

2151 1839 2252 1894 qua
2284 1835 2334 1880 te
2363 1827 2518 1892 fallis,
2547 1839 2602 1883 et
2625 1830 2922 1888 Confecisse
2948 1843 2998 1890 te
3025 1835 3224 1907 aliquid
3257 1841 3555 1908 arbitraris,
3585 1845 3739 1916 inge-

2151 1913 2226 1969 ris
2253 1915 2466 1971 solitum
2499 1919 2859 1990 maledictum,
2882 1939 2946 1978 ac
2973 1923 3169 1982 deinde
3203 1929 3474 1987 subnectis
3494 1973 3508 1996 ,
3534 1953 3554 1985 ι
3577 1913 3737 2001 Quod

2150 2001 2373 2060 forsitan
2394 2007 2586 2075 dicam,
2613 2010 3026 2082 Scripturarum,
3054 2033 3160 2072 non
3189 2020 3616 2091 syllogismorum
3638 2026 3734 2082 de-

2149 2093 2278 2152 bere
2303 2099 2610 2155 testimonio
2633 2105 2992 2174 comprobari,
3017 2107 3156 2164 filios
3181 2110 3246 2165 de
3271 2127 3554 2182 corporum
3583 2135 3730 2172 com-

2147 2187 2406 2246 mixtione
2427 2201 2727 2261 nascentes,
2751 2197 2982 2266 reputari
3002 2196 3182 2254 divino
3201 2203 3348 2272 operi
3373 2221 3388 2256 :
3421 2223 3440 2256 ι
3465 2209 3620 2276 quasi
3639 2212 3733 2280 qui

2148 2275 2252 2332 hoc
2279 2282 2580 2350 negaverit,
2611 2284 2776 2352 possit
2801 2301 2922 2341 esse
2946 2289 3287 2347 christianus.
3317 2275 3549 2352 Proinde
3579 2275 3690 2354 rem
3712 2341 3732 2366 ,

2145 2381 2304 2436 quam
2331 2372 2725 2440 promptissime
2743 2375 3062 2432 confitemur
3079 2391 3134 2434 et
3161 2380 3511 2441 libentissime
3533 2389 3727 2458 prtedi—

2144 2471 2351 2526 camus,
2383 2461 2530 2516 velut
2557 2463 2749 2519 habeat
2778 2465 2916 2522 inter
2940 2485 3038 2524 nos
3067 2476 3510 2541 controversiam,
3536 2479 3608 2534 ita
3638 2496 3735 2550 per

2145 2545 2542 2618 Scripturarum
2577 2556 2880 2610 testimonia
2909 2561 3124 2616 conaris
3154 2565 3467 2630 ostendere;
3496 2579 3552 2624 et
3580 2545 3732 2626 labo-

2145 2651 2233 2695 ras
2260 2638 2510 2709 inaniter,
2537 2659 2642 2698 non
2675 2657 2730 2700 ut
2761 2649 3088 2717 respondere
3113 2653 3302 2722 nobis,
3334 2657 3428 2711 sed
3467 2668 3526 2712 ut
3563 2659 3731 2716 libros

2143 2727 2318 2796 possis
2341 2730 2585 2802 implere.
2619 2733 2994 2794 Verumtamen
3020 2739 3162 2812 quod
3187 2743 3390 2814 dixisti,
3420 2765 3442 2799 ι
3468 2747 3540 2805 Ut
3559 2753 3731 2822 expri-

2143 2829 2318 2878 meret
2342 2822 2501 2879 fidem
2531 2840 2753 2896 operum
2782 2828 3048 2901 Propheta
3069 2873 3085 2900 ,
3113 2850 3280 2907 prope
3301 2841 3598 2911 periculum
3631 2861 3734 2916 pu-

2141 2907 2291 2967 doris
2313 2916 2538 2970 accessit
2556 2919 2722 2988 ,‘quia
2761 2920 2928 2988 dixit,
2958 2922 3128 2979 Erunt
3169 2927 3272 2983 duo
3301 2907 3369 2986 ‘in
3385 2949 3538 2988 carne
3565 2907 3669 2991 uno
3703 2957 3726 2986 ι

2147 2999 2300 3099 (δικ.
2342 3019 2410 3071 ιι,
2438 3005 2578 3080 24);
2608 3011 2738 3066 satis
2775 3021 2828 3068 te
2878 3013 3062 3072 debuit
3092 3018 3418 3090 admonere,
3459 3027 3594 3082 nihil
3632 3045 3725 3099 pu-

2139 3091 2373 3152 dendum
2402 3097 2638 3155 futurum
2665 3103 2832 3161 fuisse
2857 3105 2913 3161 in
2941 3109 3196 3178 operibus
3227 3112 3342 3180 Dei,
3370 3116 3474 3171 nisi
3506 3091 3732 3188 prazces-

2138 3185 2298 3240 sisset
2315 3201 2412 3242 cur
2437 3199 2625 3245 natura
2653 3191 2882 3250 humana
2906 3196 3127 3254 deberet
3149 3200 3217 3257 de
3241 3204 3322 3258 sui
3351 3185 3527 3262 meriti
3547 3209 3734 3266 defor-

2137 3278 2322 3334 mitate
2349 3280 2622 3338 confundi.
2702 3287 2708 3293 '

2207 3369 2436 3463 CAPUT
2473 3373 2565 3429 XI.
2586 3405 2659 3416 —
2683 3376 2775 3432 2|.
2805 3379 2944 3436 Dicis
2970 3383 3132 3438 etiam
3163 3387 3217 3441 in
3255 3389 3412 3446 laude
3453 3393 3724 3463 libidinis,

2144 3477 2164 3511 ι
2196 3459 2332 3515 hanc
2359 3461 2521 3518 fuisse
2560 3466 2820 3542 redditam
2854 3471 2946 3526 Dei
2990 3488 3215 3532 munere
3239 3478 3468 3535 Abrahae
3495 3495 3552 3538 et
3575 3459 3726 3540 Sara:

2138 3548 2292 3604 εέιιὶο
2330 3551 2588 3610 confectis
2614 3561 2980 3632 emortuisque
3001 3567 3317 3636 corporibus
3351 3588 3370 3622 ι
3393 3570 3592 3644 (Rom.
3630 3593 3682 3630 ir
3702 3619 3720 3643 ,
3761 3609 3798 3619 υ-

2139 3639 2348 3712 l9):et
2376 3643 2636 3700 invidiosa
2688 3662 2818 3706 voce
2860 3653 3190 3721 proclamas,
3243 3677 3262 3710 ι
3291 3669 3349 3713 ιιι
3388 3639 3630 3718 asseram

2135 3745 2376 3802 possum,
2391 3733 2459 3789 ad
2479 3749 2615 3805 opus
2632 3737 2827 3794 diaboli
2849 3743 3140 3813 pertinere,
3159 3749 3299 3816 quod
3323 3751 3486 3805 Deum
3512 3754 3722 3812 videam

2135 3821 2403 3879 interdum
2429 3823 2675 3882 conferre
2703 3844 2803 3901 pro
2827 3847 3072 3890 munere.
3106 3855 3127 3889 ι
3151 3838 3314 3904 Quasi
3344 3855 3473 3897 vero
3501 3845 3547 3898 si
3573 3846 3724 3902 clau-

2135 3915 2262 3970 dum
2302 3916 2574 3973 hominem
2614 3923 2899 3978 resuscitet
2939 3925 3105 3995 Deus,
3131 3929 3542 4006 viventibusque
3563 3941 3726 3995 resti-

2136 4015 2267 4074 tuat,
2292 4008 2382 4080 qui
2411 4011 2590 4082 utique
2621 4024 2863 4070 mortuus
2881 4016 2994 4086 jam
3020 4019 3322 4080 claudicare
3351 4041 3456 4080 non
3488 4039 3719 4098 poterat,

2134 4100 2294 4155 etiam
2323 4101 2764 4160 claudicationem
2791 4106 2953 4164 debet
2977 4110 3143 4166 videri
3185 4128 3283 4184 pro
3331 4132 3556 4176 munere
3589 4137 3723 4176 con-

2136 4191 2338 4248 tulisse.
2367 4193 2440 4247 lta
2461 4209 2588 4265 ergo
2607 4197 2653 4250 si
2679 4199 2955 4255 restitutus
2974 4212 3078 4270 est,
3107 4205 3197 4274 qui
3222 4205 3396 4263 fuerat
3421 4209 3474 4264 in
3499 4212 3723 4268 viridio-

2134 4283 2304 4349 ribus,
2331 4298 2614 4354 corporum
2639 4287 2808 4359 vigor,
2837 4290 2916 4345 sic
2939 4293 3120 4363 utique
3143 4298 3419 4353 restitutus
3445 4311 3550 4368 est,
3572 4311 3636 4357 ut
3658 4319 3720 4360 se

2135 4372 2296 4428 habet
2319 4374 2554 4430 conditio
2578 4380 2822 4448 corporis
2852 4383 3043 4438 mortis
3072 4385 3249 4456 hujus.
3288 4388 3404 4443 Non
3439 4392 3581 4447 enim
3622 4409 3720 4452 eos

2133 4465 2200 4520 ad
2229 4467 2377 4523 illum
2407 4477 2602 4524 statum
2631 4473 2866 4526 revocari
2894 4477 3194 4546 oportebat,
3219 4479 3272 4534 in
3297 4496 3403 4550 quo
3425 4482 3593 4538 Adam
3618 4484 3722 4542 fuit

2132 4565 2258 4612 ante
2283 4570 2587 4627 peccatum,
2617 4571 2674 4614 ut
2701 4573 2916 4630 possent
2937 4566 3055 4622 sine
3085 4567 3201 4638 lege
3226 4570 3279 4624 in
3313 4573 3566 4630 membris
3595 4591 3722 4648 qua

2133 4662 2394 4720 repugnat
2422 4651 2526 4722 legi
2557 4654 2769 4714 mentis.
2803 4656 2940 4710 filios
2965 4673 3270 4728 procreare.

2202 4741 2292 4796 22.
2313 4741 2568 4809 Quamvis
2582 4753 2636 4798 et
2650 4743 2715 4798 ad
2729 4743 2834 4800 hoc
2861 4745 3261 4818 intelligendum
3279 4753 3348 4807 sit
3366 4765 3673 4812 emortuum
3702 4762 3719 4792 ‘

2130 4829 2297 4886 fuisse
2323 4845 2520 4902 corpus
2551 4832 2801 4901 Abrabze,
2850 4844 2912 4891 ut
2971 4853 3076 4892 non
3119 4840 3320 4895 valeret
3352 4842 3420 4897 de
3456 4847 3606 4900 omni
3646 4847 3726 4903 fe-

2132 4922 2274 4976 mina
2305 4921 2445 4978 filios
2471 4923 2710 4994 gignere,
2741 4942 2860 4996 quae
2891 4943 3078 4998 parere
3109 4943 3308 5000 posset.
3342 4935 3544 4992 Dicitur
3573 4941 3720 4993 enim

2129 5010 2308 5067 facere
2348 5013 2450 5068 hoc
2493 5016 2664 5069 anatis
2707 5031 2986 5081 accessus.
3028 5029 3088 5076 ut
3112 5038 3175 5078 ex
3224 5023 3416 5080 femina
3455 5043 3722 5098 generare

2129 5116 2292 5157 senex
2316 5105 2486 5173 possit
2503 5104 2922 5176 adolescentula,
2941 5125 3063 5165 cum
3081 5112 3192 5182 jam
3213 5113 3283 5170 de
3298 5119 3585 5187 grandiore
3609 5137 3719 5176 non

2132 5195 2328 5262 possit,
2358 5197 2598 5264 quamvis
2627 5196 2715 5251 illa
2740 5197 2808 5253 de
2825 5199 3027 5269 juvene
3053 5205 3238 5272 possit.
3271 5208 3369 5277 Qui
3413 5211 3558 5265 enim
3610 5224 3719 5270 tam

2132 5285 2341 5354 prolixo
2369 5297 2607 5355 tempore
2637 5297 2760 5344 tunc
2785 5293 3062 5361 vivebant,
3107 5301 3290 5366 procul
3331 5301 3494 5357 dubio
3543 5311 3720 5364 serius

2129 5377 2332 5432 fiebant
2362 5380 2432 5432 ita
2460 5379 2738 5450 decrepiti,
2763 5393 2822 5438 ut
2844 5385 2912 5439 ad
2936 5390 3280 5445 concubitum
3310 5397 3518 5450 moveri
3542 5402 3719 5455 omni-

2132 5485 2200 5523 no
2225 5487 2330 5524 non
2361 5483 2572 5541 possent
2595 5492 2608 5529 :
2634 5475 2676 5528 si
2703 5485 2878 5532 tamen
2899 5481 3143 5551 cuiquam
3170 5483 3283 5540 viro
3305 5500 3436 5542 sano
3467 5501 3645 5558 potest
3666 5497 3715 5546 ut

2130 5609 2214 5718 ΜΖ
2233 5607 2393 5717 "uligo
2423 5615 2552 5669 l.ov.,
2576 5613 2794 5672 (uictimis
2827 5615 2895 5666 ad
2929 5614 3018 5666 hoc
3048 5614 3424 5686 bnelﬂgatdtm,
3464 5623 3534 5676 sic
3559 5637 3716 5680 m-

2215 5682 2232 5717 i
2277 5701 2294 5718 .
2335 5705 2348 5715 .
2371 5684 2412 5712 c—

2215 5682 2264 5717 ιη
2276 5701 2294 5728 ,
2321 5682 2412 5716 ϐιαι-
