4014 6184
373 385 482 443 ’113

378 508 624 564 accidere
649 520 744 576 per
767 511 998 559 aetatem.
1029 501 1161 556 Nam
1191 514 1310 556 cum
1340 499 1442 555 hoc
1469 512 1602 569 opus
1631 498 1681 552 in
1714 496 1957 552 manibus

380 599 655 660 haberem,
683 594 953 649 nuntiatus
981 602 1063 648 est
1091 592 1243 646 nobis
1268 605 1432 646 senex
1457 588 1725 659 octoginta
1753 595 1806 641 et
1827 600 1961 656 qua-

379 699 502 745 tuor
525 702 689 758 agens
713 700 902 748 annos,
926 684 1015 755 qui
1042 683 1290 754 religiose
1310 697 1430 737 cum
1458 681 1683 752 conjuge
1712 678 1958 748 religiosa

376 782 489 854 jam
509 778 689 851 viginti
715 778 946 847 ouinque
963 790 1134 830 annos
1150 776 1355 830 vixerat
1374 774 1729 835 continenter,
1753 770 1819 825 ad
1844 770 1963 825 libi-

380 873 557 928 dinem
590 866 696 922 sibi
723 866 913 925 emisse
942 867 1281 938 Lyristriam;
1302 865 1391 936 qui
1410 865 1589 935 utique
1610 878 1706 933 pro
1725 861 1958 927 modulo,

381 979 488 1036 quo
519 964 622 1018 isto
643 970 883 1031 tempore
903 960 1088 1014 vivunt
1107 960 1371 1025 homines,
1395 958 1655 1027 gravioris
1675 954 1966 1010 senectutis

383 1062 466 1111 est
486 1068 649 1125 quam
677 1052 848 1107 fuerat
875 1051 1142 1106 Abraham
1170 1050 1222 1104 in
1248 1050 1403 1104 annis
1425 1056 1661 1113 centum,
1690 1047 1862 1102 adhuc
1888 1045 1966 1100 vi-

386 1154 567 1201 cturus
602 1145 738 1199 alios
779 1143 1130 1213 septuaginta.
1172 1140 1325 1197 Unde
1368 1140 1677 1210 prudentius
1703 1137 1963 1204 creditur,

386 1237 761 1293 fecunditatem
790 1251 909 1306 qua:
935 1233 1135 1299 defuit,
1162 1234 1272 1289 suis
1304 1233 1473 1287 Deum
1510 1231 1722 1287 famulis
1763 1229 1969 1301 prtesti-

388 1327 535 1383 tisse.
553 1328 677 1381 Duae
692 1327 887 1397 quippe
906 1340 1079 1380 causa:
1095 1325 1366 1390 dicuntur,
1386 1331 1603 1394 propter
1622 1336 1755 1393 quas
1778 1335 1969 1391 parere

388 1416 548 1473 Sarra
587 1434 695 1472 non
743 1425 981 1487 poterat.
1010 1424 1064 1471 et
1090 1424 1205 1471 erat
1233 1416 1387 1470 vulva
1414 1415 1529 1485 ejus
1554 1423 1798 1469 emortua
1824 1430 1838 1468 :
1868 1427 1971 1467 una

387 1507 708 1574 sterilitatis,
735 1522 854 1577 quae
876 1506 945 1560 ab
968 1506 1081 1576 ipsa
1110 1506 1282 1561 inerat
1305 1505 1620 1574 juventute;
1648 1503 1814 1558 altera
1844 1509 1970 1557 teta-

390 1599 487 1662 tis,
512 1612 618 1651 non
652 1598 774 1668 quia
818 1597 1101 1667 nonaginta
1130 1611 1298 1651 annos
1333 1596 1554 1666 agebat,
1584 1593 1678 1649 sed
1708 1594 1827 1664 quia
1859 1592 1971 1663 jam

390 1661 705 1743 destiterant
719 1661 777 1741 'ei
807 1685 920 1741 fieri
951 1661 1251 1740 muliebria.
1284 1661 1507 1740 Constat
1531 1683 1674 1740 enim
1704 1661 1747 1737 si
1779 1661 1971 1737 mulie-

387 1797 508 1836 rum
534 1788 805 1835 menstrua
830 1788 1036 1833 secreta
1064 1777 1391 1833 cessaverint
1418 1777 1435 1808 ί
1477 1792 1570 1846 per
1589 1783 1799 1829 aetatem
1821 1815 1834 1839 ,
1865 1789 1972 1827 non

390 1890 482 1931 eas
504 1874 612 1945 jam
642 1888 798 1943 posse
821 1872 1130 1940 concipere,
1155 1871 1255 1926 etsi
1283 1868 1525 1924 fecundae
1550 1868 1798 1933 fuerunt,
1823 1874 1974 1920 ante-

390 1980 547 2036 quam
586 1964 675 2019 illa
708 1970 1029 2018 cessassent.
1078 1961 1149 2015 Et
1191 1960 1311 2015 ideo
1350 1959 1625 2028 Scriptura
1664 1957 1835 2012 noluit
1872 1956 1975 2011 hoc

391 2062 597 2120 tacere,
628 2064 685 2109 ut
711 2062 995 2124 augeretur
1019 2050 1258 2106 miraculi
1287 2049 1490 2121 gloria,
1523 2047 1666 2119 quod
1691 2055 1806 2102 erat
1832 2046 1975 2101 Deus

392 2147 447 2202 in
475 2161 658 2202 eorum
695 2145 844 2215 prole
867 2143 1120 2198 facturus.
1149 2141 1374 2208 Quando
1408 2150 1586 2194 autem
1619 2154 1717 2193 suo
1740 2140 1858 2192 viro
1881 2152 1977 2191 an—

394 2237 568 2291 cillam
595 2234 774 2299 dedit,
806 2233 874 2289 de
900 2247 1001 2303 qua
1026 2232 1224 2296 voluit,
1248 2231 1370 2301 quia
1397 2230 1465 2285 de
1499 2244 1557 2284 se
1582 2238 1693 2284 non
1730 2236 1972 2299 poterat,

394 2326 665 2396 suscipere
695 2324 866 2389 filios;
899 2339 1004 2378 non
1030 2332 1189 2377 aetate
1218 2321 1409 2393 fuerat,
1443 2320 1537 2376 sed
1569 2335 1664 2375 sua
1694 2319 1976 2375 sterilitate

394 2424 655 2487 permota.
693 2412 783 2470 Sic
820 2404 962 2470 enim
1003 2412 1277 2483 Scriptura
1318 2412 1589 2482 loquitur:
1616 2409 1779 2466 Sarra
1807 2419 1977 2463 autent

395 2524 526 2564 uxor
543 2507 800 2562 Abraham
819 2523 918 2561 non
940 2504 1163 2575 pariebat
1183 2505 1280 2559 illi.
1305 2504 1373 2558 Et
1394 2502 1556 2558 verba
1577 2501 1693 2573 ejus
1715 2501 1782 2556 ad
1805 2501 1974 2555 virum

396 2600 497 2655 ista
534 2608 658 2654 sunt
681 2617 695 2654 :
721 2597 853 2653 Ecce
897 2596 1144 2651 conclusit
1188 2611 1267 2649 me
1302 2593 1473 2660 Deus,
1513 2604 1569 2647 ut
1614 2609 1715 2647 non
1755 2593 1972 2663 pariam.

397 2691 545 2750 Tunc
570 2698 746 2743 autem
774 2688 819 2742 si
845 2696 1055 2742 aetatem
1084 2685 1497 2741 consideremus
1537 2682 1821 2737 amborum
1840 2723 1855 2749 ,
1882 2680 1978 2737 de-

394 2779 583 2853 crepiti
608 2786 805 2845 essent,
827 2778 872 2832 si
894 2777 1059 2832 nostri
1090 2776 1344 2845 temporis
1366 2774 1607 2828 homines
1625 2783 1827 2829 essent.
1848 2771 1979 2827 Erat

395 2889 538 2930 emm
568 2868 834 2929 Abraham
880 2884 1141 2923 annorum
1170 2867 1387 2922 circiter
1411 2865 1679 2936 octoginta
1708 2864 1971 2937 quinque,

394 2965 553 3022 Sarra
578 2973 754 3020 autem
780 2975 1042 3019 annorum
1064 2958 1399 3029 septuaginta
1425 2958 1678 3028 quinque.
1706 2955 1975 3026 Scriptum

395 3066 479 3115 est
502 3060 646 3114 enim
671 3075 684 3113 :
709 3057 962 3112 Abraham
990 3061 1158 3110 autem
1185 3061 1292 3106 erat
1318 3066 1565 3105 annorum
1590 3049 1842 3120 octoginta
1866 3063 1977 3116 sex,

395 3165 511 3204 eum
540 3150 731 3221 peperit
759 3149 898 3220 Agar
925 3146 1116 3203 Ismael
1146 3143 1364 3198 Abrahae
1390 3141 1540 3214 (Gen.
1566 3157 1680 3208 xvr,
1705 3142 1758 3207 l,
1778 3139 1835 3207 2,
1860 3138 1975 3212 l6).

397 3241 630 3297 Proinde
655 3249 781 3297 ante
808 3256 1007 3295 annum
1035 3239 1206 3295 ferme
1231 3236 1428 3289 mixtus
1450 3232 1718 3287 invenitur
1746 3230 1976 3297 ancillae,

396 3334 608 3405 quando
632 3343 921 3404 conceptus
942 3340 1023 3388 est
1044 3329 1247 3387 Ismael.
1283 3327 1383 3399 Qui
1407 3324 1621 3380 tandem
1648 3323 1905 3394 conjuges
1926 3322 1979 3377 in

399 3423 499 3481 liae
523 3434 679 3480 astate
701 3432 960 3496 generant
987 3422 1318 3493 temporibus
1348 3417 1567 3481 nostris,
1597 3415 1700 3471 nisi
1725 3413 1980 3470 divinitus

399 3518 621 3573 fiat-tale
645 3516 994 3573 miraculum?
1023 3515 1091 3570 Et
1119 3524 1295 3570 tamen
1330 3514 1409 3568 illi
1439 3515 1686 3583 poterant
1706 3548 1721 3574 ,
1748 3506 1797 3561 si
1819 3506 1977 3561 Sarra

398 3611 727 3668 sterilisnon
748 3610 962 3676 fuisset;
989 3609 1110 3679 quia
1132 3616 1186 3663 et
1216 3606 1306 3662 ille
1338 3606 1509 3677 potuit
1532 3605 1599 3660 de
1621 3607 1780 3675 Agar,
1805 3607 1861 3659 et
1886 3598 1977 3658 illa

399 3705 634 3760 nomium
663 3714 777 3760 erat
801 3703 878 3759 sic
902 3710 1060 3758 aetate
1084 3714 1386 3771 progressa,
1407 3706 1466 3753 ut
1486 3698 1535 3753 ei
1556 3704 1831 3754 cessarent
1857 3695 1975 3751 fieri

396 3796 698 3852 muliebria.
736 3795 817 3850 Ad
859 3794 963 3849 hoc
999 3807 1128 3864 ergo
1167 3798 1283 3847 erat
1317 3790 1547 3845 Abrahae
1576 3804 1770 3859 corpus
1794 3802 1975 3842 emor-

400 3896 573 3955 tuum,
602 3896 663 3942 ut
686 3886 751 3942 de
779 3886 934 3942 Sarra
958 3885 1067 3955 jam
1093 3898 1352 3955 generare
1380 3897 1485 3937 non
1517 3890 1732 3952 posset,
1766 3880 1977 3936 etiamsi

399 3989 546 4037 esset
574 3980 676 4034 illa
724 3979 794 4033 ita
835 3976 1094 4044 fecunda,
1126 3986 1184 4031 ut
1231 3984 1403 4029 tamen
1444 3973 1554 4042 jam
1597 3972 1979 4042 propinquaret

399 4072 564 4137 aetati,
595 4085 696 4142 qua
720 4085 883 4124 cruor
907 4069 995 4124 ille
1017 4066 1304 4122 menstruis
1343 4064 1637 4119 intervallis
1673 4064 1855 4119 venire
1883 4062 1979 4118 de-

398 4162 630 4217 sisteret.
656 4161 856 4227 Quibus
884 4160 1027 4215 enim
1053 4159 1163 4228 jam
1203 4157 1421 4213 omnino
1459 4170 1565 4211 non
1610 4154 1759 4221 fluit,
1791 4169 1882 4210 eas
1910 4154 1979 4210 ab

398 4254 705 4309 auctoribus
731 4252 1011 4307 medicina:
1036 4250 1309 4305 delinitum
1336 4258 1419 4304 est
1458 4263 1564 4301 non
1596 4260 1751 4316 posse
1790 4245 1977 4300 conci-

400 4360 548 4416 pere.
587 4344 740 4412 Quod
768 4344 812 4398 si
844 4332 1033 4397 falsum
1065 4350 1227 4404 esset,
1257 4339 1401 4393 nullo
1435 4337 1595 4392 modo
1622 4336 1802 4391 dicere
1828 4335 1977 4390 Scri-

400 4446 552 4507 ptura
575 4443 807 4499 curaret,
834 4432 1138 4504 Defecerunt
1166 4440 1332 4484 autem
1354 4429 1532 4485 Sarra:
1557 4428 1671 4497 ﬁeri
1691 4427 1977 4481 muliebria:

399 4541 521 4581 cum
560 4526 802 4595 superius
826 4524 935 4593 jam
970 4522 1225 4587 dixisset,
1257 4520 1513 4574 Abraham
1543 4527 1710 4572 autem
1739 4528 1783 4573 et
1808 4518 1979 4573 Sarra

400 4616 620 4672 seniores
660 4615 909 4686 progressi
931 4614 986 4667 in
1011 4612 1185 4667 diebus
1212 4612 1317 4666 suis
1347 4610 1470 4682 (Id.
1493 4626 1624 4665 xvut
1646 4651 1660 4672 ,
1695 4611 1757 4665 ll
1783 4610 1825 4670 l.
1873 4610 1978 4665 Pro

400 4707 561 4762 modo
590 4721 718 4775 ergo
745 4707 769 4739 ³
800 4704 1053 4774 temporis
1076 4746 1090 4768 ,
1118 4702 1269 4773 cujus
1303 4703 1460 4771 longe
1491 4701 1776 4771 prolixiore
1805 4701 1979 4772 spatio

400 4808 527 4852 tunc
554 4797 821 4863 vivebant,
851 4810 1110 4865 generare
1135 4794 1243 4863 jam
1273 4793 1362 4847 illa
1395 4800 1551 4847 aetate
1576 4807 1680 4847 non
1708 4801 1974 4862 poterant,

398 4902 518 4943 cum
534 4896 687 4942 esset
713 4886 978 4942 Abraham
1009 4884 1364 4949 centenarias,
1394 4882 1552 4939 Sarra
1584 4884 1975 4954 nonagenaria;

399 4981 608 5036 etiamsi
639 4980 835 5035 sterilis
860 4994 965 5034 non
995 4978 1215 5043 fuisset,
1245 4985 1298 5030 et
1334 4986 1458 5030 ante
1494 4991 1692 5030 annum
1722 4991 1977 5031 concum-

398 5071 607 5135 berent,
636 5069 846 5140 quando
874 5069 1049 5123 adhuc
1072 5069 1120 5122 ei
1150 5067 1383 5122 fluebant
1411 5065 1638 5121 fortasse
1666 5066 1975 5133 muliebria;

396 5172 450 5219 et
482 5163 605 5217 ideo
625 5162 796 5217 adhuc
816 5162 1097 5230 concipere
1126 5168 1327 5230 posset,
1351 5159 1394 5212 si
1420 5159 1631 5227 juvenis
1652 5168 1794 5214 esset
1817 5159 1980 5214 mari-

396 5264 510 5319 tus;
544 5267 669 5309 tunc
695 5264 870 5308 antem
901 5269 1003 5307 non
1035 5260 1249 5323 posset,
1282 5260 1497 5321 propter
1525 5265 1718 5321 corpus
1742 5251 1978 5307 Abrahae

394 5345 473 5400 sic
513 5356 810 5399 emortuum
856 5338 1152 5409 senectute,
1196 5352 1253 5398 ut
1288 5359 1353 5399 ex
1385 5343 1523 5398 illius
1565 5343 1738 5399 anatis
1783 5345 1977 5401 femina

391 5438 610 5505 gignere
631 5451 735 5489 non
764 5437 994 5501 valeret;
1027 5436 1114 5507 qui
1141 5445 1315 5489 tamen
1346 5444 1397 5490 et
1429 5435 1540 5505 ipse
1564 5435 1631 5490 de
1660 5435 1979 5491 adolescen-

392 5525 503 5580 tula
534 5528 753 5592 valeret,
780 5527 915 5581 sicut
949 5538 1134 5596 postea
1163 5525 1231 5581 de
1261 5523 1492 5581 Cethura
1515 5524 1679 5580 valuit
1709 5524 1820 5597 (Id.
1845 5543 1970 5592 xxv,

454 5710 475 5742 ι
508 5716 558 5759 ta
577 5717 705 5771 διες»,
728 5713 1024 5762 δὶεεαιθθνιηε.

450 5771 479 5804 ⁸
512 5773 642 5837 Apud
673 5780 804 5833 tov.,
841 5775 997 5823 addita
1023 5775 1099 5822 hic
1123 5772 1369 5834 particula,
1391 5786 1517 5825 nunc
1543 5786 1559 5824 :
1581 5773 1671 5825 sed
1690 5775 1833 5825 male.

662 5859 929 5920 ΡΑΤΒοι.
968 5855 1192 5925 XLIV,

1708 379 1924 437 LIBER
1958 376 2278 437 TERTIUS.

3544 384 3655 442 τη

2073 496 2127 560 1,
2157 494 2213 563 2)
2243 514 2256 550 :
2282 495 2524 566 quamvis
2544 505 2596 551 et
2626 496 2730 552 illic
2750 496 2851 551 dici
2885 499 3071 568 possit,
3097 497 3434 556 fecunditatis
3462 517 3657 560 munus

2071 588 2124 643 in
2152 587 2339 643 eodem
2370 603 2761 658 perseverasse,
2787 591 2926 661 quod
2950 601 3229 662 acceperat
3258 602 3316 648 ut
3341 606 3653 651 nasceretur

2071 678 2235 734 Isaae.
2282 680 2389 736 Pro
2430 680 2589 736 modo
2621 692 2795 737 autem
2838 698 2978 738 nunc
3017 687 3303 755 temporis,
3349 702 3456 757 quo
3498 689 3656 759 iunge

2071 768 2319 826 breviore
2346 772 2518 841 spatio
2540 772 2725 827 vivunt
2764 773 3006 830 homines
3025 815 3041 842 ,
3073 774 3211 829 intra
3242 786 3455 832 centum
3484 793 3657 834 annos

2072 862 2347 917 amborum
2369 865 2650 935 conjugum
2676 881 2936 935 generare
2965 882 3122 937 posse
3142 869 3410 926 dicuntur.
3440 870 3499 926 Si
3524 887 3652 928 vero

2073 953 2127 1008 in
2156 968 2418 1009 summam
2443 956 2587 1011 ducti
2617 958 2895 1013 amborum
2920 961 3046 1015 anni
3072 964 3434 1018 centenarium
3464 981 3657 1023 nume.

2072 1059 2191 1098 rum
2236 1047 2596 1114 excesserint,
2628 1050 2709 1103 sic
2748 1061 3122 1107 asscverantur
3164 1069 3270 1109 non
3314 1069 3472 1124 posse
3514 1055 3657 1111 ﬁlios

2074 1152 2393 1206 procreare,
2420 1140 2629 1195 etiamsi
2674 1141 2895 1196 fecunda
2937 1145 3004 1198 sit
3038 1146 3248 1210 mulier,
3283 1156 3333 1202 ct
3365 1147 3653 1204 fluentibus

2074 1228 2247 1284 adhuc
2287 1229 2633 1286 muliebribus
2680 1235 2846 1302 possit
2886 1250 2950 1289 ex
2990 1235 3218 1303 juvene;
3250 1248 3303 1292 ut
3346 1239 3467 1307 jure
3496 1240 3657 1295 fuerit

2075 1318 2237 1373 etiam
2264 1320 2641 1388 constitutum,
2670 1337 2737 1376 ne
2765 1324 3042 1393 quisquam
3065 1325 3154 1395 jus
3168 1326 3468 1382 liberorum
3497 1329 3660 1385 habe-

2074 1420 2180 1478 ret,
2208 1412 2307 1466 nisi
2333 1427 2452 1466 cum
2482 1413 2760 1468 amborum
2781 1415 2904 1468 anni
2933 1417 3221 1486 computati
3250 1427 3303 1473 et
3327 1419 3485 1474 simul
3512 1419 3656 1475 ducti

2074 1514 2290 1559 centum
2322 1506 2575 1561 transisse
2598 1507 2614 1537 ¹
2646 1506 2988 1565 docerentur.

2147 1592 2238 1647 25.
2270 1594 2587 1650 'Miraculum
2613 1611 2741 1666 ergo
2769 1597 2859 1652 Dei
2891 1597 3087 1653 factum
3118 1608 3219 1665 est,
3252 1610 3307 1655 ut
3333 1602 3651 1674 concipere-

2078 1695 2165 1739 tur
2192 1685 2370 1753 lsaac,
2408 1703 2512 1742 non
2542 1691 2847 1758 parentibus
2878 1692 2991 1761 ejus
3010 1693 3237 1749 libidine
3263 1695 3468 1751 reddita
3494 1739 3509 1763 ,
3557 1698 3653 1754 sed

2078 1774 2403 1832 fecunditate
2441 1778 2637 1834 donata
2664 1799 2676 1835 :
2702 1797 2824 1836 nam
2857 1783 2944 1838 illa
2987 1799 3105 1840 esse
3147 1795 3354 1856 poterat
3391 1789 3551 1845 etiam
3596 1790 3657 1846 in

2078 1870 2183 1925 illis
2208 1872 2391 1938 annis;
2425 1872 2539 1928 haec
2560 1884 2691 1929 vero
2717 1890 2837 1932 esse
2864 1893 2969 1932 non
3001 1878 3225 1949 poterat,
3260 1889 3336 1937 tot
3365 1883 3660 1953 impedien-

2081 1960 2221 2015 tibus
2249 1964 2447 2018 causis.
2478 1964 2789 2035 Quanquam
2821 1978 2874 2023 et
2900 1969 3084 2037 libido,
3118 1971 3254 2027 sicut
3284 1974 3531 2042 superius
3549 1974 3661 2031 dis-

2077 2051 2364 2118 seruimus,
2391 2055 2435 2109 si
2464 2057 2720 2128 emortuis
2747 2059 2998 2114 membris
3024 2061 3282 2117 senilibus
3312 2078 3532 2120 munere
3559 2065 3655 2123 Dei

2079 2142 2497 2211 quodammodo
2527 2146 2963 2204 reviviscentibus
2999 2152 3160 2205 etiam
3206 2152 3318 2223 ipsa
3361 2155 3655 2212 revivisce-

2078 2240 2161 2286 ret
2181 2233 2201 2264 ²
2220 2249 2234 2299 ;
2257 2234 2614 2291 conditionem
2638 2238 2877 2307 profecto
2891 2242 3065 2295 carnis
3080 2244 3445 2315 corruptibilis
3468 2262 3663 2317 seque-

2078 2333 2243 2389 retur,
2277 2334 2334 2380 ut
2361 2336 2504 2383 esset
2533 2329 2585 2382 in
2613 2344 2841 2402 corpore
2867 2334 3051 2388 mortis
3082 2335 3257 2405 hujus,
3284 2351 3400 2407 quas
3424 2338 3477 2392 in
3506 2354 3664 2409 para-

2079 2414 2197 2471 diso
2226 2432 2345 2473 esse
2372 2434 2476 2473 non
2503 2428 2678 2489 potest
2705 2431 2828 2477 ante
2859 2436 3136 2493 peccatum
3180 2428 3233 2481 in
3273 2442 3499 2498 corpore
3527 2430 3653 2486 vitae

2080 2504 2239 2561 illius.
2279 2507 2584 2565 Secundum
2624 2512 2988 2581 conditionem
3030 2524 3208 2571 autem
3249 2520 3477 2588 ptenalis
3502 2520 3661 2592 hujus

2080 2599 2356 2667 corporis,
2394 2617 2586 2657 munus
2627 2602 2969 2659 fecunditatis
3011 2622 3154 2663 nunc
3198 2608 3339 2665 Deus
3377 2612 3661 2683 unicuique

2080 2686 2330 2757 largitur,
2362 2706 2466 2745 non
2510 2693 2803 2749 secundum
2847 2695 2992 2750 illam
3029 2696 3333 2755 felicitatem
3355 2743 3371 2767 ,
3404 2701 3494 2757 ubi
3525 2704 3662 2759 nihil

2081 2786 2197 2831 erat
2225 2778 2278 2832 in
2309 2794 2489 2848 carne,
2516 2782 2657 2852 quod
2682 2783 2940 2839 adversus
2965 2784 3208 2855 spiritum
3236 2791 3658 2860 concupisceret,

2081 2875 2137 2923 et
2161 2870 2572 2940 concupisceute
2601 2873 2856 2929 adversus
2885 2890 2943 2930 se
2971 2876 3159 2945 spiritu
3181 2878 3514 2935 frenarctur:
3537 2884 3663 2950 quia

2081 2957 2135 3014 in
2154 2969 2343 3015 natura
2367 2961 2595 3019 hominis
2615 2974 2738 3020 ante
2764 2975 3038 3036 peccatum
3067 2982 3251 3038 pacem
3271 2969 3495 3027 decebat
3514 2984 3657 3040 esse,

2081 3066 2187 3105 non
2217 3052 2435 3107 bellum.
2464 3054 2522 3109 lu
2547 3069 2608 3111 ea
2634 3071 2761 3112 vero
2790 3066 2943 3127 parte
2969 3059 3389 3116 ratiocinationis
3412 3072 3516 3118 tua:
3540 3063 3656 3119 fru-

2082 3152 2192 3198 stra
2222 3144 2491 3209 laborasti,
2515 3154 2763 3216 tanquam
2785 3149 2967 3205 dicere
2990 3161 3286 3220 possemus,
3324 3172 3345 3205 ι
3378 3152 3524 3210 lsaac
3544 3155 3664 3212 sine

2081 3237 2512 3307 concupiscentia
2539 3240 2716 3296 carnis
2742 3241 2824 3296 vel
2851 3242 3055 3299 semine
3079 3246 3181 3301 viri
3208 3244 3371 3303 fuisse
3410 3263 3655 3317 procrea-

2084 3337 2217 3383 tum.
2246 3346 2267 3381 ι
2294 3328 2408 3384 Iloc
2433 3331 2573 3389 enim
2603 3346 2709 3387 non
2734 3331 2961 3388 dicimus
2985 3351 2999 3388 :
3022 3343 3077 3390 et
3106 3335 3226 3392 ideo
3250 3336 3507 3409 quidquid
3538 3339 3662 3396 inde

2081 3418 2382 3488 disputasti,
2413 3422 2782 3490 praetereundo
2809 3426 3221 3482 contemnimus.

2151 3510 2378 3568 CAPUT
2417 3512 2529 3567 X‘ll.
2554 3514 2724 3568 ~24.
2749 3515 2900 3597 Quod
2932 3526 3108 3571 autem
3128 3517 3232 3573 tibi
3258 3519 3519 3590 praeclaro
3535 3536 3664 3577 acu-

2083 3601 2229 3656 mine
2255 3602 2401 3658 v'isus
2421 3618 2481 3658 es
2512 3605 2798 3671 invenisse,
2829 3614 2887 3661 ut
2912 3605 3141 3675 diceres,
3170 3626 3191 3662 ι
3221 3611 3444 3667 Etiamsi
3471 3613 3662 3669 diabo-

2080 3693 2166 3752 lus
2193 3703 2403 3748 crearet
2443 3694 2704 3769 homines,
2738 3695 2880 3750 nulla
2910 3696 3062 3766 culpa
3093 3712 3185 3752 sua
3214 3700 3339 3754 mali
3369 3686 3577 3767 essent;
3607 3712 3664 3759 et

2079 3787 2202 3843 ideo
2235 3783 2347 3857 jam
2391 3798 2491 3838 nec
2530 3772 2655 3839 mali
2697 3795 2910 3852 essent,
2942 3786 3062 3856 quia
3092 3801 3211 3843 esse
3239 3788 3518 3859 quisquam
3559 3793 3661 3848 nisi

2080 3884 2221 3950 quod
2253 3889 2407 3934 natus
2434 3885 2537 3940 est,
2568 3892 2671 3930 non
2700 3885 2894 3946 potest,
2923 3893 3023 3933 nec
3051 3879 3117 3933 ab
3148 3894 3212 3935 eo
3241 3878 3437 3950 justum
3461 3868 3540 3937 est
3560 3884 3662 3938 ali-

2080 3969 2204 4040 quid
2231 3971 2458 4041 amplins
2483 3967 2723 4043 ﬂagitare
2746 3983 2905 4038 quam
2935 3979 3107 4038 potest
3132 3989 3146 4025 :
3178 3990 3196 4023 ›
3224 3973 3460 4027 solemus
3485 3981 3538 4028 et
3565 3989 3663 4030 nos

2079 4063 2336 4120 adversus
2364 4065 2682 4121 Manichzcos
2703 4065 2802 4121 ista
2830 4062 3029 4129 dicere,
3058 4064 3145 4133 qui
3172 4079 3276 4120 non
3307 4065 3539 4120 vitiatam
3568 4067 3665 4121 bo-

2079 4169 2204 4209 nam
2233 4154 2415 4210 dicunt
2446 4171 2565 4211 esse
2592 4167 2856 4224 naturam,
2887 4152 2980 4213 scd
3007 4153 3122 4208 sine
3150 4153 3301 4209 ἰηίιὶο
3325 4163 3379 4210 ει
3408 4156 3667 4219 immuta:

2081 4244 2261 4301 biliter
2286 4246 2476 4300 malam
2497 4287 2512 4313 ,
2541 4262 2699 4316 quam
2730 4247 3022 4303 secundum
3050 4258 3177 4303 suas
3202 4244 3403 4303 fabulas
3429 4248 3659 4318 opinan-

2085 4345 2171 4392 tur
2188 4337 2620 4394 malam.‘Natura
2636 4340 3009 4394 verohumana
3030 4339 3323 4395 secundum
3342 4339 3659 4396 catholicam

2082 4428 2241 4485 fidem
2284 4430 2423 4486 bona
2469 4430 2705 4484 instituta
2726 4472 2742 4497 ,
2774 4431 2867 4486 sed
2900 4432 3080 4488 vitiata
3117 4442 3337 4504 peccato
3363 4432 3664 4507 meritoque

2081 4519 2327 4575 damnata
2359 4529 2460 4575 est.
2502 4519 2616 4575 Nec
2659 4521 2849 4575 mirum
2891 4531 3069 4578 autem
3114 4540 3212 4580 nec
3248 4522 3501 4595 injustam
3542 4539 3659 4595 est,

2082 4608 2222 4679 quod
2242 4609 2388 4665 radix
2403 4610 2430 4641 ³
2453 4609 2652 4680 profert
2667 4610 2914 4667 damnata
2935 4611 3235 4682 damnatos,
3257 4615 3356 4670 nisi
3377 4616 3526 4686 cujus
3546 4632 3658 4671 ma-

2082 4717 2183 4757 nus
2230 4718 2336 4758 non
2377 4703 2545 4758 deluit
2571 4705 2801 4760 creantis
2824 4748 2839 4773 ,
2872 4722 2980 4761 non
3023 4707 3161 4763 desit
3199 4717 3253 4763 et
3292 4709 3663 4765 misericordia
3702 4738 3721 4761 κ

2147 4859 2165 4891 ⁸
2198 4858 2316 4908 aditi
2340 4892 2356 4918 ,
2399 4863 2587 4923 centum
2755 4862 2998 4923 transisse.
3020 4858 3278 4923 __t_’arttcuia
3307 4872 3495 4923 negans
3518 4865 3662 4915 abest

2081 4932 2111 4969 a
2154 4927 2270 4985 Mss.
2298 4934 2339 4985 ;_
2363 4932 2460 4983 quo
2506 4919 2833 4983 intelligamus
2883 4922 2964 4983 jus
3010 4920 3278 4985 liberorum
3325 4919 3411 4970 eos
3428 4926 3661 4985 conjuges

2118 4982 2166 5031 ui
2198 4980 2685 5039 liberis'carerent,‘
2709 4995 2803 5029 non
2851 4980 2964 5031 ante
3009 4981 3251 5039 halmisse,
3290 4996 3432 5039 quam
3464 4980 3659 5035 sane...

2082 4995 2166 5089 qui
2199 4995 2367 5030 tinens
2403 4995 2664 5039 carerent,
2709 4995 2803 5029 non
2851 4995 2964 5031 ante
3009 4995 3251 5039 annuisse,
3326 4996 3432 5030 nam
3464 4995 3657 5035 nitatem

2082 5042 2096 5090 i
2120 5041 2211 5090 lam
2229 5043 2572 5092 excessissent.
2585 5049 2681 5090 Hoc
2693 5044 2922 5108 ipsijnrej
2942 4996 3657 5108 aenisorhommﬁiherahantur,

2079 5115 2138 5165 ac
2160 5111 2382 5165 poterant
2406 5116 2502 5152 non
2519 5116 2664 5151 secus
2684 5112 2830 5164 atque
2855 5104 2920 5153 illi
2945 5105 3122 5165 quibus
3145 5112 3282 5152 erant
3302 5104 3657 5156 comtnnncslis

2079 5163 2207 5236 beri,
2227 5163 2429 5236 solidum
2451 5177 2715 5236 capere-ex
2735 5163 2835 5214 Suis
2858 5163 3062 5236 invicem
3087 5166 3401 5236 testamentis.
3429 5169 3543 5236 Hinc
3581 5171 3661 5236 tsi-

2081 5225 2448 5287 dorus,50rig.,
2468 5242 2490 5269 ι
2507 5224 2587 5286 jus
2609 5224 2888 5287 liberorum,
2908 5243 2930 5270 ι
2959 5226 3044 5284 ait,
3070 5243 3092 5270 ι
3113 5232 3189 5274 est
3209 5230 3464 5287 conjngum
3476 5230 3587 5278 sine
3603 5229 3664 5279 li-

2080 5286 2215 5336 beris
2235 5284 2443 5348 invicem
2472 5305 2493 5331 «
2510 5284 2600 5348 pro
2618 5284 2726 5334 loco
2747 5287 2996 5348 pignorum
3010 5287 3306 5336 bzrreditabis
3332 5284 3519 5339 alterna
3541 5304 3657 5340 con-

2081 5349 2294 5421 scriptio.
2315 5364 2338 5392 ι
2373 5347 2610 5421 lulianus,
2656 5347 2839 5421 liragm.
2874 5350 2947 5397 tit.
2978 5348 3053 5421 l6,
3087 5349 3269 5421 scribit,
3311 5356 3412 5421 tum
3435 5351 3564 5401 inter
3601 5365 3659 5403 se

2082 5407 2319 5471 conjuges
2361 5407 2562 5457 solidum
2586 5408 2791 5468 cepisse,
2832 5422 2941 5457 cum
2985 5408 3100 5471 lege
3153 5410 3287 5470 Papia
3317 5408 3475 5461 [illitos
3510 5426 3660 5465 annos

2081 5470 2385 5526 transiSscnt,
2427 5472 2498 5535 vir
2536 5470 2758 5535 nimirum
2801 5470 3086 5535 sexaginta,
3123 5483 3245 5518 uxor
3283 5473 3655 5535 quinquaginta.

2080 5532 2543 5597 Porro‘augustinus
2563 5530 2785 5597 habitam
2806 5532 3042 5580 rationem
3080 5538 3215 5597 putat
3249 5530 3356 5593 ejus
3389 5530 3562 5597 elatis,
3592 5550 3658 5588 ex

2080 5604 2177 5656 qua
2199 5589 2398 5656 liberos
2433 5604 2689 5656 procreare
2708 5591 2940 5656 deinceps
2956 5605 3051 5656 non
3080 5589 3319 5656 valerent.

2133 5655 2164 5764 ἶ
2196 5651 2505 5703 Floriacensis
2526 5659 2629 5713 Msa,
2668 5651 3058 5706 reviresceiuibus
3091 5653 3238 5704 etiam
3265 5653 3370 5719 ipsa
3401 5668 3652 5711 remeau-

2146 5775 2166 5808 ³
2190 5784 2285 5825 Am.
2313 5783 2367 5828 et
2388 5781 2481 5840 Er.,
2508 5775 2635 5841 quod
2655 5774 2953 5827 admirabiiis
2971 5775 3134 5827 radis.

2870 5861 3351 5951 {Viam-troia.)
