4038 6182
365 373 468 430 ἨΞ

365 483 644 542 lihemntis
669 499 682 534 :
707 492 861 549 quam
887 490 982 530 vos
1010 470 1216 528 miseris
1243 468 1486 524 invidetis
1517 467 1532 498 ¹
1557 506 1570 527 ,
1599 477 1723 520 eum
1749 458 1950 514 malum

361 575 645 648 .parvulos.
669 586 696 624 a
723 584 826 640 quo
853 568 1167 627 liberentur,
1195 577 1299 616 non
1331 560 1530 616 habere
1555 555 1754 612 dicitis.

445 667 534 722 9.3.
575 663 680 722 Sed
719 669 860 717 certe
892 673 990 712 Vos
1027 657 1117 727 qui
1163 655 1412 710 miseram
1463 650 1592 705 falsa
1637 645 1952 703 defensione

375 758 616 830 premitis
635 797 648 820 ,
677 765 730 810 et
774 751 1066 823 perniciosa
1111 747 1266 802 laude
1293 743 1608 814 oppugnatis
1642 737 1914 794 infantiam
1937 773 1952 799 ,

378 827 721 922 quare°nihil
762 843 887 900 ntali
929 850 1198 896 merentes
1228 846 1306 892 tot
1339 837 1391 891 in
1432 831 1665 904 parvulis
1692 827 1950 897 imagines

313 947 334 966 ‘
382 919 473 996 Dei
499 979 514 1002 .
545 939 590 994 si
621 952 725 991 non
755 934 1111 1002 baptizentur,
1149 945 1254 984 non
1285 923 1563 981 admittitis
1588 923 1608 953 '
1631 919 1696 974 ad
1733 929 1955 988 regnum

379 1031 510 1087 Dei?
539 1025 804 1096 Numquid
830 1025 928 1094 ipsi
950 1023 1049 1078 sibi
1071 1019 1376 1078 defuerunt,
1397 1023 1456 1091 ut
1478 1013 1752 1082 priventur
1770 1019 1954 1096 regno,

387 1131 446 1176 ut
476 1131 582 1175 tam
614 1095 854 1173 luctuoso
887 1113 1175 1184 puniantur
1201 1105 1421 1170 exsilio;
1448 1118 1568 1158 eum
1597 1099 1650 1154 id
1674 1113 1778 1152 non
1810 1095 1954 1150 fece-

383 1216 526 1278 rint,
565 1208 706 1282 quod
754 1209 926 1262 facere
964 1201 1182 1258 omnino
1217 1214 1324 1254 non
1368 1189 1650 1266 poterant?
1674 1188 1773 1245 Ubi
1801 1185 1957 1282 etiam

385 1276 711 1376 ponis,qttia
739 1309 794 1356 et
821 1298 925 1352 vita
957 1295 1233 1357 carebunt,
1266 1287 1514 1359 quoniam
1544 1276 1963 1376 non—nran-duca‘

387 1364 580 1450 verunt
609 1364 829 1446 carnem
852 1429 867 1454 ,
899 1399 996 1439 nec
1023 1384 1270 1437 biberunt
1291 1376 1600 1446 sanguinem
1638 1369 1758 1426 Filii
1797 1364 1962 1420 homi«

389 1485 474 1540 nis
498 1483 676 1554 (Joan.
702 1495 755 1534 vr
777 1521 790 1542 ,
817 1475 946 1546 5t)?
975 1472 1126 1529 Unde
1155 1468 1430 1539 Pelagius,
1460 1462 1599 1536 quod
1631 1473 1791 1554 supra
1811 1470 1964 1554 com-

395 1547 728 1637 memoravi,
752 1582 846 1622 eos
886 1565 976 1635 qui
1018 1563 1236 1624 dicunt,
1265 1576 1284 1612 t
1322 1557 1586 1620 infantes,
1619 1547 1826 1606 etiamsi
1865 1559 1970 1600 non

395 1663 752 1735 baptizentur,
776 1657 970 1711 habere
992 1655 1151 1707 vitam
1179 1659 1454 1710 :rtcrnam,
1481 1663 1502 1697 ι
1530 1643 1582 1698 in
1609 1637 1971 1735 ecclesiastico

388 1725 596 1823 Jndicio
617 1751 696 1822 (α)
725 1749 825 1805 nisi
847 1747 1172 1805 damnasset,
1203 1739 1483 1796 damnatus
1511 1733 1727 1788 exisset.
1755 1731 1866 1823 Qua
1892 1725 1972 1796 ju-

401 1819 568 1910 stitia,
596 1819 796 1912 quaeso,
823 1853 854 1892 a
883 1849 1046 1905 regno
1077 1832 1190 1894 Dei,
1213 1845 1243 1883 a
1273 1828 1377 1882 vita
1411 1825 1503 1880 Dei
1528 1823 1786 1878 alienatur
1805 1819 1976 1912 imago

395 1908 628 1999 θεὴ-ιιι⁷
667 1931 814 1986 nullo
860 1938 1187 1996 transgressa
1231 1922 1398 1992 lrgem
1448 1916 1574 1972 Dei?
1616 1914 1800 1968 Nonne
1828 1908 1976 1964 audis

397 2019 846 2094 quemadmodum
880 2018 1174 2072 detestatur
1201 2009 1486 2082 Apostolus
1527 2006 1782 2077 quosdam
1803 2043 1819 2070 ,
1846 2013 1981 2094 quos

401 2091 530 2170 dicit
555 2115 816 2170 alienatos
840 2127 871 2164 a
897 2109 995 2164 vita
1035 2107 1130 2160 Dei
1173 2121 1262 2178 per
1301 2099 1639 2175 ignorantiam
1678 2109 1790 2166 qua:
1815 2101 1890 2148 est
1928 2091 1982 2145 in

397 2209 506 2264 illis
528 2216 774 2280 ,proptcr
813 2202 1087 2259 caritatem
1119 2197 1286 2252 cordis
1321 2208 1491 2248 eorum
1523 2188 1734 2262 (Epltes.
1758 2201 1830 2280 tv,
1858 2181 1984 2254 18)?

401 2277 693 2354 'l‘enebitur
726 2297 824 2351 hac
851 2290 1112 2350 sententia
1139 2303 1245 2344 non
1281 2283 1580 2354 baptizatus
1609 2277 1890 2350 parvulus,
1915 2289 1984 2328 an

405 2409 508 2448 non
559 2389 858 2447 tanebitnr?
895 2385 952 2441 Si
978 2380 1240 2446 dixeritis,
1272 2376 1388 2432 Non
1419 2372 1686 2430 tenebitur
1712 2388 1726 2425 :
1758 2381 1986 2438 evange-

404 2485 506 2541 lira
537 2481 790 2546 veritate,
817 2478 993 2546 lingua
1037 2472 1199 2527 etiam
1243 2466 1442 2538 Pelagii
1481 2473 1618 2520 teste
1642 2504 1658 2529 ,
1702 2458 1988 2516 viucemini

409 2584 572 2645 atque
603 2569 911 2643 puniemini.
937 2565 1039 2623 Ubi
1067 2561 1310 2620 estenim
1335 2560 1443 2613 vita
1472 2557 1583 2622 Dei,
1609 2552 1712 2610 nisi
1743 2553 1794 2607 in
1823 2564 1989 2621 regno

413 2644 508 2718 Dei
531 2704 544 2727 ,
573 2677 680 2733 quo
707 2659 806 2714 nisi
840 2656 1012 2712 renati
1038 2669 1103 2708 ex
1130 2665 1264 2722 aqua
1299 2657 1354 2705 et
1393 2646 1578 2716 spiritu
1599 2686 1615 2711 ,
1655 2644 1856 2699 intrare
1883 2655 1991 2695 non

411 2763 634 2825 possunt
657 2750 837 2824 (Joan.
862 2765 940 2816 ιιι,
964 2745 1056 2816 5)?
1086 2744 1141 2799 Si
1171 2751 1348 2797 autem
1377 2736 1641 2803 dixeritis,
1669 2733 1989 2790 Tenebitur:

409 2823 651 2902 fatemini
675 2855 909 2912 pinnam,
933 2836 1144 2906 culpam
1166 2831 1356 2896 dicite;
1387 2827 1621 2884 fatemini
1649 2823 1990 2896 supplicium,

410 2933 660 2992 meritum
701 2929 881 2986 dicite.
923 2925 1066 2981 Nihil
1110 2923 1162 2978 in
1208 2931 1389 2977 vestro
1422 2919 1673 2988 dogmate
1712 2914 1990 2984 reperitis,

413 3024 553 3098 quod
583 3022 825 3096 proferre
851 3017 1083 3090 possitis.
1111 3014 1229 3071 .lam
1260 3013 1420 3084 igitur
1443 3006 1751 3080 aliquando,
1780 3005 1826 3060 si
1857 3005 1996 3062 ullus

413 3125 500 3173 est
516 3115 836 3173 christianos
856 3123 1048 3165 sensus
1066 3106 1120 3162 in
1142 3105 1312 3168 vobis,
1335 3103 1496 3160 etiam
1523 3102 1574 3156 in
1605 3098 1846 3170 parvulis
1876 3112 2000 3166 pro-

415 3212 658 3278 paginem
689 3202 874 3256 mortis
902 3211 956 3255 et
979 3195 1338 3252 damnationis
1365 3193 1670 3263 agnoscite,
1693 3189 1869 3245 debita
1902 3187 1996 3260 ju-

416 3299 559 3351 stitia
602 3292 956 3365 puniendam,
989 3287 1154 3361 gratis
1195 3287 1366 3356 gratia
1409 3283 1500 3337 Dei
1539 3279 1888 3337 liberandam.
1939 3278 1999 3334 In

419 3401 644 3460 quorum
673 3382 1038 3450 redemptione
1061 3377 1264 3434 laudari
1294 3373 1385 3430 Dei
1409 3369 1772 3426 misericordia
1802 3377 1996 3439 potest,

422 3485 474 3536 in
495 3494 722 3551 quorum
747 3473 1044 3546 perditione
1063 3467 1307 3526 accusari
1335 3465 1428 3520 Dei
1450 3464 1646 3518 veritas
1667 3478 1772 3516 non
1796 3469 1998 3530 potest:

418 3573 542 3642 quia
586 3569 854 3623 universa:
894 3563 993 3616 Vill}
1043 3557 1250 3616 Domini
1299 3551 1664 3612 misericordia
1711 3559 1768 3608 et
1801 3551 2002 3608 veritas

419 3659 592 3733 (Psal.
619 3670 772 3722 xxxv,
806 3654 917 3723 10).

490 3754 716 3812 CAPUT
753 3749 986 3808 XllL—
1004 3749 1094 3805 26.
1121 3745 1342 3810 Dividis,
1367 3743 1579 3810 dctinis,
1608 3741 1829 3796 disseris
1849 3737 2000 3810 quasi

417 3847 808 3904 medicinaliter
835 3843 903 3898 de
930 3856 1158 3914 genere,
1191 3849 1247 3895 et
1273 3838 1485 3908 Specie,
1515 3845 1570 3890 et
1598 3833 1757 3889 modo
1777 3873 1792 3900 ,
1829 3841 1883 3886 et
1910 3845 2004 3885 ex-

393 3956 574 4008 ,cessu
601 3933 1082 4006 concupiscentiae;
1119 3949 1138 3984 ι
1174 3931 1332 4000 hujus
1357 3942 1524 3999 genus
1551 3940 1672 3982 esse
1705 3943 1726 3978 ι
1755 3936 2004 3978 asserens

427 4051 447 4084 ι
483 4031 535 4086 in
563 4031 683 4100 igne
707 4025 890 4089 vitali,
917 4023 1150 4094 speciem
1177 4019 1230 4074 in
1253 4026 1397 4072 motu
1422 4013 1670 4088 genitali,
1702 4012 1916 4068 modum
1949 4013 2003 4066 in

423 4099 597 4192 opere
623 4115 919 4189 conjugali,
963 4125 1240 4169 excessum
1285 4107 1339 4163 in
1385 4103 1794 4192 intemperantia
1837 4099 2004 4156 forni-

420 4211 616 4266 candi:
650 4229 669 4263 ι
697 4217 750 4264 et
783 4217 959 4261 tamen
1001 4211 1123 4275 post
1162 4201 1318 4256 istam
1365 4206 1527 4252 totam
1564 4193 1714 4266 quasi
1754 4192 2004 4247 subtilem

425 4312 584 4372 atque
616 4298 875 4370 prolixam
903 4293 1314 4365 disputationem
1343 4298 1508 4352 tuam,
1535 4300 1657 4342 cum
1689 4293 1742 4340 te
1775 4283 2008 4339 breviter

427 4406 478 4444 rt
516 4401 698 4462 aperte
737 4389 1134 4455 interrogavere
1153 4424 1168 4447 ,
1190 4398 1286 4437 cur
1315 4380 1450 4451 ignis
1480 4379 1579 4433 iste
1605 4377 1778 4430 vitalis
1807 4375 2007 4428 bellum

427 4486 483 4538 in
515 4481 727 4537 homine
759 4477 1092 4538 radieaverit,
1122 4484 1178 4528 ut
1208 4488 1274 4528 eo
1299 4487 1424 4526 cavo
1449 4470 1794 4539 concupiscat
1819 4465 2010 4522 adver-

430 4589 523 4628 sus
568 4572 850 4642 Spiritum,
879 4577 932 4622 et
975 4565 1184 4645 spiritui
1211 4564 1233 4597 ³
1261 4578 1482 4619 necesse
1522 4563 1589 4618 sit
1632 4561 2008 4629 concupiscere

427 4666 687 4720 adversus
711 4674 924 4716 carnem
954 4657 1146 4728 (Gatat.
1179 4672 1232 4722 v,
1262 4657 1383 4726 t7);
1415 4671 1510 4710 cur
1541 4655 1760 4709 vulnere
1788 4652 2010 4708 feriatur

436 4751 669 4817 mortali,
691 4751 780 4823 qni
803 4751 1032 4805 voluerit
1057 4748 1162 4817 igni
1185 4745 1487 4806 consentire
1509 4745 1684 4810 vitali;
1712 4754 1838 4814 pttto
1867 4742 2012 4815 quod

432 4849 608 4918 ipsum
635 4845 754 4901 libri
783 4842 857 4898 tui
889 4851 1244 4895 atramentum
1274 4836 1641 4894 erubescendo
1665 4844 2011 4890 convertatur

430 4943 485 4995 in
515 4939 752 4992 tninitnn.
779 4934 860 4990 En
890 4933 1026 5004 ignis
1046 4931 1066 4964 "
1094 4931 1285 4996 vitalis,
1309 4931 1398 5000 qui
1430 4940 1626 4984 nostra:
1651 4927 1865 4994 animm,
1891 4943 2012 4998 qua:

433 5038 541 5082 vita
567 5037 648 5082 est
673 5041 795 5080 vera
822 5023 1018 5088 carnis,
1049 5038 1157 5077 non
1179 5021 1353 5075 solum
1381 5019 1446 5074 ad
1475 5019 1752 5074 arbitrium
1784 5033 1888 5071 non
1909 5017 2010 5072 ob-

435 5119 696 5188 sequitur,
725 5114 818 5171 sed
851 5115 1162 5184 plerumque
1193 5121 1376 5166 contra
1406 5109 1520 5180 ejus
1549 5109 1828 5164 arbitrium
1861 5108 2011 5163 inor-

431 5210 628 5264 dinatis
652 5219 705 5262 et
731 5205 973 5275 turpibus
1001 5203 1230 5258 motibus
1250 5201 1533 5264 excitatur,
1552 5209 1607 5254 ct
1633 5199 1732 5253 nisi
1753 5199 2010 5253 adversus
2062 5188 2082 5203 ’

431 5315 552 5355 eum
581 5299 794 5369 spiritus
819 5295 1180 5366 concupiscat,
1208 5293 1400 5350 bonam
1424 5293 1583 5348 vitam
1613 5301 1849 5347 nostram
1873 5291 2012 5363 ignis

433 5397 533 5448 ista
558 5390 733 5459 vitalis
755 5388 971 5446 occidit.

495 5545 513 5612 ξ
537 5544 609 5612 εἰς
629 5549 735 5612 uss.
773 5548 829 5612 At_
843 5541 978 5612 editi,
1186 5539 1422 5592 intidem.

493 5607 515 5637 ⁸
548 5605 860 5654 t-‘toriacensls
882 5611 983 5663 ne,
1003 5605 1203 5654 mittitis.

493 5668 515 5736 ξ
548 5665 762 5736 Istisne.
777 5660 987 5736 quatuor;
1005 5672 1129 5736 δεξεη
1146 5660 1390 5736 animus

495 5729 516 5758 δ
548 5728 685 5783 Editi,
711 5730 769 5790 et
783 5721 925 5790 ignis.
949 5723 1116 5775 uelitis
1145 5721 1270 5784 ttt'ss.,
1298 5731 1364 5773 En
1394 5721 1535 5788 ignis.

490 5794 566 5852 (tt)
585 5787 922 5850 Diosjoltt'ano.

1173 357 1447 416 CONTRA
1485 347 1819 410 JULIANUM
1864 340 2322 405 PEL:\GIAN‘5M,
2363 338 2420 396 S.
2463 337 2824 396 AUGUSTiNl

3533 335 3636 393 ἨΟ

2128 453 2196 509 97
2256 453 2382 508 Post
2411 453 2620 524 longam
2649 449 3064 521 disputationem
3092 449 3236 504 velut
3273 449 3636 516 concludens,

2065 563 2082 597 ι
2115 541 2301 599 Merito
2330 541 2509 613 igitur,
2543 561 2562 595 ι
2590 542 2787 612 inquis,
2818 558 2836 592 ι
2865 543 3310 610 concupiscentizc
3330 542 3481 613 origo
3504 541 3638 598 deti.

2060 637 2202 692 nitur
2226 635 2280 690 in
2301 636 2422 705 igne
2443 634 2619 699 vitali,
2647 649 2753 705 quo
2773 634 2998 691 collecto
3028 650 3252 690 necesse
3275 645 3359 690 est
3383 646 3440 690 ut
3466 635 3518 690 ei
3545 652 3637 692 re-

2061 734 2271 797 putetur
2310 724 2746 796 concupiscentia
2787 726 3054 792 carnalis,
3087 743 3180 796 per
3203 742 3362 797 quem
3400 728 3640 783 censtitit

2060 819 2167 874 vita
2195 819 2424 874 carnalis
2452 821 2492 872 ί.
2523 837 2543 872 ι
2577 817 2652 873 lta
2682 817 2787 874 hoc
2809 817 2974 884 dicis,
3001 819 3151 888 quasi
3181 819 3405 888 probare
3435 819 3636 888 possis,

2061 920 2154 967 aut
2181 925 2307 967 vere
2333 910 2716 981 cujuscumque
2743 910 2934 966 frontis
2957 911 3031 965 sis
3049 950 3066 978 ,
3103 911 3300 966 audeas
3341 912 3600 982 suspicari
3624 951 3640 975 ,

2063 1000 2316 1070 inprima
2341 999 2614 1056 hominum
2641 1001 3057 1064 constitutione,
3089 1002 3397 1072 priusquam
3427 1002 3638 1072 culpam

2063 1089 2242 1147 debita
2270 1090 2542 1145 damnatio
2568 1099 2914 1161 sequeretur,
2944 1090 3100 1146 istam
3135 1091 3404 1146 carnalem
3443 1105 3643 1146 concu-

2070 1181 2380 1252 piscentiam
2409 1190 2502 1237 aut
2525 1181 2792 1236 exstitisse
2817 1181 2872 1237 in
2902 1181 3169 1250 paradiso,
3194 1191 3286 1235 aut
3312 1181 3642 1245 inordinatis,

2068 1276 2206 1332 sicut
2243 1289 2362 1329 eam
2411 1289 2554 1329 nunc
2601 1273 2840 1330 videmus
2859 1315 2876 1340 ,
2902 1273 3136 1329 mOliilllS
3164 1289 3366 1344 pugnas
3393 1273 3647 1329 adversus

2070 1363 2312 1431 spiritum
2357 1361 2682 1419 foedissimas
2727 1363 2980 1420 edidisse.
3014 1364 3214 1419 Deinde
3257 1363 3562 1430 subnectis,
3593 1371 3647 1418 et

2068 1455 2240 1512 dicis:
2269 1473 2291 1509 ι
2327 1455 2492 1526 llujns
2521 1455 2702 1526 itaque
2725 1457 2992 1528 appetitus
3038 1471 3142 1510 non
3187 1457 3238 1510 in
3277 1471 3473 1526 genere
3512 1469 3645 1520 suo,

2072 1563 2181 1604 non
2212 1546 2264 1600 in
2290 1547 2490 1616 specie.
2513 1562 2619 1601 non
2646 1548 2697 1602 in
2719 1546 2878 1602 modo
2901 1547 3053 1616 eulpa
3081 1556 3186 1610 est,
3204 1547 3296 1602 sed
3319 1546 3371 1601 in
3393 1561 3650 1606 excessu:

2071 1637 2194 1704 Quia
2222 1651 2390 1708 genus
2409 1635 2524 1706 ejus
2544 1645 2598 1692 et
2618 1637 2822 1707 species
2840 1636 2906 1690 ad
2933 1636 3227 1692 conditoris
3247 1651 3462 1706 operam
3486 1637 3510 1669 ⁸
3532 1651 3654 1706 per-

2076 1726 2268 1789 tinent,
2299 1725 2490 1781 modus
2513 1725 2628 1796 ejus
2655 1725 2722 1780 ad
2748 1725 3025 1806 arbitrium
3055 1727 3376 1792 honestatis,
3402 1739 3654 1782 excessus

2078 1821 2145 1878 ad
2184 1822 2371 1876 vitium
2415 1821 2718 1876 voluntatis.
2763 1838 2784 1874 ι
2830 1819 3002 1890 Quam
3048 1820 3309 1876 concinne
3354 1820 3448 1876 tibi
3490 1819 3654 1874 verba

2079 1911 2255 1968 inania
2295 1920 2620 1975 sonuerunt;
2653 1909 2833 1980 utique
2875 1909 3077 1966 homini
3110 1909 3131 1942 ³
3177 1910 3268 1981 qui
3307 1927 3412 1965 non
3456 1912 3656 1981 cogitas

2081 2003 2205 2075 quid
2245 2002 2420 2057 dicas!
2461 2002 2516 2057 Si
2546 2001 2736 2058 modus
2757 2003 3022 2072 appetitus
3063 2001 3221 2074 hujus
3256 2003 3323 2058 ad
3369 2003 3651 2058 arbitrium

2083 2096 2314 2168 pertinet
2353 2093 2676 2163 honestatis;
2703 2095 2858 2162 cujus
2888 2095 3102 2150 tandem
3131 2093 3340 2150 honesti
3377 2095 3656 2151 arbitrium

2083 2187 2348 2260 eunjugati
2373 2188 2496 2242 velit
2518 2187 2658 2244 hunc
2676 2189 2992 2259 appetitum,
3013 2188 3112 2244 nisi
3132 2187 3348 2258 quando
3362 2187 3385 2220 ⁵
3404 2203 3538 2258 Opus
3552 2197 3656 2256 est,

2084 2279 2442 2339 commoveri?
2470 2290 2526 2336 et
2566 2289 2743 2338 tamen
2783 2279 2924 2350 quod
2955 2280 3066 2335 vult
3103 2295 3210 2336 non
3256 2290 3448 2348 potest.
3495 2279 3660 2350 Cujus

2088 2376 2297 2431 honesti
2323 2375 2344 2408 ⁸
2370 2375 2694 2431 continentis
2727 2373 3003 2429 arbitrium
3037 2372 3168 2430 velit
3201 2372 3482 2444 aliquando
3518 2376 3660 2430 hunc

2088 2471 2378 2538 appetitum
2419 2467 2654 2523 moveri?
2681 2474 2734 2522 et
2773 2476 2946 2522 tamen
2989 2465 3130 2536 quod
3160 2467 3271 2521 vult
3312 2481 3418 2522 non
3459 2476 3658 2537 potest.

2090 2557 2244 2616 Unde
2263 2559 2456 2615 clamat
2483 2559 2676 2624 immo,
2707 2556 2849 2614 Velle
2869 2557 3070 2628 adjacet
3107 2559 3262 2624 mihi,
3302 2560 3543 2629 per/icere
3570 2575 3665 2614 au-

2091 2662 2188 2706 tem
2218 2653 2400 2706 bonum
2424 2667 2526 2706 non
2575 2649 2772 2705 invenio
2812 2650 2990 2718 (Rom.
3014 2665 3122 2716 vn,
3147 2650 3258 2718 18).
3283 2650 3414 2705 Cum
3448 2665 3574 2720 ergo
3609 2651 3662 2706 in

2092 2743 2210 2814 ipso
2239 2751 2385 2797 motu
2425 2756 2521 2811 pro
2544 2750 2741 2796 nostra:
2764 2740 3060 2797 voluntatis
3084 2740 3308 2798 arbitrio
3339 2755 3442 2796 non
3472 2741 3665 2797 habeat

2093 2833 2260 2890 ullum
2286 2832 2498 2887 modum
2520 2871 2536 2898 ,
2559 2834 2612 2888 in
2636 2831 2828 2887 eh‘eetu
2852 2842 3029 2888 autem
3058 2847 3164 2887 non
3191 2832 3260 2889 sit
3285 2832 3400 2900 ipse
3419 2832 3665 2889 modera-

2095 2933 2203 2992 tus,
2231 2922 2326 2980 sed
2353 2924 2400 2978 ci
2430 2923 2645 2978 modum
2673 2923 2814 2992 vigili
2843 2923 3139 2979 certamine
3163 2923 3386 2992 Spiritus
3415 2923 3668 2981 honestus

2096 3015 2366 3086 imponat;
2397 3013 2522 3084 quid
2548 3023 2628 3068 est
2651 3013 2794 3084 quod
2829 3013 3053 3070 laudatis
3073 3052 3091 3081 ,
3121 3014 3366 3070 homines
3391 3014 3515 3072 ntali
3542 3014 3586 3080 ⁸.
3613 3023 3672 3072 et

2095 3105 2164 3162 ad
2204 3107 2368 3161 Deum
2409 3121 2513 3162 non
2557 3105 2837 3173 clamatis,
2870 3103 3053 3161 Libera
3090 3123 3183 3162 nos
3218 3123 3252 3162 a
3285 3106 3669 3179 maleUlauIt.

2099 3196 2359 3266 “,15)?

2171 3290 2394 3348 CAPUT
2432 3290 2572 3347 XIV.
2592 3321 2662 3333 —-
2695 3290 2786 3347 98.
2811 3288 2946 3358 Quid
2974 3298 3027 3347 te
3048 3299 3223 3348 autem
3248 3292 3396 3361 juvat
3421 3291 3561 3363 quad
3584 3290 3672 3348 di-

2099 3386 2242 3451 cis,.t
2265 3385 2506 3454 intercipi
2527 3382 2798 3441 debilitate
2817 3385 3124 3439 libidinem:
3150 3402 3170 3438 ι
3197 3385 3347 3456 quasi
3373 3400 3476 3440 non
3500 3392 3673 3441 morte

2099 3492 2320 3549 prorsus
2343 3477 2730 3547 exstinguatur,
2758 3475 2972 3545 quando
2991 3475 3102 3546 jam
3133 3475 3355 3542 homini,
3381 3477 3470 3547 qui
3491 3477 3560 3531 ab
3582 3475 3672 3532 illa

2102 3567 2260 3624 fuerit
2287 3577 2565 3636 superatus
2596 3576 2648 3621 ct
2679 3566 3022 3637 suhjttgatus,
3053 3583 3156 3620 non
3184 3575 3454 3621 certamen
3485 3565 3676 3620 indici-

2102 3657 2335 3724 tur-{sed
2364 3657 2502 3712 victo
2529 3656 2767 3712 redditur
2791 3655 2930 3728 quod
2961 3656 3219 3713 debetur?
3247 3656 3358 3712 lloc
3399 3665 3482 3712 est
3521 3670 3673 3712 ama-

2102 3753 2236 3818 rius,
2263 3750 2364 3806 hoc
2390 3760 2471 3805 est
2500 3748 2587 3806 ubi
2619 3763 2725 3804 non
2755 3749 3006 3820 intelligis
3029 3747 3403 3806 contendentis
3430 3751 3649 3818 prepagi

2105 3857 2227 3896 nem
2268 3840 2486 3909 mortis,
2513 3839 2654 3912 quod
2692 3839 2904 3911 quando
2927 3840 3042 3894 sani
3069 3855 3285 3905 sumus,
3311 3848 3436 3896 tunc
3463 3847 3546 3896 est
3575 3841 3676 3896 iste

2105 3941 2282 3987 motus
2306 3931 2544 3987 insanus.
2575 3949 2594 3983 σ
2623 3932 2729 3986 Aut
2755 3931 2806 3985 in
2832 3930 3180 4001 conjugibus,
3210 3948 3229 3982 ι
3261 3929 3438 4002 inquis
3458 3971 3473 3993 ,
3503 3948 3523 3982 ι
3553 3945 3676 3987 eum

2107 4023 2388 4080 honestate
2415 4029 2716 4084 exercetur,
2747 4029 2840 4076 aut
2865 4021 2916 4075 in
2945 4022 3108 4077 castis
3143 4021 3337 4078 virtute
3363 4019 3619 4076 frenatur.
3651 4039 3671 4072 ι

2107 4115 2254 4172 Itane
2279 4131 2430 4181 vero,
2458 4114 2531 4170 ita
2551 4115 2574 4148 "
2598 4123 2651 4168 tu
2677 4122 2927 4184 expertus
2951 4113 3046 4168 es?
3077 4113 3288 4184 Ergone
3312 4127 3342 4167 a
3367 4111 3680 4184 conjugibus

2108 4222 2214 4261 non
2241 4204 2476 4262 frenatur
2502 4203 2602 4260 hoc
2627 4203 2847 4270 malum,
2863 4203 2946 4258 vel
2968 4203 3070 4259 hoc
3095 4211 3241 4260 tuum
3270 4203 3681 4259 bonutntl‘ror-

2108 4311 2201 4352 sus
2228 4312 2347 4352 cum
2377 4295 2580 4350 libitum
2608 4293 2785 4360 fuerit,
2804 4303 3046 4350 sternunt
3073 4309 3134 4351 se
3154 4293 3429 4366 conjuges,
3455 4305 3510 4350 et
3530 4295 3683 4348 inva-

2108 4387 2258 4452 dunt,
2288 4387 2728 4458 quandocumque
2765 4386 3086 4452 titillaverit;
3119 4399 3219 4442 nec
3255 4385 3324 4442 ad
3362 4386 3546 4441 horam
3581 4401 3679 4440 cu-

2110 4478 2268 4536 bandi
2300 4477 2566 4548 appetitus
2593 4478 2692 4534 iste
2720 4477 2981 4543 ditl'crlnr,
3008 4477 3101 4540 sed
3133 4487 3257 4532 llttlc
3283 4476 3489 4532 videtur
3511 4474 3683 4547 legiti-

2110 4585 2196 4626 ma
2225 4584 2507 4640 corporum
2533 4582 2654 4624 esse
2676 4567 2986 4622 commixtio
3002 4609 3017 4632 ,
3041 4567 3254 4636 quando
3280 4565 3419 4622 istud
3443 4565 3686 4622 naturale

2115 4670 2262 4716 tuum
2291 4660 2488 4715 bonum
2519 4655 2678 4712 fuerit
2697 4667 2887 4726 sponte
2905 4665 3251 4723 commotum.
3272 4655 3327 4714 Si
3355 4657 3512 4712 talem
3533 4656 3686 4712 dexio

2112 4754 2179 4809 sti
2209 4753 2368 4807 vitam
2395 4750 2724 4820 conjngalem
2742 4790 2756 4814 ,
2785 4747 2972 4805 desine
3000 4755 3054 4804 te
3087 4747 3192 4805 tuis
3214 4747 3591 4820 experimentis
3629 4746 3684 4803 in

2113 4843 2470 4914 disputatione
2506 4840 2842 4896 committere
2860 4878 2874 4902 ,
2903 4848 2958 4894 et
2982 4837 3050 4896 de
3074 4837 3194 4894 aliis
3220 4841 3394 4910 potius
3423 4837 3683 4908 quemad-

2115 4934 2330 4992 modum
2363 4933 2432 4989 sit
2458 4931 2696 4988 ducenda
2715 4970 2734 4998 ,
2762 4931 2844 4985 vel
2875 4930 3113 4986 docenda
3133 4971 3150 4998 ,
3183 4930 3431 5001 perquire
3452 4930 3495 4984 ⁸.
3524 4929 3688 4984 Miror

2118 5035 2292 5081 tamen
2314 5024 2360 5078 si
2379 5023 2673 5080 adulterina
2699 5020 2888 5077 saltem
2907 5019 3168 5076 desideria
3191 5036 3297 5074 non
3327 5019 3566 5084 frenasti,
3590 5033 3691 5076 nec

2117 5115 2372 5174 frenanda
2403 5115 2634 5172 sensisti.
2665 5114 2719 5171 Si
2749 5128 2876 5168 vero
2903 5115 3064 5168 etiam
3095 5110 3341 5183 pudicitia
3367 5111 3683 5182 conjugalis,

2180 5298 2197 5330 ι
2230 5297 2304 5362 sic
2325 5294 2539 5362 potiones
2559 5300 2666 5343 Mss.
2685 5297 2855 5362 Atfn,
2880 5304 2968 5358 per
2987 5303 3132 5357 quam
3155 5301 3174 5341 :
3199 5297 3378 5341 etcum
3398 5290 3506 5342 aliis
3528 5290 3692 5354 editis,

2115 5354 2366 5409 constituta
2385 5362 2454 5406 cst
2471 5354 2569 5404 't'ita
2590 5354 2816 5404 carnalis.

2180 5422 2198 5452 ’
2231 5419 2541 5468 t-‘lnriacensis
2563 5424 2660 5470 διε..
2687 5427 2850 5477 opera.

2179 5481 2201 5514 ⁸
2231 5489 2330 5528 Αιιι.
2357 5485 2409 5528 et
2429 5489 2598 5527 omnes
2617 5474 2744 5536 Mssi,
2762 5474 2914 5526 homo.

2177 5544 2200 5612 ξ
2232 5541 2550 5612 animas.
2690 5543 2932 5612 QW‘."”'~

2178 5607 2199 5639 ι
2232 5603 2366 5658 sunt,
2388 5599 2594 5649 honeste.
2620 5597 2783 5650 Melius
2804 5607 2932 5660 ωδε..
2953 5597 3150 5650 Imma.

2178 5666 2198 5731 ἐ
2231 5664 2539 5731 Fioriaeensis
2556 5666 2662 5731 us,
2685 5661 2880 5712 malm.

2174 5730 2194 5746 ‘
2231 5725 2359 5775 Idem
2387 5732 2481 5778 νε..
2506 5725 2612 5772 ista.

2178 5789 2199 5822 ⁸
2233 5787 2397 5838 Plures
2421 5791 2545 5845 Mss,
2570 5783 2777 5846 require.
