  <div class='ocr_page' id='page_1' title='image "/cluster/home/n/w/nwhite01/storage/ocr_20150623/44/hvd.32044069687945/364.png"; bbox 0 0 4014 6184; ppageno 0'>
   <div class='ocr_carea' id='block_1_1' title="bbox 380 450 479 505">
    <p class='ocr_par' dir='ltr' id='par_1_1' title="bbox 380 450 479 505">
     <span class='ocr_line' id='line_1_1' title="bbox 380 450 479 505; baseline -0.03 0"><span class='ocrx_word' id='word_1_1' title='bbox 380 450 479 505; x_wconf 72' lang='grc'><strong>717</strong></span> 
     </span>
    </p>
   </div>
   <div class='ocr_carea' id='block_1_2' title="bbox 379 548 1968 631">
    <p class='ocr_par' dir='ltr' id='par_1_2' title="bbox 379 548 1968 631">
     <span class='ocr_line' id='line_1_2' title="bbox 379 548 1968 631; baseline -0.007 -17"><span class='ocrx_word' id='word_1_2' title='bbox 379 571 433 615; x_wconf 86' lang='lat' dir='ltr'><strong>et</strong></span> <span class='ocrx_word' id='word_1_3' title='bbox 455 566 679 631; x_wconf 85' lang='lat' dir='ltr'><strong>prepter</strong></span> <span class='ocrx_word' id='word_1_4' title='bbox 698 552 1049 609; x_wconf 86' lang='lat' dir='ltr'><strong>immoderata</strong></span> <span class='ocrx_word' id='word_1_5' title='bbox 1075 551 1125 606; x_wconf 91' lang='lat' dir='ltr'><strong>in</strong></span> <span class='ocrx_word' id='word_1_6' title='bbox 1154 551 1271 621; x_wconf 89' lang='lat' dir='ltr'><strong>ipso</strong></span> <span class='ocrx_word' id='word_1_7' title='bbox 1290 563 1501 620; x_wconf 83' lang='lat' dir='ltr'><strong>quoque</strong></span> <span class='ocrx_word' id='word_1_8' title='bbox 1522 548 1794 605; x_wconf 86' lang='lat' dir='ltr'><strong>connubio</strong></span> <span class='ocrx_word' id='word_1_9' title='bbox 1812 549 1968 604; x_wconf 90' lang='lat' dir='ltr'><strong>volu-</strong></span> 
     </span>
    </p>
   </div>
   <div class='ocr_carea' id='block_1_3' title="bbox 380 640 1971 713">
    <p class='ocr_par' dir='ltr' id='par_1_3' title="bbox 380 640 1971 713">
     <span class='ocr_line' id='line_1_3' title="bbox 380 640 1971 713; baseline -0.008 -7"><span class='ocrx_word' id='word_1_10' title='bbox 380 651 531 706; x_wconf 88' lang='lat' dir='ltr'><strong>tabra</strong></span> <span class='ocrx_word' id='word_1_11' title='bbox 576 645 847 711; x_wconf 81' lang='lat' dir='ltr'><strong>libidinis,</strong></span> <span class='ocrx_word' id='word_1_12' title='bbox 887 654 941 698; x_wconf 90' lang='lat' dir='ltr'><strong>et</strong></span> <span class='ocrx_word' id='word_1_13' title='bbox 978 651 1197 713; x_wconf 88' lang='lat' dir='ltr'><strong>propter</strong></span> <span class='ocrx_word' id='word_1_14' title='bbox 1223 640 1558 696; x_wconf 89' lang='lat' dir='ltr'><strong>damnabiles</strong></span> <span class='ocrx_word' id='word_1_15' title='bbox 1583 640 1971 710; x_wconf 84' lang='lat' dir='ltr'><strong>concupiscen-</strong></span> 
     </span>
    </p>
   </div>
   <div class='ocr_carea' id='block_1_4' title="bbox 387 731 1970 807">
    <p class='ocr_par' dir='ltr' id='par_1_4' title="bbox 387 731 1970 807">
     <span class='ocr_line' id='line_1_4' title="bbox 387 731 1970 807; baseline -0.005 -13"><span class='ocrx_word' id='word_1_16' title='bbox 387 741 522 801; x_wconf 90' lang='lat' dir='ltr'><strong>tias,</strong></span> <span class='ocrx_word' id='word_1_17' title='bbox 556 753 622 793; x_wconf 89' lang='lat' dir='ltr'><strong>ne</strong></span> <span class='ocrx_word' id='word_1_18' title='bbox 664 746 862 807; x_wconf 67' lang='lat' dir='ltr'><strong>praeter</strong></span> <span class='ocrx_word' id='word_1_19' title='bbox 903 735 1146 805; x_wconf 79' lang='lat' dir='ltr'><strong>conjugis</strong></span> <span class='ocrx_word' id='word_1_20' title='bbox 1182 734 1201 765; x_wconf 69' lang='grc' dir='ltr'>ί</span> <span class='ocrx_word' id='word_1_21' title='bbox 1241 732 1536 795; x_wconf 75' lang='lat' dir='ltr'><strong>naturalem</strong></span> <span class='ocrx_word' id='word_1_22' title='bbox 1576 746 1729 786; x_wconf 89' lang='lat' dir='ltr'><strong>usum</strong></span> <span class='ocrx_word' id='word_1_23' title='bbox 1771 731 1970 801; x_wconf 92' lang='lat' dir='ltr'><strong>aliquid</strong></span> 
     </span>
    </p>
   </div>
   <div class='ocr_carea' id='block_1_5' title="bbox 381 821 1968 900">
    <p class='ocr_par' dir='ltr' id='par_1_5' title="bbox 381 821 1968 900">
     <span class='ocr_line' id='line_1_5' title="bbox 381 821 1968 900; baseline -0.006 -15"><span class='ocrx_word' id='word_1_24' title='bbox 381 838 734 900; x_wconf 89' lang='lat' dir='ltr'><strong>perpetretur,</strong></span> <span class='ocrx_word' id='word_1_25' title='bbox 761 826 932 880; x_wconf 88' lang='lat' dir='ltr'><strong>frenat</strong></span> <span class='ocrx_word' id='word_1_26' title='bbox 954 826 1091 879; x_wconf 90' lang='lat' dir='ltr'><strong>hanc</strong></span> <span class='ocrx_word' id='word_1_27' title='bbox 1118 832 1323 892; x_wconf 80' lang='lat' dir='ltr'><strong>pestem</strong></span> <span class='ocrx_word' id='word_1_28' title='bbox 1354 821 1513 892; x_wconf 89' lang='lat' dir='ltr'><strong>:quid</strong></span> <span class='ocrx_word' id='word_1_29' title='bbox 1543 832 1627 877; x_wconf 92' lang='lat' dir='ltr'><strong>est</strong></span> <span class='ocrx_word' id='word_1_30' title='bbox 1652 822 1790 891; x_wconf 91' lang='lat' dir='ltr'><strong>quod</strong></span> <span class='ocrx_word' id='word_1_31' title='bbox 1815 822 1968 889; x_wconf 86' lang='lat' dir='ltr'><strong>dicis,</strong></span> 
     </span>
    </p>
   </div>
   <div class='ocr_carea' id='block_1_6' title="bbox 385 912 1971 989">
    <p class='ocr_par' dir='ltr' id='par_1_6' title="bbox 385 912 1971 989">
     <span class='ocr_line' id='line_1_6' title="bbox 385 912 1971 989; baseline -0.005 -15"><span class='ocrx_word' id='word_1_32' title='bbox 385 940 404 974; x_wconf 70' lang='grc' dir='ltr'>ι</span> <span class='ocrx_word' id='word_1_33' title='bbox 436 921 490 975; x_wconf 91' lang='lat' dir='ltr'><strong>lu</strong></span> <span class='ocrx_word' id='word_1_34' title='bbox 518 918 831 989; x_wconf 88' lang='lat' dir='ltr'><strong>eonjugilms</strong></span> <span class='ocrx_word' id='word_1_35' title='bbox 852 931 972 971; x_wconf 92' lang='lat' dir='ltr'><strong>eum</strong></span> <span class='ocrx_word' id='word_1_36' title='bbox 997 915 1279 969; x_wconf 73' lang='lat' dir='ltr'><strong>honestate</strong></span> <span class='ocrx_word' id='word_1_37' title='bbox 1301 921 1615 977; x_wconf 76' lang='lat' dir='ltr'><strong>exercetur;</strong></span> <span class='ocrx_word' id='word_1_38' title='bbox 1646 931 1665 965; x_wconf 72' lang='grc' dir='ltr'><strong><em>ι</em></strong></span> <span class='ocrx_word' id='word_1_39' title='bbox 1691 914 1841 984; x_wconf 88' lang='lat' dir='ltr'><strong>quasi</strong></span> <span class='ocrx_word' id='word_1_40' title='bbox 1872 912 1971 967; x_wconf 87' lang='lat' dir='ltr'><strong>ho-</strong></span> 
     </span>
    </p>
   </div>
   <div class='ocr_carea' id='block_1_7' title="bbox 381 1003 1972 1078">
    <p class='ocr_par' dir='ltr' id='par_1_7' title="bbox 381 1003 1972 1078">
     <span class='ocr_line' id='line_1_7' title="bbox 381 1003 1972 1078; baseline -0.004 -13"><span class='ocrx_word' id='word_1_41' title='bbox 381 1020 567 1065; x_wconf 88' lang='lat' dir='ltr'><strong>nestus</strong></span> <span class='ocrx_word' id='word_1_42' title='bbox 590 1009 660 1062; x_wconf 93' lang='lat' dir='ltr'><strong>sit</strong></span> <span class='ocrx_word' id='word_1_43' title='bbox 686 1008 954 1078; x_wconf 91' lang='lat' dir='ltr'><strong>appetitus</strong></span> <span class='ocrx_word' id='word_1_44' title='bbox 984 1006 1085 1060; x_wconf 69' lang='lat' dir='ltr'><strong>iste</strong></span> <span class='ocrx_word' id='word_1_45' title='bbox 1114 1018 1331 1072; x_wconf 86' lang='lat' dir='ltr'><strong>semper</strong></span> <span class='ocrx_word' id='word_1_46' title='bbox 1360 1004 1413 1057; x_wconf 93' lang='lat' dir='ltr'><strong>in</strong></span> <span class='ocrx_word' id='word_1_47' title='bbox 1436 1003 1664 1073; x_wconf 71' lang='lat' dir='ltr'><strong>conjuge</strong></span> <span class='ocrx_word' id='word_1_48' title='bbox 1686 1045 1703 1071; x_wconf 96' lang='lat'><strong>,</strong></span> <span class='ocrx_word' id='word_1_49' title='bbox 1746 1013 1803 1058; x_wconf 88' lang='lat' dir='ltr'><strong>et</strong></span> <span class='ocrx_word' id='word_1_50' title='bbox 1840 1005 1972 1059; x_wconf 84' lang='lat' dir='ltr'><strong>nihil</strong></span> 
     </span>
    </p>
   </div>
   <div class='ocr_carea' id='block_1_8' title="bbox 380 1095 1973 1166">
    <p class='ocr_par' dir='ltr' id='par_1_8' title="bbox 380 1095 1973 1166">
     <span class='ocr_line' id='line_1_8' title="bbox 380 1095 1973 1166; baseline -0.004 -9"><span class='ocrx_word' id='word_1_51' title='bbox 380 1104 429 1157; x_wconf 89' lang='lat' dir='ltr'><strong>ei</strong></span> <span class='ocrx_word' id='word_1_52' title='bbox 475 1102 667 1157; x_wconf 87' lang='lat' dir='ltr'><strong>saltem</strong></span> <span class='ocrx_word' id='word_1_53' title='bbox 714 1100 1008 1155; x_wconf 86' lang='lat' dir='ltr'><strong>secundum</strong></span> <span class='ocrx_word' id='word_1_54' title='bbox 1048 1098 1291 1159; x_wconf 78' lang='lat' dir='ltr'><strong>veniam,</strong></span> <span class='ocrx_word' id='word_1_55' title='bbox 1340 1095 1477 1150; x_wconf 88' lang='lat' dir='ltr'><strong>sicut</strong></span> <span class='ocrx_word' id='word_1_56' title='bbox 1514 1095 1646 1150; x_wconf 88' lang='lat' dir='ltr'><strong>dicit</strong></span> <span class='ocrx_word' id='word_1_57' title='bbox 1684 1097 1973 1166; x_wconf 83' lang='lat' dir='ltr'><strong>Apostolus</strong></span> 
     </span>
    </p>
   </div>
   <div class='ocr_carea' id='block_1_9' title="bbox 382 1188 1970 1267">
    <p class='ocr_par' dir='ltr' id='par_1_9' title="bbox 382 1188 1970 1267">
     <span class='ocr_line' id='line_1_9' title="bbox 382 1188 1970 1267; baseline -0.005 -17"><span class='ocrx_word' id='word_1_58' title='bbox 382 1196 435 1267; x_wconf 87' lang='grc' dir='ltr'><strong>(Ι</strong></span> <span class='ocrx_word' id='word_1_59' title='bbox 465 1197 580 1249; x_wconf 86' lang='lat' dir='ltr'><strong>(.‘or.</strong></span> <span class='ocrx_word' id='word_1_60' title='bbox 607 1209 678 1248; x_wconf 90' lang='lat' dir='ltr'><strong>vn</strong></span> <span class='ocrx_word' id='word_1_61' title='bbox 703 1235 719 1261; x_wconf 97' lang='lat'><strong>,</strong></span> <span class='ocrx_word' id='word_1_62' title='bbox 748 1193 851 1264; x_wconf 88' lang='lat'><strong>6),</strong></span> <span class='ocrx_word' id='word_1_63' title='bbox 881 1189 1243 1246; x_wconf 88' lang='lat' dir='ltr'><strong>concedatur?</strong></span> <span class='ocrx_word' id='word_1_64' title='bbox 1269 1188 1483 1258; x_wconf 83' lang='lat' dir='ltr'><strong>Quanto</strong></span> <span class='ocrx_word' id='word_1_65' title='bbox 1510 1189 1703 1243; x_wconf 92' lang='lat' dir='ltr'><strong>melius</strong></span> <span class='ocrx_word' id='word_1_66' title='bbox 1727 1189 1934 1244; x_wconf 86' lang='lat' dir='ltr'><strong>diceres</strong></span> <span class='ocrx_word' id='word_1_67' title='bbox 1954 1229 1970 1254; x_wconf 96' lang='lat'><strong>,</strong></span> 
     </span>
    </p>
   </div>
   <div class='ocr_carea' id='block_1_10' title="bbox 384 1280 1974 1355">
    <p class='ocr_par' dir='ltr' id='par_1_10' title="bbox 384 1280 1974 1355">
     <span class='ocr_line' id='line_1_10' title="bbox 384 1280 1974 1355; baseline -0.004 -14"><span class='ocrx_word' id='word_1_68' title='bbox 384 1288 436 1342; x_wconf 93' lang='lat' dir='ltr'><strong>ln</strong></span> <span class='ocrx_word' id='word_1_69' title='bbox 466 1289 750 1355; x_wconf 82' lang='lat' dir='ltr'><strong>conjugum</strong></span> <span class='ocrx_word' id='word_1_70' title='bbox 792 1280 1162 1338; x_wconf 86' lang='lat' dir='ltr'><strong>moderatione</strong></span> <span class='ocrx_word' id='word_1_71' title='bbox 1191 1296 1313 1335; x_wconf 92' lang='lat' dir='ltr'><strong>cum</strong></span> <span class='ocrx_word' id='word_1_72' title='bbox 1344 1280 1627 1334; x_wconf 91' lang='lat' dir='ltr'><strong>honestate</strong></span> <span class='ocrx_word' id='word_1_73' title='bbox 1656 1280 1974 1335; x_wconf 83' lang='lat' dir='ltr'><strong>exercetur?</strong></span> 
     </span>
    </p>
   </div>
   <div class='ocr_carea' id='block_1_11' title="bbox 385 1371 1974 1443">
    <p class='ocr_par' dir='ltr' id='par_1_11' title="bbox 385 1371 1974 1443">
     <span class='ocr_line' id='line_1_11' title="bbox 385 1371 1974 1443; baseline -0.006 -10"><span class='ocrx_word' id='word_1_74' title='bbox 385 1380 462 1433; x_wconf 82' lang='lat' dir='ltr'><strong>An</strong></span> <span class='ocrx_word' id='word_1_75' title='bbox 494 1377 714 1430; x_wconf 69' lang='lat' dir='ltr'><strong>timuisti</strong></span> <span class='ocrx_word' id='word_1_76' title='bbox 741 1391 808 1430; x_wconf 92' lang='lat' dir='ltr'><strong>ne</strong></span> <span class='ocrx_word' id='word_1_77' title='bbox 847 1374 954 1428; x_wconf 91' lang='lat' dir='ltr'><strong>illic</strong></span> <span class='ocrx_word' id='word_1_78' title='bbox 994 1387 1209 1443; x_wconf 87' lang='lat' dir='ltr'><strong>quoque</strong></span> <span class='ocrx_word' id='word_1_79' title='bbox 1253 1371 1579 1440; x_wconf 79' lang='lat' dir='ltr'><strong>intelligatur</strong></span> <span class='ocrx_word' id='word_1_80' title='bbox 1608 1371 1805 1424; x_wconf 88' lang='lat' dir='ltr'><strong>malum</strong></span> <span class='ocrx_word' id='word_1_81' title='bbox 1834 1411 1848 1434; x_wconf 93' lang='lat'><strong>,</strong></span> <span class='ocrx_word' id='word_1_82' title='bbox 1888 1371 1974 1424; x_wconf 91' lang='lat' dir='ltr'><strong>cui</strong></span> 
     </span>
    </p>
   </div>
   <div class='ocr_carea' id='block_1_12' title="bbox 382 1462 1976 1536">
    <p class='ocr_par' dir='ltr' id='par_1_12' title="bbox 382 1462 1976 1536">
     <span class='ocr_line' id='line_1_12' title="bbox 382 1462 1976 1536; baseline -0.004 -13"><span class='ocrx_word' id='word_1_83' title='bbox 382 1469 541 1525; x_wconf 77' lang='lat' dir='ltr'><strong>etiam</strong></span> <span class='ocrx_word' id='word_1_84' title='bbox 566 1467 821 1536; x_wconf 88' lang='lat' dir='ltr'><strong>cunjuges</strong></span> <span class='ocrx_word' id='word_1_85' title='bbox 850 1463 1061 1518; x_wconf 90' lang='lat' dir='ltr'><strong>frenum</strong></span> <span class='ocrx_word' id='word_1_86' title='bbox 1086 1479 1211 1517; x_wconf 88' lang='lat' dir='ltr'><strong>cura</strong></span> <span class='ocrx_word' id='word_1_87' title='bbox 1239 1462 1623 1516; x_wconf 80' lang='lat' dir='ltr'><strong>moderationis</strong></span> <span class='ocrx_word' id='word_1_88' title='bbox 1660 1462 1976 1531; x_wconf 84' lang='lat' dir='ltr'><strong>imponunt?</strong></span> 
     </span>
    </p>
   </div>
   <div class='ocr_carea' id='block_1_13' title="bbox 385 1552 1976 1622">
    <p class='ocr_par' dir='ltr' id='par_1_13' title="bbox 385 1552 1976 1622">
     <span class='ocr_line' id='line_1_13' title="bbox 385 1552 1976 1622; baseline -0.005 -8"><span class='ocrx_word' id='word_1_89' title='bbox 385 1555 664 1614; x_wconf 76' lang='lat' dir='ltr'><strong>Postremo</strong></span> <span class='ocrx_word' id='word_1_90' title='bbox 687 1570 826 1610; x_wconf 90' lang='lat' dir='ltr'><strong>nunc</strong></span> <span class='ocrx_word' id='word_1_91' title='bbox 844 1555 1029 1608; x_wconf 79' lang='lat' dir='ltr'><strong>saltem</strong></span> <span class='ocrx_word' id='word_1_92' title='bbox 1049 1555 1158 1622; x_wconf 89' lang='lat' dir='ltr'><strong>jam</strong></span> <span class='ocrx_word' id='word_1_93' title='bbox 1180 1552 1521 1608; x_wconf 80' lang='lat' dir='ltr'><strong>comineuter</strong></span> <span class='ocrx_word' id='word_1_94' title='bbox 1539 1552 1723 1607; x_wconf 88' lang='lat' dir='ltr'><strong>vivens</strong></span> <span class='ocrx_word' id='word_1_95' title='bbox 1744 1567 1976 1621; x_wconf 89' lang='lat' dir='ltr'><strong>agnosce</strong></span> 
     </span>
    </p>
   </div>
   <div class='ocr_carea' id='block_1_14' title="bbox 390 1643 1978 1718">
    <p class='ocr_par' dir='ltr' id='par_1_14' title="bbox 390 1643 1978 1718">
     <span class='ocr_line' id='line_1_14' title="bbox 390 1643 1978 1718; baseline -0.005 -13"><span class='ocrx_word' id='word_1_96' title='bbox 390 1650 444 1705; x_wconf 84' lang='lat' dir='ltr'><strong>in</strong></span> <span class='ocrx_word' id='word_1_97' title='bbox 474 1648 743 1718; x_wconf 78' lang='lat' dir='ltr'><strong>quadrigis</strong></span> <span class='ocrx_word' id='word_1_98' title='bbox 772 1648 876 1700; x_wconf 89' lang='lat' dir='ltr'><strong>illis</strong></span> <span class='ocrx_word' id='word_1_99' title='bbox 900 1644 1265 1699; x_wconf 78' lang='lat' dir='ltr'><strong>Ambrosianis</strong></span> <span class='ocrx_word' id='word_1_100' title='bbox 1290 1659 1484 1713; x_wconf 90' lang='lat' dir='ltr'><strong>equum</strong></span> <span class='ocrx_word' id='word_1_101' title='bbox 1513 1644 1708 1698; x_wconf 89' lang='lat' dir='ltr'><strong>malum</strong></span> <span class='ocrx_word' id='word_1_102' title='bbox 1729 1643 1885 1710; x_wconf 87' lang='lat' dir='ltr'><strong>(Loco</strong></span> <span class='ocrx_word' id='word_1_103' title='bbox 1906 1644 1978 1697; x_wconf 81' lang='lat' dir='ltr'><strong>ci-</strong></span> 
     </span>
    </p>
   </div>
   <div class='ocr_carea' id='block_1_15' title="bbox 390 1735 1974 1809">
    <p class='ocr_par' dir='ltr' id='par_1_15' title="bbox 390 1735 1974 1809">
     <span class='ocr_line' id='line_1_15' title="bbox 390 1735 1974 1809; baseline -0.003 -15"><span class='ocrx_word' id='word_1_104' title='bbox 390 1749 493 1795; x_wconf 83' lang='lat' dir='ltr'><strong>tato</strong></span> <span class='ocrx_word' id='word_1_105' title='bbox 531 1756 719 1809; x_wconf 75' lang='lat' dir='ltr'><strong>supra,</strong></span> <span class='ocrx_word' id='word_1_106' title='bbox 748 1755 802 1791; x_wconf 83' lang='grc' dir='ltr'><strong>η.</strong></span> <span class='ocrx_word' id='word_1_107' title='bbox 839 1737 972 1806; x_wconf 75' lang='grc'><strong>12);</strong></span> <span class='ocrx_word' id='word_1_108' title='bbox 1004 1745 1058 1790; x_wconf 92' lang='lat' dir='ltr'><strong>et</strong></span> <span class='ocrx_word' id='word_1_109' title='bbox 1105 1735 1213 1790; x_wconf 91' lang='lat' dir='ltr'><strong>noli</strong></span> <span class='ocrx_word' id='word_1_110' title='bbox 1260 1736 1424 1791; x_wconf 90' lang='lat' dir='ltr'><strong>corde</strong></span> <span class='ocrx_word' id='word_1_111' title='bbox 1464 1735 1551 1790; x_wconf 90' lang='lat' dir='ltr'><strong>vel</strong></span> <span class='ocrx_word' id='word_1_112' title='bbox 1590 1751 1685 1792; x_wconf 89' lang='lat' dir='ltr'><strong>ore</strong></span> <span class='ocrx_word' id='word_1_113' title='bbox 1730 1736 1974 1803; x_wconf 89' lang='lat' dir='ltr'><strong>laudare,</strong></span> 
     </span>
    </p>
   </div>
   <div class='ocr_carea' id='block_1_16' title="bbox 387 1825 1975 1904">
    <p class='ocr_par' dir='ltr' id='par_1_16' title="bbox 387 1825 1975 1904">
     <span class='ocr_line' id='line_1_16' title="bbox 387 1825 1975 1904; baseline -0.003 -18"><span class='ocrx_word' id='word_1_114' title='bbox 387 1847 545 1904; x_wconf 86' lang='lat' dir='ltr'><strong>quem</strong></span> <span class='ocrx_word' id='word_1_115' title='bbox 567 1834 588 1863; x_wconf 79' lang='grc'>³</span> <span class='ocrx_word' id='word_1_116' title='bbox 620 1830 829 1899; x_wconf 79' lang='lat' dir='ltr'><strong>cogeris</strong></span> <span class='ocrx_word' id='word_1_117' title='bbox 860 1831 1056 1883; x_wconf 89' lang='lat' dir='ltr'><strong>virtute</strong></span> <span class='ocrx_word' id='word_1_118' title='bbox 1094 1827 1325 1883; x_wconf 80' lang='lat' dir='ltr'><strong>frenare.</strong></span> <span class='ocrx_word' id='word_1_119' title='bbox 1355 1845 1373 1878; x_wconf 85' lang='grc'>‹</span> <span class='ocrx_word' id='word_1_120' title='bbox 1411 1827 1690 1896; x_wconf 86' lang='lat' dir='ltr'><strong>Quartum,</strong></span> <span class='ocrx_word' id='word_1_121' title='bbox 1724 1845 1743 1879; x_wconf 76' lang='grc' dir='ltr'><strong><em>ι</em></strong></span> <span class='ocrx_word' id='word_1_122' title='bbox 1779 1825 1975 1898; x_wconf 82' lang='lat' dir='ltr'><strong>inquis,</strong></span> 
     </span>
    </p>
   </div>
   <div class='ocr_carea' id='block_1_17' title="bbox 398 1920 1979 1992">
    <p class='ocr_par' dir='ltr' id='par_1_17' title="bbox 398 1920 1979 1992">
     <span class='ocr_line' id='line_1_17' title="bbox 398 1920 1979 1992; baseline -0.003 -11"><span class='ocrx_word' id='word_1_123' title='bbox 398 1946 417 1980; x_wconf 77' lang='grc' dir='ltr'><strong>σ</strong></span> <span class='ocrx_word' id='word_1_124' title='bbox 444 1943 473 1981; x_wconf 91' lang='lat' dir='ltr'><strong>a</strong></span> <span class='ocrx_word' id='word_1_125' title='bbox 501 1925 901 1980; x_wconf 87' lang='lat' dir='ltr'><strong>lascivientibus</strong></span> <span class='ocrx_word' id='word_1_126' title='bbox 932 1931 1290 1992; x_wconf 90' lang='lat' dir='ltr'><strong>perpetratur,</strong></span> <span class='ocrx_word' id='word_1_127' title='bbox 1317 1920 1368 1975; x_wconf 89' lang='lat' dir='ltr'><strong>id</strong></span> <span class='ocrx_word' id='word_1_128' title='bbox 1393 1933 1494 1985; x_wconf 88' lang='lat' dir='ltr'><strong>est,</strong></span> <span class='ocrx_word' id='word_1_129' title='bbox 1523 1921 1667 1975; x_wconf 90' lang='lat' dir='ltr'><strong>illius</strong></span> <span class='ocrx_word' id='word_1_130' title='bbox 1691 1920 1979 1990; x_wconf 79' lang='lat' dir='ltr'><strong>voluptatis</strong></span> 
     </span>
    </p>
   </div>
   <div class='ocr_carea' id='block_1_18' title="bbox 395 2012 1979 2086">
    <p class='ocr_par' dir='ltr' id='par_1_18' title="bbox 395 2012 1979 2086">
     <span class='ocr_line' id='line_1_18' title="bbox 395 2012 1979 2086; baseline -0.004 -13"><span class='ocrx_word' id='word_1_131' title='bbox 395 2032 665 2079; x_wconf 81' lang='lat' dir='ltr'><strong>excessus,</strong></span> <span class='ocrx_word' id='word_1_132' title='bbox 691 2025 745 2071; x_wconf 90' lang='lat' dir='ltr'><strong>et</strong></span> <span class='ocrx_word' id='word_1_133' title='bbox 768 2015 889 2086; x_wconf 83' lang='lat' dir='ltr'><strong>quia</strong></span> <span class='ocrx_word' id='word_1_134' title='bbox 913 2014 981 2069; x_wconf 88' lang='lat' dir='ltr'><strong>de</strong></span> <span class='ocrx_word' id='word_1_135' title='bbox 1006 2013 1314 2077; x_wconf 84' lang='lat' dir='ltr'><strong>insolentia,</strong></span> <span class='ocrx_word' id='word_1_136' title='bbox 1337 2028 1443 2066; x_wconf 91' lang='lat' dir='ltr'><strong>non</strong></span> <span class='ocrx_word' id='word_1_137' title='bbox 1471 2012 1538 2067; x_wconf 91' lang='lat' dir='ltr'><strong>de</strong></span> <span class='ocrx_word' id='word_1_138' title='bbox 1560 2023 1747 2066; x_wconf 90' lang='lat' dir='ltr'><strong>natura</strong></span> <span class='ocrx_word' id='word_1_139' title='bbox 1772 2013 1979 2067; x_wconf 78' lang='lat' dir='ltr'><strong>contin-</strong></span> 
     </span>
    </p>
   </div>
   <div class='ocr_carea' id='block_1_19' title="bbox 392 2102 1979 2181">
    <p class='ocr_par' dir='ltr' id='par_1_19' title="bbox 392 2102 1979 2181">
     <span class='ocr_line' id='line_1_19' title="bbox 392 2102 1979 2181; baseline -0.004 -19"><span class='ocrx_word' id='word_1_140' title='bbox 392 2110 487 2181; x_wconf 81' lang='lat' dir='ltr'><strong>git,</strong></span> <span class='ocrx_word' id='word_1_141' title='bbox 501 2126 521 2161; x_wconf 69' lang='grc' dir='ltr'><strong>ι</strong></span> <span class='ocrx_word' id='word_1_142' title='bbox 549 2108 741 2177; x_wconf 81' lang='lat' dir='ltr'><strong>inquis,</strong></span> <span class='ocrx_word' id='word_1_143' title='bbox 774 2124 793 2157; x_wconf 76' lang='grc' dir='ltr'>ι</span> <span class='ocrx_word' id='word_1_144' title='bbox 822 2106 943 2175; x_wconf 88' lang='lat' dir='ltr'><strong>jure</strong></span> <span class='ocrx_word' id='word_1_145' title='bbox 962 2104 1264 2159; x_wconf 88' lang='lat' dir='ltr'><strong>damnatur.</strong></span> <span class='ocrx_word' id='word_1_146' title='bbox 1279 2122 1299 2156; x_wconf 72' lang='grc' dir='ltr'><strong><em>ι</em></strong></span> <span class='ocrx_word' id='word_1_147' title='bbox 1319 2103 1390 2157; x_wconf 93' lang='lat' dir='ltr'><strong>De</strong></span> <span class='ocrx_word' id='word_1_148' title='bbox 1410 2102 1582 2171; x_wconf 88' lang='lat' dir='ltr'><strong>cujus,</strong></span> <span class='ocrx_word' id='word_1_149' title='bbox 1610 2117 1811 2173; x_wconf 64' lang='lat' dir='ltr'><strong>quaeso,</strong></span> <span class='ocrx_word' id='word_1_150' title='bbox 1836 2103 1979 2157; x_wconf 82' lang='lat' dir='ltr'><strong>inso-</strong></span> 
     </span>
    </p>
   </div>
   <div class='ocr_carea' id='block_1_20' title="bbox 392 2195 1980 2268">
    <p class='ocr_par' dir='ltr' id='par_1_20' title="bbox 392 2195 1980 2268">
     <span class='ocr_line' id='line_1_20' title="bbox 392 2195 1980 2268; baseline -0.003 -12"><span class='ocrx_word' id='word_1_151' title='bbox 392 2201 555 2256; x_wconf 87' lang='lat' dir='ltr'><strong>lentia</strong></span> <span class='ocrx_word' id='word_1_152' title='bbox 600 2197 903 2268; x_wconf 80' lang='lat' dir='ltr'><strong>contingit?</strong></span> <span class='ocrx_word' id='word_1_153' title='bbox 951 2197 1182 2251; x_wconf 71' lang='lat' dir='ltr'><strong>lascivia:</strong></span> <span class='ocrx_word' id='word_1_154' title='bbox 1207 2237 1223 2263; x_wconf 92' lang='lat'><strong>,</strong></span> <span class='ocrx_word' id='word_1_155' title='bbox 1264 2210 1331 2249; x_wconf 89' lang='lat' dir='ltr'><strong>an</strong></span> <span class='ocrx_word' id='word_1_156' title='bbox 1380 2196 1867 2264; x_wconf 80' lang='lat' dir='ltr'><strong>concupiscentiae?</strong></span> <span class='ocrx_word' id='word_1_157' title='bbox 1902 2195 1980 2251; x_wconf 85' lang='lat' dir='ltr'><strong>Ne</strong></span> 
     </span>
    </p>
   </div>
   <div class='ocr_carea' id='block_1_21' title="bbox 391 2285 1981 2357">
    <p class='ocr_par' dir='ltr' id='par_1_21' title="bbox 391 2285 1981 2357">
     <span class='ocr_line' id='line_1_21' title="bbox 391 2285 1981 2357; baseline -0.003 -11"><span class='ocrx_word' id='word_1_158' title='bbox 391 2289 630 2346; x_wconf 87' lang='lat' dir='ltr'><strong>offendas</strong></span> <span class='ocrx_word' id='word_1_159' title='bbox 644 2296 968 2357; x_wconf 89' lang='lat' dir='ltr'><strong>susceptam,</strong></span> <span class='ocrx_word' id='word_1_160' title='bbox 989 2286 1358 2356; x_wconf 83' lang='lat' dir='ltr'><strong>respondebis,</strong></span> <span class='ocrx_word' id='word_1_161' title='bbox 1382 2286 1655 2340; x_wconf 86' lang='lat' dir='ltr'><strong>Laseiviae.</strong></span> <span class='ocrx_word' id='word_1_162' title='bbox 1671 2285 1777 2341; x_wconf 87' lang='lat' dir='ltr'><strong>Sed</strong></span> <span class='ocrx_word' id='word_1_163' title='bbox 1793 2301 1878 2340; x_wconf 91' lang='lat' dir='ltr'><strong>om</strong></span> <span class='ocrx_word' id='word_1_164' title='bbox 1888 2302 1981 2342; x_wconf 88' lang='lat' dir='ltr'><strong>nes</strong></span> 
     </span>
    </p>
   </div>
   <div class='ocr_carea' id='block_1_22' title="bbox 394 2378 1980 2451">
    <p class='ocr_par' dir='ltr' id='par_1_22' title="bbox 394 2378 1980 2451">
     <span class='ocr_line' id='line_1_22' title="bbox 394 2378 1980 2451; baseline -0.002 -15"><span class='ocrx_word' id='word_1_165' title='bbox 394 2383 636 2437; x_wconf 87' lang='lat' dir='ltr'><strong>homines</strong></span> <span class='ocrx_word' id='word_1_166' title='bbox 677 2380 920 2451; x_wconf 73' lang='lat' dir='ltr'><strong>iudieant</strong></span> <span class='ocrx_word' id='word_1_167' title='bbox 963 2379 1195 2433; x_wconf 63' lang='lat' dir='ltr'><strong>lascivire</strong></span> <span class='ocrx_word' id='word_1_168' title='bbox 1241 2394 1345 2432; x_wconf 91' lang='lat' dir='ltr'><strong>non</strong></span> <span class='ocrx_word' id='word_1_169' title='bbox 1379 2393 1501 2433; x_wconf 90' lang='lat' dir='ltr'><strong>esse</strong></span> <span class='ocrx_word' id='word_1_170' title='bbox 1531 2387 1838 2447; x_wconf 90' lang='lat' dir='ltr'><strong>peccatum,</strong></span> <span class='ocrx_word' id='word_1_171' title='bbox 1877 2378 1980 2433; x_wconf 90' lang='lat' dir='ltr'><strong>nisi</strong></span> 
     </span>
    </p>
   </div>
   <div class='ocr_carea' id='block_1_23' title="bbox 391 2469 1982 2546">
    <p class='ocr_par' dir='ltr' id='par_1_23' title="bbox 391 2469 1982 2546">
     <span class='ocr_line' id='line_1_23' title="bbox 391 2469 1982 2546; baseline -0.004 -17"><span class='ocrx_word' id='word_1_172' title='bbox 391 2477 515 2546; x_wconf 83' lang='lat' dir='ltr'><strong>quia</strong></span> <span class='ocrx_word' id='word_1_173' title='bbox 542 2472 992 2541; x_wconf 72' lang='lat' dir='ltr'><strong>concupiscentize</strong></span> <span class='ocrx_word' id='word_1_174' title='bbox 1016 2471 1369 2525; x_wconf 87' lang='lat' dir='ltr'><strong>consentitur.</strong></span> <span class='ocrx_word' id='word_1_175' title='bbox 1396 2469 1682 2523; x_wconf 88' lang='lat' dir='ltr'><strong>Nullumne</strong></span> <span class='ocrx_word' id='word_1_176' title='bbox 1710 2485 1840 2540; x_wconf 85' lang='lat' dir='ltr'><strong>ergo</strong></span> <span class='ocrx_word' id='word_1_177' title='bbox 1869 2485 1982 2524; x_wconf 81' lang='lat' dir='ltr'><strong>ma-</strong></span> 
     </span>
    </p>
   </div>
   <div class='ocr_carea' id='block_1_24' title="bbox 394 2559 1982 2631">
    <p class='ocr_par' dir='ltr' id='par_1_24' title="bbox 394 2559 1982 2631">
     <span class='ocr_line' id='line_1_24' title="bbox 394 2559 1982 2631; baseline -0.004 -10"><span class='ocrx_word' id='word_1_178' title='bbox 394 2567 500 2622; x_wconf 91' lang='lat' dir='ltr'><strong>lum</strong></span> <span class='ocrx_word' id='word_1_179' title='bbox 544 2575 624 2621; x_wconf 94' lang='lat' dir='ltr'><strong>est</strong></span> <span class='ocrx_word' id='word_1_180' title='bbox 647 2609 662 2631; x_wconf 94' lang='lat'><strong>,</strong></span> <span class='ocrx_word' id='word_1_181' title='bbox 703 2564 788 2619; x_wconf 87' lang='lat' dir='ltr'><strong>cui</strong></span> <span class='ocrx_word' id='word_1_182' title='bbox 815 2562 1200 2619; x_wconf 73' lang='lat' dir='ltr'><strong>consentieudo</strong></span> <span class='ocrx_word' id='word_1_183' title='bbox 1229 2561 1519 2629; x_wconf 83' lang='lat' dir='ltr'><strong>peccatur?</strong></span> <span class='ocrx_word' id='word_1_184' title='bbox 1550 2561 1616 2614; x_wconf 80' lang='lat' dir='ltr'><strong>At</strong></span> <span class='ocrx_word' id='word_1_185' title='bbox 1655 2559 1757 2614; x_wconf 92' lang='lat' dir='ltr'><strong>hoc</strong></span> <span class='ocrx_word' id='word_1_186' title='bbox 1784 2560 1982 2614; x_wconf 90' lang='lat' dir='ltr'><strong>malum</strong></span> 
     </span>
    </p>
   </div>
   <div class='ocr_carea' id='block_1_25' title="bbox 395 2650 1982 2721">
    <p class='ocr_par' dir='ltr' id='par_1_25' title="bbox 395 2650 1982 2721">
     <span class='ocr_line' id='line_1_25' title="bbox 395 2650 1982 2721; baseline -0.005 -8"><span class='ocrx_word' id='word_1_187' title='bbox 395 2659 532 2714; x_wconf 83' lang='lat' dir='ltr'><strong>inest</strong></span> <span class='ocrx_word' id='word_1_188' title='bbox 557 2661 608 2711; x_wconf 87' lang='lat' dir='ltr'><strong>in</strong></span> <span class='ocrx_word' id='word_1_189' title='bbox 635 2672 793 2711; x_wconf 90' lang='lat' dir='ltr'><strong>carne</strong></span> <span class='ocrx_word' id='word_1_190' title='bbox 824 2665 1011 2709; x_wconf 85' lang='lat' dir='ltr'><strong>contra</strong></span> <span class='ocrx_word' id='word_1_191' title='bbox 1037 2653 1280 2721; x_wconf 79' lang='lat' dir='ltr'><strong>Spiritum</strong></span> <span class='ocrx_word' id='word_1_192' title='bbox 1305 2650 1742 2721; x_wconf 89' lang='lat' dir='ltr'><strong>concupiscente,</strong></span> <span class='ocrx_word' id='word_1_193' title='bbox 1771 2650 1982 2706; x_wconf 89' lang='lat' dir='ltr'><strong>etiamsi</strong></span> 
     </span>
    </p>
   </div>
   <div class='ocr_carea' id='block_1_26' title="bbox 397 2742 1982 2816">
    <p class='ocr_par' dir='ltr' id='par_1_26' title="bbox 397 2742 1982 2816">
     <span class='ocr_line' id='line_1_26' title="bbox 397 2742 1982 2816; baseline -0.006 -11"><span class='ocrx_word' id='word_1_194' title='bbox 397 2765 504 2805; x_wconf 92' lang='lat' dir='ltr'><strong>non</strong></span> <span class='ocrx_word' id='word_1_195' title='bbox 533 2749 602 2802; x_wconf 82' lang='lat' dir='ltr'><strong>sit</strong></span> <span class='ocrx_word' id='word_1_196' title='bbox 636 2748 687 2802; x_wconf 87' lang='lat' dir='ltr'><strong>in</strong></span> <span class='ocrx_word' id='word_1_197' title='bbox 728 2746 916 2816; x_wconf 79' lang='lat' dir='ltr'><strong>Spiritu</strong></span> <span class='ocrx_word' id='word_1_198' title='bbox 942 2761 1054 2815; x_wconf 86' lang='lat' dir='ltr'><strong>non</strong></span> <span class='ocrx_word' id='word_1_199' title='bbox 1085 2744 1491 2809; x_wconf 82' lang='lat' dir='ltr'><strong>consentiente,</strong></span> <span class='ocrx_word' id='word_1_200' title='bbox 1524 2750 1577 2805; x_wconf 78' lang='lat' dir='ltr'><strong>et.</strong></span> <span class='ocrx_word' id='word_1_201' title='bbox 1605 2751 1792 2796; x_wconf 89' lang='lat' dir='ltr'><strong>contra</strong></span> <span class='ocrx_word' id='word_1_202' title='bbox 1820 2742 1982 2795; x_wconf 86' lang='lat' dir='ltr'><strong>etiam</strong></span> 
     </span>
    </p>
   </div>
   <div class='ocr_carea' id='block_1_27' title="bbox 394 2830 1986 2909">
    <p class='ocr_par' dir='ltr' id='par_1_27' title="bbox 394 2830 1986 2909">
     <span class='ocr_line' id='line_1_27' title="bbox 394 2830 1986 2909; baseline -0.006 -12"><span class='ocrx_word' id='word_1_203' title='bbox 394 2840 831 2909; x_wconf 77' lang='lat' dir='ltr'><strong>concupiscente.</strong></span> <span class='ocrx_word' id='word_1_204' title='bbox 875 2837 1125 2891; x_wconf 76' lang='lat' dir='ltr'><strong>Exclamo</strong></span> <span class='ocrx_word' id='word_1_205' title='bbox 1162 2849 1312 2905; x_wconf 85' lang='lat' dir='ltr'><strong>ergo,</strong></span> <span class='ocrx_word' id='word_1_206' title='bbox 1339 2832 1522 2888; x_wconf 78' lang='lat' dir='ltr'><strong>Libera</strong></span> <span class='ocrx_word' id='word_1_207' title='bbox 1552 2848 1642 2886; x_wconf 78' lang='lat' dir='ltr'><strong>nos</strong></span> <span class='ocrx_word' id='word_1_208' title='bbox 1667 2849 1699 2886; x_wconf 89' lang='lat' dir='ltr'><strong>a</strong></span> <span class='ocrx_word' id='word_1_209' title='bbox 1726 2830 1861 2886; x_wconf 84' lang='lat' dir='ltr'><strong>malo</strong></span> <span class='ocrx_word' id='word_1_210' title='bbox 1886 2849 1905 2886; x_wconf 91' lang='lat'><strong><em>:</em></strong></span> <span class='ocrx_word' id='word_1_211' title='bbox 1928 2840 1986 2887; x_wconf 85' lang='lat' dir='ltr'><strong>et</strong></span> 
     </span>
    </p>
   </div>
   <div class='ocr_carea' id='block_1_28' title="bbox 398 2926 1667 2988">
    <p class='ocr_par' dir='ltr' id='par_1_28' title="bbox 398 2926 1667 2988">
     <span class='ocr_line' id='line_1_28' title="bbox 398 2926 1667 2988; baseline -0.007 -1"><span class='ocrx_word' id='word_1_212' title='bbox 398 2934 506 2988; x_wconf 92' lang='lat' dir='ltr'><strong>noli</strong></span> <span class='ocrx_word' id='word_1_213' title='bbox 538 2932 732 2985; x_wconf 90' lang='lat' dir='ltr'><strong>malmn</strong></span> <span class='ocrx_word' id='word_1_214' title='bbox 766 2930 912 2983; x_wconf 81' lang='lat' dir='ltr'><strong>falsa:</strong></span> <span class='ocrx_word' id='word_1_215' title='bbox 939 2928 1108 2982; x_wconf 89' lang='lat' dir='ltr'><strong>laudis</strong></span> <span class='ocrx_word' id='word_1_216' title='bbox 1137 2927 1259 2981; x_wconf 90' lang='lat' dir='ltr'><strong>huic</strong></span> <span class='ocrx_word' id='word_1_217' title='bbox 1284 2926 1484 2981; x_wconf 89' lang='lat' dir='ltr'><strong>addere</strong></span> <span class='ocrx_word' id='word_1_218' title='bbox 1508 2926 1667 2980; x_wconf 88' lang='lat' dir='ltr'><strong>malo.</strong></span> 
     </span>
    </p>
   </div>
   <div class='ocr_carea' id='block_1_29' title="bbox 470 3016 1987 3080">
    <p class='ocr_par' dir='ltr' id='par_1_29' title="bbox 470 3016 1987 3080">
     <span class='ocr_line' id='line_1_29' title="bbox 470 3016 1987 3080; baseline -0.006 1"><span class='ocrx_word' id='word_1_219' title='bbox 470 3023 694 3080; x_wconf 81' lang='lat' dir='ltr'><strong>CAPUT</strong></span> <span class='ocrx_word' id='word_1_220' title='bbox 731 3020 847 3077; x_wconf 77' lang='lat' dir='ltr'><strong>XV.</strong></span> <span class='ocrx_word' id='word_1_221' title='bbox 871 3051 944 3061; x_wconf 92' lang='lat'>—</span> <span class='ocrx_word' id='word_1_222' title='bbox 976 3021 1067 3076; x_wconf 74' lang='lat'><strong>29.</strong></span> <span class='ocrx_word' id='word_1_223' title='bbox 1096 3020 1304 3075; x_wconf 88' lang='lat' dir='ltr'><strong>Diserte</strong></span> <span class='ocrx_word' id='word_1_224' title='bbox 1326 3033 1456 3072; x_wconf 87' lang='lat' dir='ltr'><strong>sane</strong></span> <span class='ocrx_word' id='word_1_225' title='bbox 1482 3019 1624 3073; x_wconf 89' lang='lat' dir='ltr'><strong>inter</strong></span> <span class='ocrx_word' id='word_1_226' title='bbox 1648 3016 1987 3072; x_wconf 85' lang='lat' dir='ltr'><strong>lascivientes</strong></span> 
     </span>
    </p>
   </div>
   <div class='ocr_carea' id='block_1_30' title="bbox 398 3109 2021 3187">
    <p class='ocr_par' dir='ltr' id='par_1_30' title="bbox 398 3109 2021 3187">
     <span class='ocr_line' id='line_1_30' title="bbox 398 3109 2021 3187; baseline -0.007 -12"><span class='ocrx_word' id='word_1_227' title='bbox 398 3130 451 3175; x_wconf 92' lang='lat' dir='ltr'><strong>et</strong></span> <span class='ocrx_word' id='word_1_228' title='bbox 467 3120 797 3175; x_wconf 88' lang='lat' dir='ltr'><strong>continentes</strong></span> <span class='ocrx_word' id='word_1_229' title='bbox 820 3126 1070 3187; x_wconf 86' lang='lat' dir='ltr'><strong>tanquam</strong></span> <span class='ocrx_word' id='word_1_230' title='bbox 1092 3115 1143 3168; x_wconf 92' lang='lat' dir='ltr'><strong>in</strong></span> <span class='ocrx_word' id='word_1_231' title='bbox 1169 3113 1349 3169; x_wconf 89' lang='lat' dir='ltr'><strong>medio</strong></span> <span class='ocrx_word' id='word_1_232' title='bbox 1372 3111 1678 3182; x_wconf 87' lang='lat' dir='ltr'><strong>pudicitiam</strong></span> <span class='ocrx_word' id='word_1_233' title='bbox 1697 3109 1984 3165; x_wconf 90' lang='lat' dir='ltr'><strong>constituis</strong></span> <span class='ocrx_word' id='word_1_234' title='bbox 2008 3124 2021 3132; x_wconf 82' lang='lat'>&#39;</span> 
     </span>
    </p>
   </div>
   <div class='ocr_carea' id='block_1_31' title="bbox 398 3199 1989 3282">
    <p class='ocr_par' dir='ltr' id='par_1_31' title="bbox 398 3199 1989 3282">
     <span class='ocr_line' id='line_1_31' title="bbox 398 3199 1989 3282; baseline -0.006 -15"><span class='ocrx_word' id='word_1_235' title='bbox 398 3212 762 3282; x_wconf 85' lang='lat' dir='ltr'><strong>conjugalem,</strong></span> <span class='ocrx_word' id='word_1_236' title='bbox 791 3228 810 3262; x_wconf 86' lang='grc'><strong>‹</strong></span> <span class='ocrx_word' id='word_1_237' title='bbox 839 3224 958 3280; x_wconf 78' lang='lat' dir='ltr'><strong>qua:</strong></span> <span class='ocrx_word' id='word_1_238' title='bbox 996 3208 1114 3262; x_wconf 91' lang='lat' dir='ltr'><strong>illos</strong></span> <span class='ocrx_word' id='word_1_239' title='bbox 1144 3206 1323 3260; x_wconf 90' lang='lat' dir='ltr'><strong>illicita</strong></span> <span class='ocrx_word' id='word_1_240' title='bbox 1366 3203 1700 3259; x_wconf 86' lang='lat' dir='ltr'><strong>commisisse</strong></span> <span class='ocrx_word' id='word_1_241' title='bbox 1738 3199 1989 3271; x_wconf 86' lang='lat' dir='ltr'><strong>indigna-</strong></span> 
     </span>
    </p>
   </div>
   <div class='ocr_carea' id='block_1_32' title="bbox 403 3293 1987 3372">
    <p class='ocr_par' dir='ltr' id='par_1_32' title="bbox 403 3293 1987 3372">
     <span class='ocr_line' id='line_1_32' title="bbox 403 3293 1987 3372; baseline -0.008 -12"><span class='ocrx_word' id='word_1_242' title='bbox 403 3314 509 3372; x_wconf 90' lang='lat' dir='ltr'><strong>tur,</strong></span> <span class='ocrx_word' id='word_1_243' title='bbox 543 3305 640 3358; x_wconf 88' lang='lat' dir='ltr'><strong>hos</strong></span> <span class='ocrx_word' id='word_1_244' title='bbox 676 3305 836 3359; x_wconf 90' lang='lat' dir='ltr'><strong>etiam</strong></span> <span class='ocrx_word' id='word_1_245' title='bbox 880 3302 1021 3356; x_wconf 87' lang='lat' dir='ltr'><strong>licita</strong></span> <span class='ocrx_word' id='word_1_246' title='bbox 1068 3297 1457 3368; x_wconf 88' lang='lat' dir='ltr'><strong>contempsisse</strong></span> <span class='ocrx_word' id='word_1_247' title='bbox 1491 3293 1788 3359; x_wconf 70' lang='lat' dir='ltr'><strong>miratur’;</strong></span> <span class='ocrx_word' id='word_1_248' title='bbox 1819 3294 1987 3348; x_wconf 88' lang='lat' dir='ltr'><strong>ultimi</strong></span> 
     </span>
    </p>
   </div>
   <div class='ocr_carea' id='block_1_33' title="bbox 402 3386 1990 3463">
    <p class='ocr_par' dir='ltr' id='par_1_33' title="bbox 402 3386 1990 3463">
     <span class='ocr_line' id='line_1_33' title="bbox 402 3386 1990 3463; baseline -0.008 -12"><span class='ocrx_word' id='word_1_249' title='bbox 402 3396 584 3451; x_wconf 86' lang='lat' dir='ltr'><strong>limitis</strong></span> <span class='ocrx_word' id='word_1_250' title='bbox 610 3395 797 3449; x_wconf 87' lang='lat' dir='ltr'><strong>sortita</strong></span> <span class='ocrx_word' id='word_1_251' title='bbox 831 3393 1104 3463; x_wconf 82' lang='lat' dir='ltr'><strong>regionem</strong></span> <span class='ocrx_word' id='word_1_252' title='bbox 1125 3432 1141 3457; x_wconf 96' lang='lat'><strong>,</strong></span> <span class='ocrx_word' id='word_1_253' title='bbox 1172 3390 1309 3444; x_wconf 90' lang='lat' dir='ltr'><strong>ultra</strong></span> <span class='ocrx_word' id='word_1_254' title='bbox 1340 3403 1398 3442; x_wconf 90' lang='lat' dir='ltr'><strong>se</strong></span> <span class='ocrx_word' id='word_1_255' title='bbox 1438 3386 1806 3457; x_wconf 88' lang='lat' dir='ltr'><strong>proruentium</strong></span> <span class='ocrx_word' id='word_1_256' title='bbox 1835 3398 1990 3440; x_wconf 83' lang='lat' dir='ltr'><strong>exse-</strong></span> 
     </span>
    </p>
   </div>
   <div class='ocr_carea' id='block_1_34' title="bbox 403 3477 1987 3554">
    <p class='ocr_par' dir='ltr' id='par_1_34' title="bbox 403 3477 1987 3554">
     <span class='ocr_line' id='line_1_34' title="bbox 403 3477 1987 3554; baseline -0.008 -13"><span class='ocrx_word' id='word_1_257' title='bbox 403 3497 550 3542; x_wconf 88' lang='lat' dir='ltr'><strong>crata</strong></span> <span class='ocrx_word' id='word_1_258' title='bbox 579 3486 900 3547; x_wconf 88' lang='lat' dir='ltr'><strong>barbariem,</strong></span> <span class='ocrx_word' id='word_1_259' title='bbox 931 3498 1089 3554; x_wconf 91' lang='lat' dir='ltr'><strong>supra</strong></span> <span class='ocrx_word' id='word_1_260' title='bbox 1119 3496 1174 3536; x_wconf 88' lang='lat' dir='ltr'><strong>se</strong></span> <span class='ocrx_word' id='word_1_261' title='bbox 1202 3481 1512 3535; x_wconf 89' lang='lat' dir='ltr'><strong>micantium</strong></span> <span class='ocrx_word' id='word_1_262' title='bbox 1541 3487 1790 3533; x_wconf 85' lang='lat' dir='ltr'><strong>venerata</strong></span> <span class='ocrx_word' id='word_1_263' title='bbox 1819 3477 1987 3547; x_wconf 56' lang='lat' dir='ltr'><strong>fulgo.</strong></span> 
     </span>
    </p>
   </div>
   <div class='ocr_carea' id='block_1_35' title="bbox 407 3571 1986 3646">
    <p class='ocr_par' dir='ltr' id='par_1_35' title="bbox 407 3571 1986 3646">
     <span class='ocr_line' id='line_1_35' title="bbox 407 3571 1986 3646; baseline -0.006 -14"><span class='ocrx_word' id='word_1_264' title='bbox 407 3595 541 3640; x_wconf 86' lang='lat' dir='ltr'><strong>rem,</strong></span> <span class='ocrx_word' id='word_1_265' title='bbox 568 3593 686 3646; x_wconf 74' lang='lat' dir='ltr'><strong>qua:</strong></span> <span class='ocrx_word' id='word_1_266' title='bbox 713 3574 1031 3631; x_wconf 86' lang='lat' dir='ltr'><strong>verecundis</strong></span> <span class='ocrx_word' id='word_1_267' title='bbox 1061 3572 1307 3627; x_wconf 89' lang='lat' dir='ltr'><strong>manibus</strong></span> <span class='ocrx_word' id='word_1_268' title='bbox 1330 3579 1385 3625; x_wconf 90' lang='lat' dir='ltr'><strong>et</strong></span> <span class='ocrx_word' id='word_1_269' title='bbox 1412 3571 1659 3625; x_wconf 89' lang='lat' dir='ltr'><strong>confovet</strong></span> <span class='ocrx_word' id='word_1_270' title='bbox 1681 3578 1986 3632; x_wconf 62' lang='lat' dir='ltr'><strong>restitantes,</strong></span> 
     </span>
    </p>
   </div>
   <div class='ocr_carea' id='block_1_36' title="bbox 404 3659 1992 3734">
    <p class='ocr_par' dir='ltr' id='par_1_36' title="bbox 404 3659 1992 3734">
     <span class='ocr_line' id='line_1_36' title="bbox 404 3659 1992 3734; baseline -0.006 -11"><span class='ocrx_word' id='word_1_271' title='bbox 404 3678 460 3724; x_wconf 93' lang='lat' dir='ltr'><strong>et</strong></span> <span class='ocrx_word' id='word_1_272' title='bbox 484 3668 663 3723; x_wconf 83' lang='lat' dir='ltr'><strong>laudat</strong></span> <span class='ocrx_word' id='word_1_273' title='bbox 686 3667 772 3721; x_wconf 88' lang='lat' dir='ltr'><strong>tali</strong></span> <span class='ocrx_word' id='word_1_274' title='bbox 800 3664 1037 3720; x_wconf 90' lang='lat' dir='ltr'><strong>remedio</strong></span> <span class='ocrx_word' id='word_1_275' title='bbox 1057 3680 1162 3718; x_wconf 90' lang='lat' dir='ltr'><strong>non</strong></span> <span class='ocrx_word' id='word_1_276' title='bbox 1190 3673 1429 3734; x_wconf 79' lang='lat' dir='ltr'><strong>egentes.</strong></span> <span class='ocrx_word' id='word_1_277' title='bbox 1463 3680 1481 3714; x_wconf 78' lang='grc' dir='ltr'><strong><em>ι</em></strong></span> <span class='ocrx_word' id='word_1_278' title='bbox 1507 3661 1727 3716; x_wconf 82' lang='lat' dir='ltr'><strong>Multum</strong></span> <span class='ocrx_word' id='word_1_279' title='bbox 1751 3659 1992 3715; x_wconf 90' lang='lat' dir='ltr'><strong>delector</strong></span> 
     </span>
    </p>
   </div>
   <div class='ocr_carea' id='block_1_37' title="bbox 402 3754 1994 3830">
    <p class='ocr_par' dir='ltr' id='par_1_37' title="bbox 402 3754 1994 3830">
     <span class='ocr_line' id='line_1_37' title="bbox 402 3754 1994 3830; baseline -0.004 -15"><span class='ocrx_word' id='word_1_280' title='bbox 402 3759 840 3830; x_wconf 81' lang='lat' dir='ltr'><strong>eloquentissimo</strong></span> <span class='ocrx_word' id='word_1_281' title='bbox 871 3758 1096 3812; x_wconf 86' lang='lat' dir='ltr'><strong>veritate</strong></span> <span class='ocrx_word' id='word_1_282' title='bbox 1125 3774 1139 3812; x_wconf 88' lang='lat'><strong>:</strong></span> <span class='ocrx_word' id='word_1_283' title='bbox 1166 3754 1260 3810; x_wconf 86' lang='lat' dir='ltr'><strong>sed</strong></span> <span class='ocrx_word' id='word_1_284' title='bbox 1286 3756 1513 3810; x_wconf 90' lang='lat' dir='ltr'><strong>obsecro</strong></span> <span class='ocrx_word' id='word_1_285' title='bbox 1536 3765 1608 3820; x_wconf 88' lang='lat' dir='ltr'><strong>te,</strong></span> <span class='ocrx_word' id='word_1_286' title='bbox 1638 3768 1832 3822; x_wconf 90' lang='lat' dir='ltr'><strong>nempe</strong></span> <span class='ocrx_word' id='word_1_287' title='bbox 1855 3755 1994 3808; x_wconf 81' lang='lat' dir='ltr'><strong>sicut</strong></span> 
     </span>
    </p>
   </div>
   <div class='ocr_carea' id='block_1_38' title="bbox 403 3844 1991 3914">
    <p class='ocr_par' dir='ltr' id='par_1_38' title="bbox 403 3844 1991 3914">
     <span class='ocr_line' id='line_1_38' title="bbox 403 3844 1991 3914; baseline -0.003 -11"><span class='ocrx_word' id='word_1_288' title='bbox 403 3851 538 3904; x_wconf 81' lang='lat' dir='ltr'><strong>dicis</strong></span> <span class='ocrx_word' id='word_1_289' title='bbox 559 3891 573 3912; x_wconf 94' lang='lat'><strong>,</strong></span> <span class='ocrx_word' id='word_1_290' title='bbox 601 3859 653 3903; x_wconf 90' lang='lat' dir='ltr'><strong>et</strong></span> <span class='ocrx_word' id='word_1_291' title='bbox 712 3848 1064 3903; x_wconf 77' lang='lat' dir='ltr'><strong>disertissime</strong></span> <span class='ocrx_word' id='word_1_292' title='bbox 1084 3861 1164 3900; x_wconf 87' lang='lat' dir='ltr'><strong>.ac</strong></span> <span class='ocrx_word' id='word_1_293' title='bbox 1195 3844 1473 3900; x_wconf 84' lang='lat' dir='ltr'><strong>verissime</strong></span> <span class='ocrx_word' id='word_1_294' title='bbox 1510 3844 1644 3899; x_wconf 89' lang='lat' dir='ltr'><strong>dicis</strong></span> <span class='ocrx_word' id='word_1_295' title='bbox 1664 3886 1677 3906; x_wconf 91' lang='lat'><strong>,</strong></span> <span class='ocrx_word' id='word_1_296' title='bbox 1708 3853 1991 3914; x_wconf 83' lang='lat' dir='ltr'><strong>prepterea</strong></span> 
     </span>
    </p>
   </div>
   <div class='ocr_carea' id='block_1_39' title="bbox 403 3935 1994 4010">
    <p class='ocr_par' dir='ltr' id='par_1_39' title="bbox 403 3935 1994 4010">
     <span class='ocr_line' id='line_1_39' title="bbox 403 3935 1994 4010; baseline -0.004 -13"><span class='ocrx_word' id='word_1_297' title='bbox 403 3944 741 3997; x_wconf 74' lang='lat' dir='ltr'><strong>coolinmntes</strong></span> <span class='ocrx_word' id='word_1_298' title='bbox 767 3940 945 3994; x_wconf 88' lang='lat' dir='ltr'><strong>laudat</strong></span> <span class='ocrx_word' id='word_1_299' title='bbox 968 3937 1220 4010; x_wconf 88' lang='lat' dir='ltr'><strong>pudicitia</strong></span> <span class='ocrx_word' id='word_1_300' title='bbox 1244 3936 1567 4007; x_wconf 77' lang='lat' dir='ltr'><strong>coniugalis,</strong></span> <span class='ocrx_word' id='word_1_301' title='bbox 1610 3935 1752 4005; x_wconf 88' lang='lat' dir='ltr'><strong>quod</strong></span> <span class='ocrx_word' id='word_1_302' title='bbox 1785 3935 1874 3990; x_wconf 89' lang='lat' dir='ltr'><strong>tali</strong></span> <span class='ocrx_word' id='word_1_303' title='bbox 1910 3951 1994 3990; x_wconf 90' lang='lat' dir='ltr'><strong>rc-</strong></span> 
     </span>
    </p>
   </div>
   <div class='ocr_carea' id='block_1_40' title="bbox 407 4027 1993 4102">
    <p class='ocr_par' dir='ltr' id='par_1_40' title="bbox 407 4027 1993 4102">
     <span class='ocr_line' id='line_1_40' title="bbox 407 4027 1993 4102; baseline -0.007 -11"><span class='ocrx_word' id='word_1_304' title='bbox 407 4034 584 4091; x_wconf 85' lang='lat' dir='ltr'><strong>medio</strong></span> <span class='ocrx_word' id='word_1_305' title='bbox 608 4049 711 4087; x_wconf 90' lang='lat' dir='ltr'><strong>non</strong></span> <span class='ocrx_word' id='word_1_306' title='bbox 738 4040 950 4102; x_wconf 73' lang='lat' dir='ltr'><strong>egeant,</strong></span> <span class='ocrx_word' id='word_1_307' title='bbox 981 4047 1087 4100; x_wconf 88' lang='lat' dir='ltr'><strong>quo</strong></span> <span class='ocrx_word' id='word_1_308' title='bbox 1109 4044 1168 4084; x_wconf 88' lang='lat' dir='ltr'><strong>se</strong></span> <span class='ocrx_word' id='word_1_309' title='bbox 1196 4029 1364 4098; x_wconf 89' lang='lat' dir='ltr'><strong>ipsam</strong></span> <span class='ocrx_word' id='word_1_310' title='bbox 1396 4028 1652 4098; x_wconf 76' lang='lat' dir='ltr'><strong>perspicit</strong></span> <span class='ocrx_word' id='word_1_311' title='bbox 1678 4028 1913 4097; x_wconf 82' lang='lat' dir='ltr'><strong>eguisse,</strong></span> <span class='ocrx_word' id='word_1_312' title='bbox 1942 4027 1993 4080; x_wconf 86' lang='lat' dir='ltr'><strong>id</strong></span> 
     </span>
    </p>
   </div>
   <div class='ocr_carea' id='block_1_41' title="bbox 407 4119 1990 4192">
    <p class='ocr_par' dir='ltr' id='par_1_41' title="bbox 407 4119 1990 4192">
     <span class='ocr_line' id='line_1_41' title="bbox 407 4119 1990 4192; baseline -0.006 -12"><span class='ocrx_word' id='word_1_313' title='bbox 407 4134 525 4189; x_wconf 70' lang='lat' dir='ltr'><strong>e~t,</strong></span> <span class='ocrx_word' id='word_1_314' title='bbox 561 4135 619 4179; x_wconf 90' lang='lat' dir='ltr'><strong>ut</strong></span> <span class='ocrx_word' id='word_1_315' title='bbox 661 4122 951 4177; x_wconf 76' lang='lat' dir='ltr'><strong>secundum</strong></span> <span class='ocrx_word' id='word_1_316' title='bbox 998 4121 1308 4192; x_wconf 84' lang='lat' dir='ltr'><strong>Apostolum</strong></span> <span class='ocrx_word' id='word_1_317' title='bbox 1331 4160 1346 4182; x_wconf 92' lang='lat'><strong>,</strong></span> <span class='ocrx_word' id='word_1_318' title='bbox 1389 4119 1566 4189; x_wconf 90' lang='lat' dir='ltr'><strong>quise</strong></span> <span class='ocrx_word' id='word_1_319' title='bbox 1594 4132 1700 4172; x_wconf 91' lang='lat' dir='ltr'><strong>non</strong></span> <span class='ocrx_word' id='word_1_320' title='bbox 1732 4119 1990 4182; x_wconf 88' lang='lat' dir='ltr'><strong>continet,</strong></span> 
     </span>
    </p>
   </div>
   <div class='ocr_carea' id='block_1_42' title="bbox 408 4208 1998 4284">
    <p class='ocr_par' dir='ltr' id='par_1_42' title="bbox 408 4208 1998 4284">
     <span class='ocr_line' id='line_1_42' title="bbox 408 4208 1998 4284; baseline -0.006 -14"><span class='ocrx_word' id='word_1_321' title='bbox 408 4216 574 4270; x_wconf 86' lang='lat' dir='ltr'><strong>nubat</strong></span> <span class='ocrx_word' id='word_1_322' title='bbox 601 4214 648 4284; x_wconf 95' lang='lat' dir='ltr'><strong>(l</strong></span> <span class='ocrx_word' id='word_1_323' title='bbox 673 4212 789 4268; x_wconf 85' lang='lat' dir='ltr'><strong>Cor.</strong></span> <span class='ocrx_word' id='word_1_324' title='bbox 815 4229 905 4277; x_wconf 84' lang='lat' dir='ltr'><strong>vn,</strong></span> <span class='ocrx_word' id='word_1_325' title='bbox 932 4211 989 4281; x_wconf 86' lang='lat'><strong>9)</strong></span> <span class='ocrx_word' id='word_1_326' title='bbox 1021 4229 1036 4265; x_wconf 88' lang='lat'><strong>:</strong></span> <span class='ocrx_word' id='word_1_327' title='bbox 1058 4227 1160 4267; x_wconf 91' lang='lat' dir='ltr'><strong>cur</strong></span> <span class='ocrx_word' id='word_1_328' title='bbox 1181 4225 1310 4280; x_wconf 69' lang='lat' dir='ltr'><strong>ergo</strong></span> <span class='ocrx_word' id='word_1_329' title='bbox 1331 4208 1545 4280; x_wconf 88' lang='lat' dir='ltr'><strong>quando</strong></span> <span class='ocrx_word' id='word_1_330' title='bbox 1565 4222 1667 4278; x_wconf 88' lang='lat' dir='ltr'><strong>ego</strong></span> <span class='ocrx_word' id='word_1_331' title='bbox 1692 4208 1849 4263; x_wconf 88' lang='lat' dir='ltr'><strong>istam</strong></span> <span class='ocrx_word' id='word_1_332' title='bbox 1868 4223 1998 4263; x_wconf 87' lang='lat' dir='ltr'><strong>con-</strong></span> 
     </span>
    </p>
   </div>
   <div class='ocr_carea' id='block_1_43' title="bbox 408 4303 1997 4376">
    <p class='ocr_par' dir='ltr' id='par_1_43' title="bbox 408 4303 1997 4376">
     <span class='ocr_line' id='line_1_43' title="bbox 408 4303 1997 4376; baseline -0.004 -13"><span class='ocrx_word' id='word_1_333' title='bbox 408 4308 793 4376; x_wconf 72' lang='lat' dir='ltr'><strong>cupiscentiam</strong></span> <span class='ocrx_word' id='word_1_334' title='bbox 827 4305 1069 4359; x_wconf 89' lang='lat' dir='ltr'><strong>morbum</strong></span> <span class='ocrx_word' id='word_1_335' title='bbox 1090 4318 1211 4358; x_wconf 85' lang='lat' dir='ltr'><strong>esse</strong></span> <span class='ocrx_word' id='word_1_336' title='bbox 1230 4304 1381 4367; x_wconf 89' lang='lat' dir='ltr'><strong>dico,</strong></span> <span class='ocrx_word' id='word_1_337' title='bbox 1413 4312 1465 4356; x_wconf 92' lang='lat' dir='ltr'><strong>tu</strong></span> <span class='ocrx_word' id='word_1_338' title='bbox 1492 4316 1673 4371; x_wconf 80' lang='lat' dir='ltr'><strong>negas,</strong></span> <span class='ocrx_word' id='word_1_339' title='bbox 1701 4303 1789 4370; x_wconf 86' lang='lat' dir='ltr'><strong>qui</strong></span> <span class='ocrx_word' id='word_1_340' title='bbox 1820 4311 1997 4356; x_wconf 86' lang='lat' dir='ltr'><strong>tamen</strong></span> 
     </span>
    </p>
   </div>
   <div class='ocr_carea' id='block_1_44' title="bbox 410 4392 1996 4460">
    <p class='ocr_par' dir='ltr' id='par_1_44' title="bbox 410 4392 1996 4460">
     <span class='ocr_line' id='line_1_44' title="bbox 410 4392 1996 4460; baseline -0.003 -8"><span class='ocrx_word' id='word_1_341' title='bbox 410 4399 459 4452; x_wconf 85' lang='lat' dir='ltr'><strong>ei</strong></span> <span class='ocrx_word' id='word_1_342' title='bbox 492 4397 851 4451; x_wconf 87' lang='lat' dir='ltr'><strong>necessarium</strong></span> <span class='ocrx_word' id='word_1_343' title='bbox 885 4394 1179 4449; x_wconf 88' lang='lat' dir='ltr'><strong>remedium</strong></span> <span class='ocrx_word' id='word_1_344' title='bbox 1208 4392 1520 4447; x_wconf 77' lang='lat' dir='ltr'><strong>conﬁteris?</strong></span> <span class='ocrx_word' id='word_1_345' title='bbox 1544 4392 1600 4447; x_wconf 89' lang='lat' dir='ltr'><strong>Si</strong></span> <span class='ocrx_word' id='word_1_346' title='bbox 1633 4392 1880 4460; x_wconf 77' lang='lat' dir='ltr'><strong>agnoscis</strong></span> <span class='ocrx_word' id='word_1_347' title='bbox 1906 4407 1996 4447; x_wconf 88' lang='lat' dir='ltr'><strong>re-</strong></span> 
     </span>
    </p>
   </div>
   <div class='ocr_carea' id='block_1_45' title="bbox 411 4482 1998 4558">
    <p class='ocr_par' dir='ltr' id='par_1_45' title="bbox 411 4482 1998 4558">
     <span class='ocr_line' id='line_1_45' title="bbox 411 4482 1998 4558; baseline -0.006 -13"><span class='ocrx_word' id='word_1_348' title='bbox 411 4490 646 4545; x_wconf 89' lang='lat' dir='ltr'><strong>medimn</strong></span> <span class='ocrx_word' id='word_1_349' title='bbox 666 4530 680 4553; x_wconf 94' lang='lat'><strong>,</strong></span> <span class='ocrx_word' id='word_1_350' title='bbox 712 4501 941 4558; x_wconf 82' lang='lat' dir='ltr'><strong>agnosce</strong></span> <span class='ocrx_word' id='word_1_351' title='bbox 970 4485 1213 4540; x_wconf 82' lang='lat' dir='ltr'><strong>morbum</strong></span> <span class='ocrx_word' id='word_1_352' title='bbox 1234 4502 1253 4538; x_wconf 83' lang='lat'><strong>:</strong></span> <span class='ocrx_word' id='word_1_353' title='bbox 1276 4484 1321 4539; x_wconf 87' lang='lat' dir='ltr'><strong>si</strong></span> <span class='ocrx_word' id='word_1_354' title='bbox 1349 4498 1512 4553; x_wconf 87' lang='lat' dir='ltr'><strong>negas</strong></span> <span class='ocrx_word' id='word_1_355' title='bbox 1540 4482 1822 4549; x_wconf 85' lang='lat' dir='ltr'><strong>morbum,</strong></span> <span class='ocrx_word' id='word_1_356' title='bbox 1861 4497 1998 4553; x_wconf 84' lang='lat' dir='ltr'><strong>nega</strong></span> 
     </span>
    </p>
   </div>
   <div class='ocr_carea' id='block_1_46' title="bbox 414 4576 1998 4650">
    <p class='ocr_par' dir='ltr' id='par_1_46' title="bbox 414 4576 1998 4650">
     <span class='ocr_line' id='line_1_46' title="bbox 414 4576 1998 4650; baseline -0.006 -13"><span class='ocrx_word' id='word_1_357' title='bbox 414 4583 732 4638; x_wconf 83' lang='lat' dir='ltr'><strong>remedium.</strong></span> <span class='ocrx_word' id='word_1_358' title='bbox 768 4580 918 4650; x_wconf 80' lang='lat' dir='ltr'><strong>Rogo</strong></span> <span class='ocrx_word' id='word_1_359' title='bbox 936 4620 952 4644; x_wconf 95' lang='lat'><strong>,</strong></span> <span class='ocrx_word' id='word_1_360' title='bbox 976 4579 1112 4633; x_wconf 88' lang='lat' dir='ltr'><strong>cede</strong></span> <span class='ocrx_word' id='word_1_361' title='bbox 1134 4576 1424 4648; x_wconf 90' lang='lat' dir='ltr'><strong>aliquando</strong></span> <span class='ocrx_word' id='word_1_362' title='bbox 1445 4576 1606 4629; x_wconf 90' lang='lat' dir='ltr'><strong>etiam</strong></span> <span class='ocrx_word' id='word_1_363' title='bbox 1638 4589 1734 4644; x_wconf 89' lang='lat' dir='ltr'><strong>per</strong></span> <span class='ocrx_word' id='word_1_364' title='bbox 1762 4589 1824 4630; x_wconf 91' lang='lat' dir='ltr'><strong>os</strong></span> <span class='ocrx_word' id='word_1_365' title='bbox 1851 4585 1998 4630; x_wconf 90' lang='lat' dir='ltr'><strong>tuum</strong></span> 
     </span>
    </p>
   </div>
   <div class='ocr_carea' id='block_1_47' title="bbox 414 4665 2000 4743">
    <p class='ocr_par' dir='ltr' id='par_1_47' title="bbox 414 4665 2000 4743">
     <span class='ocr_line' id='line_1_47' title="bbox 414 4665 2000 4743; baseline -0.003 -16"><span class='ocrx_word' id='word_1_366' title='bbox 414 4674 506 4728; x_wconf 88' lang='lat' dir='ltr'><strong>tibi</strong></span> <span class='ocrx_word' id='word_1_367' title='bbox 550 4672 784 4743; x_wconf 84' lang='lat' dir='ltr'><strong>loquenti</strong></span> <span class='ocrx_word' id='word_1_368' title='bbox 814 4671 1024 4728; x_wconf 85' lang='lat' dir='ltr'><strong>veritati</strong></span> <span class='ocrx_word' id='word_1_369' title='bbox 1048 4687 1063 4725; x_wconf 88' lang='lat'><strong>:</strong></span> <span class='ocrx_word' id='word_1_370' title='bbox 1087 4684 1247 4724; x_wconf 86' lang='lat' dir='ltr'><strong>nemo</strong></span> <span class='ocrx_word' id='word_1_371' title='bbox 1295 4667 1537 4738; x_wconf 86' lang='lat' dir='ltr'><strong>providet</strong></span> <span class='ocrx_word' id='word_1_372' title='bbox 1579 4665 1876 4721; x_wconf 85' lang='lat' dir='ltr'><strong>remedium</strong></span> <span class='ocrx_word' id='word_1_373' title='bbox 1909 4680 2000 4723; x_wconf 74' lang='lat' dir='ltr'><strong>sa—</strong></span> 
     </span>
    </p>
   </div>
   <div class='ocr_carea' id='block_1_48' title="bbox 414 4768 1425 4837">
    <p class='ocr_par' dir='ltr' id='par_1_48' title="bbox 414 4768 1425 4837">
     <span class='ocr_line' id='line_1_48' title="bbox 414 4768 1425 4837; baseline -0.003 -17"><span class='ocrx_word' id='word_1_374' title='bbox 414 4768 587 4821; x_wconf 70' lang='grc' dir='ltr'><strong>ιιίιιιιὶ.</strong></span> <span class='ocrx_word' id='word_1_375' title='bbox 1422 4834 1425 4837; x_wconf 17' lang='grc' dir='ltr'><strong><em>γ</em></strong></span> 
     </span>
    </p>
   </div>
   <div class='ocr_carea' id='block_1_49' title="bbox 485 4851 2002 4918">
    <p class='ocr_par' dir='ltr' id='par_1_49' title="bbox 485 4851 2002 4918">
     <span class='ocr_line' id='line_1_49' title="bbox 485 4851 2002 4918; baseline -0.007 -5"><span class='ocrx_word' id='word_1_376' title='bbox 485 4857 711 4914; x_wconf 69' lang='lat' dir='ltr'><strong>CAPUT</strong></span> <span class='ocrx_word' id='word_1_377' title='bbox 737 4856 877 4912; x_wconf 75' lang='lat' dir='ltr'><strong>XVI.</strong></span> <span class='ocrx_word' id='word_1_378' title='bbox 905 4885 975 4898; x_wconf 92' lang='lat'><strong>—-</strong></span> <span class='ocrx_word' id='word_1_379' title='bbox 998 4854 1086 4910; x_wconf 78' lang='lat'><strong>50.</strong></span> <span class='ocrx_word' id='word_1_380' title='bbox 1116 4853 1252 4910; x_wconf 81' lang='lat' dir='ltr'><strong>illud</strong></span> <span class='ocrx_word' id='word_1_381' title='bbox 1281 4854 1439 4909; x_wconf 88' lang='lat' dir='ltr'><strong>etiam</strong></span> <span class='ocrx_word' id='word_1_382' title='bbox 1468 4860 1615 4908; x_wconf 88' lang='lat' dir='ltr'><strong>recte</strong></span> <span class='ocrx_word' id='word_1_383' title='bbox 1637 4851 1793 4918; x_wconf 90' lang='lat' dir='ltr'><strong>dicis,</strong></span> <span class='ocrx_word' id='word_1_384' title='bbox 1822 4868 1841 4902; x_wconf 71' lang='grc' dir='ltr'><strong>ε</strong></span> <span class='ocrx_word' id='word_1_385' title='bbox 1873 4864 2002 4905; x_wconf 79' lang='lat' dir='ltr'><strong>exa-</strong></span> 
     </span>
    </p>
   </div>
   <div class='ocr_carea' id='block_1_50' title="bbox 414 4944 2074 5018">
    <p class='ocr_par' dir='ltr' id='par_1_50' title="bbox 414 4944 2074 5018">
     <span class='ocr_line' id='line_1_50' title="bbox 414 4944 2074 5018; baseline -0.006 -14"><span class='ocrx_word' id='word_1_386' title='bbox 414 4950 616 5004; x_wconf 87' lang='lat' dir='ltr'><strong>minate</strong></span> <span class='ocrx_word' id='word_1_387' title='bbox 638 4949 659 4980; x_wconf 72' lang='grc'><strong>⁸</strong></span> <span class='ocrx_word' id='word_1_388' title='bbox 687 4966 791 5003; x_wconf 88' lang='lat' dir='ltr'><strong>non</strong></span> <span class='ocrx_word' id='word_1_389' title='bbox 822 4963 979 5018; x_wconf 81' lang='lat' dir='ltr'><strong>posse</strong></span> <span class='ocrx_word' id='word_1_390' title='bbox 1009 4947 1219 5016; x_wconf 87' lang='lat' dir='ltr'><strong>placere</strong></span> <span class='ocrx_word' id='word_1_391' title='bbox 1247 4945 1569 5001; x_wconf 89' lang='lat' dir='ltr'><strong>connubium</strong></span> <span class='ocrx_word' id='word_1_392' title='bbox 1587 4985 1601 5007; x_wconf 90' lang='lat'><strong>,</strong></span> <span class='ocrx_word' id='word_1_393' title='bbox 1627 4946 1672 4998; x_wconf 92' lang='lat' dir='ltr'><strong>si</strong></span> <span class='ocrx_word' id='word_1_394' title='bbox 1704 4944 1826 4998; x_wconf 87' lang='lat' dir='ltr'><strong>mali</strong></span> <span class='ocrx_word' id='word_1_395' title='bbox 1852 4958 2004 4997; x_wconf 82' lang='lat' dir='ltr'><strong>com-</strong></span> <span class='ocrx_word' id='word_1_396' title='bbox 2064 4958 2074 4970; x_wconf 78' lang='grc' dir='ltr'><strong>ο</strong></span> 
     </span>
    </p>
   </div>
   <div class='ocr_carea' id='block_1_51' title="bbox 415 5033 2005 5112">
    <p class='ocr_par' dir='ltr' id='par_1_51' title="bbox 415 5033 2005 5112">
     <span class='ocr_line' id='line_1_51' title="bbox 415 5033 2005 5112; baseline -0.006 -18"><span class='ocrx_word' id='word_1_397' title='bbox 415 5040 691 5112; x_wconf 79' lang='lat' dir='ltr'><strong>paratione</strong></span> <span class='ocrx_word' id='word_1_398' title='bbox 719 5040 982 5094; x_wconf 80' lang='lat' dir='ltr'><strong>laudatur.</strong></span> <span class='ocrx_word' id='word_1_399' title='bbox 1016 5057 1043 5092; x_wconf 70' lang='grc' dir='ltr'><strong><em>ι</em></strong></span> <span class='ocrx_word' id='word_1_400' title='bbox 1085 5036 1194 5092; x_wconf 89' lang='lat' dir='ltr'><strong>lloc</strong></span> <span class='ocrx_word' id='word_1_401' title='bbox 1226 5051 1411 5091; x_wconf 88' lang='lat' dir='ltr'><strong>verum</strong></span> <span class='ocrx_word' id='word_1_402' title='bbox 1454 5044 1554 5089; x_wconf 88' lang='lat' dir='ltr'><strong>est.</strong></span> <span class='ocrx_word' id='word_1_403' title='bbox 1593 5034 1825 5089; x_wconf 88' lang='lat' dir='ltr'><strong>Omnino</strong></span> <span class='ocrx_word' id='word_1_404' title='bbox 1863 5033 2005 5087; x_wconf 89' lang='lat' dir='ltr'><strong>enim</strong></span> 
     </span>
    </p>
   </div>
   <div class='ocr_carea' id='block_1_52' title="bbox 417 5123 2005 5201">
    <p class='ocr_par' dir='ltr' id='par_1_52' title="bbox 417 5123 2005 5201">
     <span class='ocr_line' id='line_1_52' title="bbox 417 5123 2005 5201; baseline -0.006 -16"><span class='ocrx_word' id='word_1_405' title='bbox 417 5131 470 5185; x_wconf 92' lang='lat' dir='ltr'><strong>in</strong></span> <span class='ocrx_word' id='word_1_406' title='bbox 503 5145 702 5201; x_wconf 82' lang='lat' dir='ltr'><strong>genere</strong></span> <span class='ocrx_word' id='word_1_407' title='bbox 732 5143 829 5183; x_wconf 87' lang='lat' dir='ltr'><strong>suo</strong></span> <span class='ocrx_word' id='word_1_408' title='bbox 864 5128 1059 5198; x_wconf 68' lang='lat' dir='ltr'><strong>nuptiae</strong></span> <span class='ocrx_word' id='word_1_409' title='bbox 1096 5127 1291 5182; x_wconf 87' lang='lat' dir='ltr'><strong>bonum</strong></span> <span class='ocrx_word' id='word_1_410' title='bbox 1331 5134 1487 5189; x_wconf 85' lang='lat' dir='ltr'><strong>sunt;</strong></span> <span class='ocrx_word' id='word_1_411' title='bbox 1520 5123 1615 5180; x_wconf 84' lang='lat' dir='ltr'><strong>sed</strong></span> <span class='ocrx_word' id='word_1_412' title='bbox 1657 5123 1775 5179; x_wconf 84' lang='lat' dir='ltr'><strong>ideo</strong></span> <span class='ocrx_word' id='word_1_413' title='bbox 1810 5123 2005 5178; x_wconf 90' lang='lat' dir='ltr'><strong>bonum</strong></span> 
     </span>
    </p>
   </div>
   <div class='ocr_carea' id='block_1_53' title="bbox 416 5215 2009 5294">
    <p class='ocr_par' dir='ltr' id='par_1_53' title="bbox 416 5215 2009 5294">
     <span class='ocr_line' id='line_1_53' title="bbox 416 5215 2009 5294; baseline -0.006 -16"><span class='ocrx_word' id='word_1_414' title='bbox 416 5224 541 5294; x_wconf 85' lang='lat' dir='ltr'><strong>quia</strong></span> <span class='ocrx_word' id='word_1_415' title='bbox 565 5222 723 5277; x_wconf 90' lang='lat' dir='ltr'><strong>fidem</strong></span> <span class='ocrx_word' id='word_1_416' title='bbox 745 5221 881 5276; x_wconf 88' lang='lat' dir='ltr'><strong>thori</strong></span> <span class='ocrx_word' id='word_1_417' title='bbox 904 5228 1138 5282; x_wconf 87' lang='lat' dir='ltr'><strong>servant,</strong></span> <span class='ocrx_word' id='word_1_418' title='bbox 1157 5219 1277 5289; x_wconf 90' lang='lat' dir='ltr'><strong>quia</strong></span> <span class='ocrx_word' id='word_1_419' title='bbox 1301 5218 1463 5287; x_wconf 83' lang='lat' dir='ltr'><strong>prolis</strong></span> <span class='ocrx_word' id='word_1_420' title='bbox 1479 5215 1828 5285; x_wconf 66' lang='lat' dir='ltr'><strong>suscipiendae</strong></span> <span class='ocrx_word' id='word_1_421' title='bbox 1849 5229 2009 5270; x_wconf 87' lang='lat' dir='ltr'><strong>causa</strong></span> 
     </span>
    </p>
   </div>
   <div class='ocr_carea' id='block_1_54' title="bbox 416 5309 2009 5385">
    <p class='ocr_par' dir='ltr' id='par_1_54' title="bbox 416 5309 2009 5385">
     <span class='ocr_line' id='line_1_54' title="bbox 416 5309 2009 5385; baseline -0.009 -12"><span class='ocrx_word' id='word_1_422' title='bbox 416 5333 606 5373; x_wconf 78' lang='lat' dir='ltr'><strong>sexum</strong></span> <span class='ocrx_word' id='word_1_423' title='bbox 633 5330 915 5385; x_wconf 86' lang='lat' dir='ltr'><strong>utrumque</strong></span> <span class='ocrx_word' id='word_1_424' title='bbox 942 5313 1320 5376; x_wconf 88' lang='lat' dir='ltr'><strong>commiscent,</strong></span> <span class='ocrx_word' id='word_1_425' title='bbox 1348 5311 1469 5380; x_wconf 86' lang='lat' dir='ltr'><strong>quia</strong></span> <span class='ocrx_word' id='word_1_426' title='bbox 1501 5309 1826 5377; x_wconf 85' lang='lat' dir='ltr'><strong>impietatem</strong></span> <span class='ocrx_word' id='word_1_427' title='bbox 1859 5321 2009 5374; x_wconf 80' lang='lat' dir='ltr'><strong>supa-</strong></span> 
     </span>
    </p>
   </div>
   <div class='ocr_carea' id='block_1_55' title="bbox 425 5399 2013 5471">
    <p class='ocr_par' dir='ltr' id='par_1_55' title="bbox 425 5399 2013 5471">
     <span class='ocr_line' id='line_1_55' title="bbox 425 5399 2013 5471; baseline -0.009 -6"><span class='ocrx_word' id='word_1_428' title='bbox 425 5412 642 5465; x_wconf 74' lang='lat' dir='ltr'><strong>mtionis</strong></span> <span class='ocrx_word' id='word_1_429' title='bbox 669 5409 976 5464; x_wconf 75' lang='lat' dir='ltr'><strong>exhorrent.</strong></span> <span class='ocrx_word' id='word_1_430' title='bbox 1016 5406 1141 5461; x_wconf 66' lang='lat' dir='ltr'><strong>llatc</strong></span> <span class='ocrx_word' id='word_1_431' title='bbox 1175 5414 1298 5460; x_wconf 84' lang='lat' dir='ltr'><strong>sunt</strong></span> <span class='ocrx_word' id='word_1_432' title='bbox 1336 5405 1470 5458; x_wconf 86' lang='lat' dir='ltr'><strong>bona</strong></span> <span class='ocrx_word' id='word_1_433' title='bbox 1505 5401 1788 5471; x_wconf 83' lang='lat' dir='ltr'><strong>nuptialia,</strong></span> <span class='ocrx_word' id='word_1_434' title='bbox 1822 5399 2013 5469; x_wconf 86' lang='lat' dir='ltr'><strong>quibus</strong></span> 
     </span>
    </p>
   </div>
   <div class='ocr_carea' id='block_1_56' title="bbox 492 5580 1139 5649">
    <p class='ocr_par' dir='ltr' id='par_1_56' title="bbox 492 5580 1139 5649">
     <span class='ocr_line' id='line_1_56' title="bbox 492 5580 1139 5649; baseline -0.009 -11"><span class='ocrx_word' id='word_1_435' title='bbox 492 5589 507 5620; x_wconf 83' lang='grc'>¹</span> <span class='ocrx_word' id='word_1_436' title='bbox 543 5587 734 5649; x_wconf 77' lang='lat' dir='ltr'><strong>Aliquot</strong></span> <span class='ocrx_word' id='word_1_437' title='bbox 757 5594 883 5643; x_wconf 81' lang='lat' dir='ltr'><strong>.\tss.,</strong></span> <span class='ocrx_word' id='word_1_438' title='bbox 912 5580 1139 5648; x_wconf 66' lang='lat' dir='ltr'><strong>coniugii.</strong></span> 
     </span>
    </p>
   </div>
   <div class='ocr_carea' id='block_1_57' title="bbox 488 5652 855 5712">
    <p class='ocr_par' dir='ltr' id='par_1_57' title="bbox 488 5652 855 5712">
     <span class='ocr_line' id='line_1_57' title="bbox 488 5652 855 5712; baseline -0.008 -14"><span class='ocrx_word' id='word_1_439' title='bbox 488 5652 508 5682; x_wconf 82' lang='grc'><strong><em>³</em></strong></span> <span class='ocrx_word' id='word_1_440' title='bbox 542 5657 671 5712; x_wconf 59' lang='grc' dir='ltr'><strong>ιρι,</strong></span> <span class='ocrx_word' id='word_1_441' title='bbox 695 5661 855 5712; x_wconf 82' lang='lat' dir='ltr'><strong>quam.</strong></span> 
     </span>
    </p>
   </div>
   <div class='ocr_carea' id='block_1_58' title="bbox 491 5698 2014 5790">
    <p class='ocr_par' dir='ltr' id='par_1_58' title="bbox 491 5698 2014 5790">
     <span class='ocr_line' id='line_1_58' title="bbox 491 5698 2014 5790; baseline -0.009 -31"><span class='ocrx_word' id='word_1_442' title='bbox 491 5712 510 5744; x_wconf 89' lang='grc'><em>³</em></span> <span class='ocrx_word' id='word_1_443' title='bbox 523 5710 633 5790; x_wconf 41' lang='lat' dir='ltr'><strong>[flor</strong></span> <span class='ocrx_word' id='word_1_444' title='bbox 647 5698 853 5790; x_wconf 58' lang='lat' dir='ltr'><strong>i&#39;aéensis</strong></span> <span class='ocrx_word' id='word_1_445' title='bbox 874 5715 977 5766; x_wconf 68' lang='lat' dir='ltr'><strong>Ms,</strong></span> <span class='ocrx_word' id='word_1_446' title='bbox 1221 5703 1441 5755; x_wconf 80' lang='lat' dir='ltr'><strong>miratur.</strong></span> <span class='ocrx_word' id='word_1_447' title='bbox 1463 5708 1517 5751; x_wconf 79' lang='lat' dir='ltr'><strong>Et</strong></span> <span class='ocrx_word' id='word_1_448' title='bbox 1539 5702 1589 5749; x_wconf 86' lang='lat' dir='ltr'><strong>in</strong></span> <span class='ocrx_word' id='word_1_449' title='bbox 1613 5700 1830 5762; x_wconf 79' lang='lat' dir='ltr'><strong>margine</strong></span> <span class='ocrx_word' id='word_1_450' title='bbox 1849 5698 2014 5756; x_wconf 86' lang='lat' dir='ltr'><strong>habet,</strong></span> 
     </span>
    </p>
   </div>
   <div class='ocr_carea' id='block_1_59' title="bbox 423 5772 2015 5902">
    <p class='ocr_par' dir='ltr' id='par_1_59' title="bbox 423 5772 2015 5902">
     <span class='ocr_line' id='line_1_59' title="bbox 423 5772 1849 5834; baseline -0.008 -11"><span class='ocrx_word' id='word_1_451' title='bbox 423 5772 576 5823; x_wconf 77' lang='lat' dir='ltr'><strong>medii</strong></span> <span class='ocrx_word' id='word_1_452' title='bbox 601 5772 779 5824; x_wconf 73' lang='lat' dir='ltr'><strong>limitis.</strong></span> <span class='ocrx_word' id='word_1_453' title='bbox 1484 5826 1493 5834; x_wconf 31' lang='grc' dir='ltr'><em>η</em></span> <span class='ocrx_word' id='word_1_454' title='bbox 1793 5820 1804 5831; x_wconf 38' lang='grc' dir='ltr'><strong>ε</strong></span> <span class='ocrx_word' id='word_1_455' title='bbox 1839 5820 1849 5831; x_wconf 35' lang='grc'><strong><em>⁸</em></strong></span> 
     </span>
     <span class='ocr_line' id='line_1_60' title="bbox 487 5821 2015 5902; baseline -0.008 -19"><span class='ocrx_word' id='word_1_456' title='bbox 487 5837 510 5902; x_wconf 66' lang='lat' dir='ltr'><em>f</em></span> <span class='ocrx_word' id='word_1_457' title='bbox 544 5842 751 5891; x_wconf 77' lang='lat' dir='ltr'><strong>Qtt’ttttor</strong></span> <span class='ocrx_word' id='word_1_458' title='bbox 793 5846 823 5882; x_wconf 90' lang='lat' dir='ltr'><strong>e</strong></span> <span class='ocrx_word' id='word_1_459' title='bbox 863 5831 1095 5881; x_wconf 77' lang='lat' dir='ltr'><strong>vattcauis</strong></span> <span class='ocrx_word' id='word_1_460' title='bbox 1131 5837 1255 5892; x_wconf 69' lang='lat' dir='ltr'><strong>Mss,</strong></span> <span class='ocrx_word' id='word_1_461' title='bbox 1286 5826 1406 5876; x_wconf 79' lang='lat' dir='ltr'><strong>Illud</strong></span> <span class='ocrx_word' id='word_1_462' title='bbox 1432 5833 1572 5877; x_wconf 71' lang='lat' dir='ltr'><strong>ctiam</strong></span> <span class='ocrx_word' id='word_1_463' title='bbox 1603 5829 1731 5874; x_wconf 78' lang='lat' dir='ltr'><strong>recto</strong></span> <span class='ocrx_word' id='word_1_464' title='bbox 1753 5821 1874 5877; x_wconf 65' lang='lat' dir='ltr'><strong>duas</strong></span> <span class='ocrx_word' id='word_1_465' title='bbox 1898 5832 2015 5874; x_wconf 61' lang='lat' dir='ltr'><strong>cara-</strong></span> 
     </span>
    </p>
   </div>
   <div class='ocr_carea' id='block_1_60' title="bbox 430 5908 574 5946">
    <p class='ocr_par' dir='ltr' id='par_1_60' title="bbox 430 5908 574 5946">
     <span class='ocr_line' id='line_1_61' title="bbox 430 5908 574 5946; baseline -0.007 0"><span class='ocrx_word' id='word_1_466' title='bbox 430 5908 574 5946; x_wconf 73' lang='lat' dir='ltr'><strong>mne.</strong></span> 
     </span>
    </p>
   </div>
   <div class='ocr_carea' id='block_1_61' title="bbox 1726 436 2273 494">
    <p class='ocr_par' dir='ltr' id='par_1_61' title="bbox 1726 436 2273 494">
     <span class='ocr_line' id='line_1_62' title="bbox 1726 436 2273 494; baseline -0.002 -1"><span class='ocrx_word' id='word_1_467' title='bbox 1726 437 1923 493; x_wconf 73' lang='lat' dir='ltr'><strong>LIBER</strong></span> <span class='ocrx_word' id='word_1_468' title='bbox 1962 436 2273 494; x_wconf 78' lang='lat' dir='ltr'><strong>TERTIUS.</strong></span> 
     </span>
    </p>
   </div>
   <div class='ocr_carea' id='block_1_62' title="bbox 3564 443 3665 499">
    <p class='ocr_par' dir='ltr' id='par_1_62' title="bbox 3564 443 3665 499">
     <span class='ocr_line' id='line_1_63' title="bbox 3564 443 3665 499; baseline 0.03 -3"><span class='ocrx_word' id='word_1_469' title='bbox 3564 443 3665 499; x_wconf 75' lang='lat'><strong>718</strong></span> 
     </span>
    </p>
   </div>
   <div class='ocr_carea' id='block_1_63' title="bbox 2078 550 3672 628">
    <p class='ocr_par' dir='ltr' id='par_1_63' title="bbox 2078 550 3672 628">
     <span class='ocr_line' id='line_1_64' title="bbox 2078 550 3672 628; baseline 0.004 -23"><span class='ocrx_word' id='word_1_470' title='bbox 2078 550 2276 619; x_wconf 88' lang='lat' dir='ltr'><strong>nuptiae</strong></span> <span class='ocrx_word' id='word_1_471' title='bbox 2303 550 2496 606; x_wconf 90' lang='lat' dir='ltr'><strong>bonum</strong></span> <span class='ocrx_word' id='word_1_472' title='bbox 2524 560 2647 604; x_wconf 91' lang='lat' dir='ltr'><strong>sunt</strong></span> <span class='ocrx_word' id='word_1_473' title='bbox 2670 568 2681 603; x_wconf 91' lang='lat'>:</span> <span class='ocrx_word' id='word_1_474' title='bbox 2714 565 2830 621; x_wconf 87' lang='lat' dir='ltr'><strong>quae</strong></span> <span class='ocrx_word' id='word_1_475' title='bbox 2857 550 3150 621; x_wconf 81' lang='lat' dir='ltr'><strong>saepissime</strong></span> <span class='ocrx_word' id='word_1_476' title='bbox 3171 552 3401 609; x_wconf 74' lang='lat' dir='ltr'><strong>diximus</strong></span> <span class='ocrx_word' id='word_1_477' title='bbox 3426 569 3545 611; x_wconf 83' lang='lat' dir='ltr'><strong>esse</strong></span> <span class='ocrx_word' id='word_1_478' title='bbox 3572 571 3672 628; x_wconf 58' lang='lat' dir='ltr'><strong>pom</strong></span> 
     </span>
    </p>
   </div>
   <div class='ocr_carea' id='block_1_64' title="bbox 2077 641 3659 712">
    <p class='ocr_par' dir='ltr' id='par_1_64' title="bbox 2077 641 3659 712">
     <span class='ocr_line' id='line_1_65' title="bbox 2077 641 3659 712; baseline 0.004 -15"><span class='ocrx_word' id='word_1_479' title='bbox 2077 642 2261 710; x_wconf 89' lang='lat' dir='ltr'><strong>tuisse,</strong></span> <span class='ocrx_word' id='word_1_480' title='bbox 2291 642 2498 697; x_wconf 88' lang='lat' dir='ltr'><strong>etiamsi</strong></span> <span class='ocrx_word' id='word_1_481' title='bbox 2526 656 2685 696; x_wconf 92' lang='lat' dir='ltr'><strong>nemo</strong></span> <span class='ocrx_word' id='word_1_482' title='bbox 2716 651 3005 710; x_wconf 83' lang='lat' dir='ltr'><strong>peccasset.</strong></span> <span class='ocrx_word' id='word_1_483' title='bbox 3034 641 3161 697; x_wconf 88' lang='lat' dir='ltr'><strong>Post</strong></span> <span class='ocrx_word' id='word_1_484' title='bbox 3186 655 3458 712; x_wconf 88' lang='lat' dir='ltr'><strong>peccatum</strong></span> <span class='ocrx_word' id='word_1_485' title='bbox 3486 655 3659 703; x_wconf 92' lang='lat' dir='ltr'><strong>autem</strong></span> 
     </span>
    </p>
   </div>
   <div class='ocr_carea' id='block_1_65' title="bbox 2075 734 3666 800">
    <p class='ocr_par' dir='ltr' id='par_1_65' title="bbox 2075 734 3666 800">
     <span class='ocr_line' id='line_1_66' title="bbox 2075 734 3666 800; baseline 0.004 -12"><span class='ocrx_word' id='word_1_486' title='bbox 2075 735 2302 790; x_wconf 86' lang='lat' dir='ltr'><strong>accessit</strong></span> <span class='ocrx_word' id='word_1_487' title='bbox 2326 734 2423 799; x_wconf 90' lang='lat' dir='ltr'><strong>eis,</strong></span> <span class='ocrx_word' id='word_1_488' title='bbox 2454 750 2559 789; x_wconf 85' lang='lat' dir='ltr'><strong>non</strong></span> <span class='ocrx_word' id='word_1_489' title='bbox 2588 734 2655 789; x_wconf 91' lang='lat' dir='ltr'><strong>de</strong></span> <span class='ocrx_word' id='word_1_490' title='bbox 2682 734 2952 800; x_wconf 86' lang='lat' dir='ltr'><strong>felicitate,</strong></span> <span class='ocrx_word' id='word_1_491' title='bbox 2982 737 3073 790; x_wconf 85' lang='lat' dir='ltr'><strong>sed</strong></span> <span class='ocrx_word' id='word_1_492' title='bbox 3104 736 3170 791; x_wconf 91' lang='lat' dir='ltr'><strong>de</strong></span> <span class='ocrx_word' id='word_1_493' title='bbox 3201 739 3516 794; x_wconf 88' lang='lat' dir='ltr'><strong>necessitate</strong></span> <span class='ocrx_word' id='word_1_494' title='bbox 3547 756 3666 796; x_wconf 83' lang='lat' dir='ltr'><strong>eer-</strong></span> 
     </span>
    </p>
   </div>
   <div class='ocr_carea' id='block_1_66' title="bbox 2078 826 3667 898">
    <p class='ocr_par' dir='ltr' id='par_1_66' title="bbox 2078 826 3667 898">
     <span class='ocr_line' id='line_1_67' title="bbox 2078 826 3667 898; baseline 0.004 -18"><span class='ocrx_word' id='word_1_495' title='bbox 2078 834 2274 889; x_wconf 92' lang='lat' dir='ltr'><strong>tamen,</strong></span> <span class='ocrx_word' id='word_1_496' title='bbox 2297 835 2354 880; x_wconf 90' lang='lat' dir='ltr'><strong>ut</strong></span> <span class='ocrx_word' id='word_1_497' title='bbox 2376 840 2471 879; x_wconf 81' lang='lat' dir='ltr'><strong>suo</strong></span> <span class='ocrx_word' id='word_1_498' title='bbox 2495 826 2634 880; x_wconf 91' lang='lat' dir='ltr'><strong>bono</strong></span> <span class='ocrx_word' id='word_1_499' title='bbox 2661 834 2893 895; x_wconf 88' lang='lat' dir='ltr'><strong>pugnent</strong></span> <span class='ocrx_word' id='word_1_500' title='bbox 2920 827 3078 881; x_wconf 91' lang='lat' dir='ltr'><strong>etiam</strong></span> <span class='ocrx_word' id='word_1_501' title='bbox 3108 827 3235 898; x_wconf 83' lang='lat' dir='ltr'><strong>ipsae</strong></span> <span class='ocrx_word' id='word_1_502' title='bbox 3256 839 3438 883; x_wconf 88' lang='lat' dir='ltr'><strong>contra</strong></span> <span class='ocrx_word' id='word_1_503' title='bbox 3465 844 3667 887; x_wconf 85' lang='lat' dir='ltr'><strong>concu-</strong></span> 
     </span>
    </p>
   </div>
   <div class='ocr_carea' id='block_1_67' title="bbox 2077 917 3670 991">
    <p class='ocr_par' dir='ltr' id='par_1_67' title="bbox 2077 917 3670 991">
     <span class='ocr_line' id='line_1_68' title="bbox 2077 917 3670 991; baseline 0.005 -22"><span class='ocrx_word' id='word_1_504' title='bbox 2077 918 2349 987; x_wconf 73' lang='lat' dir='ltr'><strong>piscentize</strong></span> <span class='ocrx_word' id='word_1_505' title='bbox 2377 917 2594 982; x_wconf 88' lang='lat' dir='ltr'><strong>malum,</strong></span> <span class='ocrx_word' id='word_1_506' title='bbox 2627 918 2691 972; x_wconf 91' lang='lat' dir='ltr'><strong>ad</strong></span> <span class='ocrx_word' id='word_1_507' title='bbox 2720 917 2847 971; x_wconf 87' lang='lat' dir='ltr'><strong>nihil</strong></span> <span class='ocrx_word' id='word_1_508' title='bbox 2876 933 2990 971; x_wconf 90' lang='lat' dir='ltr'><strong>cam</strong></span> <span class='ocrx_word' id='word_1_509' title='bbox 3016 918 3249 974; x_wconf 78' lang='lat' dir='ltr'><strong>sincntes</strong></span> <span class='ocrx_word' id='word_1_510' title='bbox 3280 920 3520 975; x_wconf 83' lang='lat' dir='ltr'><strong>illicitum</strong></span> <span class='ocrx_word' id='word_1_511' title='bbox 3550 938 3670 991; x_wconf 81' lang='lat' dir='ltr'><strong>per-</strong></span> 
     </span>
    </p>
   </div>
   <div class='ocr_carea' id='block_1_68' title="bbox 2076 1008 3671 1079">
    <p class='ocr_par' dir='ltr' id='par_1_68' title="bbox 2076 1008 3671 1079">
     <span class='ocr_line' id='line_1_69' title="bbox 2076 1008 3671 1079; baseline 0.005 -17"><span class='ocrx_word' id='word_1_512' title='bbox 2076 1008 2287 1073; x_wconf 88' lang='lat' dir='ltr'><strong>venire;</strong></span> <span class='ocrx_word' id='word_1_513' title='bbox 2307 1009 2546 1077; x_wconf 83' lang='lat' dir='ltr'><strong>quamvis</strong></span> <span class='ocrx_word' id='word_1_514' title='bbox 2568 1009 2680 1079; x_wconf 88' lang='lat' dir='ltr'><strong>ipsa</strong></span> <span class='ocrx_word' id='word_1_515' title='bbox 2705 1013 2754 1062; x_wconf 90' lang='lat' dir='ltr'><strong>in</strong></span> <span class='ocrx_word' id='word_1_516' title='bbox 2779 1009 2911 1074; x_wconf 67' lang='lat' dir='ltr'><strong>haec,</strong></span> <span class='ocrx_word' id='word_1_517' title='bbox 2933 1023 3073 1064; x_wconf 90' lang='lat' dir='ltr'><strong>nunc</strong></span> <span class='ocrx_word' id='word_1_518' title='bbox 3094 1011 3505 1077; x_wconf 89' lang='lat' dir='ltr'><strong>remissioribus,</strong></span> <span class='ocrx_word' id='word_1_519' title='bbox 3526 1028 3671 1070; x_wconf 88' lang='lat' dir='ltr'><strong>nunc</strong></span> 
     </span>
    </p>
   </div>
   <div class='ocr_carea' id='block_1_69' title="bbox 2076 1100 3668 1175">
    <p class='ocr_par' dir='ltr' id='par_1_69' title="bbox 2076 1100 3668 1175">
     <span class='ocr_line' id='line_1_70' title="bbox 2076 1100 3668 1175; baseline 0.004 -21"><span class='ocrx_word' id='word_1_520' title='bbox 2076 1100 2508 1154; x_wconf 86' lang='lat' dir='ltr'><strong>concitatiurihus</strong></span> <span class='ocrx_word' id='word_1_521' title='bbox 2539 1101 2788 1166; x_wconf 74' lang='lat' dir='ltr'><strong>motibus,</strong></span> <span class='ocrx_word' id='word_1_522' title='bbox 2820 1100 3073 1171; x_wconf 83' lang='lat' dir='ltr'><strong>instigare</strong></span> <span class='ocrx_word' id='word_1_523' title='bbox 3114 1120 3217 1156; x_wconf 88' lang='lat' dir='ltr'><strong>non</strong></span> <span class='ocrx_word' id='word_1_524' title='bbox 3242 1116 3443 1171; x_wconf 82' lang='lat' dir='ltr'><strong>cesset,</strong></span> <span class='ocrx_word' id='word_1_525' title='bbox 3472 1114 3526 1162; x_wconf 90' lang='lat' dir='ltr'><strong>et</strong></span> <span class='ocrx_word' id='word_1_526' title='bbox 3555 1105 3668 1175; x_wconf 81' lang='lat' dir='ltr'><strong>ejus</strong></span> 
     </span>
    </p>
   </div>
   <div class='ocr_carea' id='block_1_70' title="bbox 2078 1188 3672 1260">
    <p class='ocr_par' dir='ltr' id='par_1_70' title="bbox 2078 1188 3672 1260">
     <span class='ocr_line' id='line_1_71' title="bbox 2078 1188 3672 1260; baseline 0.006 -19"><span class='ocrx_word' id='word_1_527' title='bbox 2078 1188 2220 1243; x_wconf 92' lang='lat' dir='ltr'><strong>malo</strong></span> <span class='ocrx_word' id='word_1_528' title='bbox 2239 1188 2375 1243; x_wconf 86' lang='lat' dir='ltr'><strong>bene</strong></span> <span class='ocrx_word' id='word_1_529' title='bbox 2398 1197 2606 1243; x_wconf 89' lang='lat' dir='ltr'><strong>utentes</strong></span> <span class='ocrx_word' id='word_1_530' title='bbox 2628 1190 2677 1242; x_wconf 92' lang='lat' dir='ltr'><strong>in</strong></span> <span class='ocrx_word' id='word_1_531' title='bbox 2702 1191 3083 1260; x_wconf 87' lang='lat' dir='ltr'><strong>propagatione</strong></span> <span class='ocrx_word' id='word_1_532' title='bbox 3112 1191 3358 1246; x_wconf 86' lang='lat' dir='ltr'><strong>filiorum.</strong></span> <span class='ocrx_word' id='word_1_533' title='bbox 3387 1193 3519 1250; x_wconf 92' lang='lat' dir='ltr'><strong>Illud</strong></span> <span class='ocrx_word' id='word_1_534' title='bbox 3543 1210 3672 1251; x_wconf 79' lang='lat' dir='ltr'><strong>vero</strong></span> 
     </span>
    </p>
   </div>
   <div class='ocr_carea' id='block_1_71' title="bbox 2078 1280 3669 1357">
    <p class='ocr_par' dir='ltr' id='par_1_71' title="bbox 2078 1280 3669 1357">
     <span class='ocr_line' id='line_1_72' title="bbox 2078 1280 3669 1357; baseline 0.008 -25"><span class='ocrx_word' id='word_1_535' title='bbox 2078 1280 2196 1349; x_wconf 89' lang='lat' dir='ltr'><strong>quis</strong></span> <span class='ocrx_word' id='word_1_536' title='bbox 2224 1289 2380 1352; x_wconf 84' lang='lat' dir='ltr'><strong>neget</strong></span> <span class='ocrx_word' id='word_1_537' title='bbox 2407 1282 2624 1347; x_wconf 91' lang='lat' dir='ltr'><strong>malum,</strong></span> <span class='ocrx_word' id='word_1_538' title='bbox 2655 1281 2755 1335; x_wconf 87' lang='lat' dir='ltr'><strong>nisi</strong></span> <span class='ocrx_word' id='word_1_539' title='bbox 2783 1283 2871 1353; x_wconf 88' lang='lat' dir='ltr'><strong>qui</strong></span> <span class='ocrx_word' id='word_1_540' title='bbox 2901 1299 3003 1336; x_wconf 90' lang='lat' dir='ltr'><strong>non</strong></span> <span class='ocrx_word' id='word_1_541' title='bbox 3032 1284 3179 1338; x_wconf 89' lang='lat' dir='ltr'><strong>audit</strong></span> <span class='ocrx_word' id='word_1_542' title='bbox 3200 1286 3520 1357; x_wconf 12' lang='lat' dir='ltr'><strong>‘Apostolum</strong></span> <span class='ocrx_word' id='word_1_543' title='bbox 3548 1304 3669 1344; x_wconf 83' lang='lat' dir='ltr'><strong>mo-</strong></span> 
     </span>
    </p>
   </div>
   <div class='ocr_carea' id='block_1_72' title="bbox 2078 1371 3674 1442">
    <p class='ocr_par' dir='ltr' id='par_1_72' title="bbox 2078 1371 3674 1442">
     <span class='ocr_line' id='line_1_73' title="bbox 2078 1371 3674 1442; baseline 0.005 -17"><span class='ocrx_word' id='word_1_544' title='bbox 2078 1383 2312 1437; x_wconf 89' lang='lat' dir='ltr'><strong>nentem,</strong></span> <span class='ocrx_word' id='word_1_545' title='bbox 2349 1371 2459 1427; x_wconf 83' lang='lat' dir='ltr'><strong>Iloc</strong></span> <span class='ocrx_word' id='word_1_546' title='bbox 2485 1382 2655 1426; x_wconf 85' lang='lat' dir='ltr'><strong>autem</strong></span> <span class='ocrx_word' id='word_1_547' title='bbox 2682 1373 2797 1427; x_wconf 85' lang='lat' dir='ltr'><strong>dico</strong></span> <span class='ocrx_word' id='word_1_548' title='bbox 2822 1374 3095 1428; x_wconf 66' lang='lat' dir='ltr'><strong>secundum</strong></span> <span class='ocrx_word' id='word_1_549' title='bbox 3120 1376 3336 1442; x_wconf 80' lang='lat' dir='ltr'><strong>veniam,</strong></span> <span class='ocrx_word' id='word_1_550' title='bbox 3366 1394 3467 1432; x_wconf 85' lang='lat' dir='ltr'><strong>non</strong></span> <span class='ocrx_word' id='word_1_551' title='bbox 3493 1395 3674 1434; x_wconf 74' lang='lat' dir='ltr'><strong>secun-</strong></span> 
     </span>
    </p>
   </div>
   <div class='ocr_carea' id='block_1_73' title="bbox 2080 1464 3675 1541">
    <p class='ocr_par' dir='ltr' id='par_1_73' title="bbox 2080 1464 3675 1541">
     <span class='ocr_line' id='line_1_74' title="bbox 2080 1464 3675 1541; baseline 0.006 -24"><span class='ocrx_word' id='word_1_552' title='bbox 2080 1464 2200 1517; x_wconf 86' lang='lat' dir='ltr'><strong>dum</strong></span> <span class='ocrx_word' id='word_1_553' title='bbox 2216 1466 2479 1533; x_wconf 80' lang='lat' dir='ltr'><strong>imperium</strong></span> <span class='ocrx_word' id='word_1_554' title='bbox 2499 1464 2541 1539; x_wconf 87' lang='grc' dir='ltr'><strong>(Ι</strong></span> <span class='ocrx_word' id='word_1_555' title='bbox 2554 1465 2668 1519; x_wconf 83' lang='lat' dir='ltr'><strong>Cor.</strong></span> <span class='ocrx_word' id='word_1_556' title='bbox 2698 1481 2790 1534; x_wconf 88' lang='lat' dir='ltr'><strong>vn,</strong></span> <span class='ocrx_word' id='word_1_557' title='bbox 2809 1466 3117 1536; x_wconf 83' lang='lat' dir='ltr'><strong>6)?quando</strong></span> <span class='ocrx_word' id='word_1_558' title='bbox 3145 1468 3400 1538; x_wconf 87' lang='lat' dir='ltr'><strong>conjuges</strong></span> <span class='ocrx_word' id='word_1_559' title='bbox 3417 1486 3521 1524; x_wconf 93' lang='lat' dir='ltr'><strong>non</strong></span> <span class='ocrx_word' id='word_1_560' title='bbox 3551 1487 3675 1541; x_wconf 86' lang='lat' dir='ltr'><strong>pro-</strong></span> 
     </span>
    </p>
   </div>
   <div class='ocr_carea' id='block_1_74' title="bbox 2081 1554 3674 1629">
    <p class='ocr_par' dir='ltr' id='par_1_74' title="bbox 2081 1554 3674 1629">
     <span class='ocr_line' id='line_1_75' title="bbox 2081 1554 3674 1629; baseline 0.006 -21"><span class='ocrx_word' id='word_1_561' title='bbox 2081 1554 2145 1609; x_wconf 90' lang='lat' dir='ltr'><strong>lis</strong></span> <span class='ocrx_word' id='word_1_562' title='bbox 2162 1555 2532 1625; x_wconf 72' lang='lat' dir='ltr'><strong>suscipienda-,</strong></span> <span class='ocrx_word' id='word_1_563' title='bbox 2550 1555 2642 1611; x_wconf 89' lang='lat' dir='ltr'><strong>sed</strong></span> <span class='ocrx_word' id='word_1_564' title='bbox 2680 1557 2907 1611; x_wconf 89' lang='lat' dir='ltr'><strong>carnalis</strong></span> <span class='ocrx_word' id='word_1_565' title='bbox 2929 1556 3214 1627; x_wconf 85' lang='lat' dir='ltr'><strong>voluptatis</strong></span> <span class='ocrx_word' id='word_1_566' title='bbox 3229 1559 3508 1629; x_wconf 76' lang='lat' dir='ltr'><strong>explenda:</strong></span> <span class='ocrx_word' id='word_1_567' title='bbox 3545 1561 3674 1618; x_wconf 90' lang='lat' dir='ltr'><strong>victi</strong></span> 
     </span>
    </p>
   </div>
   <div class='ocr_carea' id='block_1_75' title="bbox 2079 1646 3675 1724">
    <p class='ocr_par' dir='ltr' id='par_1_75' title="bbox 2079 1646 3675 1724">
     <span class='ocr_line' id='line_1_76' title="bbox 2079 1646 3675 1724; baseline 0.006 -25"><span class='ocrx_word' id='word_1_568' title='bbox 2079 1646 2365 1715; x_wconf 88' lang='lat' dir='ltr'><strong>cupiditate</strong></span> <span class='ocrx_word' id='word_1_569' title='bbox 2393 1648 2785 1712; x_wconf 89' lang='lat' dir='ltr'><strong>concumbunt;</strong></span> <span class='ocrx_word' id='word_1_570' title='bbox 2820 1647 2922 1702; x_wconf 91' lang='lat' dir='ltr'><strong>hoc</strong></span> <span class='ocrx_word' id='word_1_571' title='bbox 2956 1664 3060 1703; x_wconf 90' lang='lat' dir='ltr'><strong>non</strong></span> <span class='ocrx_word' id='word_1_572' title='bbox 3093 1648 3356 1719; x_wconf 87' lang='lat' dir='ltr'><strong>laudatur,</strong></span> <span class='ocrx_word' id='word_1_573' title='bbox 3387 1652 3482 1708; x_wconf 86' lang='lat' dir='ltr'><strong>sed</strong></span> <span class='ocrx_word' id='word_1_574' title='bbox 3519 1653 3675 1724; x_wconf 83' lang='lat' dir='ltr'><strong>igno-</strong></span> 
     </span>
    </p>
   </div>
   <div class='ocr_carea' id='block_1_76' title="bbox 2080 1736 3676 1810">
    <p class='ocr_par' dir='ltr' id='par_1_76' title="bbox 2080 1736 3676 1810">
     <span class='ocr_line' id='line_1_77' title="bbox 2080 1736 3676 1810; baseline 0.008 -21"><span class='ocrx_word' id='word_1_575' title='bbox 2080 1736 2247 1790; x_wconf 78' lang='lat' dir='ltr'><strong>scitur</strong></span> <span class='ocrx_word' id='word_1_576' title='bbox 2283 1736 2336 1790; x_wconf 89' lang='lat' dir='ltr'><strong>in</strong></span> <span class='ocrx_word' id='word_1_577' title='bbox 2374 1738 2773 1808; x_wconf 89' lang='lat' dir='ltr'><strong>comparatione</strong></span> <span class='ocrx_word' id='word_1_578' title='bbox 2813 1738 3067 1810; x_wconf 73' lang='lat' dir='ltr'><strong>pejoris‘,</strong></span> <span class='ocrx_word' id='word_1_579' title='bbox 3108 1740 3584 1800; x_wconf 81' lang='lat' dir='ltr'><strong>intervenientibus</strong></span> <span class='ocrx_word' id='word_1_580' title='bbox 3618 1752 3676 1801; x_wconf 80' lang='lat' dir='ltr'><strong>et</strong></span> 
     </span>
    </p>
   </div>
   <div class='ocr_carea' id='block_1_77' title="bbox 2080 1826 2741 1901">
    <p class='ocr_par' dir='ltr' id='par_1_77' title="bbox 2080 1826 2741 1901">
     <span class='ocr_line' id='line_1_78' title="bbox 2080 1826 2741 1901; baseline 0.005 -22"><span class='ocrx_word' id='word_1_581' title='bbox 2080 1826 2489 1897; x_wconf 87' lang='lat' dir='ltr'><strong>deprecantibus</strong></span> <span class='ocrx_word' id='word_1_582' title='bbox 2524 1830 2741 1901; x_wconf 82' lang='lat' dir='ltr'><strong>nuptiis.</strong></span> 
     </span>
    </p>
   </div>
   <div class='ocr_carea' id='block_1_78' title="bbox 2151 1918 3674 1998">
    <p class='ocr_par' dir='ltr' id='par_1_78' title="bbox 2151 1918 3674 1998">
     <span class='ocr_line' id='line_1_79' title="bbox 2151 1918 3674 1998; baseline 0.007 -25"><span class='ocrx_word' id='word_1_583' title='bbox 2151 1918 2377 1974; x_wconf 81' lang='lat' dir='ltr'><strong>CAPUT</strong></span> <span class='ocrx_word' id='word_1_584' title='bbox 2410 1918 2745 1975; x_wconf 79' lang='lat' dir='ltr'><strong>X\&#39;ll.—3l.</strong></span> <span class='ocrx_word' id='word_1_585' title='bbox 2776 1921 2903 1975; x_wconf 79' lang='lat' dir='ltr'><strong>Pest</strong></span> <span class='ocrx_word' id='word_1_586' title='bbox 2931 1920 3044 1977; x_wconf 71' lang='lat' dir='ltr'><strong>lucc</strong></span> <span class='ocrx_word' id='word_1_587' title='bbox 3067 1930 3243 1978; x_wconf 90' lang='lat' dir='ltr'><strong>autem</strong></span> <span class='ocrx_word' id='word_1_588' title='bbox 3273 1924 3340 1980; x_wconf 91' lang='lat' dir='ltr'><strong>ad</strong></span> <span class='ocrx_word' id='word_1_589' title='bbox 3368 1927 3674 1998; x_wconf 72' lang='lat' dir='ltr'><strong>exemplum</strong></span> 
     </span>
    </p>
   </div>
   <div class='ocr_carea' id='block_1_79' title="bbox 2082 2009 3675 2084">
    <p class='ocr_par' dir='ltr' id='par_1_79' title="bbox 2082 2009 3675 2084">
     <span class='ocr_line' id='line_1_80' title="bbox 2082 2009 3675 2084; baseline 0.006 -20"><span class='ocrx_word' id='word_1_590' title='bbox 2082 2010 2311 2065; x_wconf 68' lang='lat' dir='ltr'><strong>Abrahae</strong></span> <span class='ocrx_word' id='word_1_591' title='bbox 2340 2020 2394 2065; x_wconf 92' lang='lat' dir='ltr'><strong>et</strong></span> <span class='ocrx_word' id='word_1_592' title='bbox 2421 2009 2597 2067; x_wconf 68' lang='lat' dir='ltr'><strong>Sarra:</strong></span> <span class='ocrx_word' id='word_1_593' title='bbox 2616 2053 2631 2078; x_wconf 93' lang='lat'><strong>,</strong></span> <span class='ocrx_word' id='word_1_594' title='bbox 2665 2013 2846 2067; x_wconf 89' lang='lat' dir='ltr'><strong>nescio</strong></span> <span class='ocrx_word' id='word_1_595' title='bbox 2871 2028 2976 2083; x_wconf 91' lang='lat' dir='ltr'><strong>qua</strong></span> <span class='ocrx_word' id='word_1_596' title='bbox 3014 2016 3220 2071; x_wconf 89' lang='lat' dir='ltr'><strong>ratione</strong></span> <span class='ocrx_word' id='word_1_597' title='bbox 3260 2017 3577 2084; x_wconf 82' lang='lat' dir='ltr'><strong>reverteris,</strong></span> <span class='ocrx_word' id='word_1_598' title='bbox 3605 2017 3675 2077; x_wconf 82' lang='lat' dir='ltr'><strong>do</strong></span> 
     </span>
    </p>
   </div>
   <div class='ocr_carea' id='block_1_80' title="bbox 2082 2102 3675 2174">
    <p class='ocr_par' dir='ltr' id='par_1_80' title="bbox 2082 2102 3675 2174">
     <span class='ocr_line' id='line_1_81' title="bbox 2082 2102 3675 2174; baseline 0.006 -19"><span class='ocrx_word' id='word_1_599' title='bbox 2082 2116 2188 2172; x_wconf 92' lang='lat' dir='ltr'><strong>quo</strong></span> <span class='ocrx_word' id='word_1_600' title='bbox 2219 2102 2328 2172; x_wconf 90' lang='lat' dir='ltr'><strong>jam</strong></span> <span class='ocrx_word' id='word_1_601' title='bbox 2365 2102 2493 2158; x_wconf 90' lang='lat' dir='ltr'><strong>satis</strong></span> <span class='ocrx_word' id='word_1_602' title='bbox 2531 2103 2871 2174; x_wconf 88' lang='lat' dir='ltr'><strong>respondisse</strong></span> <span class='ocrx_word' id='word_1_603' title='bbox 2912 2120 2998 2160; x_wconf 89' lang='lat' dir='ltr'><strong>me</strong></span> <span class='ocrx_word' id='word_1_604' title='bbox 3037 2105 3311 2161; x_wconf 79' lang='lat' dir='ltr'><strong>existimo.</strong></span> <span class='ocrx_word' id='word_1_605' title='bbox 3349 2106 3456 2163; x_wconf 88' lang='lat' dir='ltr'><strong>Sed</strong></span> <span class='ocrx_word' id='word_1_606' title='bbox 3491 2108 3675 2165; x_wconf 89' lang='lat' dir='ltr'><strong>nescio</strong></span> 
     </span>
    </p>
   </div>
   <div class='ocr_carea' id='block_1_81' title="bbox 2083 2192 3674 2269">
    <p class='ocr_par' dir='ltr' id='par_1_81' title="bbox 2083 2192 3674 2269">
     <span class='ocr_line' id='line_1_82' title="bbox 2083 2192 3674 2269; baseline 0.006 -22"><span class='ocrx_word' id='word_1_607' title='bbox 2083 2193 2209 2263; x_wconf 92' lang='lat' dir='ltr'><strong>quid</strong></span> <span class='ocrx_word' id='word_1_608' title='bbox 2238 2203 2287 2249; x_wconf 89' lang='lat' dir='ltr'><strong>te</strong></span> <span class='ocrx_word' id='word_1_609' title='bbox 2316 2192 2540 2264; x_wconf 83' lang='lat' dir='ltr'><strong>fugerat,</strong></span> <span class='ocrx_word' id='word_1_610' title='bbox 2568 2195 2708 2266; x_wconf 91' lang='lat' dir='ltr'><strong>quod</strong></span> <span class='ocrx_word' id='word_1_611' title='bbox 2737 2195 2934 2251; x_wconf 89' lang='lat' dir='ltr'><strong>addere</strong></span> <span class='ocrx_word' id='word_1_612' title='bbox 2960 2196 3192 2261; x_wconf 90' lang='lat' dir='ltr'><strong>voluisti,</strong></span> <span class='ocrx_word' id='word_1_613' title='bbox 3215 2196 3336 2253; x_wconf 86' lang='lat' dir='ltr'><strong>cum</strong></span> <span class='ocrx_word' id='word_1_614' title='bbox 3367 2208 3550 2269; x_wconf 81' lang='lat' dir='ltr'><strong>postea</strong></span> <span class='ocrx_word' id='word_1_615' title='bbox 3577 2215 3674 2256; x_wconf 87' lang='lat' dir='ltr'><strong>ve-</strong></span> 
     </span>
    </p>
   </div>
   <div class='ocr_carea' id='block_1_82' title="bbox 2086 2287 3676 2366">
    <p class='ocr_par' dir='ltr' id='par_1_82' title="bbox 2086 2287 3676 2366">
     <span class='ocr_line' id='line_1_83' title="bbox 2086 2287 3676 2366; baseline 0.009 -28"><span class='ocrx_word' id='word_1_616' title='bbox 2086 2287 2252 2342; x_wconf 89' lang='lat' dir='ltr'><strong>nisset</strong></span> <span class='ocrx_word' id='word_1_617' title='bbox 2276 2288 2326 2341; x_wconf 91' lang='lat' dir='ltr'><strong>in</strong></span> <span class='ocrx_word' id='word_1_618' title='bbox 2357 2298 2607 2345; x_wconf 91' lang='lat' dir='ltr'><strong>mentem.</strong></span> <span class='ocrx_word' id='word_1_619' title='bbox 2643 2288 2942 2344; x_wconf 91' lang='lat' dir='ltr'><strong>llumauum</strong></span> <span class='ocrx_word' id='word_1_620' title='bbox 2969 2300 3070 2354; x_wconf 89' lang='lat' dir='ltr'><strong>est,</strong></span> <span class='ocrx_word' id='word_1_621' title='bbox 3097 2292 3232 2347; x_wconf 89' lang='lat' dir='ltr'><strong>solet</strong></span> <span class='ocrx_word' id='word_1_622' title='bbox 3261 2293 3474 2349; x_wconf 78' lang='lat' dir='ltr'><strong>evenire</strong></span> <span class='ocrx_word' id='word_1_623' title='bbox 3501 2311 3515 2349; x_wconf 92' lang='lat'><strong>:</strong></span> <span class='ocrx_word' id='word_1_624' title='bbox 3546 2293 3676 2366; x_wconf 87' lang='lat' dir='ltr'><strong>quid</strong></span> 
     </span>
    </p>
   </div>
   <div class='ocr_carea' id='block_1_83' title="bbox 2085 2379 3674 2455">
    <p class='ocr_par' dir='ltr' id='par_1_83' title="bbox 2085 2379 3674 2455">
     <span class='ocr_line' id='line_1_84' title="bbox 2085 2379 3674 2455; baseline 0.004 -23"><span class='ocrx_word' id='word_1_625' title='bbox 2085 2392 2213 2449; x_wconf 85' lang='lat' dir='ltr'><strong>ergo</strong></span> <span class='ocrx_word' id='word_1_626' title='bbox 2248 2379 2375 2433; x_wconf 89' lang='lat' dir='ltr'><strong>illud</strong></span> <span class='ocrx_word' id='word_1_627' title='bbox 2405 2391 2487 2434; x_wconf 92' lang='lat' dir='ltr'><strong>est</strong></span> <span class='ocrx_word' id='word_1_628' title='bbox 2516 2380 2813 2436; x_wconf 90' lang='lat' dir='ltr'><strong>audiamus.</strong></span> <span class='ocrx_word' id='word_1_629' title='bbox 2857 2381 3027 2448; x_wconf 85' lang='lat' dir='ltr'><strong>Dicis,</strong></span> <span class='ocrx_word' id='word_1_630' title='bbox 3058 2400 3080 2434; x_wconf 72' lang='grc' dir='ltr'><strong><em>ι</em></strong></span> <span class='ocrx_word' id='word_1_631' title='bbox 3115 2381 3311 2437; x_wconf 86' lang='lat' dir='ltr'><strong>factum</strong></span> <span class='ocrx_word' id='word_1_632' title='bbox 3342 2382 3514 2441; x_wconf 78' lang='lat' dir='ltr'><strong>fuisse</strong></span> <span class='ocrx_word' id='word_1_633' title='bbox 3548 2399 3674 2455; x_wconf 89' lang='lat' dir='ltr'><strong>pro-</strong></span> 
     </span>
    </p>
   </div>
   <div class='ocr_carea' id='block_1_84' title="bbox 2086 2470 3679 2544">
    <p class='ocr_par' dir='ltr' id='par_1_84' title="bbox 2086 2470 3679 2544">
     <span class='ocr_line' id='line_1_85' title="bbox 2086 2470 3679 2544; baseline 0.003 -20"><span class='ocrx_word' id='word_1_634' title='bbox 2086 2470 2357 2541; x_wconf 89' lang='lat' dir='ltr'><strong>pheticum</strong></span> <span class='ocrx_word' id='word_1_635' title='bbox 2377 2512 2391 2537; x_wconf 94' lang='lat'><strong>,</strong></span> <span class='ocrx_word' id='word_1_636' title='bbox 2419 2470 2559 2541; x_wconf 89' lang='lat' dir='ltr'><strong>qttod</strong></span> <span class='ocrx_word' id='word_1_637' title='bbox 2586 2487 2727 2526; x_wconf 92' lang='lat' dir='ltr'><strong>nunc</strong></span> <span class='ocrx_word' id='word_1_638' title='bbox 2747 2473 2767 2504; x_wconf 84' lang='grc'>²</span> <span class='ocrx_word' id='word_1_639' title='bbox 2792 2482 3064 2527; x_wconf 86' lang='lat' dir='ltr'><strong>ostensum</strong></span> <span class='ocrx_word' id='word_1_640' title='bbox 3095 2483 3176 2528; x_wconf 91' lang='lat' dir='ltr'><strong>est</strong></span> <span class='ocrx_word' id='word_1_641' title='bbox 3202 2473 3253 2528; x_wconf 94' lang='lat' dir='ltr'><strong>in</strong></span> <span class='ocrx_word' id='word_1_642' title='bbox 3277 2474 3502 2544; x_wconf 85' lang='lat' dir='ltr'><strong>regione</strong></span> <span class='ocrx_word' id='word_1_643' title='bbox 3532 2474 3679 2529; x_wconf 87' lang='lat' dir='ltr'><strong>Afri-</strong></span> 
     </span>
    </p>
   </div>
   <div class='ocr_carea' id='block_1_85' title="bbox 2087 2560 3674 2633">
    <p class='ocr_par' dir='ltr' id='par_1_85' title="bbox 2087 2560 3674 2633">
     <span class='ocr_line' id='line_1_86' title="bbox 2087 2560 3674 2633; baseline 0.004 -19"><span class='ocrx_word' id='word_1_644' title='bbox 2087 2575 2192 2623; x_wconf 87' lang='lat' dir='ltr'><strong>cae;</strong></span> <span class='ocrx_word' id='word_1_645' title='bbox 2218 2560 2452 2630; x_wconf 65' lang='lat' dir='ltr'><strong>pulehra}</strong></span> <span class='ocrx_word' id='word_1_646' title='bbox 2471 2570 2526 2616; x_wconf 91' lang='lat' dir='ltr'><strong>et</strong></span> <span class='ocrx_word' id='word_1_647' title='bbox 2544 2569 2740 2617; x_wconf 68' lang='lat' dir='ltr'><strong>sanctae</strong></span> <span class='ocrx_word' id='word_1_648' title='bbox 2757 2562 3019 2630; x_wconf 83' lang='lat' dir='ltr'><strong>mulieris,</strong></span> <span class='ocrx_word' id='word_1_649' title='bbox 3039 2579 3156 2633; x_wconf 70' lang='lat' dir='ltr'><strong>qum</strong></span> <span class='ocrx_word' id='word_1_650' title='bbox 3174 2563 3428 2620; x_wconf 77' lang='lat' dir='ltr'><strong>Ecclesia:</strong></span> <span class='ocrx_word' id='word_1_651' title='bbox 3449 2562 3674 2620; x_wconf 87' lang='lat' dir='ltr'><strong>formam</strong></span> 
     </span>
    </p>
   </div>
   <div class='ocr_carea' id='block_1_86' title="bbox 2089 2652 3672 2725">
    <p class='ocr_par' dir='ltr' id='par_1_86' title="bbox 2089 2652 3672 2725">
     <span class='ocr_line' id='line_1_87' title="bbox 2089 2652 3672 2725; baseline 0.003 -20"><span class='ocrx_word' id='word_1_652' title='bbox 2089 2652 2323 2719; x_wconf 85' lang='lat' dir='ltr'><strong>tenebat,</strong></span> <span class='ocrx_word' id='word_1_653' title='bbox 2357 2660 2525 2705; x_wconf 88' lang='lat' dir='ltr'><strong>tntum</strong></span> <span class='ocrx_word' id='word_1_654' title='bbox 2556 2668 2660 2706; x_wconf 88' lang='lat' dir='ltr'><strong>non</strong></span> <span class='ocrx_word' id='word_1_655' title='bbox 2693 2668 2815 2708; x_wconf 72' lang='lat' dir='ltr'><strong>esse</strong></span> <span class='ocrx_word' id='word_1_656' title='bbox 2841 2653 2924 2706; x_wconf 88' lang='lat' dir='ltr'><strong>vel</strong></span> <span class='ocrx_word' id='word_1_657' title='bbox 2953 2653 3256 2725; x_wconf 86' lang='lat' dir='ltr'><strong>conjugem,</strong></span> <span class='ocrx_word' id='word_1_658' title='bbox 3286 2656 3367 2709; x_wconf 90' lang='lat' dir='ltr'><strong>vel</strong></span> <span class='ocrx_word' id='word_1_659' title='bbox 3396 2657 3672 2724; x_wconf 87' lang='lat' dir='ltr'><strong>pudorem,</strong></span> 
     </span>
    </p>
   </div>
   <div class='ocr_carea' id='block_1_87' title="bbox 2087 2741 3678 2813">
    <p class='ocr_par' dir='ltr' id='par_1_87' title="bbox 2087 2741 3678 2813">
     <span class='ocr_line' id='line_1_88' title="bbox 2087 2741 3678 2813; baseline 0.003 -16"><span class='ocrx_word' id='word_1_660' title='bbox 2087 2751 2143 2797; x_wconf 91' lang='lat' dir='ltr'><strong>et</strong></span> <span class='ocrx_word' id='word_1_661' title='bbox 2170 2743 2289 2813; x_wconf 90' lang='lat' dir='ltr'><strong>quia</strong></span> <span class='ocrx_word' id='word_1_662' title='bbox 2321 2741 2391 2797; x_wconf 90' lang='lat' dir='ltr'><strong>ibi</strong></span> <span class='ocrx_word' id='word_1_663' title='bbox 2416 2742 2668 2797; x_wconf 85' lang='lat' dir='ltr'><strong>divinitus</strong></span> <span class='ocrx_word' id='word_1_664' title='bbox 2693 2742 2887 2797; x_wconf 88' lang='lat' dir='ltr'><strong>intacta</strong></span> <span class='ocrx_word' id='word_1_665' title='bbox 2915 2753 3125 2798; x_wconf 82' lang='lat' dir='ltr'><strong>servata</strong></span> <span class='ocrx_word' id='word_1_666' title='bbox 3149 2754 3253 2799; x_wconf 88' lang='lat' dir='ltr'><strong>est.</strong></span> <span class='ocrx_word' id='word_1_667' title='bbox 3286 2762 3306 2796; x_wconf 73' lang='grc' dir='ltr'><strong><em>ι</em></strong></span> <span class='ocrx_word' id='word_1_668' title='bbox 3333 2744 3408 2800; x_wconf 86' lang='lat' dir='ltr'><strong>Ne</strong></span> <span class='ocrx_word' id='word_1_669' title='bbox 3434 2745 3485 2798; x_wconf 87' lang='lat' dir='ltr'><strong>in</strong></span> <span class='ocrx_word' id='word_1_670' title='bbox 3506 2747 3678 2801; x_wconf 87' lang='lat' dir='ltr'><strong>omni-</strong></span> 
     </span>
    </p>
   </div>
   <div class='ocr_carea' id='block_1_88' title="bbox 2089 2833 3675 2905">
    <p class='ocr_par' dir='ltr' id='par_1_88' title="bbox 2089 2833 3675 2905">
     <span class='ocr_line' id='line_1_89' title="bbox 2089 2833 3675 2905; baseline 0.003 -16"><span class='ocrx_word' id='word_1_671' title='bbox 2089 2834 2189 2889; x_wconf 90' lang='lat' dir='ltr'><strong>bus</strong></span> <span class='ocrx_word' id='word_1_672' title='bbox 2227 2835 2331 2888; x_wconf 92' lang='lat' dir='ltr'><strong>tuis</strong></span> <span class='ocrx_word' id='word_1_673' title='bbox 2360 2834 2538 2889; x_wconf 86' lang='lat' dir='ltr'><strong>verbis</strong></span> <span class='ocrx_word' id='word_1_674' title='bbox 2568 2833 2761 2889; x_wconf 85' lang='lat' dir='ltr'><strong>frustra</strong></span> <span class='ocrx_word' id='word_1_675' title='bbox 2791 2835 3066 2902; x_wconf 84' lang='lat' dir='ltr'><strong>iminorer,</strong></span> <span class='ocrx_word' id='word_1_676' title='bbox 3096 2836 3159 2889; x_wconf 90' lang='lat' dir='ltr'><strong>ad</strong></span> <span class='ocrx_word' id='word_1_677' title='bbox 3187 2851 3309 2891; x_wconf 88' lang='lat' dir='ltr'><strong>cum</strong></span> <span class='ocrx_word' id='word_1_678' title='bbox 3329 2837 3422 2892; x_wconf 85' lang='lat' dir='ltr'><strong>cui</strong></span> <span class='ocrx_word' id='word_1_679' title='bbox 3453 2838 3675 2905; x_wconf 89' lang='lat' dir='ltr'><strong>scribis,</strong></span> 
     </span>
    </p>
   </div>
   <div class='ocr_carea' id='block_1_89' title="bbox 2090 2924 3679 2991">
    <p class='ocr_par' dir='ltr' id='par_1_89' title="bbox 2090 2924 3679 2991">
     <span class='ocr_line' id='line_1_90' title="bbox 2090 2924 3679 2991; baseline 0.004 -12"><span class='ocrx_word' id='word_1_680' title='bbox 2090 2932 2143 2980; x_wconf 91' lang='lat' dir='ltr'><strong>te</strong></span> <span class='ocrx_word' id='word_1_681' title='bbox 2168 2928 2433 2981; x_wconf 88' lang='lat' dir='ltr'><strong>convertis</strong></span> <span class='ocrx_word' id='word_1_682' title='bbox 2459 2934 2514 2981; x_wconf 89' lang='lat' dir='ltr'><strong>et</strong></span> <span class='ocrx_word' id='word_1_683' title='bbox 2539 2925 2673 2981; x_wconf 88' lang='lat' dir='ltr'><strong>dicis</strong></span> <span class='ocrx_word' id='word_1_684' title='bbox 2701 2943 2714 2980; x_wconf 90' lang='lat'><strong>:</strong></span> <span class='ocrx_word' id='word_1_685' title='bbox 2748 2943 2767 2979; x_wconf 76' lang='grc' dir='ltr'>ι</span> <span class='ocrx_word' id='word_1_686' title='bbox 2802 2924 3046 2981; x_wconf 89' lang='lat' dir='ltr'><strong>Orandus</strong></span> <span class='ocrx_word' id='word_1_687' title='bbox 3075 2937 3157 2982; x_wconf 90' lang='lat' dir='ltr'><strong>est</strong></span> <span class='ocrx_word' id='word_1_688' title='bbox 3197 2927 3282 2984; x_wconf 90' lang='lat' dir='ltr'><strong>hic</strong></span> <span class='ocrx_word' id='word_1_689' title='bbox 3313 2928 3482 2991; x_wconf 86' lang='lat' dir='ltr'><strong>Deus,</strong></span> <span class='ocrx_word' id='word_1_690' title='bbox 3516 2928 3679 2984; x_wconf 82' lang='lat' dir='ltr'><strong>frater</strong></span> 
     </span>
    </p>
   </div>
   <div class='ocr_carea' id='block_1_90' title="bbox 2090 3017 3681 3090">
    <p class='ocr_par' dir='ltr' id='par_1_90' title="bbox 2090 3017 3681 3090">
     <span class='ocr_line' id='line_1_91' title="bbox 2090 3017 3681 3090; baseline 0.001 -18"><span class='ocrx_word' id='word_1_691' title='bbox 2090 3017 2396 3074; x_wconf 88' lang='lat' dir='ltr'><strong>beatissime</strong></span> <span class='ocrx_word' id='word_1_692' title='bbox 2424 3017 2454 3073; x_wconf 85' lang='grc' dir='ltr'><strong>Ἰ</strong></span> <span class='ocrx_word' id='word_1_693' title='bbox 2472 3018 2703 3084; x_wconf 89' lang='lat' dir='ltr'><strong>urbanti,</strong></span> <span class='ocrx_word' id='word_1_694' title='bbox 2735 3018 3090 3073; x_wconf 87' lang='lat' dir='ltr'><strong>consacerdos</strong></span> <span class='ocrx_word' id='word_1_695' title='bbox 3113 3018 3479 3085; x_wconf 87' lang='lat' dir='ltr'><strong>dilectissime,</strong></span> <span class='ocrx_word' id='word_1_696' title='bbox 3505 3034 3562 3074; x_wconf 90' lang='lat' dir='ltr'><strong>ut</strong></span> <span class='ocrx_word' id='word_1_697' title='bbox 3586 3034 3681 3090; x_wconf 83' lang='lat' dir='ltr'><strong>pa-</strong></span> 
     </span>
    </p>
   </div>
   <div class='ocr_carea' id='block_1_91' title="bbox 2091 3109 3679 3181">
    <p class='ocr_par' dir='ltr' id='par_1_91' title="bbox 2091 3109 3679 3181">
     <span class='ocr_line' id='line_1_92' title="bbox 2091 3109 3679 3181; baseline 0.001 -17"><span class='ocrx_word' id='word_1_698' title='bbox 2091 3109 2237 3166; x_wconf 86' lang='lat' dir='ltr'><strong>ribus</strong></span> <span class='ocrx_word' id='word_1_699' title='bbox 2267 3112 2426 3165; x_wconf 86' lang='lat' dir='ltr'><strong>etiam</strong></span> <span class='ocrx_word' id='word_1_700' title='bbox 2463 3111 2561 3167; x_wconf 89' lang='lat' dir='ltr'><strong>hac</strong></span> <span class='ocrx_word' id='word_1_701' title='bbox 2593 3120 2907 3181; x_wconf 86' lang='lat' dir='ltr'><strong>tempestate</strong></span> <span class='ocrx_word' id='word_1_702' title='bbox 2944 3110 3225 3165; x_wconf 89' lang='lat' dir='ltr'><strong>virtutibus</strong></span> <span class='ocrx_word' id='word_1_703' title='bbox 3267 3110 3558 3166; x_wconf 85' lang='lat' dir='ltr'><strong>Ecclesiam</strong></span> <span class='ocrx_word' id='word_1_704' title='bbox 3586 3127 3679 3166; x_wconf 85' lang='lat' dir='ltr'><strong>ca-</strong></span> 
     </span>
    </p>
   </div>
   <div class='ocr_carea' id='block_1_92' title="bbox 2094 3200 3679 3271">
    <p class='ocr_par' dir='ltr' id='par_1_92' title="bbox 2094 3200 3679 3271">
     <span class='ocr_line' id='line_1_93' title="bbox 2094 3200 3679 3271; baseline -0.001 -14"><span class='ocrx_word' id='word_1_705' title='bbox 2094 3200 2376 3267; x_wconf 90' lang='lat' dir='ltr'><strong>tholicam,</strong></span> <span class='ocrx_word' id='word_1_706' title='bbox 2419 3201 2537 3256; x_wconf 88' lang='lat' dir='ltr'><strong>Filii</strong></span> <span class='ocrx_word' id='word_1_707' title='bbox 2579 3203 2661 3258; x_wconf 87' lang='lat' dir='ltr'><strong>sui</strong></span> <span class='ocrx_word' id='word_1_708' title='bbox 2701 3217 2987 3271; x_wconf 87' lang='lat' dir='ltr'><strong>sponsam,</strong></span> <span class='ocrx_word' id='word_1_709' title='bbox 3027 3211 3322 3266; x_wconf 91' lang='lat' dir='ltr'><strong>maturam,</strong></span> <span class='ocrx_word' id='word_1_710' title='bbox 3367 3201 3679 3269; x_wconf 86' lang='lat' dir='ltr'><strong>fecundam,</strong></span> 
     </span>
    </p>
   </div>
   <div class='ocr_carea' id='block_1_93' title="bbox 2092 3295 3683 3365">
    <p class='ocr_par' dir='ltr' id='par_1_93' title="bbox 2092 3295 3683 3365">
     <span class='ocr_line' id='line_1_94' title="bbox 2092 3295 3683 3365; baseline -0.001 -14"><span class='ocrx_word' id='word_1_711' title='bbox 2092 3306 2313 3363; x_wconf 91' lang='lat' dir='ltr'><strong>castam,</strong></span> <span class='ocrx_word' id='word_1_712' title='bbox 2340 3295 2610 3362; x_wconf 88' lang='lat' dir='ltr'><strong>decoram,</strong></span> <span class='ocrx_word' id='word_1_713' title='bbox 2641 3311 2671 3350; x_wconf 89' lang='lat' dir='ltr'><strong>a</strong></span> <span class='ocrx_word' id='word_1_714' title='bbox 2700 3296 3114 3351; x_wconf 80' lang='lat' dir='ltr'><strong>Mauiclueorum</strong></span> <span class='ocrx_word' id='word_1_715' title='bbox 3144 3295 3597 3365; x_wconf 77' lang='lat' dir='ltr'><strong>cauatupratione,</strong></span> <span class='ocrx_word' id='word_1_716' title='bbox 3629 3295 3683 3350; x_wconf 87' lang='lat' dir='ltr'><strong>itt</strong></span> 
     </span>
    </p>
   </div>
   <div class='ocr_carea' id='block_1_94' title="bbox 2093 3388 3684 3454">
    <p class='ocr_par' dir='ltr' id='par_1_94' title="bbox 2093 3388 3684 3454">
     <span class='ocr_line' id='line_1_95' title="bbox 2093 3388 3684 3454; baseline 0 -10"><span class='ocrx_word' id='word_1_717' title='bbox 2093 3388 2271 3444; x_wconf 87' lang='lat' dir='ltr'><strong>Africa</strong></span> <span class='ocrx_word' id='word_1_718' title='bbox 2307 3391 2388 3444; x_wconf 89' lang='lat' dir='ltr'><strong>vel</strong></span> <span class='ocrx_word' id='word_1_719' title='bbox 2418 3405 2483 3444; x_wconf 81' lang='lat' dir='ltr'><strong>ex</strong></span> <span class='ocrx_word' id='word_1_720' title='bbox 2514 3388 2689 3444; x_wconf 88' lang='lat' dir='ltr'><strong>Africa</strong></span> <span class='ocrx_word' id='word_1_721' title='bbox 2727 3389 3153 3445; x_wconf 86' lang='lat' dir='ltr'><strong>latrocinantium</strong></span> <span class='ocrx_word' id='word_1_722' title='bbox 3175 3429 3190 3454; x_wconf 91' lang='lat'><strong>,</strong></span> <span class='ocrx_word' id='word_1_723' title='bbox 3217 3403 3408 3443; x_wconf 88' lang='lat' dir='ltr'><strong>eruere</strong></span> <span class='ocrx_word' id='word_1_724' title='bbox 3433 3404 3539 3443; x_wconf 90' lang='lat' dir='ltr'><strong>non</strong></span> <span class='ocrx_word' id='word_1_725' title='bbox 3566 3402 3684 3444; x_wconf 81' lang='lat' dir='ltr'><strong>mo-</strong></span> 
     </span>
    </p>
   </div>
   <div class='ocr_carea' id='block_1_95' title="bbox 2094 3479 3685 3553">
    <p class='ocr_par' dir='ltr' id='par_1_95' title="bbox 2094 3479 3685 3553">
     <span class='ocr_line' id='line_1_96' title="bbox 2094 3479 3685 3553; baseline -0.003 -15"><span class='ocrx_word' id='word_1_726' title='bbox 2094 3494 2260 3539; x_wconf 90' lang='lat' dir='ltr'><strong>retur.</strong></span> <span class='ocrx_word' id='word_1_727' title='bbox 2296 3502 2314 3536; x_wconf 75' lang='grc' dir='ltr'><strong><em>ι</em></strong></span> <span class='ocrx_word' id='word_1_728' title='bbox 2351 3483 2476 3538; x_wconf 86' lang='lat' dir='ltr'><strong>lla:c</strong></span> <span class='ocrx_word' id='word_1_729' title='bbox 2513 3494 2693 3538; x_wconf 89' lang='lat' dir='ltr'><strong>nostra</strong></span> <span class='ocrx_word' id='word_1_730' title='bbox 2721 3484 2898 3553; x_wconf 90' lang='lat' dir='ltr'><strong>potius</strong></span> <span class='ocrx_word' id='word_1_731' title='bbox 2926 3481 3096 3536; x_wconf 84' lang='lat' dir='ltr'><strong>oratio</strong></span> <span class='ocrx_word' id='word_1_732' title='bbox 3123 3490 3203 3536; x_wconf 87' lang='lat' dir='ltr'><strong>est</strong></span> <span class='ocrx_word' id='word_1_733' title='bbox 3234 3483 3491 3535; x_wconf 88' lang='lat' dir='ltr'><strong>adversus</strong></span> <span class='ocrx_word' id='word_1_734' title='bbox 3517 3479 3685 3535; x_wconf 81' lang='lat' dir='ltr'><strong>Mani-</strong></span> 
     </span>
    </p>
   </div>
   <div class='ocr_carea' id='block_1_96' title="bbox 2094 3572 3688 3644">
    <p class='ocr_par' dir='ltr' id='par_1_96' title="bbox 2094 3572 3688 3644">
     <span class='ocr_line' id='line_1_97' title="bbox 2094 3572 3688 3644; baseline -0.004 -12"><span class='ocrx_word' id='word_1_735' title='bbox 2094 3576 2294 3641; x_wconf 80' lang='lat' dir='ltr'><strong>chaeos,</strong></span> <span class='ocrx_word' id='word_1_736' title='bbox 2322 3585 2376 3631; x_wconf 89' lang='lat' dir='ltr'><strong>et</strong></span> <span class='ocrx_word' id='word_1_737' title='bbox 2401 3578 2717 3640; x_wconf 73' lang='lat' dir='ltr'><strong>Donatistas,</strong></span> <span class='ocrx_word' id='word_1_738' title='bbox 2747 3583 2803 3630; x_wconf 90' lang='lat' dir='ltr'><strong>et</strong></span> <span class='ocrx_word' id='word_1_739' title='bbox 2829 3576 2963 3630; x_wconf 88' lang='lat' dir='ltr'><strong>alios</strong></span> <span class='ocrx_word' id='word_1_740' title='bbox 2988 3574 3291 3639; x_wconf 70' lang='lat' dir='ltr'><strong>hazreticos,</strong></span> <span class='ocrx_word' id='word_1_741' title='bbox 3317 3574 3398 3629; x_wconf 83' lang='lat' dir='ltr'><strong>vel</strong></span> <span class='ocrx_word' id='word_1_742' title='bbox 3423 3572 3688 3644; x_wconf 87' lang='lat' dir='ltr'><strong>quoslibet</strong></span> 
     </span>
    </p>
   </div>
   <div class='ocr_carea' id='block_1_97' title="bbox 2095 3665 3689 3725">
    <p class='ocr_par' dir='ltr' id='par_1_97' title="bbox 2095 3665 3689 3725">
     <span class='ocr_line' id='line_1_98' title="bbox 2095 3665 3689 3725; baseline -0.003 -2"><span class='ocrx_word' id='word_1_743' title='bbox 2095 3668 2370 3725; x_wconf 89' lang='lat' dir='ltr'><strong>christiani</strong></span> <span class='ocrx_word' id='word_1_744' title='bbox 2398 3677 2449 3724; x_wconf 89' lang='lat' dir='ltr'><strong>et</strong></span> <span class='ocrx_word' id='word_1_745' title='bbox 2473 3668 2721 3724; x_wconf 89' lang='lat' dir='ltr'><strong>catholici</strong></span> <span class='ocrx_word' id='word_1_746' title='bbox 2750 3667 2981 3721; x_wconf 90' lang='lat' dir='ltr'><strong>nominis</strong></span> <span class='ocrx_word' id='word_1_747' title='bbox 3006 3666 3248 3720; x_wconf 86' lang='lat' dir='ltr'><strong>inimicos</strong></span> <span class='ocrx_word' id='word_1_748' title='bbox 3268 3666 3328 3719; x_wconf 82' lang='lat' dir='ltr'><strong>in</strong></span> <span class='ocrx_word' id='word_1_749' title='bbox 3360 3665 3535 3720; x_wconf 74' lang='lat' dir='ltr'><strong>Africa</strong></span> <span class='ocrx_word' id='word_1_750' title='bbox 3560 3680 3689 3720; x_wconf 88' lang='lat' dir='ltr'><strong>cun-</strong></span> 
     </span>
    </p>
   </div>
   <div class='ocr_carea' id='block_1_98' title="bbox 2097 3756 3725 3828">
    <p class='ocr_par' dir='ltr' id='par_1_98' title="bbox 2097 3756 3725 3828">
     <span class='ocr_line' id='line_1_99' title="bbox 2097 3756 3725 3828; baseline -0.004 -13"><span class='ocrx_word' id='word_1_751' title='bbox 2097 3762 2330 3815; x_wconf 89' lang='lat' dir='ltr'><strong>stitutos.</strong></span> <span class='ocrx_word' id='word_1_752' title='bbox 2360 3759 2556 3815; x_wconf 87' lang='lat' dir='ltr'><strong>Contra</strong></span> <span class='ocrx_word' id='word_1_753' title='bbox 2583 3774 2678 3814; x_wconf 91' lang='lat' dir='ltr'><strong>vos</strong></span> <span class='ocrx_word' id='word_1_754' title='bbox 2706 3768 2907 3825; x_wconf 91' lang='lat' dir='ltr'><strong>autem,</strong></span> <span class='ocrx_word' id='word_1_755' title='bbox 2936 3760 3058 3828; x_wconf 91' lang='lat' dir='ltr'><strong>quia</strong></span> <span class='ocrx_word' id='word_1_756' title='bbox 3090 3756 3243 3811; x_wconf 90' lang='lat' dir='ltr'><strong>nobis</strong></span> <span class='ocrx_word' id='word_1_757' title='bbox 3269 3757 3400 3811; x_wconf 89' lang='lat' dir='ltr'><strong>estis</strong></span> <span class='ocrx_word' id='word_1_758' title='bbox 3430 3756 3686 3826; x_wconf 86' lang='lat' dir='ltr'><strong>pestilen-</strong></span> <span class='ocrx_word' id='word_1_759' title='bbox 3724 3816 3725 3819; x_wconf 25' lang='grc' dir='ltr'><strong>η</strong></span> 
     </span>
    </p>
   </div>
   <div class='ocr_carea' id='block_1_99' title="bbox 2098 3846 3751 3918">
    <p class='ocr_par' dir='ltr' id='par_1_99' title="bbox 2098 3846 3751 3918">
     <span class='ocr_line' id='line_1_100' title="bbox 2098 3846 3751 3918; baseline -0.005 -12"><span class='ocrx_word' id='word_1_760' title='bbox 2098 3852 2169 3907; x_wconf 88' lang='lat' dir='ltr'><strong>tia</strong></span> <span class='ocrx_word' id='word_1_761' title='bbox 2210 3851 2595 3918; x_wconf 81' lang='lat' dir='ltr'><strong>transmarina,</strong></span> <span class='ocrx_word' id='word_1_762' title='bbox 2629 3850 2839 3906; x_wconf 86' lang='lat' dir='ltr'><strong>Christo</strong></span> <span class='ocrx_word' id='word_1_763' title='bbox 2876 3850 3141 3904; x_wconf 85' lang='lat' dir='ltr'><strong>salvatore</strong></span> <span class='ocrx_word' id='word_1_764' title='bbox 3169 3846 3460 3909; x_wconf 85' lang='lat' dir='ltr'><strong>vincenda,</strong></span> <span class='ocrx_word' id='word_1_765' title='bbox 3497 3846 3688 3900; x_wconf 88' lang='lat' dir='ltr'><strong>ideoue</strong></span> <span class='ocrx_word' id='word_1_766' title='bbox 3742 3891 3751 3897; x_wconf 91' lang='lat'><strong>.</strong></span> 
     </span>
    </p>
   </div>
   <div class='ocr_carea' id='block_1_100' title="bbox 2098 3935 3690 4013">
    <p class='ocr_par' dir='ltr' id='par_1_100' title="bbox 2098 3935 3690 4013">
     <span class='ocr_line' id='line_1_101' title="bbox 2098 3935 3690 4013; baseline -0.004 -14"><span class='ocrx_word' id='word_1_767' title='bbox 2098 3944 2477 3999; x_wconf 82' lang='lat' dir='ltr'><strong>latrocinamur</strong></span> <span class='ocrx_word' id='word_1_768' title='bbox 2515 3959 2580 3999; x_wconf 77' lang='lat' dir='ltr'><strong>ex</strong></span> <span class='ocrx_word' id='word_1_769' title='bbox 2622 3943 2827 4008; x_wconf 88' lang='lat' dir='ltr'><strong>Africa,</strong></span> <span class='ocrx_word' id='word_1_770' title='bbox 2867 3942 2988 4013; x_wconf 90' lang='lat' dir='ltr'><strong>quia</strong></span> <span class='ocrx_word' id='word_1_771' title='bbox 3033 3955 3194 3995; x_wconf 89' lang='lat' dir='ltr'><strong>unum</strong></span> <span class='ocrx_word' id='word_1_772' title='bbox 3237 3949 3523 4010; x_wconf 89' lang='lat' dir='ltr'><strong>martyrem</strong></span> <span class='ocrx_word' id='word_1_773' title='bbox 3564 3935 3690 3993; x_wconf 82' lang='lat' dir='ltr'><strong>hinc</strong></span> 
     </span>
    </p>
   </div>
   <div class='ocr_carea' id='block_1_101' title="bbox 2098 4029 3689 4107">
    <p class='ocr_par' dir='ltr' id='par_1_101' title="bbox 2098 4029 3689 4107">
     <span class='ocr_line' id='line_1_102' title="bbox 2098 4029 3689 4107; baseline -0.006 -15"><span class='ocrx_word' id='word_1_774' title='bbox 2098 4037 2414 4107; x_wconf 85' lang='lat' dir='ltr'><strong>opponimus</strong></span> <span class='ocrx_word' id='word_1_775' title='bbox 2438 4035 2779 4105; x_wconf 89' lang='lat' dir='ltr'><strong>Cyprianum,</strong></span> <span class='ocrx_word' id='word_1_776' title='bbox 2810 4048 2903 4102; x_wconf 92' lang='lat' dir='ltr'><strong>per</strong></span> <span class='ocrx_word' id='word_1_777' title='bbox 2924 4047 3080 4102; x_wconf 91' lang='lat' dir='ltr'><strong>quem</strong></span> <span class='ocrx_word' id='word_1_778' title='bbox 3108 4029 3390 4100; x_wconf 88' lang='lat' dir='ltr'><strong>probemus</strong></span> <span class='ocrx_word' id='word_1_779' title='bbox 3416 4030 3689 4098; x_wconf 90' lang='lat' dir='ltr'><strong>antiquam</strong></span> 
     </span>
    </p>
   </div>
   <div class='ocr_carea' id='block_1_102' title="bbox 2101 4107 3691 4185">
    <p class='ocr_par' dir='ltr' id='par_1_102' title="bbox 2101 4107 3691 4185">
     <span class='ocr_line' id='line_1_103' title="bbox 2101 4107 3691 4185; baseline -0.004 -6"><span class='ocrx_word' id='word_1_780' title='bbox 2101 4141 2199 4180; x_wconf 89' lang='lat' dir='ltr'><strong>nos</strong></span> <span class='ocrx_word' id='word_1_781' title='bbox 2228 4124 2512 4180; x_wconf 86' lang='lat' dir='ltr'><strong>defendere</strong></span> <span class='ocrx_word' id='word_1_782' title='bbox 2541 4124 2699 4179; x_wconf 85' lang='lat' dir='ltr'><strong>fidem</strong></span> <span class='ocrx_word' id='word_1_783' title='bbox 2724 4107 3063 4185; x_wconf 84' lang='lat' dir='ltr'><strong>catholicam,</strong></span> <span class='ocrx_word' id='word_1_784' title='bbox 3091 4130 3275 4175; x_wconf 86' lang='lat' dir='ltr'><strong>contra</strong></span> <span class='ocrx_word' id='word_1_785' title='bbox 3303 4120 3465 4173; x_wconf 88' lang='lat' dir='ltr'><strong>vestri</strong></span> <span class='ocrx_word' id='word_1_786' title='bbox 3491 4118 3691 4172; x_wconf 84' lang='lat' dir='ltr'><strong>erroris</strong></span> 
     </span>
    </p>
   </div>
   <div class='ocr_carea' id='block_1_103' title="bbox 2101 4211 3693 4287">
    <p class='ocr_par' dir='ltr' id='par_1_103' title="bbox 2101 4211 3693 4287">
     <span class='ocr_line' id='line_1_104' title="bbox 2101 4211 3693 4287; baseline -0.003 -16"><span class='ocrx_word' id='word_1_787' title='bbox 2101 4232 2288 4271; x_wconf 89' lang='lat' dir='ltr'><strong>vanam</strong></span> <span class='ocrx_word' id='word_1_788' title='bbox 2334 4216 2715 4287; x_wconf 87' lang='lat' dir='ltr'><strong>profanamque</strong></span> <span class='ocrx_word' id='word_1_789' title='bbox 2745 4213 3070 4268; x_wconf 85' lang='lat' dir='ltr'><strong>novitatem?</strong></span> <span class='ocrx_word' id='word_1_790' title='bbox 3096 4214 3142 4268; x_wconf 88' lang='grc'><strong>0</strong></span> <span class='ocrx_word' id='word_1_791' title='bbox 3178 4212 3359 4268; x_wconf 79' lang='lat' dir='ltr'><strong>nefas!</strong></span> <span class='ocrx_word' id='word_1_792' title='bbox 3397 4211 3693 4267; x_wconf 84' lang='lat' dir='ltr'><strong>Defucrunt</strong></span> 
     </span>
    </p>
   </div>
   <div class='ocr_carea' id='block_1_104' title="bbox 2103 4301 3694 4377">
    <p class='ocr_par' dir='ltr' id='par_1_104' title="bbox 2103 4301 3694 4377">
     <span class='ocr_line' id='line_1_105' title="bbox 2103 4301 3694 4377; baseline -0.006 -12"><span class='ocrx_word' id='word_1_793' title='bbox 2103 4309 2357 4365; x_wconf 67' lang='lat' dir='ltr'><strong>Ecclesiae</strong></span> <span class='ocrx_word' id='word_1_794' title='bbox 2389 4307 2480 4362; x_wconf 91' lang='lat' dir='ltr'><strong>Dci</strong></span> <span class='ocrx_word' id='word_1_795' title='bbox 2510 4323 2626 4377; x_wconf 75' lang='lat' dir='ltr'><strong>qua:</strong></span> <span class='ocrx_word' id='word_1_796' title='bbox 2658 4306 2709 4360; x_wconf 91' lang='lat' dir='ltr'><strong>in</strong></span> <span class='ocrx_word' id='word_1_797' title='bbox 2745 4304 2919 4360; x_wconf 76' lang='lat' dir='ltr'><strong>Africa</strong></span> <span class='ocrx_word' id='word_1_798' title='bbox 2954 4304 3238 4358; x_wconf 76' lang='lat' dir='ltr'><strong>constituta</strong></span> <span class='ocrx_word' id='word_1_799' title='bbox 3273 4312 3373 4367; x_wconf 89' lang='lat' dir='ltr'><strong>est,</strong></span> <span class='ocrx_word' id='word_1_800' title='bbox 3407 4301 3694 4358; x_wconf 87' lang='lat' dir='ltr'><strong>defuerunt</strong></span> 
     </span>
    </p>
   </div>
   <div class='ocr_carea' id='block_1_105' title="bbox 2104 4392 3692 4467">
    <p class='ocr_par' dir='ltr' id='par_1_105' title="bbox 2104 4392 3692 4467">
     <span class='ocr_line' id='line_1_106' title="bbox 2104 4392 3692 4467; baseline -0.004 -12"><span class='ocrx_word' id='word_1_801' title='bbox 2104 4401 2373 4455; x_wconf 87' lang='lat' dir='ltr'><strong>orationes</strong></span> <span class='ocrx_word' id='word_1_802' title='bbox 2400 4407 2523 4463; x_wconf 69' lang='lat' dir='ltr'><strong>IlltB,</strong></span> <span class='ocrx_word' id='word_1_803' title='bbox 2552 4396 2764 4467; x_wconf 88' lang='lat' dir='ltr'><strong>quando</strong></span> <span class='ocrx_word' id='word_1_804' title='bbox 2792 4395 2888 4450; x_wconf 91' lang='lat' dir='ltr'><strong>ista</strong></span> <span class='ocrx_word' id='word_1_805' title='bbox 2918 4410 3037 4465; x_wconf 73' lang='lat' dir='ltr'><strong>qua:</strong></span> <span class='ocrx_word' id='word_1_806' title='bbox 3067 4409 3362 4465; x_wconf 85' lang='lat' dir='ltr'><strong>oppugnas,</strong></span> <span class='ocrx_word' id='word_1_807' title='bbox 3394 4392 3692 4465; x_wconf 81' lang='lat' dir='ltr'><strong>Cyprianus</strong></span> 
     </span>
    </p>
   </div>
   <div class='ocr_carea' id='block_1_106' title="bbox 2104 4485 3692 4560">
    <p class='ocr_par' dir='ltr' id='par_1_106' title="bbox 2104 4485 3692 4560">
     <span class='ocr_line' id='line_1_107' title="bbox 2104 4485 3692 4560; baseline -0.003 -13"><span class='ocrx_word' id='word_1_808' title='bbox 2104 4491 2440 4547; x_wconf 81' lang='lat' dir='ltr'><strong>beatiSsimus</strong></span> <span class='ocrx_word' id='word_1_809' title='bbox 2470 4486 2826 4560; x_wconf 85' lang='lat' dir='ltr'><strong>praedicabat?</strong></span> <span class='ocrx_word' id='word_1_810' title='bbox 2847 4485 3077 4555; x_wconf 84' lang='lat' dir='ltr'><strong>Quando</strong></span> <span class='ocrx_word' id='word_1_811' title='bbox 3105 4486 3193 4541; x_wconf 89' lang='lat' dir='ltr'><strong>ille</strong></span> <span class='ocrx_word' id='word_1_812' title='bbox 3217 4487 3446 4548; x_wconf 88' lang='lat' dir='ltr'><strong>dicebat,</strong></span> <span class='ocrx_word' id='word_1_813' title='bbox 3477 4505 3495 4538; x_wconf 77' lang='grc' dir='ltr'>ι</span> <span class='ocrx_word' id='word_1_814' title='bbox 3528 4485 3692 4542; x_wconf 77' lang='lat' dir='ltr'><strong>Multo</strong></span> 
     </span>
    </p>
   </div>
   <div class='ocr_carea' id='block_1_107' title="bbox 2106 4578 3696 4655">
    <p class='ocr_par' dir='ltr' id='par_1_107' title="bbox 2106 4578 3696 4655">
     <span class='ocr_line' id='line_1_108' title="bbox 2106 4578 3696 4655; baseline -0.004 -17"><span class='ocrx_word' id='word_1_815' title='bbox 2106 4584 2275 4655; x_wconf 83' lang='lat' dir='ltr'><strong>magis</strong></span> <span class='ocrx_word' id='word_1_816' title='bbox 2304 4600 2332 4636; x_wconf 91' lang='lat' dir='ltr'><strong>a</strong></span> <span class='ocrx_word' id='word_1_817' title='bbox 2366 4582 2692 4652; x_wconf 85' lang='lat' dir='ltr'><strong>Baptismate</strong></span> <span class='ocrx_word' id='word_1_818' title='bbox 2730 4579 3002 4651; x_wconf 90' lang='lat' dir='ltr'><strong>prohiberi</strong></span> <span class='ocrx_word' id='word_1_819' title='bbox 3033 4596 3138 4633; x_wconf 89' lang='lat' dir='ltr'><strong>non</strong></span> <span class='ocrx_word' id='word_1_820' title='bbox 3173 4578 3333 4634; x_wconf 89' lang='lat' dir='ltr'><strong>debet</strong></span> <span class='ocrx_word' id='word_1_821' title='bbox 3372 4579 3572 4642; x_wconf 89' lang='lat' dir='ltr'><strong>infans,</strong></span> <span class='ocrx_word' id='word_1_822' title='bbox 3605 4578 3696 4650; x_wconf 89' lang='lat' dir='ltr'><strong>qui</strong></span> 
     </span>
    </p>
   </div>
   <div class='ocr_carea' id='block_1_108' title="bbox 2106 4668 3697 4741">
    <p class='ocr_par' dir='ltr' id='par_1_108' title="bbox 2106 4668 3697 4741">
     <span class='ocr_line' id='line_1_109' title="bbox 2106 4668 3697 4741; baseline -0.005 -10"><span class='ocrx_word' id='word_1_823' title='bbox 2106 4689 2295 4731; x_wconf 85' lang='lat' dir='ltr'><strong>recens</strong></span> <span class='ocrx_word' id='word_1_824' title='bbox 2316 4682 2470 4727; x_wconf 85' lang='lat' dir='ltr'><strong>natus</strong></span> <span class='ocrx_word' id='word_1_825' title='bbox 2492 4671 2623 4727; x_wconf 87' lang='lat' dir='ltr'><strong>nihil</strong></span> <span class='ocrx_word' id='word_1_826' title='bbox 2644 4669 2901 4741; x_wconf 89' lang='lat' dir='ltr'><strong>peccavit,</strong></span> <span class='ocrx_word' id='word_1_827' title='bbox 2926 4669 3025 4724; x_wconf 89' lang='lat' dir='ltr'><strong>nisi</strong></span> <span class='ocrx_word' id='word_1_828' title='bbox 3047 4668 3187 4740; x_wconf 88' lang='lat' dir='ltr'><strong>quod</strong></span> <span class='ocrx_word' id='word_1_829' title='bbox 3212 4669 3501 4724; x_wconf 83' lang='lat' dir='ltr'><strong>secundum</strong></span> <span class='ocrx_word' id='word_1_830' title='bbox 3526 4668 3697 4723; x_wconf 77' lang='lat' dir='ltr'><strong>Adam</strong></span> 
     </span>
    </p>
   </div>
   <div class='ocr_carea' id='block_1_109' title="bbox 2107 4758 3699 4831">
    <p class='ocr_par' dir='ltr' id='par_1_109' title="bbox 2107 4758 3699 4831">
     <span class='ocr_line' id='line_1_110' title="bbox 2107 4758 3699 4831; baseline -0.006 -11"><span class='ocrx_word' id='word_1_831' title='bbox 2107 4765 2392 4821; x_wconf 75' lang='lat' dir='ltr'><strong>carnaliter</strong></span> <span class='ocrx_word' id='word_1_832' title='bbox 2419 4772 2595 4828; x_wconf 91' lang='lat' dir='ltr'><strong>natus,</strong></span> <span class='ocrx_word' id='word_1_833' title='bbox 2618 4761 2919 4831; x_wconf 85' lang='lat' dir='ltr'><strong>contagium</strong></span> <span class='ocrx_word' id='word_1_834' title='bbox 2947 4761 3131 4814; x_wconf 89' lang='lat' dir='ltr'><strong>mortis</strong></span> <span class='ocrx_word' id='word_1_835' title='bbox 3150 4760 3380 4828; x_wconf 72' lang='lat' dir='ltr'><strong>antiqua:</strong></span> <span class='ocrx_word' id='word_1_836' title='bbox 3407 4758 3575 4829; x_wconf 88' lang='lat' dir='ltr'><strong>prima</strong></span> <span class='ocrx_word' id='word_1_837' title='bbox 3600 4774 3699 4811; x_wconf 78' lang='lat' dir='ltr'><strong>na-</strong></span> 
     </span>
    </p>
   </div>
   <div class='ocr_carea' id='block_1_110' title="bbox 2112 4847 3702 4919">
    <p class='ocr_par' dir='ltr' id='par_1_110' title="bbox 2112 4847 3702 4919">
     <span class='ocr_line' id='line_1_111' title="bbox 2112 4847 3702 4919; baseline -0.006 -7"><span class='ocrx_word' id='word_1_838' title='bbox 2112 4857 2314 4914; x_wconf 89' lang='lat' dir='ltr'><strong>tivilatc</strong></span> <span class='ocrx_word' id='word_1_839' title='bbox 2340 4855 2599 4912; x_wconf 77' lang='lat' dir='ltr'><strong>contraxit</strong></span> <span class='ocrx_word' id='word_1_840' title='bbox 2619 4896 2632 4918; x_wconf 95' lang='lat'><strong>,</strong></span> <span class='ocrx_word' id='word_1_841' title='bbox 2665 4862 2723 4907; x_wconf 91' lang='lat' dir='ltr'><strong>ut</strong></span> <span class='ocrx_word' id='word_1_842' title='bbox 2750 4853 2798 4907; x_wconf 89' lang='lat' dir='ltr'><strong>ei</strong></span> <span class='ocrx_word' id='word_1_843' title='bbox 2829 4852 3164 4906; x_wconf 82' lang='lat' dir='ltr'><strong>remittantur</strong></span> <span class='ocrx_word' id='word_1_844' title='bbox 3188 4865 3295 4904; x_wconf 89' lang='lat' dir='ltr'><strong>non</strong></span> <span class='ocrx_word' id='word_1_845' title='bbox 3330 4849 3570 4919; x_wconf 87' lang='lat' dir='ltr'><strong>propria,</strong></span> <span class='ocrx_word' id='word_1_846' title='bbox 3606 4847 3702 4903; x_wconf 85' lang='lat' dir='ltr'><strong>sed</strong></span> 
     </span>
    </p>
   </div>
   <div class='ocr_carea' id='block_1_111' title="bbox 2112 4939 3701 5019">
    <p class='ocr_par' dir='ltr' id='par_1_111' title="bbox 2112 4939 3701 5019">
     <span class='ocr_line' id='line_1_112' title="bbox 2112 4939 3701 5019; baseline -0.004 -17"><span class='ocrx_word' id='word_1_847' title='bbox 2112 4951 2284 5004; x_wconf 81' lang='lat' dir='ltr'><strong>aliena</strong></span> <span class='ocrx_word' id='word_1_848' title='bbox 2321 4957 2534 5018; x_wconf 88' lang='lat' dir='ltr'><strong>peccata</strong></span> <span class='ocrx_word' id='word_1_849' title='bbox 2564 4965 2590 4999; x_wconf 68' lang='grc' dir='ltr'><strong>ι»</strong></span> <span class='ocrx_word' id='word_1_850' title='bbox 2622 4943 2827 5019; x_wconf 82' lang='lat' dir='ltr'><strong>(Epist.</strong></span> <span class='ocrx_word' id='word_1_851' title='bbox 2857 4944 2925 4999; x_wconf 78' lang='grc'><strong>64</strong></span> <span class='ocrx_word' id='word_1_852' title='bbox 2948 4943 3016 4999; x_wconf 89' lang='lat' dir='ltr'><strong>ad</strong></span> <span class='ocrx_word' id='word_1_853' title='bbox 3047 4940 3271 5010; x_wconf 84' lang='lat' dir='ltr'><strong>Fidum)</strong></span> <span class='ocrx_word' id='word_1_854' title='bbox 3302 4957 3316 4995; x_wconf 89' lang='lat'><strong>:</strong></span> <span class='ocrx_word' id='word_1_855' title='bbox 3345 4940 3559 5011; x_wconf 88' lang='lat' dir='ltr'><strong>quando</strong></span> <span class='ocrx_word' id='word_1_856' title='bbox 3587 4939 3701 4996; x_wconf 79' lang='lat' dir='ltr'><strong>lucc</strong></span> 
     </span>
    </p>
   </div>
   <div class='ocr_carea' id='block_1_112' title="bbox 2113 5032 3698 5113">
    <p class='ocr_par' dir='ltr' id='par_1_112' title="bbox 2113 5032 3698 5113">
     <span class='ocr_line' id='line_1_113' title="bbox 2113 5032 3698 5113; baseline -0.006 -16"><span class='ocrx_word' id='word_1_857' title='bbox 2113 5041 2408 5113; x_wconf 86' lang='lat' dir='ltr'><strong>Cyprianus</strong></span> <span class='ocrx_word' id='word_1_858' title='bbox 2435 5039 2692 5094; x_wconf 89' lang='lat' dir='ltr'><strong>didicerat</strong></span> <span class='ocrx_word' id='word_1_859' title='bbox 2718 5047 2773 5091; x_wconf 91' lang='lat' dir='ltr'><strong>et</strong></span> <span class='ocrx_word' id='word_1_860' title='bbox 2801 5035 3057 5097; x_wconf 90' lang='lat' dir='ltr'><strong>docebat,</strong></span> <span class='ocrx_word' id='word_1_861' title='bbox 3089 5032 3255 5089; x_wconf 85' lang='lat' dir='ltr'><strong>defuit</strong></span> <span class='ocrx_word' id='word_1_862' title='bbox 3291 5032 3545 5086; x_wconf 76' lang='lat' dir='ltr'><strong>auxilium</strong></span> <span class='ocrx_word' id='word_1_863' title='bbox 3578 5047 3698 5102; x_wconf 89' lang='lat' dir='ltr'><strong>prc-</strong></span> 
     </span>
    </p>
   </div>
   <div class='ocr_carea' id='block_1_113' title="bbox 2113 5124 3705 5203">
    <p class='ocr_par' dir='ltr' id='par_1_113' title="bbox 2113 5124 3705 5203">
     <span class='ocr_line' id='line_1_114' title="bbox 2113 5124 3705 5203; baseline -0.009 -12"><span class='ocrx_word' id='word_1_864' title='bbox 2113 5151 2233 5191; x_wconf 90' lang='lat' dir='ltr'><strong>cum</strong></span> <span class='ocrx_word' id='word_1_865' title='bbox 2264 5144 2500 5194; x_wconf 89' lang='lat' dir='ltr'><strong>tuarum,</strong></span> <span class='ocrx_word' id='word_1_866' title='bbox 2528 5147 2634 5203; x_wconf 87' lang='lat' dir='ltr'><strong>quo</strong></span> <span class='ocrx_word' id='word_1_867' title='bbox 2661 5131 2816 5187; x_wconf 91' lang='lat' dir='ltr'><strong>Sarra</strong></span> <span class='ocrx_word' id='word_1_868' title='bbox 2847 5130 2900 5184; x_wconf 90' lang='lat' dir='ltr'><strong>in</strong></span> <span class='ocrx_word' id='word_1_869' title='bbox 2932 5128 3147 5197; x_wconf 84' lang='lat' dir='ltr'><strong>regione</strong></span> <span class='ocrx_word' id='word_1_870' title='bbox 3175 5124 3367 5181; x_wconf 81' lang='lat' dir='ltr'><strong>Africa:</strong></span> <span class='ocrx_word' id='word_1_871' title='bbox 3397 5135 3705 5181; x_wconf 85' lang='lat' dir='ltr'><strong>servaretur</strong></span> 
     </span>
    </p>
   </div>
   <div class='ocr_carea' id='block_1_114' title="bbox 2116 5217 3769 5293">
    <p class='ocr_par' dir='ltr' id='par_1_114' title="bbox 2116 5217 3769 5293">
     <span class='ocr_line' id='line_1_115' title="bbox 2116 5217 3769 5293; baseline -0.009 -10"><span class='ocrx_word' id='word_1_872' title='bbox 2116 5229 2332 5293; x_wconf 89' lang='lat' dir='ltr'><strong>intacta,</strong></span> <span class='ocrx_word' id='word_1_873' title='bbox 2357 5235 2411 5280; x_wconf 82' lang='lat' dir='ltr'><strong>et</strong></span> <span class='ocrx_word' id='word_1_874' title='bbox 2434 5240 2463 5279; x_wconf 92' lang='lat' dir='ltr'><strong>a</strong></span> <span class='ocrx_word' id='word_1_875' title='bbox 2490 5222 2897 5278; x_wconf 71' lang='lat' dir='ltr'><strong>lilanichzeorum</strong></span> <span class='ocrx_word' id='word_1_876' title='bbox 2924 5219 3373 5286; x_wconf 90' lang='lat' dir='ltr'><strong>constupratione,</strong></span> <span class='ocrx_word' id='word_1_877' title='bbox 3398 5217 3485 5287; x_wconf 89' lang='lat' dir='ltr'><strong>qui</strong></span> <span class='ocrx_word' id='word_1_878' title='bbox 3511 5231 3703 5273; x_wconf 85' lang='lat' dir='ltr'><strong>secun-</strong></span> <span class='ocrx_word' id='word_1_879' title='bbox 3765 5244 3769 5248; x_wconf 90' lang='lat'><strong><em>-</em></strong></span> 
     </span>
    </p>
   </div>
   <div class='ocr_carea' id='block_1_115' title="bbox 2117 5308 3704 5379">
    <p class='ocr_par' dir='ltr' id='par_1_115' title="bbox 2117 5308 3704 5379">
     <span class='ocr_line' id='line_1_116' title="bbox 2117 5308 3704 5379; baseline -0.006 -5"><span class='ocrx_word' id='word_1_880' title='bbox 2117 5320 2241 5374; x_wconf 92' lang='lat' dir='ltr'><strong>dum</strong></span> <span class='ocrx_word' id='word_1_881' title='bbox 2287 5317 2606 5373; x_wconf 87' lang='lat' dir='ltr'><strong>intellectum</strong></span> <span class='ocrx_word' id='word_1_882' title='bbox 2649 5324 2825 5377; x_wconf 90' lang='lat' dir='ltr'><strong>tuum,</strong></span> <span class='ocrx_word' id='word_1_883' title='bbox 2870 5319 3155 5379; x_wconf 83' lang='lat' dir='ltr'><strong>antequam</strong></span> <span class='ocrx_word' id='word_1_884' title='bbox 3196 5308 3467 5363; x_wconf 69' lang='lat' dir='ltr'><strong>Manicbari</strong></span> <span class='ocrx_word' id='word_1_885' title='bbox 3509 5324 3704 5364; x_wconf 88' lang='lat' dir='ltr'><strong>nomen</strong></span> 
     </span>
    </p>
   </div>
   <div class='ocr_carea' id='block_1_116' title="bbox 2119 5398 3708 5470">
    <p class='ocr_par' dir='ltr' id='par_1_116' title="bbox 2119 5398 3708 5470">
     <span class='ocr_line' id='line_1_117' title="bbox 2119 5398 3708 5470; baseline -0.006 -4"><span class='ocrx_word' id='word_1_886' title='bbox 2119 5410 2372 5466; x_wconf 82' lang='lat' dir='ltr'><strong>Romanis</strong></span> <span class='ocrx_word' id='word_1_887' title='bbox 2401 5408 2667 5462; x_wconf 66' lang='lat' dir='ltr'><strong>sonuBSset</strong></span> <span class='ocrx_word' id='word_1_888' title='bbox 2697 5405 2747 5456; x_wconf 90' lang='lat' dir='ltr'><strong>in</strong></span> <span class='ocrx_word' id='word_1_889' title='bbox 2785 5403 2968 5464; x_wconf 86' lang='lat' dir='ltr'><strong>terris,</strong></span> <span class='ocrx_word' id='word_1_890' title='bbox 2996 5401 3156 5455; x_wconf 88' lang='lat' dir='ltr'><strong>etiam</strong></span> <span class='ocrx_word' id='word_1_891' title='bbox 3189 5400 3359 5470; x_wconf 91' lang='lat' dir='ltr'><strong>ipsum</strong></span> <span class='ocrx_word' id='word_1_892' title='bbox 3387 5398 3708 5469; x_wconf 80' lang='lat' dir='ltr'><strong>deceperaut</strong></span> 
     </span>
    </p>
   </div>
   <div class='ocr_carea' id='block_1_117' title="bbox 2114 5488 3707 5573">
    <p class='ocr_par' dir='ltr' id='par_1_117' title="bbox 2114 5488 3707 5573">
     <span class='ocr_line' id='line_1_118' title="bbox 2114 5488 3707 5573; baseline -0.009 -15"><span class='ocrx_word' id='word_1_893' title='bbox 2114 5502 2474 5573; x_wconf 82' lang='lat' dir='ltr'><strong>Cyprianum,</strong></span> <span class='ocrx_word' id='word_1_894' title='bbox 2516 5497 2829 5551; x_wconf 87' lang='lat' dir='ltr'><strong>liberaretur</strong></span> <span class='ocrx_word' id='word_1_895' title='bbox 2868 5492 3123 5548; x_wconf 71' lang='lat' dir='ltr'><strong>Ecclesize</strong></span> <span class='ocrx_word' id='word_1_896' title='bbox 3166 5490 3540 5562; x_wconf 88' lang='lat' dir='ltr'><strong>pulchritudo?</strong></span> <span class='ocrx_word' id='word_1_897' title='bbox 3571 5488 3707 5545; x_wconf 80' lang='lat' dir='ltr'><strong>Vide</strong></span> 
     </span>
    </p>
   </div>
   <div class='ocr_carea' id='block_1_118' title="bbox 2121 5583 3703 5663">
    <p class='ocr_par' dir='ltr' id='par_1_118' title="bbox 2121 5583 3703 5663">
     <span class='ocr_line' id='line_1_119' title="bbox 2121 5583 3703 5663; baseline -0.008 -16"><span class='ocrx_word' id='word_1_898' title='bbox 2121 5608 2237 5663; x_wconf 68' lang='lat' dir='ltr'><strong>quae</strong></span> <span class='ocrx_word' id='word_1_899' title='bbox 2262 5598 2596 5645; x_wconf 88' lang='lat' dir='ltr'><strong>monstruosa</strong></span> <span class='ocrx_word' id='word_1_900' title='bbox 2617 5585 2882 5641; x_wconf 88' lang='lat' dir='ltr'><strong>et-furiosa</strong></span> <span class='ocrx_word' id='word_1_901' title='bbox 2906 5584 3050 5638; x_wconf 91' lang='lat' dir='ltr'><strong>dicas</strong></span> <span class='ocrx_word' id='word_1_902' title='bbox 3072 5594 3255 5639; x_wconf 90' lang='lat' dir='ltr'><strong>contra</strong></span> <span class='ocrx_word' id='word_1_903' title='bbox 3282 5583 3703 5653; x_wconf 84' lang='lat' dir='ltr'><strong>antiquissimam</strong></span> 
     </span>
    </p>
   </div>
   <div class='ocr_carea' id='block_1_119' title="bbox 2145 5737 3704 5825">
    <p class='ocr_par' dir='ltr' id='par_1_119' title="bbox 2145 5737 3704 5825">
     <span class='ocr_line' id='line_1_120' title="bbox 2145 5737 3704 5825; baseline -0.006 -24"><span class='ocrx_word' id='word_1_904' title='bbox 2145 5816 2169 5825; x_wconf 38' lang='grc' dir='ltr'>η</span> <span class='ocrx_word' id='word_1_905' title='bbox 2188 5754 2202 5785; x_wconf 79' lang='grc' dir='ltr'><strong>ι</strong></span> <span class='ocrx_word' id='word_1_906' title='bbox 2220 5759 2371 5825; x_wconf 38' lang='grc' dir='ltr'><strong>,ιλογη</strong></span> <span class='ocrx_word' id='word_1_907' title='bbox 2393 5749 2445 5801; x_wconf 82' lang='lat' dir='ltr'><strong>in</strong></span> <span class='ocrx_word' id='word_1_908' title='bbox 2468 5746 2817 5811; x_wconf 76' lang='lat' dir='ltr'><strong>cmnparutione</strong></span> <span class='ocrx_word' id='word_1_909' title='bbox 2841 5744 2957 5795; x_wconf 53' lang='lat' dir='ltr'><strong>meti</strong></span> <span class='ocrx_word' id='word_1_910' title='bbox 2979 5743 3171 5808; x_wconf 68' lang='lat' dir='ltr'><strong>pejoris.</strong></span> <span class='ocrx_word' id='word_1_911' title='bbox 3193 5741 3501 5803; x_wconf 76' lang='lat' dir='ltr'><strong>Abest,malt&#39;,</strong></span> <span class='ocrx_word' id='word_1_912' title='bbox 3518 5742 3579 5789; x_wconf 83' lang='lat' dir='ltr'><strong>ab</strong></span> <span class='ocrx_word' id='word_1_913' title='bbox 3600 5737 3704 5791; x_wconf 73' lang='lat' dir='ltr'><strong>aliis</strong></span> 
     </span>
    </p>
   </div>
   <div class='ocr_carea' id='block_1_120' title="bbox 2125 5815 2821 5930">
    <p class='ocr_par' dir='ltr' id='par_1_120' title="bbox 2125 5815 2821 5930">
     <span class='ocr_line' id='line_1_121' title="bbox 2125 5815 2275 5865; baseline -0.02 0"><span class='ocrx_word' id='word_1_914' title='bbox 2125 5815 2275 5865; x_wconf 76' lang='lat' dir='ltr'><strong>libris.</strong></span> 
     </span>
     <span class='ocr_line' id='line_1_122' title="bbox 2190 5877 2821 5930; baseline -0.014 -2"><span class='ocrx_word' id='word_1_915' title='bbox 2190 5881 2208 5911; x_wconf 81' lang='grc'>³</span> <span class='ocrx_word' id='word_1_916' title='bbox 2240 5888 2338 5927; x_wconf 66' lang='lat' dir='ltr'><strong>am.</strong></span> <span class='ocrx_word' id='word_1_917' title='bbox 2367 5879 2440 5924; x_wconf 71' lang='lat' dir='ltr'><strong>rx.</strong></span> <span class='ocrx_word' id='word_1_918' title='bbox 2469 5882 2513 5923; x_wconf 84' lang='lat' dir='ltr'><strong>et</strong></span> <span class='ocrx_word' id='word_1_919' title='bbox 2544 5879 2669 5930; x_wconf 64' lang='grc' dir='ltr'>ηδε..</span> <span class='ocrx_word' id='word_1_920' title='bbox 2695 5877 2821 5920; x_wconf 78' lang='lat' dir='ltr'><strong>tunc.</strong></span> 
     </span>
    </p>
   </div>
  </div>
