4038 6182
355 381 472 442 ⁸719

370 507 686 561 catholicam
718 503 897 567 fidem,
928 517 1031 555 non
1063 501 1306 554 hubeutlo
1331 499 1456 569 quid
1487 499 1654 554 diras.

439 604 526 656 52.
572 599 676 657 Sed
706 593 1093 668 quantumlibet
1121 591 1484 662 tergiversaris
1503 634 1518 658 ,
1550 609 1582 647 ο
1613 591 1830 646 haeresis
1857 589 1963 645 Pe-

368 692 600 765 Ῑειεί..ιιει,
627 706 747 762 quae
774 697 958 745 contra
987 700 1168 740 muros
1197 684 1578 754 antiquissimae
1606 683 1842 738 veritatis
1872 696 1966 735 no-
1984 731 2000 748 ,

375 803 464 842 vas
489 785 756 843 construis
777 782 1071 845 machinas,
1101 796 1267 834 novas
1291 781 1494 834 moliris
1518 779 1736 833 insidias
1763 799 1775 833 :
1803 797 1820 830 ι
1849 777 1967 834 Pte-

370 895 471 934 nus
495 877 816 947 disputator,
847 893 866 928 ι
895 873 1034 944 quod
1063 889 1148 927 me
1172 871 1556 926 contumeliose
1577 880 1697 925 tuus
1717 869 1968 926 defensor

371 969 638 1040 appellat;
672 967 871 1021 Pmuus
892 1008 908 1030 ,
943 965 1159 1033 inquam
1180 1005 1196 1028 ,
1227 950 1548 1032 disputator,
1578 977 1680 1016 non
1709 977 1808 1032 ego
1828 1003 1842 1026 ,
1872 961 1966 1016 sed

370 1059 668 1130 Cyprianus
695 1058 912 1124 Pmnus,
946 1065 1000 1112 te
1023 1055 1127 1110 hoc
1154 1055 1374 1110 vulnere
1407 1056 1600 1109 Pcenns
1631 1055 1887 1116 immolat,
1916 1064 1970 1107 et

371 1167 586 1219 uenam
614 1151 880 1204 scelerato
910 1165 974 1202 ex
1011 1147 1258 1216 dogmate
1293 1147 1455 1200 sumit
1489 1144 1586 1216 (a).
1620 1145 1789 1212 Quid,
1823 1152 1864 1199 si
1895 1154 1970 1199 tot

371 1247 655 1314 episcopos
683 1259 753 1298 ex
779 1242 954 1297 Africa
985 1240 1380 1302 nominassem,
1410 1250 1540 1308 quot
1574 1256 1638 1294 ex
1679 1239 1796 1294 aliis
1825 1239 1970 1293 orbis

375 1336 618 1403 rat-tibus
640 1330 944 1388 nominavi?
970 1341 1061 1386 aut
1081 1329 1228 1400 quid,
1258 1331 1302 1384 si
1331 1331 1380 1384 in
1403 1331 1480 1384 eis
1505 1330 1632 1399 ipsis
1659 1329 1834 1399 plures
1855 1328 1968 1382 Afri

372 1426 599 1482 essent?
627 1425 786 1480 ‘Uuus
830 1424 954 1478 hinc
991 1433 1104 1487 est,
1135 1423 1320 1476 caeteri
1359 1421 1604 1484 aliunde,
1648 1435 1873 1490 quorum
1904 1420 1970 1474 ab

367 1519 595 1572 Oriente
625 1526 678 1571 ct
709 1501 996 1571 Occidente
1035 1513 1390 1569 consensione
1426 1512 1730 1568 confoderis
1760 1531 1772 1566 :
1807 1523 1862 1567 et
1889 1522 1970 1567 ta-

372 1627 500 1665 men
530 1618 672 1662 tanta
699 1607 1054 1661 obstinatione
1077 1605 1316 1671 ca‘caris,
1344 1613 1401 1658 ut
1429 1618 1530 1658 non
1561 1603 1764 1669 videas,
1792 1614 1843 1658 te
1870 1619 1970 1674 po-

371 1701 486 1755 tius
509 1700 645 1754 velie
669 1713 1014 1766 corrumpere
1041 1696 1316 1767 antiquum
1345 1694 1597 1750 Ecclesi.e
1624 1694 1890 1754 decorem.
1921 1693 1972 1749 id

373 1801 480 1857 est,
504 1789 773 1860 antiquam
797 1788 978 1854 fidem,
1003 1795 1260 1856 tanquam
1290 1788 1464 1840 Sarra:
1485 1785 1708 1840 aniculae
1730 1784 1974 1854 pulcher-

377 1883 531 1938 rima:
560 1881 880 1937 castitatem.
912 1879 968 1934 Si
998 1879 1142 1934 enim
1185 1895 1279 1948 per
1307 1888 1522 1932 sanctos
1553 1878 1819 1933 antistites
1847 1877 1969 1944 Dei,

374 1972 859 2041 memorabilesqtte
885 1970 1156 2034 doctores,
1193 1971 1470 2036 lremeum,
1498 1969 1844 2040 Cyprianum,
1870 1968 1974 2024 lie-

380 2065 590 2130 ticinm,
610 2063 933 2134 Olympium,
956 2063 1234 2128 Hilarium,
1258 2062 1616 2126 Ambrosium,
1635 2061 1970 2133 Gregorium,

377 2155 636 2208 Basiliam
659 2195 672 2218 ,
705 2153 964 2209 Juatmem
985 2195 1002 2214 ,
1035 2153 1436 2214 Innocentium,
1471 2163 1524 2207 ct
1559 2151 1973 2224 Hieronymum,

375 2256 860 2317 euristupraverttnt
899 2245 1190 2301 Ecclesium
1221 2243 1530 2310 Manichtei;
1562 2244 1648 2300 dic
1677 2245 1807 2300 mihi
1828 2287 1843 2311 ,
1873 2244 1974 2301 Ju-

371 2340 542 2404 liauc,
575 2353 695 2407 qua:
727 2346 776 2390 te
805 2335 1048 2406 peperit?
1076 2335 1263 2391 Utr‘um
1295 2343 1347 2390 te
1372 2344 1517 2389 easta
1542 2336 1582 2400 ¹,
1610 2351 1676 2390 an
1709 2351 1838 2391 vero
1866 2351 1979 2389 me-

379 2432 549 2486 retrix
571 2472 586 2496 ,
621 2429 672 2483 in
705 2429 875 2484 lucem
905 2443 1062 2496 quam
1093 2427 1370 2482 deseruisti
1393 2467 1406 2488 ,
1441 2442 1534 2496 per
1558 2437 1764 2481 uterum
1794 2427 1980 2496 gratim

380 2521 674 2588 splritualis
701 2520 857 2574 enixa
888 2509 1010 2574 est?
1029 2535 1097 2574 an
1125 2526 1182 2572 ut
1207 2517 1455 2588 dogmata
1487 2517 1762 2588 Pelagiana
1794 2517 1979 2572 defen-

380 2619 504 2676 das,
529 2608 772 2679 conjugis
798 2607 994 2663 Christi
1025 2617 1080 2662 et
1099 2607 1295 2662 matris
1330 2616 1432 2661 tua:
1459 2606 1660 2660 viscera
1683 2646 1699 2672 ,
1727 2606 1980 2662 instincm

382 2699 595 2771 nefarii,
621 2713 725 2758 non
757 2699 981 2770 erroris,
1009 2695 1106 2778 sed
1133 2695 1326 2778 furoris
1353 2693 1612 2752 infamasl
1641 2693 1819 2771 Usque
1838 2703 1980 2758 adeo

382 2795 526 2852 enim
555 2803 742 2850 contra
769 2802 1032 2850 vetustam
1062 2771 1724 2862 'pulebritmlincmoSame
1753 2805 1858 2846 non
1890 2793 1976 2846 in-

381 2891 526 2946 venit
565 2889 690 2960 quid
731 2888 926 2944 novitia
966 2885 1275 2942 deformitas
1312 2894 1634 2950 mentiatur,
1665 2891 1725 2940 ut
1758 2892 1836 2940 tot
1869 2885 1986 2955 epi-

295 3029 301 3035 .
377 2995 664 3052 seoporum
701 2979 1056 3050 gloriosorum
1087 2976 1473 3032 catholicorum
1503 2976 1556 3030 in
1587 2982 1732 3030 tanta
1765 2989 1979 3030 suarum

385 3071 772 3127 sententiarum
815 3068 1243 3124 manifestatioue
1287 3081 1642 3130 consensum,
1688 3065 1741 3120 iu
1789 3066 1982 3136 quibus

382 3173 508 3217 sunt
531 3163 620 3234 qui
647 3161 919 3218 Manichtei
954 3175 1053 3215 nec
1091 3175 1285 3215 nomen
1319 3160 1628 3225 audierunt,
1659 3159 1982 3216 Manichaeo-

383 3271 502 3308 rum
529 3252 857 3322 blasphemia
887 3251 1218 3307 criminetur.

458 3347 547 3401 35.
577 3365 595 3398 ι
626 3346 730 3401 Sed
757 3345 824 3399 ab
849 3345 949 3402 hoc
973 3343 1237 3414 digressu,
1264 3360 1370 3414 quo
1395 3353 1444 3400 te
1469 3345 1720 3416 impetus,
1747 3364 1766 3397 ο
1797 3361 1901 3401 non
1923 3353 1984 3403 ut

385 3439 538 3506 dicis,
573 3457 590 3490 ι
623 3439 844 3504 doloris,
881 3457 900 3490 ι
931 3438 1024 3492 sed
1055 3437 1245 3508 perditi
1275 3437 1491 3508 pudoris
1523 3457 1544 3490 ι
1579 3439 1889 3502 abstulerat,
1915 3438 1982 3496 ad

383 3548 447 3585 ea
475 3547 589 3600 qua!
617 3531 924 3585 iustitueras
953 3550 972 3583 ι
998 3529 1162 3586 delira
1185 3533 1206 3564 ⁸
1233 3531 1518 3586 reverteris
1543 3549 1556 3586 :
1581 3541 1633 3588 et
1654 3532 1892 3588 adhibito
1916 3549 1980 3588 ex

385 3623 644 3692 Apostolo
669 3622 974 3678 tesdmonio
995 3621 1168 3698 (Rom.
1197 3639 1269 3686 tv.
1291 3623 1405 3693 l9),
1429 3624 1554 3680 illud
1572 3625 1710 3695 quod
1728 3625 1796 3682 de
1815 3626 1984 3680 Abra-

384 3713 474 3766 hae
505 3721 558 3767 ct
595 3712 770 3768 Sarra:
800 3715 1058 3770 emortuis
1096 3714 1352 3770 membris
1383 3715 1624 3782 dixeras,
1666 3716 1984 3772 confirmare

385 3804 796 3861 conaris.’Umle
816 3806 926 3876 iam
953 3806 1222 3876 superius,
1245 3815 1498 3877 quantum
1528 3809 1658 3862 satis
1681 3810 1850 3863 visum
1879 3819 1981 3873 est,

386 3913 476 3954 me
493 3898 808 3954 disseruisse
830 3898 1118 3954 suffecerit.
1136 3897 1266 3964 Quis
1285 3906 1463 3953 autem
1483 3897 1816 3954 Christianus
1837 3901 1988 3970 igno-

387 3999 499 4055 ret,
529 3990 668 4060 qnod
703 4009 722 4041 ι
760 3989 878 4052 ille,
911 3989 1000 4058 qui
1038 3990 1264 4058 primum
1295 3989 1564 4045 hominem
1607 3989 1731 4044 fecit
1765 4007 1828 4044 ex
1866 3992 1986 4061 pul-

389 4097 547 4146 vere,
580 4095 768 4136 omnes
799 4079 1086 4135 fabricetur
1111 4095 1176 4135 ex
1205 4081 1447 4136 semine!
1481 4098 1502 4134 ι
1539 4079 1644 4136 Sed
1679 4096 1746 4136 ex
1781 4082 1988 4138 semine

383 4171 496 4244 iam
524 4173 710 4226 vitiato
729 4171 750 4203 ³
778 4170 937 4242 atque
963 4169 1233 4238 damnato,
1260 4170 1403 4242 quod
1438 4171 1628 4241 partim
1669 4187 1766 4242 per
1790 4175 1988 4228 verita-

390 4276 498 4320 tem
529 4274 804 4320 remaneat
831 4263 882 4318 in
909 4263 1192 4334 supplicio,
1222 4263 1413 4334 partim
1443 4278 1540 4333 per
1565 4263 1982 4318 misericordiam

389 4355 648 4410 liberetur
671 4370 702 4408 a
727 4355 887 4409 malo.
912 4354 1026 4409 Non
1055 4355 1231 4426 igitur,
1255 4365 1311 4410 ιιι
1333 4361 1486 4424 putas
1509 4363 1671 4425 atque
1690 4354 1983 4422 concludis,

397 4463 419 4498 s
455 4446 580 4501 ullis
603 4446 813 4516 laqueis
847 4447 951 4501 tuis
980 4446 1180 4515 peccati
1211 4445 1468 4500 naturalis
1493 4445 1782 4500 suffocatur
1807 4461 1986 4501 asser-

389 4541 490 4595 tio.
527 4558 548 4592 s
585 4539 933 4610 Depravatam
959 4541 1154 4608 quippe
1179 4538 1334 4607 primi
1365 4539 1773 4608 transgressoris
1796 4539 1987 4592 volun-

392 4641 504 4690 tate
530 4641 795 4696 naturam,
823 4645 928 4685 non
958 4640 1044 4685 tua
1066 4628 1306 4685 defensio
1332 4629 1507 4686 verbis
1533 4630 1778 4684 inanibus
1803 4638 1990 4700 purgat

391 4742 494 4798 per
513 4725 768 4783 novitium
785 4723 977 4794 dogma
996 4732 1255 4790 vestrum,
1274 4721 1367 4778 sed
1387 4721 1554 4794 gratia
1576 4722 1668 4778 Dei
1691 4737 1786 4793 per
1804 4721 1989 4778 Jesum

395 4817 666 4894 Christum
700 4815 982 4872 Dominum
1013 4822 1276 4870 nostrum.

469 4911 694 4968 CAPUT
735 4906 918 4964 XVIII.
944 4937 1018 4948 —-
1043 4908 1132 4963 3i.
1160 4904 1516 4974 Quamobrem
1547 4919 1646 4960 πιαα
1676 4912 1822 4974 ριιιο,
1855 4904 1992 4969 sicut

397 5005 772 5069 calumniaris,
807 4999 948 5072 quod
985 5018 1005 5053 ‹
1044 4999 1298 5070 coniuges
1339 4998 1454 5053 sine
1493 5011 1776 5066 corporum
1814 4996 1992 5051 calore

397 5097 769 5168 generaverint
798 5113 810 5148 :
847 5111 867 5147 ι
904 5108 1003 5148 πιαα
1031 5099 1158 5163 puto
1183 5089 1323 5160 quod
1356 5107 1376 5140 ε
1418 5089 1686 5144 hominem
1719 5087 1858 5142 Deus
1883 5101 1992 5142 non

398 5192 603 5255 fecerit,
622 5188 939 5245 antdiabolo
965 5185 1170 5248 fecerit,
1190 5190 1280 5239 aut
1311 5179 1556 5236 diabolus
1577 5179 1795 5244 fecerit;
1827 5198 1846 5231 ι
1869 5178 1991 5249 quia

402 5297 499 5337 nec
520 5281 618 5350 ipsi
648 5287 897 5351 parentes
919 5286 1142 5350 possunt
1163 5259 1436 5330 hominem
1463 5271 1661 5338 facere,
1685 5269 1777 5326 sed
1801 5284 1866 5325 ex
1893 5283 1992 5340 pa-

468 5456 485 5517 ?
523 5454 653 5517 Apud
686 5462 824 5517 [ομ
853 5460 1081 5504 utrumne
1104 5459 1252 5517 casta.

463 5516 486 5546 ³
501 5511 599 5564 Ani.
618 5522 692 5564 Er.
714 5525 764 5566 et
781 5515 949 5578 plures
968 5524 1092 5578 uss,
1113 5513 1400 5578 deliberare.
1420 5519 1555 5578 tom,
1571 5511 1802 5578 delirare.
1819 5517 1995 5562 Atoon-

401 5579 592 5646 cimiius
611 5571 1051 5646 \fietori'nusrcodes
1071 5571 1130 5646 let
1147 5577 1366 5639 quinque
1387 5571 1617 5635 Vaticani,
1641 5571 1816 5626 delira.

468 5641 490 5673 ³
521 5638 833 5688 Floriacensis
854 5645 954 5690 διε..
990 5635 1176 5686 violato:

467 5701 540 5764 (ιι)
575 5700 790 5748 Imitatur
811 5697 1075 5764 Virgilium,
1109 5697 1296 5764 .Eneid.
1328 5695 1420 5764 lib.
1441 5695 1517 5754 12,
1543 5697 1810 5764 νηί-946,
1836 5697 1930 5746 947
1957 5709 1969 5745 2

959 5757 1110 5806 Pallas
1144 5766 1194 5807 te
1229 5758 1321 5806 hoc
1342 5757 1568 5816 vulnere,
1601 5756 1750 5807 Pallas

591 5817 818 5882 ιιῐιππιοιιιῑ,
844 5825 897 5869 et
910 5830 1102 5884 ptenam
1119 5817 1362 5869 scelerato
1385 5831 1452 5868 ex
1471 5821 1710 5881 sanguine
1726 5829 1887 5870 sumit.

1167 383 1442 438 CONTRA
1491 380 1828 438 JULIANUM
1869 347 2340 447 pstsctsxun,
2379 379 2434 436 s.
2479 379 2846 439 AUGUSTlNl

3561 382 3667 438 720

2076 499 2315 554 rentibus
2343 499 2480 554 Deus
2508 517 2520 554 :
2549 499 2702 569 cuius
2731 497 2976 568 potestati
3006 511 3108 553 nec.
3132 511 3191 553 se
3221 496 3393 571 ipsum
3423 496 3667 556 diabolus

2072 591 2364 656 subtrahit;
2385 603 2582 662 quanto
2601 593 2772 646 minus
2795 599 3037 646 naturam
3057 590 3365 656 humanam,
3384 607 3541 661 quam
3563 593 3666 647 sibi

2075 699 2168 754 per
2195 687 2392 754 peccati
2422 687 2669 739 meritum
2695 685 2783 738 illo
2803 683 3090 740 damnante
3112 684 3374 756 subjecit?
3393 685 3520 752 Qua:
3541 703 3664 741 eum

2075 775 2144 829 ita
2170 777 2295 841 sint,
2327 786 2378 830 tu
2406 777 2599 844 potius,
2627 777 2725 830 etsi
2755 791 2858 830 non
2877 776 3070 843 cultor,
3093 777 3233 846 quod
3253 792 3374 833 esse
3398 794 3484 832 me
3507 779 3662 840 dicis.

2076 877 2253 922 tamen
2293 868 2684 938 quantumlibet
2719 884 2840 922 eum
2885 883 3135 924 accusare
3174 870 3437 936 videaris,
3469 871 3666 927 diaboli

2073 960 2283 1028 adiutor
2319 976 2438 1014 esse
2475 961 2809 1015 conviueeris
2840 979 2854 1014 :
2884 961 2972 1030 qui
3007 976 3194 1016 omnes
3233 963 3480 1031 parvulos
3507 963 3575 1018 ab
3599 978 3667 1018 eo

2073 1055 2247 1118 malo,
2283 1069 2374 1123 per
2402 1054 2541 1122 qurud
2571 1062 2819 1109 tenentur
2847 1069 2876 1108 a
2903 1053 3116 1109 diabolo
3135 1095 3151 1122 ,
3181 1055 3484 1126 sanari~pes
3507 1054 3663 1111 Chri-

2075 1156 2216 1199 stum
2260 1161 2365 1198 non
2404 1145 2599 1199 debere
2636 1144 2949 1211 contendis,
2980 1161 3102 1201 cum
3131 1146 3371 1202 doctrina
3401 1162 3506 1202 non
3535 1164 3664 1203 sana

2076 1253 2236 1292 sanos
2263 1253 2380 1292 esse
2408 1236 2669 1292 defendis.
2707 1237 2818 1308 Ego
2853 1246 3030 1294 autem
3066 1227 3360 1294 secundum
3388 1255 3570 1295 sanam
3599 1241 3663 1294 fi-

2075 1331 2228 1398 dem,
2263 1347 2282 1381 ι
2319 1345 2384 1385 ex
2421 1330 2608 1385 eadem
2647 1329 3093 1400 concupiscentia:
3129 1332 3399 1402 voluptate
3436 1346 3663 1388 concre-

2079 1433 2188 1477 tum
2209 1421 2366 1477 etiam
2394 1421 2540 1476 Isaac
2569 1440 2586 1475 ι
2611 1422 2749 1482 dico.
2773 1437 2838 1476 ex
2859 1437 2960 1492 qua
2986 1432 3039 1478 et
3067 1422 3308 1478 homines
3331 1425 3534 1492 eseteri,
3556 1440 3664 1481 uno

2076 1514 2192 1568 solo
2212 1523 2435 1584 excepto
2454 1515 2520 1567 ab
2543 1513 2642 1569 hoc
2665 1513 2822 1581 male,
2847 1530 2942 1584 per
2959 1529 3116 1586 quem
3142 1515 3431 1572 liberamur
3449 1533 3479 1572 a
3501 1517 3662 1573 malo.

2084 1623 2102 1656 ι
2139 1605 2482 1660 l’eccatorum
2507 1621 2720 1676 quoque
2747 1605 3063 1675 genitalibus
3089 1621 3302 1661 manum
3323 1607 3516 1664 divina:
3544 1623 3666 1680 pro-

2077 1698 2324 1753 videntiae
2358 1699 2616 1754 interesse
2661 1717 2678 1750 ι
2726 1715 2830 1752 non
2871 1713 3026 1768 nego.
3061 1699 3287 1768 Attingit
3317 1701 3460 1755 enim
3494 1716 3526 1756 a
3561 1700 3664 1758 fine

2078 1805 2247 1860 usque
2285 1789 2352 1845 ad
2395 1790 2550 1845 finem
2592 1789 2830 1856 fortiter,
2863 1798 2918 1844 et
2945 1789 3182 1860 disponit
3219 1792 3394 1846 omnia
3433 1794 3668 1848 suaviter

2079 1881 2368 1952 (Sap.vtn,
2397 1882 2450 1953 1)
2473 1899 2484 1946 ;
2509 1891 2563 1936 et
2585 1880 2712 1935 nihil
2740 1879 3068 1950 inquinatum
3091 1881 3143 1934 in
3165 1896 3281 1935 eam
3310 1880 3532 1936 incurrit
3553 1881 3663 1946 (Id.

2081 1990 2172 2040 vn,
2198 1973 2292 2046 25)
2321 1991 2334 2027 :
2362 1983 2416 2029 et
2445 1973 2565 2029 ideo
2589 1974 2748 2028 etiam
2779 1973 2846 2028 de
2876 1972 3166 2028 immundis
3191 1982 3244 2028 et
3271 1975 3664 2040 contaminatis,

2079 2083 2198 2138 quae
2224 2067 2450 2121 voluerit
2475 2075 2745 2135 operatur,
2779 2065 2972 2119 mttnda
3001 2075 3176 2119 tamen
3209 2065 3318 2133 ipsa
3345 2073 3399 2118 et
3429 2066 3666 2120 ineunta-

2082 2159 2278 2213 miuala
2309 2157 2617 2227 persistens.
2645 2155 2754 2210 Nec
2784 2171 2918 2226 opus
2942 2163 3026 2210 est
3050 2165 3103 2208 ut
3126 2153 3452 2209 anfractibus
3475 2157 3666 2225 longis,

2081 2265 2142 2305 ea
2173 2265 2292 2321 quae
2320 2248 2590 2314 concedo,
2623 2249 2751 2301 mihi
2791 2247 3018 2316 probare
3045 2248 3255 2302 coneris
3286 2263 3300 2302 :
3331 2247 3425 2303 sed
3462 2247 3527 2302 ad
3565 2248 3668 2304 hoc

2083 2341 2382 2411 responde,
2419 2341 2462 2395 si
2505 2349 2682 2409 potes,
2723 2355 2820 2394 cur
2858 2339 2970 2408 ipse
3007 2337 3152 2393 Isaac
3193 2339 3294 2392 nisi
3331 2339 3670 2410 Baptismatts

2081 2431 2280 2487 Christi
2310 2431 2460 2502 signo
2487 2429 2833 2485 circumcisus
2860 2429 2948 2484 die
2977 2441 3163 2483 octavo
3197 2427 3410 2494 fuisset,
3446 2433 3671 2498 perisset

2082 2526 2260 2580 anima
2287 2522 2405 2594 eius
2427 2521 2496 2578 de
2525 2521 2720 2592 populo
2744 2535 2842 2576 suo
2870 2519 3023 2591 (Gen.
3056 2536 3187 2587 xvn,
3217 2521 3328 2591 14).
3360 2521 3598 2590 EXplica,
3625 2523 3668 2577 si

2085 2624 2258 2686 potes,
2287 2623 2430 2669 tanta
2457 2627 2612 2684 poena
2634 2627 2741 2688 quo
2763 2613 2956 2672 merito
2983 2611 3327 2685 plecteretur,
3355 2611 3454 2666 nisi
3481 2611 3550 2668 ab
3573 2613 3674 2668 liae

2085 2704 2179 2766 illo
2201 2704 2550 2766 Sacramento
2569 2706 3227 2764 liberaretur.Emortuam
3255 2705 3462 2760 vulvam
3492 2705 3674 2760 Sarra

2085 2801 2151 2856 ad
2177 2785 2517 2856 emissionem
2549 2797 2788 2862 seminis,
2814 2805 2870 2850 et
2895 2807 3196 2850 emortuum
3222 2809 3416 2864 corpus
3444 2795 3674 2850 Abraha

2085 2892 2152 2946 ad
2187 2891 2544 2962 generandqu
2576 2889 2712 2945 sicut
2740 2888 2958 2958 iuvenes
2981 2897 3272 2958 generant,
3307 2887 3472 2943 Deum
3499 2887 3676 2942 vivido

2086 2997 2271 3048 casse,
2301 2981 2486 3052 negari
2515 2993 2619 3034 non
2651 2987 2860 3050 potest,
2891 2987 2950 3033 ut
2975 2977 3152 3048 proles
3179 2977 3247 3032 de
3279 2977 3363 3032 illa
3394 2986 3676 3047 parentum

2088 3081 2396 3130 nasceretur
2421 3081 2576 3127 aetate
2603 3087 2617 3125 :
2647 3071 2742 3125 sed
2769 3069 2914 3124 Isaac
2938 3077 3192 3139 quantum
3220 3068 3286 3123 ad
3314 3069 3523 3140 propria
3549 3083 3678 3138 pec-

2087 3174 2226 3231 Cata,
2253 3163 2458 3222 etiamsi
2490 3179 2556 3219 ex
2585 3161 2839 3216 adulteris
2867 3168 3193 3226 nasceretur,
3220 3159 3474 3216 innocens
3498 3171 3676 3228 natus,

2080 3257 2214 3332 quid
2239 3264 2534 3321 meruerat,
2563 3263 2619 3310 ut
2647 3254 2824 3309 anima
2851 3251 2967 3323 ejus
2989 3251 3056 3307 de
3093 3251 3290 3322 populo
3317 3265 3416 3306 suo
3444 3252 3675 3322 periret,

2087 3352 2190 3409 nisi
2229 3349 2564 3408 circumcisio
2601 3344 2946 3401 subveniret?
2982 3343 3100 3400 Noli
3140 3344 3349 3414 evagari
3390 3360 3482 3414 per
3511 3343 3678 3398 multa

2087 3446 2336 3510 obscura,
2365 3441 2640 3514 perplexa,
2663 3436 2928 3508 superflua
2958 3455 2972 3492 :
2999 3437 3064 3491 ad
3092 3435 3194 3492 hoc
3223 3453 3384 3491 unum
3409 3445 3677 3506 apertum,

2088 3540 2334 3611 simplex,
2363 3535 2830 3605 necessariumque
2859 3529 3143 3602 responde.

2161 3656 2250 3712 55.
2282 3651 2580 3722 Interponis
2610 3649 2850 3720 Apostoli
2881 3644 3240 3702 testimonium
3259 3685 3274 3707 ,
3305 3659 3411 3698 non
3441 3642 3507 3697 ad
3536 3643 3680 3712 quod

2089 3752 2158 3806 ab
2187 3749 2278 3804 illo
2302 3747 2532 3818 positum
2559 3751 2661 3811 est,
2688 3743 2782 3798 sed
2808 3741 2872 3796 ad
2898 3739 3038 3810 quod
3067 3739 3180 3808 ipse
3203 3738 3497 3793 arbitraris.
3527 3737 3683 3794 Unde

2091 3858 2254 3910 nunc,
2281 3841 2531 3913 quoniam
2559 3853 2664 3892 non
2697 3835 2818 3890 inde
2845 3833 3069 3904 agimus,
3091 3840 3145 3887 et
3167 3830 3384 3900 longum
3408 3839 3463 3884 et
3490 3845 3682 3898 super-

2091 3950 2382 3994 v.tcaneum
2411 3941 2492 3986 est
2515 3930 2788 3999 disputare
2811 3945 2824 3980 :
2851 3935 3026 3981 tamen
3054 3921 3352 3993 interponis
3378 3921 3466 3977 ubi
3493 3918 3588 3986 ait,
3613 3918 3683 3977 Et

2091 4027 2343 4100 quomoda
2359 4023 2611 4098 judicabit
2641 4020 2779 4074 Deus
2811 4015 3096 4072 mundum?
3123 4015 3186 4070 Si
3212 4014 3344 4068 enim
3377 4013 3558 4068 veritas
3589 4011 3683 4066 Dei

2091 4123 2146 4176 in
2172 4137 2281 4174 meo
2307 4116 2568 4172 utendacio
2593 4111 2866 4167 abundavit
2893 4110 2947 4163 in
2971 4107 3188 4179 glorians
3211 4106 3372 4175 ipsius
3390 4146 3406 4172 ,
3432 4104 3556 4175 quid
3581 4103 3680 4156 ad-

2095 4215 2193 4268 huc
2221 4226 2268 4267 et
2296 4227 2386 4284 ego
2414 4219 2655 4278 tanquam
2684 4199 2912 4277 peccator
2931 4201 3140 4273 judicor
3169 4197 3358 4268 (Rom.
3390 4211 3468 4264 tn,
3495 4196 3552 4260 6,
3583 4195 3684 4265 7)?

2094 4307 2174 4362 Ac
2197 4302 2392 4362 deinde
2411 4297 2712 4370 subjungis;
2739 4313 2759 4347 ί
2789 4295 2891 4350 Per
2915 4291 3030 4347 haec
3052 4305 3147 4346 sua
3176 4288 3339 4346 verba
3367 4287 3682 4357 Apostolum

2093 4394 2399 4458 ostendere,
2427 4390 2672 4446 amisisse
2700 4387 2866 4441 Deum
2891 4382 3261 4438 auctoritatem
3300 4377 3603 4451 iudicandi,
3634 4377 3683 4435 si

2094 4487 2312 4544 modum
2339 4500 2445 4540 non
2475 4481 2644 4544 tenuit
2669 4475 2987 4548 imperandi.
3027 4493 3047 4528 ι
3080 4473 3138 4531 Si
3165 4487 3300 4544 ergo
3325 4472 3464 4528 Sicut
3490 4480 3680 4541 putas,

2101 4599 2120 4634 ι
2157 4577 2224 4634 ad
2251 4576 2352 4632 hoc
2377 4575 2476 4630 ista
2501 4571 2638 4628 dixit
2663 4568 2970 4642 Apostolus,
3003 4575 3062 4620 ut
3084 4580 3208 4622 sese
3233 4563 3566 4628 cohiberent,
3590 4559 3680 4632 qui

2095 4669 2410 4727 asserebant
2453 4661 2593 4720 laudi
2641 4661 2736 4716 Dei
2781 4657 3042 4729 proficere
3087 4663 3304 4726 peccata
3345 4653 3645 4708 mortalium
3666 4689 3685 4714 ,

2097 4781 2327 4836 eumque
2364 4760 2487 4818 ideo
2523 4754 2869 4828 impossibilia
2907 4750 3262 4823 przecepisse,
3303 4757 3362 4802 ut
3399 4743 3681 4801 miserendl

2097 4857 2200 4915 sibi
2238 4855 2515 4912 materiam
2556 4855 2922 4921 praepararet:
2950 4852 3006 4900 et
3035 4858 3129 4914 per
3162 4843 3302 4896 hanc
3335 4838 3675 4910 apostolicam

2097 4951 2415 5008 sententiam
2435 4988 2450 5014 ,
2488 4964 2510 5000 ι
2543 4944 2684 5001 sicut
2715 4940 3020 5003 existimas,
3054 4955 3075 4990 ι
3113 4935 3530 4998 demonstratur,
3560 4946 3688 4999 pro.

2098 5055 2282 5115 pterea
2311 5049 2459 5096 recte
2486 5033 2716 5110 iudicari
2745 5031 3024 5096 homines,
3055 5027 3177 5098 quia
3215 5033 3482 5097 praecepta
3512 5023 3685 5115 possi-

2100 5114 2223 5189 bilia
2262 5147 2368 5187 non
2403 5128 2674 5190 fecerunt;
2706 5124 2902 5194 injuste
2928 5130 3108 5176 autem
3134 5118 3520 5189 iudicarentur,
3550 5114 3592 5170 si
3625 5129 3690 5169 ea

2099 5241 2206 5282 non
2235 5223 2503 5283 fecissent,
2530 5234 2650 5289 quae
2674 5212 3018 5287 impossibilia
3041 5210 3392 5282 iuberentur:
3423 5226 3443 5261 ι
3473 5205 3598 5278 quid
3619 5204 3694 5262 de

2103 5320 2247 5374 Isaac
2267 5316 2506 5371 dicturus
2523 5327 2605 5378 es,
2628 5309 2713 5366 cui
2739 5307 3024 5380 quidquam
3047 5319 3146 5359 nec
3172 5299 3444 5372 possibile,
3468 5312 3568 5353 nec
3589 5297 3694 5350 im-

2103 5409 2354 5482 possibile
2376 5415 2458 5460 est
2485 5403 2837 5474 imperatum;
2868 5407 2922 5452 et
2951 5407 3128 5452 tamen
3161 5391 3473 5464 perditionis
3497 5388 3692 5442 anima:

2102 5480 2212 5560 sine
2240 5515 2395 5570 poena
2425 5495 2696 5560 feriretur,
2722 5491 2768 5549 si
2793 5500 2981 5546 octavo
3009 5487 3098 5542 die
3139 5501 3244 5540 non
3281 5480 3695 5538 circumcidere-

2105 5595 2232 5652 ιιιπῖ
2258 5598 2336 5648 An
2366 5605 2494 5646 vero
2519 5603 2620 5644 nec
2656 5587 2734 5642 sic
2761 5583 2976 5639 tandem
3005 5579 3258 5649 respicis,
3291 5573 3418 5630 illud
3448 5571 3694 5646 primitus

2105 5691 2159 5746 in
2182 5686 2424 5758 paradiso
2440 5683 2622 5738 datum
2641 5677 2894 5751 possibile
2913 5689 2976 5730 ac
2993 5672 3148 5729 facile
3169 5671 3330 5726 fuisse
3345 5675 3691 5739 praeceptum,

2107 5803 2212 5862 quo
2235 5788 2543 5851 contempto
2569 5787 2728 5848 atque
2762 5771 2978 5840 violato,
3007 5780 3196 5826 omnes
3225 5780 3295 5823 ex
3323 5777 3428 5820 uno
3455 5757 3692 5828 homine,
