4014 6184
365 351 461 405 ἸἮ

365 477 617 536 tauquam
640 459 698 517 in
721 474 895 516 massa
921 458 1140 530 originis
1160 471 1443 514 connuune
1466 454 1592 509 illud
1618 454 1812 508 habere
1836 469 1959 522 pec-

363 570 570 618 catum;
601 563 656 609 et
683 553 806 608 hinc
829 566 948 606 esse
966 552 1152 622 jugum
1181 565 1331 620 grave
1357 564 1508 618 super
1538 546 1674 615 ﬁlios
1695 543 1863 598 'Ad'am
1881 584 1894 608 ,
1926 560 1959 596 α

366 651 447 702 die
472 648 631 702 exitus
660 645 722 698 de
750 652 920 696 ventre
948 641 1124 694 matris
1148 655 1338 704 eorum,
1367 654 1522 709 usque
1548 638 1598 688 in
1629 635 1761 688 diem
1787 634 1958 704 sepul-

365 751 496 793 tura:
518 739 572 790 in
596 745 809 789 matrem
833 732 1056 787 omnium
1079 728 1266 799 (Eccli.
1293 745 1384 793 ιι,
1409 726 1500 799 l)?
1525 725 1592 781 Et
1621 723 1872 796 quoniam
1896 738 1963 779 ex

364 831 464 885 ista
486 831 539 883 in
563 827 730 883 Adam
752 825 1096 898 generatione
1115 823 1363 879 damnata
1387 836 1544 876 nemo
1565 819 1841 884 liberatur,
1863 817 1964 872 nisi

365 932 713 990 regeneratur
733 919 785 974 in
805 917 1050 981 Christo;
1077 927 1356 988 pr0pterea
1383 915 1590 984 signum
1615 912 1854 983 ejusdem
1881 927 1964 966 re-

367 1010 726 1081 generationis
744 1009 889 1064 lsaac
911 1008 1010 1062 nisi
1029 1007 1342 1076 accepisset,
1367 1006 1626 1075 perisset:
1653 1020 1749 1057 nec
1772 1003 1963 1057 imme-

369 1102 472 1159 rito
497 1103 750 1172 perisset,
777 1101 899 1171 quia
927 1117 991 1154 ex
1021 1099 1120 1154 hac
1145 1099 1249 1152 vita
1269 1139 1283 1163 ,
1313 1113 1418 1166 quo
1448 1094 1962 1166 per'gencrationem

369 1193 673 1248 damnatam
704 1193 986 1246 damnatus
1015 1191 1323 1253 intraverat,
1355 1187 1471 1242 sine
1500 1186 1650 1257 signo
1679 1199 1964 1257 regenera-

370 1285 531 1339 tionis
557 1283 776 1338 exisset.
807 1284 914 1336 Aut
941 1282 986 1336 si
1015 1297 1120 1336 non
1147 1287 1229 1336 est
1259 1281 1357 1334 ista
1383 1292 1542 1332 causa
1563 1319 1578 1344 ,
1607 1276 1693 1332 dic
1719 1277 1961 1331 alteram.

371 1376 551 1430 Βιιιιιιε
579 1385 660 1430 est
693 1375 854 1442 Deus,
882 1373 1058 1445 justus
1085 1382 1167 1428 est
1193 1373 1334 1427 Deus
1363 1389 1376 1422 :
1411 1380 1582 1442 potest
1613 1370 1820 1440 aliquos
1848 1370 1963 1423 sine

372 1466 527 1522 bonis
565 1467 770 1522 meritis
809 1466 1068 1532 liberare,
1107 1465 1228 1535 quia
1269 1464 1440 1518 bonus
1478 1471 1594 1528 est;
1643 1477 1746 1516 non
1792 1469 1965 1530 potest

371 1573 692 1628 quemquam
721 1557 838 1612 sine
868 1557 1024 1610 malis
1047 1557 1064 1586 ί
1097 1553 1302 1610 meritis
1328 1553 1615 1618 damnare,
1645 1551 1768 1622 quia
1791 1551 1967 1620 justus

373 1658 475 1705 est.
505 1649 718 1716 Nullum
757 1649 1003 1704 meritum
1043 1647 1242 1701 malum
1281 1659 1402 1700 oeto
1439 1644 1644 1700 dierum
1688 1641 1862 1697 infans
1899 1641 1966 1696 de

375 1739 604 1810 propriis
649 1740 882 1809 peccatis
927 1737 1190 1802 habebat;
1238 1750 1401 1806 quare
1447 1734 1821 1798 damnaretur,
1864 1732 1964 1786 nisi

374 1813 868 1894 circumcideretur,
900 1829 945 1886 si
974 1845 1039 1886 ex
1071 1827 1276 1902 origine
1303 1841 1407 1882 non
1438 1823 1716 1880 trahebat?

446 1920 669 1978 CAPUT
709 1919 850 1974 XIX.
873 1949 942 1960 --
965 1919 1052 1975 56.
1083 1919 1252 1988 Perge
1275 1916 1340 1972 ad
1368 1927 1584 1979 c.ctcra,
1611 1924 1664 1969 et
1691 1913 1842 1968 vanis
1871 1928 1964 1965 va-

379 2014 530 2068 niora
558 2022 785 2068 contexo
818 2029 831 2064 :
867 2025 970 2065 non
1006 2010 1398 2080 Scripturarum
1429 2015 1730 2062 sanctarum
1757 2003 1963 2072 eloquia

378 2119 496 2176 qua:
525 2117 933 2168 commemoras,
961 2101 1100 2165 dico,
1129 2099 1224 2156 sed
1251 2115 1316 2154 ex
1346 2097 1428 2152 his
1453 2113 1571 2168 quae
1595 2096 1860 2151 coniicere
1887 2096 1966 2148 ui-

378 2195 527 2251 teris.
557 2195 998 2266 Quandoquidem
1026 2193 1181 2258 dicis,
1219 2211 1238 2244 ι
1271 2192 1344 2246 Ex
1378 2191 1480 2245 hoc
1521 2189 1741 2258 intelligi
1770 2187 1965 2242 debere

376 2285 666 2356 perfectam
699 2284 1050 2355 ignorantiam
1075 2283 1332 2354 justitiam
1364 2279 1648 2346 nominari,
1675 2278 1795 2348 quia
1833 2276 1966 2332 dixit

381 2377 525 2431 Deus
544 2375 610 2430 ad
635 2374 967 2440 Abitnelech,
993 2375 1083 2444 qui
1123 2389 1243 2430 cum
1271 2370 1429 2427 Sarra
1460 2369 1630 2426 fuerat
1651 2368 1964 2424 concubitu—

378 2482 473 2523 rus
497 2510 511 2534 ,
537 2468 788 2538 ignorans
817 2467 959 2538 quod
988 2481 1122 2521 uxor
1149 2474 1294 2520 esset
1321 2463 1512 2528 aliena,
1543 2459 1612 2515 Et
1637 2476 1728 2531 ego
1751 2458 1968 2512 sciebam

377 2559 495 2630 quia
522 2560 574 2612 iu
603 2557 754 2613 corde
779 2559 967 2612 mundo
997 2555 1278 2629 fecisti‘ltoc
1305 2553 1327 2628 (
1350 2552 1480 2609 Gen.
1517 2568 1606 2620 xx,
1637 2551 1724 2621 6).
1754 2551 1820 2605 Et
1848 2549 1967 2604 ideo

383 2654 712 2708 nasccntium
741 2660 960 2717 statum,
987 2648 1354 2721 generantium
1377 2647 1644 2702 voluntate
1665 2659 1770 2698 non
1800 2641 1920 2698 laedi
1948 2657 1964 2698 :

377 2743 502 2815 quia
532 2743 633 2798 etsi
677 2743 814 2797 mala
843 2749 1024 2801 esset.
1059 2759 1078 2793 ι
1115 2739 1323 2810 inquis,
1375 2756 1394 2789 ι
1425 2748 1599 2792 tatncn
1643 2733 1708 2790 ad
1756 2735 1966 2788 illorum

378 2834 528 2888 nullo
554 2847 749 2903 genere
772 2833 1047 2888 scientiam
1075 2830 1394 2903 perveniret.
1428 2848 1446 2881 ι
1473 2827 1580 2883 Cur
1599 2842 1726 2896 ergo
1745 2840 1840 2882 eos
1859 2839 1968 2880 non

379 2924 626 2980 nominas
645 2925 838 2996 justos,
867 2925 912 2980 si
937 2924 1170 2996 perfeCta
1199 2921 1494 2994 ignorantia
1515 2921 1734 2992 justitia:
1755 2920 1969 2976 nomine

378 3016 731 3086 nuncupanda
754 3017 874 3072 est?
895 3017 1034 3072 Nihil
1061 3025 1144 3072 est
1167 3031 1395 3086 namque
1417 3013 1700 3086 perfectius
1721 3012 1970 3084 ignoran-

380 3108 451 3162 tia
479 3107 818 3178 parvulorum
853 3125 868 3164 :
897 3108 1028 3162 nihil
1049 3123 1179 3178 ergo
1207 3115 1424 3162 vocetur
1447 3114 1502 3160 et
1519 3103 1735 3175 justius.
1766 3101 1862 3158 Ubi
1887 3111 1970 3158 est

380 3201 520 3270 quod
551 3201 797 3270 superius
819 3199 1166 3256 asserendum
1187 3198 1410 3270 putasti,
1445 3215 1463 3248 ι
1491 3196 1600 3252 Nec
1621 3196 1796 3266 justos
1823 3196 1969 3250 nasci

381 3291 651 3360 parvulos,
681 3307 782 3348 nec
811 3292 1060 3362 injustos,
1086 3289 1230 3361 quod
1257 3289 1420 3346 futuri
1445 3297 1572 3344 sunt
1595 3287 1798 3342 actibus
1825 3287 1968 3354 suis;

381 3379 476 3435 sed
505 3381 878 3436 tantummodo
903 3380 1178 3436 infantiam
1209 3380 1534 3435 innocentiae
1564 3377 1690 3434 dote
1729 3377 1972 3448 locuple-

383 3473 528 3526 tem?
558 3492 576 3525 ι
604 3475 685 3527 An
711 3489 816 3528 non
847 3473 1005 3528 verba
1032 3481 1117 3527 tua
1143 3481 1286 3538 sunt,
1316 3471 1403 3527 ubi
1425 3471 1560 3526 dicis
1586 3489 1601 3526 :
1634 3489 1654 3522 ι
1680 3469 1852 3526 llomo
1879 3471 1973 3540 igi-

382 3575 471 3621 tur
499 3567 802 3622 innocentia
833 3566 1048 3637 quidem
1077 3566 1286 3636 plenus,
1317 3565 1412 3620 sed
1444 3563 1654 3619 virtutis
1677 3579 1847 3634 capax
1875 3579 1970 3618 ua-

382 3661 570 3722 scitur,
599 3667 691 3714 aut
716 3657 926 3712 tandem
945 3699 960 3724 ,
989 3665 1080 3710 aut
1108 3655 1580 3726 reprehensionem
1609 3669 1674 3709 ex
1700 3653 1974 3724 proposito

381 3749 674 3804 accedente
699 3791 714 3815 ,
746 3751 1070 3804 meriturus?
1103 3769 1123 3802 ι
1158 3749 1426 3819 Numquid
1455 3748 1707 3802 virtutem
1737 3747 1974 3802 dicturus

382 3855 441 3894 es
464 3855 567 3894 non
597 3856 716 3896 esse
737 3841 1036 3910 justitiam?
1057 3840 1335 3910 Quomodo
1363 3841 1522 3912 igitur
1547 3840 1718 3895 infans
1742 3839 1974 3895 nondum

385 3931 579 4000 plenus
611 3941 692 3987 est
735 3933 968 4001 virtute,
999 3932 1094 3988 sed
1129 3947 1294 4002 capax
1319 3973 1334 3996 ,
1365 3947 1484 3987 cum
1515 3932 1701 4001 plenus
1727 3933 1795 3986 sit
1823 3934 1972 4002 igno-

383 4022 578 4088 rantia,
611 4037 770 4092 quam
797 4022 930 4076 dicis
953 4037 1072 4078 esse
1097 4022 1391 4092 justitiam;
1420 4023 1521 4076 nisi
1551 4022 1795 4077 virtutem
1817 4037 1976 4092 neges

387 4128 511 4167 esse
537 4113 840 4182 justitiam?
865 4113 1012 4168 Itane
1040 4113 1274 4168 nondum
1302 4103 1576 4183 cvigilabis
1606 4112 1704 4168 hac
1731 4113 1976 4167 absurdi-

384 4210 494 4256 tate
525 4217 824 4271 percussus,
857 4212 913 4258 et
935 4212 988 4259 te
1017 4202 1120 4258 hoc
1143 4203 1341 4258 dixisse
1371 4203 1686 4272 paenitebit?
1715 4203 1843 4258 Nam
1878 4201 1996 4256 Do-‘

388 4290 521 4345 mini
568 4291 728 4346 verba
759 4292 1012 4363 vigilant,
1050 4292 1142 4348 sed
1176 4301 1231 4348 tu
1277 4293 1499 4348 dormis.
1527 4293 1708 4364 Neque
1737 4293 1876 4347 enim
1906 4293 1980 4348 ait

387 4383 524 4452 regi,
559 4379 804 4437 Sciebam
849 4383 972 4453 quia
1000 4399 1095 4438 cor
1123 4383 1289 4440 habes
1316 4385 1518 4453 justum
1546 4399 1562 4450 ;
1597 4395 1708 4450 aut,
1739 4385 1858 4454 quia
1885 4400 1980 4439 cor

386 4473 556 4529 habes
582 4474 836 4530 mundum
871 4494 884 4530 :
919 4491 1040 4531 cum
1071 4477 1328 4546 scriptum
1355 4477 1457 4542 sit,
1495 4475 1640 4530 Beati
1677 4477 1761 4546 qui
1790 4475 1980 4530 mundo

386 4575 507 4619 sunt
536 4567 708 4632 corde,
739 4570 978 4636 quoniam
1004 4567 1104 4636 ipsi
1125 4566 1291 4622 Deum
1318 4569 1552 4622 videbunt
1581 4567 1789 4638 (Matth.
1819 4583 1872 4634 v,
1899 4566 1976 4638 8).

387 4653 470 4708 Tu
499 4663 676 4710 autem
717 4657 875 4710 istum
905 4657 1214 4712 Abimclech
1250 4657 1316 4712 ad
1349 4659 1638 4728 peccatoris
1671 4660 1691 4690 ³
1729 4658 1980 4729 ρι-οροιιὶε

390 4746 721 4815 exemplum.
747 4746 875 4810 Sed,
921 4748 1171 4812 sciebam,
1216 4749 1387 4819 inquit
1413 4749 1586 4816 Deus,
1615 4751 1733 4821 quia
1759 4750 1811 4804 in
1833 4732 1984 4804 corde

387 4835 578 4889 mundo
611 4837 773 4906 fecisti
811 4836 928 4890 hoc.
958 4837 1073 4892 Non
1107 4837 1316 4906 omnia,
1355 4840 1436 4894 vel
1467 4855 1814 4911 qumcumque
1842 4839 1976 4904 alia;

389 4927 486 4981 sed
535 4927 662 4992 hoc,
707 4928 760 4982 in
806 4943 913 5000 quo
947 4928 1197 4984 adulterii
1243 4930 1624 4986 conscientiam
1669 4947 1774 4986 non
1820 4931 1983 4986 habe-

387 5016 502 5070 bat.

464 5108 554 5162 '57.
583 5107 747 5163 Miror
774 5117 948 5165 tamen
976 5109 1118 5180 quod
1144 5110 1246 5165 isto
1268 5112 1514 5182 exemplo
1533 5127 1560 5166 a
1591 5121 1642 5168 te
1662 5129 1984 5169 commmno-

387 5209 509 5255 rato
533 5241 548 5266 ,
580 5200 724 5270 quod
756 5217 860 5256 non
907 5212 1060 5272 potes
1085 5245 1100 5270 ,
1127 5204 1342 5260 conaris
1381 5205 1630 5271 efficere;
1675 5217 1728 5262 et
1768 5223 1872 5261 non
1915 5187 1985 5263 ibi

387 5290 539 5346 vides
569 5291 713 5362 quod
741 5308 848 5348 non
875 5294 954 5349 vis
982 5294 1167 5349 audire
1195 5294 1238 5348 ³.
1270 5294 1496 5351 Conaris
1531 5298 1671 5352 enim
1717 5308 1772 5352 nt
1798 5299 1985 5352 creda-

395 5393 501 5446 tur,
535 5391 724 5438 orante
753 5384 1045 5450 Abraham,
1071 5385 1238 5441 libido
1261 5387 1467 5443 reddita
1495 5404 1615 5444 esse
1655 5391 1984 5457 mulieribus,

388 5475 516 5543 quia
541 5475 797 5546 scriptum
825 5487 928 5546 est,
961 5476 1286 5534 Conclamat
1311 5479 1450 5536 Deus
1475 5483 1634 5553 αῖον-ὅθ
1655 5500 1850 5537 omnem
1874 5484 1986 5537 vul-

457 5651 474 5714 ξ
511 5650 594 5714 Hic
614 5650 740 5714 apud
759 5659 866 5703 ιον.
893 5641 1123 5712 omissum
1149 5665 1243 5714 est,
1271 5658 1427 5712 matis.

457 5713 478 5779 ξ
512 5709 824 5779 floriaeensis
848 5709 946 5779 trs,
976 5709 1261 5779 peccatores.

457 5769 478 5805 ³
511 5775 563 5822 tn
585 5779 716 5838 itas,
737 5777 865 5840 quod
885 5769 985 5830 non
1003 5778 1141 5832 ruitis
1159 5769 1348 5832 audire.

1724 341 1926 396 LIBER
1967 339 2286 397 TERTIUS.

3702 349 3705 351 _

2074 470 2186 507 cam
2214 455 2264 506 in
2291 455 2440 506 domo
2466 453 2770 516 Abimcleclt,
2800 463 3003 522 propter
3025 449 3236 509 δάιοι-αλιι
3260 469 3466 507 uxorem
3497 455 3659 508 Amm

2071 543 2346 616 Ita:(6cu.
2377 561 2467 606 xx,
2501 545 2611 613 18).
2657 544 2804 598 llauc
2845 544 2985 598 enim
3027 544 3420 599 conclusionem
3460 544 3536 598 sit:
3580 549 3657 600 vis

2073 637 2316 707 intelligi,
2357 647 2606 705 tauquam
2637 635 2800 690 libido
2827 635 2983 691 fuerit
3013 636 3117 690 illis
3145 637 3352 690 feminis
3385 637 3492 690 Deo
3524 637 3661 689 indi-

2069 737 2264 797 guante
2289 727 2524 780 detracta
2555 745 2568 782 :
2595 741 2714 780 cum
2749 727 2917 796 magis
2945 725 3205 780 indicetur
3230 726 3310 780 his
3339 727 3533 792 verbis,
3559 729 3659 779 ali-

2071 835 2174 888 qua
2200 818 2502 873 valetudine
2531 819 2682 872 vulva
2719 819 2970 872 conclusa
2995 859 3007 880 ,
3049 829 3108 871 ut
3148 827 3238 871 aut
3277 817 3659 887 impregnamla

2069 908 2428 964 concumbere
2454 906 2669 973 femina,
2699 917 2790 963 aut
2817 923 3009 978 parere
3037 908 3377 978 inipra'guata
3411 925 3512 961 non
3538 924 3657 977 pos.

2072 1009 2154 1054 set
2185 1017 2197 1053 :
2231 1009 2285 1053 et
2311 1015 2416 1053 non
2445 999 2720 1054 attendisti
2745 1041 2760 1065 ,
2803 999 2964 1054 hom‘o
2995 1000 3081 1069 qui
3111 1015 3215 1052 non
3244 1001 3320 1054 vis
3345 998 3546 1067 judicio
3575 1000 3655 1053 dis

2070 1088 2196 1143 vino
2233 1103 2551 1159 quemquam
2577 1131 2592 1156 ,
2624 1104 2730 1144 non
2771 1090 2912 1156 suis,
2949 1094 3044 1144 sed
3081 1090 3270 1144 alienis
3310 1091 3462 1160 plecti
3505 1106 3660 1160 posse

2072 1179 2329 1250 peccatis,
2355 1179 2624 1249 quomodo
2653 1179 2765 1235 ﬁeri
2790 1179 3022 1250 potuerit
3049 1189 3104 1233 ut
3131 1180 3439 1235 Abitnelcch
3474 1196 3659 1250 pecca-

2073 1279 2177 1337 ret,
2208 1271 2452 1340 quamvis
2479 1285 2580 1326 nec
2606 1271 2720 1341 ipse
2745 1269 3045 1325 adulterino
3071 1271 3232 1326 corde
3258 1273 3576 1342 peccaverit,
3607 1284 3662 1327 et

2073 1364 2214 1420 Deus
2243 1364 2788 1436 quantulumcumque
2815 1375 3090 1434 peccatum
3124 1364 3239 1434 ejus
3274 1365 3325 1419 in
3353 1365 3660 1420 mulieribus

2071 1456 2137 1510 ad
2165 1471 2286 1511 eum
2323 1455 2713 1526 pertinentibus
2743 1457 3054 1510 vindicaret.
3097 1455 3260 1511 Vides
3286 1457 3658 1526 contagiouem

2074 1549 2301 1604 transire
2329 1549 2533 1618 peccati
2559 1547 2628 1604 de
2655 1549 2770 1603 viro
2813 1549 2865 1602 in
2899 1547 3143 1613 feminas,
3174 1549 3364 1629 quibus
3393 1550 3658 1605 misceba-

2074 1651 2180 1708 tur,
2211 1641 2296 1697 vel
2323 1643 2514 1712 quibus
2543 1640 2950 1708 dominabatur;
2982 1643 3114 1698 etin
3145 1643 3347 1713 prolem
3375 1643 3440 1698 de
3467 1659 3658 1714 parcu-

2074 1733 2212 1787 tibus
2235 1747 2340 1787 non
2373 1732 2471 1800 vis,
2501 1748 2565 1788 ex
2587 1749 2812 1802 quorum
2837 1732 3128 1789 seminibus
3155 1743 3492 1804 pmpagatur.
3519 1733 3661 1789 Con-

2073 1824 2247 1880 sidera
2275 1825 2435 1895 igitnr
2458 1868 2472 1892 ,
2501 1841 2658 1896 quam
2687 1826 2756 1881 sit
2782 1826 3140 1881 inscrutabilis
3177 1827 3400 1883 altitudo
3428 1827 3662 1898 judicio-

2072 1935 2188 1974 rmn
2234 1919 2509 1989 sapientia:
2549 1928 2604 1974 et
2645 1919 2884 1974 scientiae
2925 1920 3018 1974 Dei
3055 1919 3242 1993 (Rom.
3285 1936 3370 1985 ει,
3413 1921 3559 1992 '53);
3604 1933 3662 1978 et

2072 2012 2279 2082 garrire
2307 2011 2494 2066 desine
2523 2021 2708 2066 contra
2734 2012 3009 2083 originalis
3036 2024 3240 2068 secreta
3270 2015 3493 2084 peccati.

2143 2100 2371 2157 CAPUT
2409 2101 2528 2156 XX.
2567 2133 2638 2143 —
2665 2103 2753 2158 58.
2807 2103 3010 2158 Deinde
3051 2105 3238 2173 incipis
3280 2105 3552 2175 disputare
3592 2106 3662 2161 de

2071 2207 2294 2248 excessu
2317 2195 2784 2265 concupiscentiae,
2807 2212 2964 2266 quem
2989 2197 3460 2266 rcprcheusibilcm
3484 2199 3619 2252 dicis
3645 2217 3658 2253 :

2071 2285 2219 2354 quasi
2246 2285 2298 2340 in
2329 2285 2446 2354 ejus
2473 2285 2857 2354 moderatione,
2887 2302 3007 2342 cum
3037 2303 3099 2343 ca
3122 2289 3257 2344 bene
3284 2289 3446 2343 utitur
3475 2290 3662 2357 conju-

2071 2386 2246 2446 gatus,
2294 2391 2464 2448 equus
2507 2377 2620 2447 ipse
2647 2379 2736 2447 qui
2782 2379 2955 2434 malus
2995 2391 3117 2448 est,
3163 2391 3218 2436 ct
3247 2397 3352 2436 non
3385 2384 3560 2451 potius
3595 2387 3663 2437 sit

2073 2469 2192 2538 ejus
2219 2471 2399 2542 auriga
2430 2471 2730 2526 laudandus
2757 2471 2854 2544 (ιι).
2888 2472 3026 2538 Quid
3063 2489 3191 2544 ergo
3219 2482 3270 2530 te
3307 2474 3558 2544 adjuvant
3586 2486 3662 2529 lc-

2073 2560 2321 2615 stimonia
2349 2561 2418 2618 de
2455 2561 2779 2634 Scripturis,
2823 2564 3016 2634 quibus
3053 2565 3375 2632 ostenditur,
3407 2568 3662 2637 quemad-

2072 2652 2288 2706 modum
2319 2653 2459 2707 Deus
2489 2653 2572 2708 vel
2618 2653 2900 2724 prohibeat
2934 2654 3169 2710 libidinis
3208 2657 3288 2710 vel
3320 2657 3538 2710 damnet
3565 2673 3660 2710 cxi

2073 2757 2304 2798 cessum.
2335 2741 2467 2797 lllud
2496 2743 2670 2812 potius
2697 2744 2922 2808 intuere,
2951 2744 3206 2814 quidquid
3233 2746 3284 2799 in
3306 2747 3663 2816 quorumlibet

2071 2835 2392 2904 ﬂagitiorum
2443 2834 2810 2904 turpitudine,
2863 2851 2982 2905 qua:
3027 2836 3349 2906 genitalibus
3403 2835 3662 2890 membris

2073 2939 2433 2999 perpetretur,
2465 2927 2750 2982 horremus
2775 2969 2790 2991 ,
2819 2927 3303 2997 concupiscentiam
3333 2928 3528 2991 carnis,
3559 2922 3660 2981 hisi

2075 3029 2339 3084 teneatur,
2369 3017 2586 3074 efﬁcere
2615 3017 2746 3088 ipsis
2775 3017 3008 3072 motibus
3029 3017 3160 3081 suis,
3193 3032 3326 3088 quos
3352 3017 3402 3072 in
3423 3020 3669 3085 corpori-

2074 3109 2174 3164 bus
2193 3109 2350 3164 etiam
2374 3119 2641 3164 castorum
2664 3124 2829 3180 usque
2849 3109 2914 3164 ad
2939 3109 3390 3180 inger-nisccndum
3417 3109 3660 3164 effectum

2076 3201 2322 3271 perducit
2347 3201 2399 3255 in
2427 3204 2652 3256 somnis.

2145 3290 2235 3345 '59.
2269 3289 2358 3345 Sic
2385 3299 2560 3346 autem
2585 3290 2742 3359 dicis,
2778 3309 2798 3343 ι
2828 3293 2942 3360 Qua
2967 3293 3174 3348 ratione
3203 3301 3466 3363 quaereret
3491 3293 3662 3363 justos

2077 3383 2130 3441 in
2161 3385 2406 3441 Sodomis
2439 3386 2580 3447 Dens
2608 3385 2770 3458 (Gen.
2798 3402 2944 3452 xvut,
2986 3386 3105 3457 26),
3135 3387 3179 3440 si
3207 3387 3330 3442 illos
3360 3387 3492 3441 tales
3516 3389 3531 3419 ¹
3566 3403 3663 3440 na-

2077 3483 2194 3531 tura
2225 3475 2485 3532 faciebat?
2513 3497 2532 3529 ι
2565 3485 2814 3547 tanquam
2840 3492 2938 3532 nos
2966 3477 3238 3543 dicamus,
3261 3478 3452 3532 mentis
3483 3479 3664 3532 excel-

2075 3569 2305 3624 lentiore
2352 3578 2537 3624 natura
2587 3569 3078 3638 concupiscentiam
3131 3570 3308 3624 carnis
3336 3585 3462 3626 \non
3509 3585 3667 3639 posse

2079 3657 2297 3713 frenari.
2325 3657 2430 3714 Sed
2459 3657 2708 3726 dicimus,
2737 3673 2904 3728 usque
2927 3657 3064 3712 adeo
3099 3659 3298 3713 malum
3325 3675 3466 3722 esse,
3495 3667 3551 3712 ut
3577 3675 3666 3714 rc-

2079 3763 2322 3820 pugnans
2350 3747 2705 3820 expugnando
2734 3749 2996 3816 vincatur,
3029 3748 3199 3804 donec
3226 3733 3366 3804 sicut
3396 3750 3582 3804 vulnus
3612 3751 3686 3803 in,

2079 3853 2322 3908 conpore,
2356 3838 2426 3894 ita
2453 3838 2687 3910 perfecta
2713 3839 2987 3894 curatione
3018 3849 3256 3894 sanetur.

2150 3930 2239 3984 40.
2273 3928 2328 3984 Si
2373 3939 2553 3984 autem
2586 3939 2759 4000 putas,
2798 3949 2818 3982 ι
2841 3929 3154 4000 Apostolum
3181 3945 3244 3985 ex
3283 3927 3387 3984 hoc
3423 3928 3668 3986 laudasse

2080 4020 2388 4086 libidinem,
2422 4021 2544 4091 quia
2581 4035 2732 4076 usum
2771 4019 2984 4076 feminae
3013 4020 3145 4075 dixit
3183 4035 3302 4075 esse
3341 4021 3664 4082 nat:.ralcnr,

2083 4113 2170 4166 ubi
2198 4113 2291 4178 ait,
2333 4111 2592 4181 quosdam
2619 4112 2804 4168 relicto
2832 4111 3056 4166 naturali
3104 4128 3200 4167 usu
3246 4111 3474 4178 feminae,
3503 4127 3668 4166 exar-

2082 4203 2216 4255 sisse
2246 4203 2298 4256 in
2327 4203 2618 4272 appetitum
2645 4217 2801 4256 suum
2833 4203 2885 4256 in
2916 4203 3141 4257 invicem
3181 4221 3198 4254 ι
3229 4202 3409 4272 (Rom.
3441 4218 3482 4269 ι,
3511 4201 3616 4272 27}
3649 4215 3666 4256 :

2082 4307 2296 4347 omnem
2342 4295 2581 4362 profecto
2611 4307 2764 4346 usum
2801 4291 3014 4348 femina:
3047 4291 3263 4348 laudare
3291 4291 3670 4362 compelleris;

2083 4401 2146 4441 ac
2170 4401 2266 4457 per
2291 4384 2396 4440 hoc
2417 4393 2470 4440 et
2497 4400 2556 4440 ea
2587 4402 2704 4456 qua:
2732 4399 2852 4439 cum
2881 4383 3094 4440 feminis
3127 4385 3532 4440 committuntur
3555 4393 3640 4438 stu
3701 4372 3707 4376 ’

2085 4493 2177 4546 pra
2208 4476 2467 4543 laudabis,
2499 4477 2620 4547 quia
2651 4485 2705 4530 et
2746 4475 2854 4532 illic
2891 4491 3020 4532 usus
3047 4477 3230 4548 utique
3254 4476 3511 4534 naturalis
3549 4486 3666 4530 est:

2085 4568 2325 4639 quamvis
2351 4566 2706 4635 damnandus,
2736 4567 2859 4638 quia
2884 4566 3150 4636 legitimus
3175 4583 3282 4622 non
3311 4576 3426 4634 est;
3456 4566 3594 4622 unde
3619 4576 3674 4621 et

2086 4659 2180 4713 lilii
2220 4675 2326 4713 non
2372 4659 2627 4730 legitimi,
2667 4658 2761 4714 sed
2790 4659 3060 4714 naturales
3090 4667 3378 4724 vocantur,
3421 4658 3508 4728 qui
3549 4656 3672 4711 inde

2089 4762 2402 4806 nascuntur.
2445 4750 2562 4806 Non
2607 4751 2784 4821 itaque
2821 4751 3304 4821 concupiscentiam
3365 4750 3540 4804 carnis
3581 4748 3674 4803 illo

2087 4844 2252 4898 verbo
2293 4843 2527 4900 laudavit
2571 4843 2860 4914 Apostolus
2892 4861 2906 4897 :
2940 4843 3033 4897 sed
3066 4843 3358 4896 naturalem
3389 4839 3676 4910 appeliavit

2089 4951 2241 4991 usum
2265 4977 2281 5002 ,
2318 4934 2460 4990 unde
2490 4943 2678 4990 natura
2721 4932 2950 4988 humana
2989 4941 3162 5003 potest
3204 4931 3472 4986 nascendo
3496 4931 3676 4986 subsi-

2087 5023 2268 5083 stere.’

2160 5119 2248 5172 41.
2300 5117 2439 5172 Dicis
2463 5159 2478 5184 ,
2531 5135 2551 5170 ι
2581 5117 2742 5174 etiam
2771 5115 3078 5171 Sodomitas
3107 5123 3157 5168 ct
3187 5115 3238 5168 in
3285 5117 3432 5182 panis
3462 5128 3523 5168 ac
3564 5115 3675 5168 vini

2093 5223 2344 5280 peccasse
2371 5219 2613 5264 creatura
2645 5225 2659 5262 :
2698 5225 2718 5258 ι
2754 5215 2911 5274 atque
2938 5207 3007 5259 ita
3052 5207 3132 5284 vis
3173 5205 3527 5273 intelligamus
3553 5205 3675 5257 libi-

2090 5301 2269 5355 dinem
2298 5302 2514 5366 bonam,
2538 5299 2629 5354 sed
2660 5298 2904 5352 homines
2927 5296 3016 5366 qui
3039 5312 3099 5350 ea
3125 5298 3264 5352 male.
3291 5306 3528 5362 utuntur,
3559 5313 3680 5350 esse

2093 5391 2414 5460 culpabiles;
2461 5389 2599 5442 sicut
2640 5387 2778 5441 bona
2825 5396 2909 5440 est
2951 5395 3192 5441 creatura
3237 5387 3389 5456 pauis
3433 5396 3486 5440 et
3529 5383 3635 5442 viai
3661 5427 3676 5453 ,

2093 5482 2334 5552 quamvis
2363 5496 2424 5534 ea
2469 5478 2606 5534 male
2645 5478 2841 5533 utendo
2873 5488 3138 5548 peccetur.
3171 5479 3245 5532 lta
3273 5479 3414 5534 enim
3458 5495 3561 5535 non
3595 5477 3676 5533 in-

2159 5659 2174 5688 ¹
2211 5665 2318 5706 Iov.
2341 5691 2354 5712 ,
2385 5664 2524 5714 Deus,
2567 5652 2660 5704 nisi
2705 5651 3252 5716 tales;\re."ragaatibus
3292 5655 3436 5703 editis
3479 5652 3578 5702 aliis
3609 5661 3658 5700 rt

2096 5729 2230 5841 mai)
2268 5779 2435 5829 alludit
2456 5779 2513 5830 ad
2541 5780 2687 5830 verba
2709 5777 2938 5829 Ambrosii
2962 5790 3107 5842 supra
3128 5779 3287 5840 citata,
3315 5791 3360 5825 ιι.
3393 5778 3462 5826 ιε.
