4014 6184
371 240 478 299 723

371 355 568 429 telligis
591 355 718 428 quid
743 353 996 426 loquaris,
1030 361 1084 408 ut
1109 367 1212 407 non
1246 351 1444 415 videas,
1475 360 1773 406 creaturam
1798 352 1952 420 panis

373 457 428 502 ct
479 447 590 503 vini
639 463 743 503 non
797 446 1176 516 concupiscere
1217 443 1477 499 adversus
1524 445 1809 514 spiritum,
1857 442 1954 498 sed

375 539 544 609 ipsam
573 540 746 608 potius
791 537 1070 592 inhoneste
1097 551 1128 590 a
1159 535 1296 591 male
1321 535 1588 591 utentibus
1613 534 1914 604 concupisci
1935 575 1950 599 ,

374 644 428 687 et
445 647 562 688 eam
585 630 876 686 forinsecus
897 629 952 684 in
976 637 1213 683 nostrum
1237 642 1434 698 corpus
1454 627 1674 682 intrare.
1699 625 1810 694 Qua
1833 625 1954 681 ideo

304 747 308 751 ~
370 725 583 794 parcius
617 733 672 778 ct
699 723 994 778 restrictius
1021 731 1105 776 est
1148 721 1434 785 ntemlum,
1474 735 1541 776 ne
1585 720 1698 790 ipsa
1743 734 1954 790 quoque

369 812 834 881 concupiscentia,
874 811 1015 882 quod
1057 811 1252 866 malum
1299 811 1440 864 intus
1478 825 1540 864 ac
1566 819 1806 864 nostrum
1832 818 1951 876 est,

372 915 606 958 mentem
637 903 966 971 corruptibili
997 916 1221 972 corpore
1258 917 1325 956 ex
1359 900 1746 956 abundantiore
1783 909 1955 962 mate-

367 993 444 1054 ria
469 975 638 1049 multo
659 993 888 1064 amplius
906 1002 1244 1063 aggravantc,
1272 990 1529 1046 adversus
1551 1005 1648 1046 nos
1669 990 1956 1046 vehemen-

368 1087 472 1139 tius
499 1094 554 1139 ct
581 1085 828 1140 invictius
855 1085 1166 1140 concitetur.
1196 1083 1308 1137 lloc
1331 1083 1490 1154 igitur
1518 1081 1679 1146 malo,
1707 1082 1846 1152 quod
1875 1084 1954 1136 in-

368 1175 508 1232 dicat
550 1177 744 1230 tnaltnu
789 1191 908 1230 esse
930 1216 946 1242 ,
987 1175 1100 1230 sive
1143 1175 1229 1244 qui
1260 1174 1515 1228 adversus
1543 1172 1670 1228 illud
1698 1172 1950 1240 dimicat,

367 1269 482 1325 sive
511 1284 667 1340 quem
696 1268 974 1339 subjogat;
1004 1279 1056 1322 et
1087 1281 1280 1336 parens
1314 1265 1446 1320 bene
1478 1265 1674 1329 utitur,
1703 1279 1825 1318 cum
1855 1279 1954 1332 pu-

368 1363 488 1416 dice
535 1362 698 1415 ﬁlium
727 1361 929 1432 gignit;
961 1371 1016 1416 et
1057 1359 1215 1422 Deus,
1255 1373 1374 1413 cum
1421 1357 1638 1427 provide
1681 1354 1951 1412 hominem

365 1453 570 1508 condit.

439 1541 666 1600 CAPUT
695 1541 913 1597 XXl.--
931 1540 1021 1596 49..
1049 1539 1198 1596 Nunc
1227 1555 1355 1610 ergo
1384 1539 1684 1605 considera,
1707 1553 1837 1611 rogo
1865 1547 1950 1606 te;

366 1648 532 1698 nunc,
557 1634 790 1702 inquam,
814 1640 872 1686 ut
899 1639 950 1685 te
974 1630 1260 1685 salubriter
1283 1631 1478 1684 veritas
1498 1629 1688 1694 vincat,
1713 1629 1954 1699 deposita

364 1723 613 1779 vincendi
645 1724 932 1793 cupiditate
959 1722 1270 1786 considera,
1302 1730 1478 1776 utrutn
1509 1729 1725 1788 noslrm,
1753 1736 1820 1775 an
1851 1731 1953 1776 ture

366 1817 650 1874 sementim
693 1817 892 1871 debeas
916 1817 1276 1886 acquiescere.
1305 1815 1468 1882 Bene,
1498 1816 1638 1886 quod
1671 1834 1691 1868 ι
1720 1815 1954 1873 breviter

364 1906 658 1962 editionere
701 1917 751 1961 te
779 1927 799 1960 ι
833 1907 1004 1974 dicis,
1053 1925 1072 1958 ι
1103 1916 1159 1960 ιιι
1204 1907 1420 1963 lectoris
1466 1907 1668 1978 pectori
1715 1907 1948 1978 haereat,

363 2003 511 2070 quod
539 2009 647 2055 toto
679 1999 812 2054 libro
841 2003 937 2055 abs
966 2011 1016 2056 te
1054 2010 1261 2070 gestum
1291 2009 1392 2056 est.
1424 2019 1444 2054 ι
1476 2002 1543 2056 Ει
1571 2017 1688 2072 qua:
1731 2003 1802 2058 sit
1839 2004 1951 2074 ipsa

361 2091 544 2146 brevis
571 2091 884 2156 admonitio,
912 2090 1256 2146 subinferens
1283 2109 1298 2147 :
1332 2110 1351 2144 ι
1375 2091 1832 2162 Concupiscentia:
1857 2109 1951 2151 na-

362 2183 547 2238 turalis
585 2185 672 2254 qui
703 2183 919 2238 modum
952 2193 1130 2249 tenet,
1165 2201 1184 2236 ι
1221 2184 1413 2254 inquis,
1451 2203 1470 2236 ι
1499 2185 1640 2240 bono
1670 2185 1806 2241 bene
1847 2187 1951 2242 uti-

360 2281 484 2338 tur;
515 2275 602 2346 qui
649 2275 864 2330 modum
908 2291 1013 2330 non
1047 2284 1214 2342 tenet,
1248 2276 1390 2331 bono
1435 2279 1576 2332 male
1605 2280 1772 2334 utitur
1801 2297 1816 2334 :
1856 2281 1949 2350 qui

360 2373 538 2418 autem
560 2367 720 2420 etiam
744 2366 915 2436 ipsum
939 2366 1179 2434 modum,
1207 2378 1405 2424 sancta:
1425 2370 1738 2439 virginitatis
1767 2387 1951 2430 amore

363 2456 746 2526 contempserit
770 2499 784 2520 ,
831 2456 975 2512 bono
1016 2458 1208 2513 melius
1247 2475 1352 2513 non
1391 2459 1585 2524 utitur;
1628 2461 1948 2519 conﬁdentia

361 2553 559 2620 quippe
584 2563 695 2604 sua:
723 2551 932 2618 salutis,
966 2569 987 2604 ι
1019 2551 1213 2620 inquis,
1248 2570 1266 2603 ι
1291 2559 1346 2607 et
1372 2552 1598 2615 roboris,
1631 2555 1950 2623 contempsit

365 2641 622 2706 remedia,
648 2649 701 2695 nt
726 2641 956 2711 gloriosa
985 2652 1164 2711 posset
1182 2658 1430 2698 exercere
1449 2645 1760 2700 certamina.
1790 2663 1808 2698 ι
1837 2647 1948 2718 Ego

364 2746 496 2787 vero
522 2733 601 2789 sic
623 2731 690 2788 ad
720 2743 807 2787 tua
839 2733 937 2788 ista
963 2733 1262 2804 respondeo
1296 2753 1310 2790 :
1347 2733 1803 2804 Concupiseentim
1825 2751 1947 2792 car-

365 2823 504 2876 nalis
525 2825 614 2894 qui
639 2823 853 2878 modum
879 2834 1043 2888 tenet,
1068 2827 1208 2880 malo
1229 2824 1364 2881 bene
1392 2826 1581 2893 utitur;
1609 2828 1699 2898 qui
1731 2827 1945 2884 modum

362 2930 470 2969 non
503 2925 666 2982 tenet,
697 2917 837 2971 malo
867 2916 1005 2972 male
1032 2918 1197 2972 utitur
1224 2935 1238 2970 :
1266 2918 1353 2989 qui
1384 2930 1558 2974 autem
1584 2921 1741 2974 etiam
1771 2921 1945 2991 ipsum

363 3005 604 3070 modum,
627 3017 826 3062 sancta:
848 3006 1165 3078 virginitatis
1185 3024 1367 3063 amore
1386 3013 1784 3082 contempserit,
1803 3013 1946 3068 malo

362 3097 556 3150 melius
601 3111 706 3151 n0u
739 3097 935 3161 utitur;
969 3097 1287 3152 conﬁdentia
1315 3100 1509 3170 quippe
1549 3101 1742 3157 divinw
1767 3103 1945 3174 opitu-

358 3185 578 3241 lationis
605 3194 662 3241 et
689 3188 928 3242 muneris
971 3189 1292 3258 contempsit
1333 3190 1511 3245 inﬁma
1541 3192 1558 3223 ¹
1587 3192 1819 3248 remedia
1840 3235 1857 3262 ,
1886 3203 1946 3250 ιιι

356 3276 670 3347 gloriosiora
711 3286 894 3348 posset
931 3294 1185 3334 exercere
1226 3281 1535 3336 certamina.
1587 3284 1639 3338 In
1671 3284 1770 3340 hac
1814 3301 1944 3342 con-

360 3369 624 3424 troversia
653 3368 722 3424 de
749 3368 886 3424 bene
914 3369 1110 3425 utendo
1141 3371 1266 3439 isto,
1297 3381 1474 3428 utrum
1503 3373 1644 3428 bono
1669 3389 1735 3428 an
1761 3377 1902 3432 malo
1923 3417 1940 3444 ,

359 3465 482 3515 tota.
519 3459 656 3514 inter
684 3476 782 3514 nos
821 3475 980 3516 causa
1007 3471 1266 3516 versatur.
1298 3462 1353 3518 ln
1377 3480 1479 3534 qua
1505 3464 1696 3520 vellem
1727 3467 1942 3536 quidem

359 3550 602 3620 egregios
622 3549 830 3620 judices
859 3566 964 3605 non
991 3551 1317 3622 repudiat-es,
1343 3569 1476 3624 quos
1503 3554 1596 3610 tibi
1625 3556 1759 3610 meis
1783 3571 1942 3626 supe-

359 3643 592 3698 rioribus
621 3644 768 3698 libris
795 3659 924 3699 sana
949 3644 1188 3700 doctrina
1213 3647 1471 3715 eruditos,
1497 3649 1613 3702 sine
1633 3647 1742 3702 ulla
1762 3650 1940 3706 studio

357 3735 586 3807 partium
615 3737 680 3790 de
707 3735 808 3792 bac
849 3752 1009 3792 causa
1040 3739 1334 3794 sententias
1370 3740 1650 3810 protulisse
1677 3749 1940 3816 monstra-

356 3825 434 3884 vi.
460 3825 567 3882 Sed
592 3828 866 3897 quoniam,
899 3829 944 3883 si
972 3836 1023 3884 te
1048 3843 1154 3883 non
1182 3830 1502 3896 correxeris,
1547 3831 1781 3901 ipsorum
1808 3849 1941 3903 quo-

355 3934 461 3992 quc
485 3923 901 3984 accusationem,
932 3919 1040 3988 vel,
1067 3929 1129 3976 ut
1157 3921 1334 3976 mitius
1362 3921 1613 3990 dixerim,
1643 3923 1938 3992 reprehen-

352 4011 561 4080 sionem
591 4011 707 4067 sine
734 4010 897 4067 dubio
927 4011 1285 4082 pratparabis;
1315 4021 1366 4068 te
1389 4012 1566 4084 potius
1593 4023 1712 4069 utar
1733 4013 1935 4084 judice,

350 4119 452 4174 pro
477 4118 593 4159 mea
621 4104 882 4159 sententia
907 4111 1091 4159 contra
1113 4111 1255 4158 tuam
1281 4120 1297 4160 :
1319 4119 1426 4158 non
1451 4105 1644 4160 alicubi
1674 4105 1820 4173 alibi,
1843 4107 1938 4164 sed

350 4195 407 4250 in
434 4196 622 4252 eodem
659 4196 796 4252 libro
823 4204 942 4262 tuo;
975 4211 1073 4252 nec
1097 4196 1214 4266 ejus
1247 4196 1374 4262 alio,
1401 4196 1494 4252 sed
1521 4197 1636 4269 ipso
1663 4199 1804 4256 loco.
1843 4199 1936 4256 Di-

351 4286 475 4342 xisti
515 4288 681 4353 enim,
735 4305 756 4340 ι
787 4297 1027 4342 sanctam
1070 4288 1425 4358 virginitatem
1465 4289 1781 4345 conﬁdentia
1824 4306 1936 4348 sua:

351 4379 543 4433 salutis
569 4389 623 4434 et
647 4379 859 4434 roboris
896 4381 1286 4450 contempsisse
1328 4381 1596 4446 remedia,
1625 4391 1683 4436 ut
1705 4383 1936 4453 gloriosa

351 4477 532 4540 posset
555 4484 807 4523 exercere
826 4470 1137 4524 certamina.
1163 4488 1182 4522 ι
1205 4469 1396 4538 ριιωιη
1415 4486 1533 4540 qu.e
1555 4471 1786 4526 remedia
1807 4487 1938 4528 con-

354 4561 655 4628 tempserit.
687 4558 1076 4629 Respondebis,
1107 4559 1346 4630 Nuptias.
1377 4560 1589 4636 Quaero,
1623 4562 1726 4617 Ista
1756 4578 1936 4620 reme-

349 4651 434 4708 dia
461 4661 646 4706 contra
672 4667 830 4722 quem
854 4650 1096 4706 morbum
1117 4658 1240 4706 sunt
1261 4651 1597 4706 necessaria?
1619 4651 1934 4710 Remedium

348 4745 548 4813 quippe
576 4757 605 4796 a
636 4741 921 4806 tttcdendo,
951 4741 1002 4796 id
1031 4751 1116 4801 est
1141 4756 1172 4796 a
1199 4740 1533 4810 medicando,
1564 4757 1758 4798 nomen
1783 4758 1938 4799 acce-

347 4839 447 4910 pit.
471 4837 637 4894 Simul
659 4837 836 4908 itaque
858 4834 1096 4890 videmus
1113 4835 1270 4890 ambo
1290 4834 1580 4892 remedium
1601 4837 1898 4904 nuptiarum
1919 4853 1934 4889 :

349 4946 446 4987 cur
471 4940 526 4985 tu
559 4929 741 4985 laudas
773 4927 1005 4983 libidinis
1031 4927 1296 4996 morbum,
1335 4943 1441 4997 quo
1469 4927 1731 4998 perveniri
1760 4927 1936 4984 cernis

349 5023 416 5077 ad
448 5032 698 5089 mortem,
725 5021 768 5077 si
797 5037 902 5078 non
931 5021 980 5076 ei
1009 5020 1225 5077 resistat
1250 5031 1336 5075 aut
1365 5021 1706 5076 continentiae
1733 5021 1935 5077 retina-

350 5121 549 5183 culum,
573 5125 661 5170 aut
683 5113 962 5185 cOnjngale
983 5112 1278 5168 remedium
1299 5112 1323 5168 ?
1341 5111 1457 5168 iam
1489 5112 1590 5169 hoc
1615 5120 1667 5168 et
1691 5112 1937 5182 superius

351 5211 434 5278 egi
474 5221 686 5276 tecum,
732 5207 820 5263 ubi
867 5206 1218 5262 disertissime
1257 5205 1563 5278 pudicitiam
1604 5205 1934 5276 conjugalem

351 5303 492 5358 inter
536 5301 875 5356 lascivientcs
913 5309 967 5354 et
1009 5298 1344 5354 continentes
1389 5298 1459 5352 ita
1491 5297 1732 5368 posuisti,
1771 5315 1791 5348 ι
1818 5311 1936 5366 quae

351 5391 669 5448 verecundis
696 5389 941 5446 manibus
968 5397 1022 5445 et
1048 5389 1294 5445 confovet
1319 5397 1607 5444 :cstuantes
1629 5427 1645 5447 .
1678 5396 1732 5443 et
1758 5385 1938 5442 laudat

352 5484 444 5542 tali
488 5483 727 5539 remedio
773 5497 877 5537 non
923 5491 1160 5552 egentes.
1195 5501 1212 5535 ι
1244 5481 1444 5538 Eadem
1491 5482 1666 5552 itaque
1704 5489 1933 5550 repeto:

353 5575 544 5632 iterum
587 5571 710 5625 audi
741 5571 881 5640 quod
913 5571 1018 5624 illic
1061 5572 1152 5625 tibi
1200 5571 1431 5626 breviter
1473 5570 1810 5641 dilucideque
1848 5585 1932 5626 re-

419 5702 439 5732 ί
477 5698 640 5747 t‘ltzrcs
665 5705 792 5754 ιω,
817 5693 1024 5751 infirma.

1153 236 1420 294 coxrna
1459 233 1795 294 ιιιιιιιξιυιι
1837 233 2304 301 ιιιειλςιοιιΝυιι,
2349 237 2406 292 s.
2449 222 2844 294 aucusnm‘

3541 243 3642 300 795

2063 351 2276 419 spondi.
2327 371 2347 404 ι
2374 350 2595 418 Quando
2636 367 2736 424 ego
2773 355 2926 410 istam
2971 358 3459 428 concupiscentiam
3501 377 3643 416 mor-

2061 441 2189 497 bum
2213 457 2332 497 esse
2359 441 2498 509 dico,
2531 459 2695 514 quare
2739 455 2792 499 tu
2834 461 3016 516 negas,
3051 449 3137 516 qui
3171 460 3348 506 tamen
3376 451 3425 507 ei
3451 465 3640 508 neces-

2061 533 2259 590 sarium
2290 537 2584 592 remedium
2614 537 2924 593 conﬁteris?
2958 540 3011 594 Si
3038 542 3283 611 agnoscis
3311 545 3635 612 remedium,

2060 641 2288 696 agnosce
2305 626 2549 683 morbum
2572 647 2585 685 :
2610 629 2652 684 si
2679 645 2840 700 negas
2867 633 3131 698 morbum,
3165 650 3294 706 nega
3323 637 3637 693 reme-lium.

2059 717 2249 788 Rogo,
2289 719 2422 776 cede
2464 721 2752 792 aliquando
2796 723 2956 778 etiam
2991 740 3086 794 per
3130 742 3191 782 os
3234 735 3382 783 tuum
3416 731 3507 786 tibi
3553 731 3636 786 lo-

2059 811 2241 879 quenti
2290 812 2716 867 veritatiznemo
2766 815 3008 884 providet
3050 817 3342 874 remedium
3367 820 3574 875 sanitati
3609 841 3628 874 ι

2061 898 2283 971 (Supra,
2313 918 2368 956 ιι.
2396 902 2515 971 29).

2127 991 2219 1046 45.
2257 991 2386 1060 Qum
2423 1002 2547 1048 sunt
2591 1004 2767 1050 autem
2812 1005 3113 1053 sanctarum
3158 999 3458 1070 virginum,
3503 1003 3641 1061 sicut

2058 1081 2323 1152 appellas,
2358 1102 2376 1136 ι
2411 1084 2638 1156 gloriosa
2665 1088 2955 1143 certamina
2985 1105 3001 1153 ;
3035 1107 3055 1141 ι
3092 1091 3192 1145 nisi
3236 1093 3355 1162 quia
3389 1110 3491 1148 non
3524 1096 3640 1149 vin-

2059 1183 2250 1228 cuntur
2290 1189 2320 1228 a
2352 1176 2524 1240 malo,
2569 1176 2662 1232 sed
2705 1179 2926 1234 vinCunt
2968 1180 3018 1234 in
3049 1179 3188 1261 ιιοίιο
3229 1183 3473 1237 malum?
3511 1184 3642 1252 Quae

2057 1277 2164 1318 non
2208 1263 2437 1335 gloriosa
2454 1281 2572 1336 ego,
2596 1267 2689 1322 sed
2717 1268 3028 1338 gloriosiora
3053 1269 3232 1326 dicere
3255 1273 3432 1326 malui.
3463 1273 3634 1329 llabet

2057 1355 2200 1410 enim
2252 1356 2482 1426 palmam
2525 1357 2592 1412 de
2640 1359 2794 1428 hujus
2833 1361 2954 1414 ntali
2995 1361 3354 1429 subjectioue.
3397 1365 3638 1433 quatu'vis

2057 1446 2338 1512 minorem,
2373 1447 2620 1517 pudicitia
2652 1450 2811 1504 etiam
2843 1451 3157 1520 coojugalis.
3189 1452 3466 1522 Belligerat
3494 1456 3637 1510 enim

2057 1536 2215 1592 etiam
2260 1535 2371 1607 ipsa
2400 1548 2583 1593 contra
2613 1541 2881 1596 carnalem
2907 1543 3390 1610 concupiscentiam
3411 1587 3426 1611 ,
3459 1561 3525 1600 ne
3568 1546 3636 1600 li-

2055 1632 2214 1688 mites
2239 1625 2374 1686 tbori
2407 1631 2655 1703 nuptialis
2695 1633 2918 1689 excedat
2953 1651 2966 1689 :
3001 1635 3307 1706 belligerat,
3351 1653 3417 1690 ne
3446 1637 3636 1694 deﬁni—

2057 1731 2167 1778 tum
2189 1739 2254 1780 cx
2279 1737 2545 1780 consensu
2571 1725 2851 1796 conjngnm
2877 1726 3062 1782 orandi
3107 1737 3312 1798 tempus
3357 1727 3634 1800 irrumpat.

2057 1815 2126 1871 Et
2168 1815 2212 1870 si
2255 1822 2428 1871 t.mtas
2480 1817 2619 1871 vires
2669 1818 2830 1873 habet
2875 1818 2974 1873 ista
3017 1819 3264 1890 pudicitia
3304 1821 3632 1892 conjogalis,

2057 1914 2366 1976 tantumque
2394 1906 2485 1962 Dei
2511 1907 2708 1962 donum
2731 1917 2833 1976 est,
2862 1917 2920 1963 ut
2940 1909 3094 1964 faciat
3121 1910 3263 1980 quod
3288 1913 3636 1980 praescribunt

2055 1996 2246 2052 tabulae
2289 1997 2706 2055 matrimoniales
2729 2040 2744 2065 ,
2786 1999 2838 2054 in
2875 2000 2990 2070 ipso
3017 2016 3230 2071 quoque
3265 2002 3420 2057 tlioro
3452 2003 3635 2074 conju-

2053 2090 2158 2160 gali
2184 2091 2434 2146 conﬁictu
2461 2090 2680 2147 fortiore
2703 2091 2979 2163 belligerat
2997 2133 3013 2159 ,
3041 2108 3108 2146 ne
3130 2093 3262 2148 ultra
3289 2109 3448 2163 quam
3474 2111 3635 2164 gene-

2053 2179 2234 2235 randis
2261 2179 2382 2236 ﬁliis
2405 2189 2490 2236 sat
2513 2191 2594 2236 est
2617 2222 2632 2247 ,
2662 2183 2821 2237 etiam
2854 2183 3024 2252 ipsum
3053 2183 3295 2253 conjugis
3331 2199 3524 2254 corpus
3553 2194 3640 2239 at-

2055 2278 2261 2328 trectet.
2299 2271 2442 2327 Talis
2471 2272 2721 2344 pudicitia
2763 2288 2862 2330 nec
2892 2275 3254 2339 menstruatis,
3285 2289 3383 2328 nec
3405 2276 3634 2344 gravidis
3675 2285 3678 2288 ’

2052 2362 2218 2418 utitur
2257 2363 2472 2420 feminis
2495 2405 2512 2430 ,
2553 2381 2654 2421 nec
2697 2365 2814 2436 ejus
2855 2367 3028 2421 aetatis
3057 2383 3160 2436 qua
3189 2375 3394 2422 certum
3429 2375 3513 2422 cst
3539 2382 3633 2423 eas

2047 2451 2156 2524 jam
2182 2454 2464 2524 concipere
2493 2471 2599 2510 non
2621 2455 2799 2512 valere
2825 2473 2839 2510 :
2869 2472 2972 2513 nec
2986 2473 3104 2512 eam
3137 2473 3355 2528 prorsus
3374 2473 3632 2512 concum-

2053 2544 2213 2600 bendi
2248 2545 2410 2601 vincit
2437 2545 2693 2612 allectus,
2732 2546 2826 2602 sed
2859 2556 2984 2602 tunc
3019 2549 3326 2616 relaxatur,
3363 2565 3482 2604 cum
3513 2565 3634 2620 spe-

2050 2645 2200 2692 ratur
2217 2637 2573 2707 gencrationis
2593 2636 2834 2693 eﬁ'cctus.
2858 2639 2912 2694 Si
2935 2639 3059 2709 quid
3083 2655 3210 2694 vero
3231 2639 3289 2694 ﬁt
3313 2641 3363 2693 in
3386 2641 3626 2712 eonjuge,

2050 2742 2157 2782 non
2183 2728 2398 2798 quidem
2426 2739 2608 2784 contra
2639 2741 2911 2798 naturam,
2942 2733 3034 2786 sed
3067 2741 3241 2788 untien
3269 2734 3408 2803 quod
3441 2735 3634 2790 tabula-

2049 2833 2167 2872 rum
2213 2818 2678 2873 matrimonialium
2707 2819 2926 2876 limitem
2960 2830 3228 2889 transeat,
3261 2825 3467 2879 veniale
3495 2825 3629 2895 apud

2049 2909 2362 2978 Apostolum
2394 2911 2690 2980 reperitur(
2712 2910 2730 2966 1
2755 2911 2874 2966 Cor.
2900 2928 2992 2978 vn,
3015 2911 3090 2984 6)
3115 2930 3128 2978 ;
3153 2913 3271 2984 quia
3296 2929 3628 2986 nequaquam
3671 2906 3682 2918 ’

2048 2997 2206 3056 limes
2224 3000 2513 3072 conjugalis
2534 3002 2706 3056 carnis
2728 3002 3007 3058 exceditur
3031 3023 3046 3059 :
3074 3006 3170 3060 sed
3195 3013 3370 3060 tamen
3397 3016 3454 3060 ut
3471 3008 3628 3062 etiam

2047 3087 2162 3160 ipse
2201 3106 2306 3145 non
2352 3091 2678 3160 exetedatur,
2715 3104 2897 3149 contra
2953 3095 3148 3148 malum
3187 3097 3629 3167 concupiscentiis

2046 3179 2347 3236 dimicatur.
2375 3182 2527 3250 Quod
2575 3198 2742 3253 u5que
2768 3200 2798 3236 a
2821 3183 2922 3239 deo
2952 3186 3146 3239 malum
3192 3195 3275 3241 est
3298 3228 3314 3253 ,
3349 3197 3404 3242 ut
3437 3189 3486 3243 ei
3509 3229 3526 3254 ,
3557 3203 3624 3244 ne

2047 3283 2265 3336 noceat,
2300 3272 2563 3343 pudicitia)
2591 3275 2886 3329 certamine
2914 3276 3211 3330 resistatur.

2115 3365 2204 3420 44.
2246 3365 2314 3420 Ει
2353 3374 2441 3432 ιιι,
2491 3365 2591 3419 nisi
2634 3365 2814 3431 fallor,
2858 3365 2910 3422 iu
2941 3365 3044 3420 isto
3083 3381 3142 3420 es
3165 3367 3459 3423 certamine
3500 3383 3629 3424 cono

2045 3458 2261 3512 stitutus
2294 3475 2307 3511 :
2345 3468 2395 3512 et
2421 3457 2540 3528 quia
2575 3467 2626 3512 te
2655 3457 2880 3512 ﬁdeliter
2911 3474 3142 3528 pugnare
3168 3461 3462 3527 existimas,
3492 3462 3628 3517 vinci

2045 3551 2220 3604 times.
2254 3549 2299 3604 Α
2341 3565 2478 3618 quo,
2535 3563 2715 3617 qua-so
2762 3558 2843 3614 te,
2884 3548 3022 3603 vinci
3071 3549 3272 3604 times?
3299 3566 3329 3603 a
3375 3551 3520 3605 bono
3558 3566 3627 3606 an

2045 3643 2189 3696 malo
2214 3641 2238 3696 ?
2267 3641 2349 3696 An
2379 3641 2515 3696 forte
2542 3641 2622 3696 sic
2647 3656 2674 3694 a
2705 3657 2790 3696 me
2815 3642 2952 3696 vinci
2987 3642 3140 3696 times
3165 3683 3180 3707 ,
3213 3652 3269 3696 ut
3305 3642 3482 3697 adhuc
3513 3659 3627 3696 ma-

2043 3732 2152 3787 lum
2181 3748 2343 3803 neges
2363 3774 2380 3801 ,
2401 3742 2454 3788 et
2481 3739 2727 3802 tanquam
2765 3733 2959 3787 bonum
2989 3732 3172 3788 laudes
3209 3749 3236 3785 a
3263 3750 3369 3804 quo
3398 3734 3539 3787 vinci
3565 3735 3628 3789 ti-

2042 3825 2206 3881 mes?
2244 3823 2386 3881 Inter
2419 3825 2552 3880 duos
2591 3825 2926 3880 adversarios
2961 3827 3280 3880 constitutus
3319 3826 3371 3880 in
3410 3839 3626 3896 magnas

2041 3919 2331 3973 coarctaris
2351 3917 2622 3988 angustias
2641 3959 2654 3982 ,
2683 3927 2738 3972 et
2766 3932 2852 3972 me
2880 3917 2961 3972 vis
3000 3918 3214 3972 vincere
3246 3933 3339 3986 per
3369 3918 3624 3987 cIanen-

2043 4009 2168 4064 tiam
2189 4050 2204 4075 ,
2231 4021 2285 4066 et
2311 4010 2581 4065 libidinem
2615 4025 2709 4078 per
2743 4010 3125 4066 continentiam
3157 4029 3170 4064 :
3207 4011 3299 4065 sed
3343 4009 3622 4082 pugnando

2040 4100 2296 4156 adversus
2319 4117 2434 4156 eam
2454 4101 2724 4156 conﬁteris
2753 4102 2973 4167 malum,
2997 4101 3258 4156 laudando
3283 4117 3400 4156 eam
3423 4103 3622 4157 deseris

2041 4193 2278 4248 veritatis
2306 4192 2520 4246 bonum.
2551 4192 2657 4248 Sed
2685 4207 2783 4264 ego
2819 4201 2871 4247 te
2902 4193 3055 4247 vinco
3081 4234 3096 4259 ,
3129 4200 3183 4246 et
3207 4203 3620 4263 expugnatorem

2041 4291 2094 4338 et
2113 4281 2441 4338 laudatorem
2469 4282 2620 4348 mali,
2653 4285 2987 4338 constituens
3014 4291 3066 4337 te
3087 4292 3212 4337 ante
3232 4283 3494 4352 judicem,
3518 4298 3622 4338 non

2039 4376 2200 4431 alium
2223 4417 2240 4444 ,
2271 4374 2366 4431 scd
2393 4386 2444 4431 te
2483 4375 2676 4445 ipsum.
2705 4376 2797 4430 Vis
2833 4377 2976 4431 enim
3000 4375 3217 4431 vincere
3243 4379 3621 4454 coocupisecn-

2038 4469 2168 4524 tiam
2208 4469 2600 4540 expugnatione
2643 4468 2760 4538 ejus
2783 4509 2800 4534 ,
2854 4484 2940 4524 me
2986 4485 3114 4523 vero
3143 4468 3300 4523 laude
3339 4468 3459 4538 ejus
3487 4487 3500 4522 :
3528 4468 3620 4525 sed

2039 4573 2138 4631 ego
2181 4559 2480 4628 reSpondco
2504 4600 2518 4623 ,
2570 4558 2636 4614 Ut
2665 4560 2906 4613 vincatur
2945 4559 3034 4628 qui
3065 4557 3276 4624 laudat,
3303 4557 3507 4629 judiect
3533 4558 3620 4628 qui

2039 4659 2240 4724 pugnat
2268 4653 2308 4704 ί.
2338 4651 2393 4706 Si
2421 4650 2560 4705 enim
2593 4650 2790 4706 malum
2818 4659 2902 4706 est
2923 4693 2938 4717 ,
2968 4667 3065 4705 cur
3095 4650 3318 4705 laudat?
3347 4653 3391 4704 si
3424 4651 3620 4706 booum

2039 4752 2143 4809 est,
2172 4758 2270 4800 cur
2293 4742 2600 4813 expugnat?
2627 4742 2683 4797 Si
2719 4752 2897 4796 autem
2929 4757 3030 4799 nec
3063 4741 3259 4795 bonum
3295 4757 3396 4796 nec
3425 4745 3620 4796 malum

2038 4843 2122 4891 est
2139 4876 2154 4899 ,
2187 4835 2367 4905 utquid
2401 4834 2578 4888 laudat
2598 4834 2622 4887 7
2642 4834 2824 4904 utquid
2846 4833 3158 4904 expugnat?
3183 4835 3445 4902 Quamdiu
3467 4833 3626 4905 igitur

2039 4933 2368 4995 expugnator
2424 4923 2656 4978 libidinis
2713 4923 2858 4988 eris,
2912 4923 3112 4977 tamdiu
3157 4936 3254 4992 pro
3307 4939 3394 4978 me
3438 4934 3626 4978 contra

2041 5027 2094 5073 te
2145 5017 2316 5086 ipsum
2346 5014 2508 5086 judex
2556 5014 2684 5070 eris.
2733 5015 2814 5068 An
2869 5012 3006 5069 forte
3053 5015 3308 5070 adversus
3348 5015 3623 5070 libidinem

2039 5123 2145 5162 non
2175 5106 2427 5172 certabis,
2478 5121 2544 5161 ne
2584 5105 2636 5160 in
2687 5105 2791 5160 isto
2818 5103 2958 5176 quod
3005 5121 3211 5160 meeum
3258 5103 3422 5160 babes
3447 5115 3626 5161 certa-

2039 5199 2184 5254 mine
2217 5196 2488 5268 supereris
2510 5239 2524 5263 ,
2563 5196 2746 5252 dicens
2774 5196 2865 5251 tibi
2894 5195 3030 5267 ipsi,
3057 5196 3242 5252 Melius
3276 5212 3380 5250 non
3407 5212 3584 5266 pugno
3607 5235 3621 5259 ,

2039 5293 2196 5362 qua‘m
2237 5289 2463 5346 ostendo
2507 5288 2788 5360 pugnando
2837 5289 3032 5343 malum
3081 5303 3200 5344 esse
3238 5287 3378 5360 quod
3421 5287 3625 5342 laudo?

2039 5380 2180 5447 Noli,
2222 5381 2448 5435 obsecro
2487 5388 2557 5434 te.
2606 5377 2743 5447 Quid
2772 5377 2912 5434 enim
2961 5395 3078 5433 sum
3124 5395 3261 5449 ego,
3313 5394 3472 5448 quem
3525 5393 3623 5448 pro

2041 5486 2233 5541 magno
2260 5470 2533 5526 desideras
2559 5469 2818 5526 vincere?
2839 5469 3016 5524 vincat
3042 5479 3093 5525 te
3118 5469 3293 5540 potius
3318 5468 3540 5534 vetitas,
3569 5477 3626 5523 ut

2041 5569 2095 5616 tu
2147 5561 2422 5616 libidinem
2462 5562 2666 5616 vincas.
2694 5559 2824 5616 Nam
2860 5560 2905 5616 si
2943 5561 3198 5617 adversus
3236 5574 3354 5615 eam
3389 5573 3626 5632 pugnare

2109 5698 2124 5728 ¹
2159 5703 2259 5746 nuo
2283 5709 2312 5746 e
2338 5695 2570 5746 Vaticanis
2592 5700 2716 5756 Mss,
2738 5700 2998 5758 expugnat.
