4038 6182
390 286 495 342 725

388 396 691 460 destiteris,
722 396 985 465 vinceris,
1024 398 1272 455 vincieris
1296 408 1355 456 et
1380 400 1449 457 ad
1478 400 1754 461 imt’nunda
1790 407 1971 461 omnia

389 486 735 559 pertraheris.
761 487 915 556 Quod
935 504 1058 544 cum
1080 489 1148 544 sit
1176 488 1499 547 horrendum
1527 493 1747 561 malum,
1778 511 1879 551 nec
1906 496 1974 555 ad

390 581 491 636 hoc
516 578 657 650 quod
684 577 959 635 desideras
984 580 1074 636 tibi
1096 580 1332 651 proderit
1362 599 1377 647 ;
1406 584 1567 639 etiam
1591 585 1669 641 sic
1691 586 1834 641 enim
1856 589 1973 643 vin-

385 670 529 726 ceris
554 685 583 723 a
602 684 730 735 me,
759 670 867 724 imo
897 670 964 725 ab
993 670 1107 740 ipsa
1140 687 1296 742 quam
1336 674 1567 742 prtrdico
1596 677 1839 732 veritate.
1866 677 1974 733 Sed

389 760 833 830 concupiscentia:
859 759 1104 816 laudator
1129 770 1183 816 et
1213 762 1230 794 ¹
1268 766 1712 833 concupiscentia:
1741 766 1974 823 debella-

390 861 476 906 tor
500 852 659 907 etiam
690 860 781 906 tuo
796 850 1002 922 judicio
1033 853 1427 921 vinceris,.cum
1456 857 1508 911 id
1538 858 1734 913 malum
1764 859 1970 926 laudas,

390 945 456 999 de
477 944 627 1014 cujus
647 943 1008 1001 debellatione
1025 947 1292 1017 gloriaris.
1317 948 1374 1005 Si
1395 960 1574 1006 autem
1600 967 1665 1006 ne
1683 956 1975 1010 certamine

386 1034 690 1090 dimicantis
736 1036 977 1091 vincatur
1011 1036 1194 1107 lingua
1234 1039 1500 1095 laudantis
1525 1081 1542 1107 ,
1587 1057 1824 1113 pugnare
1863 1044 1973 1113 jam

387 1123 586 1183 desinis
616 1139 632 1190 ;
670 1125 937 1194 captivum
972 1128 1415 1196 concupiscentia:
1435 1171 1449 1193 ,
1473 1130 1805 1187 desertorem
1837 1149 1972 1188 con-

388 1214 625 1271 tinentiae
646 1215 874 1283 vincam,
904 1233 1009 1271 mn
1030 1218 1140 1288 jam
1169 1235 1287 1283 suo,
1315 1222 1624 1292 scdjudicio
1651 1226 1945 1292 sapientiae.

455 1307 548 1361 45.
583 1304 758 1361 Causa
801 1307 980 1376 itaque
1025 1320 1204 1365 nostra
1247 1311 1392 1368 finita
1436 1322 1539 1368 est.
1573 1314 1975 1382 Quantumlibet

386 1397 532 1453 enim
563 1396 750 1452 laudes
772 1399 1258 1469 concupiscentiam
1284 1403 1479 1465 carnis,
1501 1404 1751 1469 quamdiu
1776 1422 1976 1476 pugnas

385 1484 643 1541 adversus
667 1500 786 1540 eam
819 1503 835 1552 ;
866 1489 1045 1542 cernis
1072 1505 1232 1559 quam
1262 1506 1448 1546 verum
1478 1493 1547 1550 dc
1577 1495 1663 1548 illa
1682 1536 1696 1559 ,
1742 1510 1840 1550 nec
1874 1497 1975 1550 nisi

385 1576 454 1632 de
482 1577 570 1633 illa
605 1576 800 1634 dixerit
824 1579 1113 1649 Apostolus
1148 1580 1411 1649 Joannes,
1434 1583 1576 1653 quod
1603 1595 1791 1639 nonest
1816 1602 1847 1639 α
1872 1584 1977 1639 Ρα-

388 1678 464 1723 trs
492 1667 548 1740 (l
573 1666 730 1723 Joan.
770 1685 829 1731 ιι.
861 1669 984 1740 I6).
1024 1670 1156 1727 Nam
1188 1673 1253 1736 si,
1293 1683 1354 1729 ut
1377 1675 1543 1741 dicis,
1582 1695 1602 1729 ι
1639 1679 1727 1748 qui
1759 1678 1974 1733 modum

387 1761 507 1832 ejus
536 1777 641 1817 non
671 1769 854 1829 tenet,
895 1762 1038 1819 bono
1066 1764 1204 1820 male
1241 1766 1404 1820 utitur
1433 1783 1448 1831 ;
1487 1785 1505 1820 t
1554 1769 1712 1823 etiam
1743 1771 1798 1824 in
1838 1771 1977 1827 male

388 1854 661 1910 utentibus
699 1854 896 1910 bonum
939 1865 1023 1911 est
1051 1857 1183 1926 ipsa.
1214 1857 1343 1924 Qua:
1379 1860 1538 1930 igitur
1566 1868 1648 1916 est
1687 1862 1771 1916 illa
1798 1906 1813 1927 ,
1856 1878 1976 1933 quae

390 1961 497 2003 non
524 1956 606 2001 est
630 1961 660 2002 a
683 1946 839 2002 Patre
866 1946 891 2000 ?
918 1947 1000 2002 An
1029 1948 1189 2003 etiam
1221 1949 1422 2018 ipsam,
1448 1952 1716 2021 quomodo
1742 1953 1872 2009 libet
1896 1955 1975 2009 iu-

392 2036 598 2106 telligas
624 2078 638 2100 ,
669 2036 889 2093 laudare
913 2036 1154 2107 disponis
1182 2039 1205 2093 ?
1230 2038 1400 2097 Porro
1434 2042 1478 2096 si
1505 2044 1702 2098 malum
1725 2053 1805 2099 est
1839 2045 1973 2115 ipsa,

391 2129 480 2184 ubi
520 2128 671 2183 erit?
697 2129 911 2198 quando
941 2130 1045 2186 erit
1068 2131 1093 2185 ?
1116 2130 1556 2202 Quandoquidem
1606 2136 1705 2190 ista
1726 2177 1741 2200 ,
1768 2137 1976 2193 etiamsi

390 2219 530 2276 male
553 2220 776 2290 quisque
802 2229 981 2275 utatur
1003 2261 1019 2287 ,
1053 2220 1250 2277 bonum
1300 2224 1404 2278 erit
1449 2241 1463 2276 :
1510 2240 1607 2280 nec
1632 2225 1779 2297 ipsa,
1811 2233 1868 2281 ut
1891 2228 1974 2283 di-

390 2311 468 2364 cis
491 2352 506 2376 ,
535 2309 627 2365 sed
654 2311 742 2366 ille
767 2311 867 2365 erit
888 2313 1080 2378 malus,
1112 2313 1203 2383 qui
1225 2314 1367 2371 bono
1392 2317 1558 2370 utitur
1588 2318 1747 2374 male.
1778 2321 1855 2375 Ac
1883 2336 1977 2389 per

391 2398 493 2454 hoc
545 2398 738 2456 frustra
779 2400 910 2456 dixit
955 2401 1189 2459 Joannes
1214 2446 1227 2467 ,
1272 2408 1760 2476 concupiscentiam
1798 2411 1976 2468 carnis

388 2505 495 2545 non
526 2505 644 2546 esse
678 2505 708 2544 a
736 2491 892 2547 Patre
923 2509 938 2547 :
979 2493 1115 2549 banc
1141 2495 1282 2550 enim
1314 2506 1367 2552 tu
1395 2497 1614 2567 bonam,
1645 2510 1698 2555 et
1726 2501 1796 2556 ob
1821 2502 1923 2558 hoc
1943 2516 1975 2557 a

384 2582 546 2639 Patre
567 2597 686 2639 esse
711 2585 1009 2649 contendis,
1033 2588 1194 2642 etiam
1218 2604 1339 2645 cum
1366 2606 1428 2646 ea
1450 2593 1676 2663 quisque
1704 2595 1841 2648 male
1868 2597 1973 2651 uti-

390 2684 477 2730 tur
516 2693 531 2739 ;
577 2676 698 2747 quia
745 2677 887 2732 bono
937 2680 1075 2736 male
1124 2681 1306 2736 utitur.
1357 2683 1465 2739 Nec
1514 2684 1696 2741 dicere
1744 2689 1971 2756 poteris,

387 2764 613 2832 Quando
644 2767 913 2826 moderata
942 2778 1054 2833 est,
1090 2787 1118 2824 a
1147 2772 1304 2827 Patre
1331 2784 1412 2829 est
1437 2791 1451 2841 ;
1482 2777 1695 2846 quando
1719 2778 1973 2835 immode-

306 2917 315 2923 ,
388 2867 502 2910 rata
526 2868 608 2913 est
633 2901 648 2925 ,
670 2875 777 2915 non
804 2870 887 2916 est
908 2876 936 2915 a
965 2862 1123 2919 Patre
1150 2881 1162 2917 :
1192 2866 1314 2934 quia
1342 2876 1397 2921 et
1422 2876 1545 2923 tunc
1566 2910 1580 2932 ,
1607 2878 1663 2923 ut
1692 2870 1849 2937 dicis,
1878 2871 1974 2925 bo-

384 2962 514 3002 num
530 2959 634 3014 est,
663 2966 770 3020 quo
792 2953 935 3008 bono
959 2954 1100 3010 male
1120 2957 1285 3011 utitur
1314 2958 1510 3013 malus.
1539 2959 1646 3015 Sed
1672 2961 1741 3016 ab
1770 2961 1852 3017 bis
1874 2978 1973 3018 an-

379 3041 576 3109 gustiis
600 3041 940 3110 liberaberis,
972 3046 1015 3101 si
1044 3048 1356 3114 credideris,
1381 3066 1485 3105 non
1514 3052 1704 3121 lingute
1727 3063 1850 3121 tunc,
1877 3056 1972 3115 scd

386 3144 577 3200 pugna:
612 3141 735 3186 tute.
770 3134 1114 3192 Continentia
1143 3150 1226 3194 est
1251 3142 1394 3194 enim
1420 3156 1450 3196 a
1482 3142 1674 3211 Patre,
1718 3160 1818 3215 qua
1863 3162 1971 3202 non

384 3234 782 3292 expugnaretur
814 3230 1242 3298 concupiscentia
1265 3272 1281 3297 ,
1313 3233 1412 3286 nisi
1437 3249 1540 3287 non
1568 3245 1710 3289 esset
1738 3251 1767 3290 a
1791 3236 1969 3293 Patre.

380 3312 513 3371 ﬂare
552 3316 665 3386 ipsa
699 3333 849 3388 ergo,
875 3332 1060 3376 contra
1104 3338 1261 3392 quam
1286 3365 1300 3390 ,
1338 3324 1384 3378 si
1427 3327 1765 3382 continenter
1796 3328 1969 3397 vivis,

386 3408 582 3465 acriter
603 3423 828 3479 pugnas,
855 3426 957 3465 non
982 3423 1062 3466 est
1082 3428 1112 3466 a
1134 3413 1310 3469 Patre.
1339 3414 1452 3470 Non
1475 3417 1615 3470 enim
1643 3428 1827 3472 contra
1851 3435 1971 3475 eam

380 3488 697 3567 pugnares,
723 3501 823 3555 nisi
854 3513 1206 3573 repugnaret:
1238 3520 1338 3561 nec
1366 3522 1496 3562 vero
1521 3520 1840 3579 repugnaret
1874 3512 1970 3567 tibi

383 3591 560 3657 agenti
600 3591 740 3661 quod
770 3594 997 3649 donatur
1028 3604 1083 3652 et
1119 3607 1330 3653 amatur
1369 3614 1399 3653 a
1446 3600 1605 3657 Patre
1629 3643 1645 3669 ,
1674 3602 1722 3658 si
1749 3614 1896 3661 esset
1937 3620 1966 3661 ο

380 3677 562 3736 Patre.

453 3770 541 3825 46.
573 3772 651 3827 Ex
683 3774 780 3828 ista
810 3784 1007 3831 etcum
1040 3777 1136 3833 ista
1166 3781 1403 3835 nascitur
1432 3781 1613 3848 homo,
1644 3785 1843 3841 bonum
1877 3788 1967 3844 Dei

381 3876 539 3931 Opus,
555 3878 672 3937 non
699 3866 814 3921 sine
835 3867 1010 3934 malo,
1044 3870 1184 3939 quod
1212 3871 1374 3927 trahit
1403 3874 1552 3944 origo
1574 3879 1966 3947 generationis,

382 3961 435 4006 et
465 3963 618 4008 sanat
639 3958 810 4025 gratia
835 3961 1274 4029 regenerationis.
1300 3966 1376 4019 Ac
1403 3982 1496 4036 per
1524 3968 1625 4023 hoc
1652 3979 1796 4027 recte
1825 3987 1853 4025 ιι
1881 3989 1969 4030 me

381 4041 580 4098 dictum
596 4054 699 4113 est,
724 4066 743 4100 ι
766 4048 837 4103 Ita
860 4051 1162 4120 nuptiarum
1186 4053 1386 4109 bonum
1410 4058 1552 4113 malo
1572 4061 1966 4134 originaliquod

378 4132 506 4188 inde
532 4135 759 4192 trahitur
782 4153 887 4194 non
919 4150 1093 4210 potest
1118 4146 1391 4211 accusari,
1421 4147 1556 4203 sicut
1584 4132 1964 4209 adulteriorum
1995 4140 2004 4145 ”

381 4231 436 4277 et
460 4223 865 4284 fornicatioan
896 4232 1091 4287 malum
1119 4234 1259 4296 bono
1285 4240 1512 4295 naturali
1540 4241 1681 4309 quod
1712 4243 1833 4299 inde
1867 4261 1965 4299 na-

374 4315 547 4371 scitur
567 4333 672 4373 non
700 4329 872 4389 potest
910 4326 1152 4380 excusari
1197 4345 1219 4379 ι
1256 4328 1276 4391 (
1288 4326 1366 4382 De
1411 4329 1623 4400 Nuptiis
1647 4343 1690 4385 et
1716 4332 1966 4405 Concupi-

379 4405 591 4472 scentia,
614 4407 702 4462 lib.
733 4426 771 4475 t,
797 4428 840 4466 c.
869 4414 946 4482 l).
981 4414 1185 4472 Bonum
1202 4418 1344 4473 enim
1378 4422 1618 4478 naturale
1651 4423 1792 4491 dixi,
1823 4427 1964 4496 quod

377 4508 587 4551 mecum
619 4497 734 4567 ipse
763 4502 1034 4560 collaudas
1062 4524 1078 4571 ;
1107 4509 1301 4562 malum
1328 4519 1503 4565 autem
1536 4513 1794 4583 originale
1820 4516 1926 4572 dixi
1944 4560 1959 4583 ,

378 4584 529 4656 cujus
558 4589 789 4646 motibus
828 4608 1037 4650 mecum
1078 4613 1372 4669 repugnas,
1405 4611 1454 4656 et
1481 4603 1633 4673 cujus
1656 4616 1841 4662 contra
1879 4624 1963 4665 me

378 4673 627 4733 laudibus
652 4695 873 4751 pugnas.
903 4684 1020 4740 Non
1045 4697 1128 4744 est
1155 4690 1354 4746 malum
1380 4693 1521 4763 quod
1550 4704 1707 4751 tratus
1736 4712 1825 4765 es,
1867 4702 1962 4756 sed

376 4780 497 4820 cum
520 4784 630 4838 quo
652 4780 807 4828 natus
842 4789 903 4831 es
922 4818 937 4841 ,
969 4786 1022 4833 et
1047 4789 1229 4835 contra
1258 4783 1398 4852 quod
1424 4785 1777 4854 spiritualiter
1801 4790 1961 4846 dimi—

375 4868 470 4911 cas
507 4860 629 4929 quia
655 4872 872 4920 renatus
896 4881 974 4921 es.
997 4867 1150 4936 Quod
1177 4882 1331 4927 natus
1351 4888 1410 4928 es
1438 4914 1452 4939 ,
1493 4878 1726 4945 pertinet
1759 4880 1826 4935 ad
1864 4881 1961 4938 Dei

373 4947 757 5019 conditionem,
779 4962 835 5008 et
855 4968 1133 5025 parentum
1160 4960 1536 5021 fecunditatem
1567 4984 1580 5020 :
1608 4979 1797 5024 contra
1819 4972 1961 5040 quod

372 5047 552 5093 autem
582 5040 802 5100 dimicas
825 5048 946 5117 quia
973 5059 1190 5105 renatus
1216 5067 1309 5120 es,
1356 5058 1586 5123 pertinet
1616 5059 1681 5113 ad
1711 5064 1962 5129 praevari-

372 5127 655 5197 cationem,
682 5149 839 5204 quam
860 5136 1057 5194 diaboli
1074 5143 1267 5196 astutia
1290 5146 1589 5214 seminavit,
1616 5127 1754 5205 unde
1775 5161 1827 5207 te
1846 5169 1962 5224 gra-

368 5220 442 5273 tia
464 5220 661 5278 Christi
700 5226 976 5296 liberavit;
1010 5241 1066 5286 ut
1095 5234 1239 5303 prius
1257 5235 1359 5293 hoc
1396 5239 1538 5294 malo
1560 5239 1694 5296 bene
1730 5220 1959 5303 utereris

370 5312 426 5368 in
455 5315 712 5387 conjuge,
745 5335 885 5376 nunc
911 5322 984 5377 illi
1008 5324 1309 5383 adverseris
1331 5329 1381 5384 in
1412 5341 1499 5395 te;
1546 5348 1650 5388 non
1679 5335 1789 5404 jam
1829 5354 1956 5394 reus

367 5418 433 5458 es
466 5404 594 5476 illo,
637 5409 773 5466 sicut
809 5428 930 5469 eras
972 5425 1160 5485 natus,
1195 5420 1289 5476 sed
1335 5422 1403 5478 ab
1427 5424 1615 5480 eodem
1655 5440 1805 5485 reatu
1846 5448 1952 5487 non

365 5507 583 5565 erutus,
616 5501 719 5558 nisi
759 5505 881 5575 quia
910 5517 1127 5566 renatus
1151 5550 1166 5577 ,
1209 5521 1264 5567 ut
1305 5515 1476 5584 possis
1524 5519 1831 5590 redemptus
1872 5540 1951 5579 re-

366 5633 657 5747 ωἱάηέιῖ
714 5639 1001 5691 ﬁeriacensi
1041 5650 1120 5693 Ms.
1164 5648 1498 5711 restituimus,
1562 5658 1957 5719 concupiscentia:

486 5713 510 5741 t.
578 5708 588 5719 '
659 5733 671 5746 .

486 5708 588 5745 olor
610 5708 671 5746 ει.

1737 288 1939 344 LIBER
1977 289 2291 349 TERTIUS.

3571 309 3679 365 728

2080 423 2246 481 gnare
2273 426 2395 469 cum
2433 412 2647 470 Christo
2671 434 2683 471 :
2714 416 2757 472 si
2787 425 2965 475 tamen
2992 419 3093 475 ista
3121 419 3343 477 bteresis
3378 436 3485 477 non
3518 432 3568 477 te
3586 424 3672 479 ta-

2082 503 2186 559 ciat
2226 506 2398 573 perire
2431 520 2551 561 cum
2575 507 2807 575 diabolo,
2836 509 2931 566 sed
2955 550 2971 576 ,
3010 511 3151 580 quod
3180 512 3359 581 potius
3388 513 3656 583 cupimus,

2081 593 2381 648 confitearis
2396 597 2610 660 malum,
2630 609 2814 653 contra
2831 600 2972 671 quod
2994 601 3190 657 bellum
3206 602 3370 673 geris,
3391 613 3448 657 ut
3468 618 3533 658 eo
3556 620 3660 659 non

2083 681 2155 736 ita
2181 694 2426 752 separato
2455 686 2531 756 (ιι)
2578 687 2727 757 quasi
2762 689 2862 742 alia
2904 699 3090 746 natura
3116 691 3216 755 sit,
3242 691 3338 747 sed
3364 693 3415 746 in
3449 702 3500 749 te
3516 708 3664 749 οιιιιιι

2082 786 2148 826 ex
2180 784 2329 841 parte
2355 785 2542 830 sanato
2562 816 2578 841 ,
2608 777 2660 831 in
2692 789 2951 849 perpetua
2980 795 3110 850 pace
3131 781 3349 837 lmtcris.

2154 863 2242 918 47.
2271 863 2385 918 Non
2416 867 2578 934 igitur
2605 886 2624 919 ι
2671 883 2788 922 sum
2831 869 3255 941 υιιιινιιιιιεοροιω
3290 872 3511 937 similis,
3546 892 3568 926 ι
3613 883 3673 929 ιιι

2086 952 2247 1023 dicis,
2273 976 2291 1008 ι
2320 958 2406 1028 qui
2428 959 2767 1028 promittebat
2794 961 3018 1017 bestiam
3041 1005 3054 1027 ,
3082 979 3202 1033 qua:
3239 979 3299 1019 se
3326 966 3492 1034 ipsam
3520 983 3667 1020 com-

2083 1058 2226 1102 esset
2272 1049 2310 1102 ⁸.
2363 1068 2383 1101 ι
2420 1050 2522 1105 Sed
2562 1055 2808 1118 observa,
2842 1070 2909 1109 ne
2931 1056 3168 1111 bestialis
3195 1061 3293 1113 iste
3320 1068 3514 1119 niotus.
3539 1075 3671 1115 conv

2082 1142 2163 1192 tra
2208 1155 2367 1208 quem
2415 1142 2611 1197 videris
2651 1145 2704 1199 in
2748 1155 2833 1199 tua
2870 1162 3035 1203 carne
3075 1149 3397 1217 conﬂigere,
3443 1155 3580 1205 sient
3621 1161 3675 1208 te

2084 1232 2336 1298 pervertit
2356 1233 2599 1288 laudatus
2622 1277 2636 1299 ,
2669 1236 2745 1290 sic
2770 1247 2819 1291 te
2845 1249 3126 1292 consumat
3157 1250 3337 1308 postea
3371 1242 3663 1298 relaxatus.

2080 1320 2197 1376 Non
2221 1324 2362 1378 enim
2388 1366 2403 1389 ,
2427 1335 2484 1379 ut
2507 1327 2850 1382 calumniaris
2878 1371 2892 1395 ,
2922 1345 3023 1399 ego
3048 1331 3156 1384 dixi
3191 1349 3211 1382 ι
3251 1335 3462 1399 nuptias
3486 1344 3539 1387 et
3561 1352 3675 1388 tua-

2080 1427 2242 1480 gnutn
2265 1413 2460 1468 bonum
2488 1426 2543 1469 et
2572 1432 2818 1486 magnum
2847 1421 3066 1484 malum,
3097 1437 3116 1472 ι
3152 1430 3399 1489 tanquam
3423 1438 3486 1475 eo
3510 1424 3677 1479 modo

2084 1498 2197 1568 ipsa
2243 1516 2303 1556 se
2346 1504 2592 1558 comedat
2618 1505 2717 1559 ista
2745 1509 3007 1561 sententia
3038 1525 3053 1573 ;
3083 1509 3178 1564 sed
3210 1509 3318 1563 dixi
3351 1510 3400 1563 in
3439 1528 3544 1565 uno
3576 1515 3696 1566 bor-

2080 1589 2226 1644 mine
2256 1601 2496 1646 naturam
2525 1593 2749 1660 bonam,
2787 1596 2971 1649 vitium
3014 1598 3212 1652 malum
3244 1616 3258 1651 :
3286 1600 3426 1667 quod
3455 1616 3575 1658 esse
3620 1612 3697 1657 tu.

2084 1679 2199 1748 ipse
2231 1690 2375 1735 certe
2410 1681 2463 1736 in
2504 1682 2759 1738 adulteris
2787 1686 3090 1752 confiteris,
3122 1703 3223 1747 nec
3250 1701 3466 1759 propter
3489 1706 3698 1748 eorum

2085 1770 2267 1825 vitium
2295 1772 2598 1841 improbans
2618 1783 2858 1829 naturam
2878 1818 2894 1840 ,
2929 1792 3028 1832 nec
3055 1790 3279 1849 propter
3296 1796 3480 1835 eorum
3512 1793 3679 1838 natu»

2080 1869 2196 1909 ram
2226 1857 2525 1925 approbans
2565 1860 2769 1914 vitium.
2808 1860 3012 1916 Bonum
3041 1862 3148 1919 dixi
3179 1864 3426 1933 nuptias,
3458 1880 3521 1919 ex
3552 1866 3673 1936 qui-

2082 1944 2185 2002 bus
2213 1961 2273 2002 es
2301 1957 2457 2003 natus
2488 1964 2503 2014 ;
2535 1950 2729 2004 malum
2756 1961 2933 2007 autem
2974 1968 3082 2009 non
3121 1953 3190 2010 de
3219 1956 3416 2026 nuptiis
3440 1998 3456 2024 ,
3485 1959 3576 2012 sed
3608 1959 3676 2015 de

2082 2038 2262 2093 vitiata
2291 2041 2493 2112 origine
2527 2052 2849 2112 attractum,
2894 2055 3080 2101 contra
3104 2046 3248 2117 quod
3285 2047 3431 2119 geris
3473 2048 3670 2109 bellum

2083 2140 2319 2186 renatus.

2152 2221 2242 2277 48.
2285 2220 2583 2279 Ridiculum
2621 2231 2705 2280 est
2736 2233 2913 2280 autem
2934 2268 2949 2292 ,
2988 2227 3130 2297 quod
3161 2233 3248 2285 me
3271 2228 3407 2285 dicis
3429 2273 3444 2297 ,
3481 2247 3501 2285 ι
3538 2230 3670 2301 Epi-

2078 2311 2195 2366 curi
2225 2312 2338 2367 vias
2362 2313 2691 2383 gradientem
2722 2314 2957 2373 habenas
2994 2332 3220 2383 omnes,
3248 2320 3440 2390 quibus
3464 2321 3674 2390 cupidi-

2078 2410 2218 2458 totes
2260 2403 2535 2459 frenantur
2558 2446 2574 2471 ,
2619 2406 2875 2463 incidere.
2910 2426 2930 2461 ι
2980 2410 3115 2476 Quid
3137 2450 3151 2475 ,
3187 2412 3233 2466 si
3270 2426 3369 2482 ego
3402 2412 3672 2471 laudarem

2079 2495 2321 2563 corporis
2346 2497 2665 2566 voiuptatem
2687 2497 2711 2552 ?
2738 2498 2849 2553 Hoc
2869 2500 3011 2557 enim
3035 2509 3090 2555 tu
3111 2502 3241 2557 satis
3259 2503 3572 2574 eloquenter
3590 2503 3674 2563 fa-

2076 2586 2180 2653 cis,
2202 2586 2344 2656 quod
2372 2588 2635 2645 inerudite
2661 2600 2822 2661 atque
2844 2591 3082 2662 impolite
3108 2592 3336 2650 faciebat
3364 2596 3622 2665 Epicurus
3656 2616 3668 2649 :

2074 2676 2231 2746 quasi
2250 2686 2530 2747 propterea
2546 2679 2620 2733 sis
2632 2679 2747 2748 ejus
2761 2679 3117 2747 adversarius,
3136 2684 3255 2753 quia
3273 2685 3474 2741 diserte
3489 2686 3669 2742 dicent:

2078 2782 2186 2821 non
2202 2777 2428 2822 noverat
2452 2768 2539 2822 ille
2562 2805 2578 2835 ,
2603 2785 2722 2839 qua:
2743 2770 2898 2826 dicis.
2921 2771 3124 2826 Rursus
3147 2815 3161 2838 ,
3187 2782 3245 2829 ut
3272 2777 3445 2828 sentio
3465 2817 3478 2839 ,
3522 2776 3670 2830 labo-

2080 2866 2292 2912 ratur-us
2316 2873 2396 2921 es,
2424 2858 2689 2928 quomodo
2717 2869 2769 2915 te
2796 2860 3048 2917 ostendas
3075 2872 3129 2917 et
3161 2863 3484 2919 laudatorem
3517 2867 3673 2923 volu-

2074 2950 2241 3018 ptatis
2267 2963 2387 3004 esse
2409 2988 2425 3016 ,
2467 2962 2520 3004 et
2554 2949 2883 3020 Epicureum
2922 2968 3027 3008 non
3069 2968 3211 3009 esse.
3245 2954 3349 3009 Sed
3378 2956 3485 3011 noli
3517 2957 3677 3014 labo-

2074 3055 2229 3107 rare,
2268 3056 2370 3113 ego
2409 3050 2461 3096 te
2506 3042 2606 3097 ista
2645 3059 2772 3098 cura
2812 3044 3069 3099 liberabo.
3111 3045 3224 3100 Non
3252 3061 3313 3101 es
3343 3049 3671 3117 Epicureus,

2080 3134 2202 3202 quia
2235 3134 2319 3187 ille
2351 3142 2519 3189 totum
2549 3135 2783 3190 hominis
2804 3136 2999 3192 bonum
3027 3139 3079 3192 in
3108 3141 3350 3209 corporis
3380 3143 3552 3210 posuit
3575 3158 3685 3197 τοι

2080 3222 2322 3293 luptate,
2390 3235 2445 3279 tu
2493 3235 2672 3281 autem
2724 3242 2971 3298 magnam
3024 3237 3230 3300 partem
3282 3230 3498 3286 humani
3548 3232 3672 3289 boni

2080 3328 2279 3385 ponere
2307 3319 2358 3372 in
2384 3318 2581 3373 virtute
2608 3321 2843 3387 conaris,
2872 3336 3031 3390 quam
3072 3338 3272 3385 veram,
3305 3322 3358 3376 id
3388 3332 3489 3389 est,
3531 3340 3671 3379 vera:

2080 3403 2292 3474 pietatis
2324 3407 2555 3477 ignoras.
2591 3408 2731 3463 Dixit
2758 3410 2900 3465 enim
2929 3410 3131 3465 homini
3166 3412 3306 3466 Deus
3329 3414 3371 3475 ³,
3404 3411 3536 3469 Ecce
3561 3416 3669 3482 pil-

2083 3505 2157 3551 tas
2184 3507 2258 3551 est
2294 3500 2542 3568 sapientia
2570 3498 2699 3568 (Job
2755 3514 2918 3573 xxvtu
2938 3544 2953 3566 ,
2983 3501 3053 3558 28
3083 3501 3124 3573 ).
3154 3503 3218 3558 Et
3263 3503 3377 3558 bmc
3408 3505 3546 3560 unde
3576 3505 3670 3561 lto-

2079 3588 2207 3642 mini
2231 3628 2248 3654 ,
2275 3589 2375 3645 nisi
2402 3590 2492 3645 ille
2517 3590 2606 3645 det
2630 3589 2699 3646 de
2728 3571 2834 3662 q‘uo
2864 3571 3120 3664 scriptum
3147 3605 3227 3651 cst
3251 3637 3267 3664 ,
3300 3596 3546 3652 Dominus
3579 3615 3677 3654 ιιι--

2079 3679 2267 3750 pientes
2309 3680 2430 3750 facit
2458 3696 2619 3736 careas
2660 3681 2681 3752 (
2708 3682 2852 3737 Psal.
2882 3698 3036 3750 CXLV,
3061 3684 3135 3756 8)
3166 3702 3181 3749 ;
3226 3697 3278 3741 ct
3306 3688 3373 3743 dc
3401 3705 3508 3759 quo
3536 3692 3661 3744 item

2080 3771 2274 3841 legitur
2296 3814 2310 3837 ,
2340 3772 2403 3828 Si
2440 3774 2553 3844 quis
2589 3775 2778 3844 indiget
2810 3777 3080 3846 sapientia,
3105 3779 3318 3849 postulet
3342 3797 3374 3833 a
3401 3780 3509 3835 Deo
3530 3782 3549 3852 (
3566 3781 3665 3835 Ju-

2078 3865 2187 3919 cobi
2228 3880 2264 3928 t,
2295 3865 2350 3937 5)
2379 3865 2404 3921 ?
2430 3866 2626 3921 Verum
2649 3867 2694 3922 si
2725 3877 2778 3921 tu
2809 3884 2917 3923 non
2947 3884 3005 3924 es
3032 3869 3343 3940 Epicureus,
3372 3871 3460 3941 qui
3488 3887 3548 3927 ex
3575 3874 3663 3928 illo

2078 3956 2307 4028 aliquam
2336 3966 2539 4028 partem
2564 3958 2618 4013 in
2638 3959 2922 4030 voluptatis
2943 3960 3102 4018 laude
3127 3964 3399 4033 sumpsisti
3429 3982 3443 4019 ε
3467 3976 3667 4035 quanto

2077 4045 2254 4100 minus
2279 4060 2412 4116 ego,
2445 4049 2532 4117 qui
2563 4048 2633 4104 de
2662 4050 2930 4119 voluptate
2958 4052 3133 4108 carnis
3164 4052 3266 4109 hoc
3290 4056 3489 4121 sentio,
3521 4057 3660 4125 quod

2076 4138 2238 4191 sentit
2263 4138 2576 4195 Ambrosius
2607 4138 2627 4214 (
2647 4139 2797 4195 Libro
2824 4142 2887 4196 de
2907 4140 3161 4199 Paradiso
3196 4188 3211 4210 ,
3249 4162 3363 4216 cap.
3390 4146 3459 4202 12
3478 4189 3493 4211 ,
3518 4157 3562 4200 et
3598 4148 3666 4201 li-

2072 4228 2162 4283 bro
2185 4229 2249 4284 de
2279 4228 2617 4301 PltiIosOpltia
2635 4274 2649 4298 ,
2674 4234 2825 4287 citato
2849 4250 3008 4303 supra
3027 4275 3042 4301 ,
3066 4235 3153 4290 lib.
3176 4236 3213 4290 2
3231 4280 3244 4301 ,
3270 4255 3359 4292 nn.
3388 4240 3454 4294 13
3470 4282 3483 4306 ,
3514 4241 3576 4293 t5
3602 4246 3662 4309 ',;

2075 4319 2351 4374 inimicam
2367 4321 2569 4375 scilicet
2594 4336 2713 4377 esse
2734 4321 2952 4392 justitize
2971 4365 2985 4389 ,
3017 4335 3070 4380 ct
3099 4328 3240 4395 quod
3272 4326 3431 4383 homo
3459 4344 3663 4384 mucu—

2074 4412 2345 4481 piseentia:
2382 4412 2653 4483 voluptate
2695 4425 2977 4471 concretus
3005 4460 3020 4483 ,
3064 4420 3373 4491 priusquam
3422 4424 3660 4479 nascitur

2072 4501 2259 4558 subeat
2306 4502 2549 4574 contagia
2580 4504 2919 4560 delictorum.
2962 4508 3114 4576 Quod
3156 4521 3335 4566 autem
3376 4513 3440 4567 ad
3488 4529 3662 4571 mons

2070 4595 2301 4666 pertinet
2334 4604 2581 4664 nostros,
2610 4598 3054 4667 quemadmodum
3085 4602 3361 4671 vivamus,
3393 4605 3444 4659 in
3483 4621 3660 4674 prom-

2069 4697 2163 4760 ptu
2203 4696 2287 4744 est
2313 4689 2392 4744 eis
2423 4704 2543 4745 eum
2570 4690 2764 4761 quibus
2805 4692 3051 4748 vivimus.
3099 4694 3250 4752 Nunc
3287 4697 3354 4751 de
3399 4696 3661 4751 catholico

2058 4783 2244 4854 agitur
2279 4783 2528 4854 dogmate
2569 4799 2632 4840 ac
2660 4785 2766 4841 fide
2798 4803 2811 4840 :
2843 4787 3061 4856 perﬁdia
3104 4803 3210 4842 non
3258 4789 3327 4843 sit
3370 4789 3662 4847 desertoris

2070 4874 2123 4929 in
2156 4886 2226 4930 te.
2253 4875 2384 4931 Nam
2413 4886 2500 4931 tua
2530 4893 2617 4932 me
2647 4892 2753 4933 non
2787 4887 2983 4945 terret,
3014 4880 3159 4936 velut
3189 4880 3365 4952 lingua
3392 4884 3656 4939 censoris.

2069 4968 2262 5025 Fateor
2302 4986 2388 5026 me
2420 4970 2617 5027 docere
2646 4971 2892 5031 homines
2914 5015 2930 5039 ,
2958 4971 3098 5044 quod
3126 4973 3179 5027 in
3208 4974 3525 5043 Apostolicis
3551 4974 3662 5031 Lit-

2069 5060 2199 5114 teris
2223 5059 2415 5126 didici,
2456 5062 2576 5131 quia
2607 5063 2651 5116 si
2686 5062 2959 5117 dixerimus
2982 5063 3118 5135 quod
3146 5075 3403 5134 peccatum
3438 5084 3536 5119 non
3568 5067 3661 5122 Im-

2069 5153 2258 5219 bcmus,
2289 5170 2381 5209 nos
2402 5155 2541 5225 ipsos
2568 5155 2876 5227 decipimus,
2922 5165 2967 5211 et
3003 5157 3185 5211 veritas
3211 5158 3262 5211 in
3294 5156 3434 5212 nobis
3460 5175 3559 5213 non
3584 5169 3659 5215 est

2064 5244 2087 5313 (
2114 5242 2315 5299 lJoan.
2362 5261 2401 5311 ι,
2428 5243 2521 5314 8).
2546 5246 2741 5301 Fateor
2761 5261 2847 5301 me
2896 5249 2947 5300 in
2998 5247 3193 5317 populo
3222 5257 3276 5304 et
3310 5264 3427 5304 cum
3461 5251 3657 5320 pupulo

2068 5335 2161 5390 Dei
2194 5347 2377 5404 pectus
2407 5335 2633 5391 tundere
2656 5376 2671 5399 ,
2714 5344 2768 5391 et
2800 5336 3063 5393 veraciter
3084 5338 3298 5407 dicere,
3331 5338 3540 5395 Dimitte
3565 5358 3656 5395 no-

2066 5427 2139 5481 bis
2166 5428 2331 5480 debita
2369 5437 2541 5481 nostra
2567 5426 2795 5498 (Matth.
2820 5444 2872 5483 γι
2894 5471 2908 5496 ,
2941 5429 3060 5501 12).
3089 5431 3200 5487 Nec
3232 5432 3499 5490 insultetis
3528 5433 3652 5489 hinc

2131 5540 2145 5603 ξ
2183 5538 2390 5603 Vaticani
2414 5539 2631 5603 quinque
2666 5546 2717 5588 et
2746 5538 2841 5603 duo
2862 5538 3084 5593 Gallicani
3124 5550 3251 5601 Mss,
3274 5546 3570 5595 comedisset.

2125 5600 2145 5629 ⁹
2178 5600 2396 5667 Quinque
2418 5600 2625 5650 Vaticani
2652 5609 2700 5650 et
2725 5601 2943 5653 Cailicaui
2972 5611 3073 5654 tres
3087 5611 3213 5667 λιες»,
3238 5600 3370 5658 mn
3394 5607 3530 5657 homo
3548 5606 3648 5667 hct,

2063 5667 2180 5709 Ecce
2200 5666 2364 5720 pictas,
2392 5668 2483 5710 etc.

2127 5721 2197 5778 (α)
2231 5727 2393 5783 t-‘orte,
2408 5734 2503 5774 non
2522 5739 2549 5775 α
2570 5731 2614 5776 te
2637 5733 2875 5787 srptn'nto.
