4014 6184
349 313 453 368 727

351 427 509 485 nobis
534 444 547 480 :
579 424 701 480 inde
726 422 920 494 quippe
939 418 1068 473 estis
1093 414 1349 479 lueretiri,
1374 413 1494 482 quia
1518 411 1633 466 haec
1652 409 1936 480 displicent

351 516 523 573 vobis.
562 514 676 571 Nos
723 515 775 566 in
806 508 899 565 Dei
942 521 1065 562 vera
1105 502 1464 559 misericordia
1490 542 1505 567 ,
1548 515 1643 555 vos
1680 500 1733 555 in
1762 508 1936 556 vestra

351 612 486 667 falsa
531 610 725 664 virtute
766 601 1050 660 conﬁditis.
1093 598 1201 654 Vos
1243 597 1464 667 gratiam
1512 595 1605 649 Dei
1643 592 1935 648 secundum

358 701 549 756 merita
591 706 771 753 nostra
799 696 817 727 ¹
851 693 965 749 dari
1015 691 1236 755 dicitis;
1294 686 1433 757 quod
1479 695 1655 740 tamen
1699 684 1801 740 nisi
1841 682 1938 737 da-

361 799 601 847 mnasset
626 786 869 856 Pelagius
893 826 908 851 ,
931 798 961 837 a
1005 780 1281 837 catholicis
1311 778 1576 848 episcopis
1597 776 1939 831 damnaretur

360 880 439 950 (α)
464 897 477 933 :
507 893 605 933 nos
636 891 764 933 vero
791 890 910 930 eam
940 873 1105 944 gratis
1132 870 1245 924 dari
1273 910 1286 933 ,
1324 876 1379 923 et
1406 874 1684 937 propterea
1713 864 1938 935 gratiam

354 969 685 1038 nuncupari,
721 975 775 1022 et
804 981 869 1021 ex
910 964 1007 1019 illa
1029 976 1148 1017 esse
1189 959 1365 1013 omnia
1409 967 1711 1011 sanctorum
1751 954 1939 1010 merita

353 1062 705 1127 conﬁtemur,
735 1060 948 1114 dicente
980 1052 1273 1125 Apostolo,
1316 1050 1494 1104 Gratia
1532 1048 1630 1102 Dei
1667 1045 1940 1116 cumquod

354 1171 468 1208 sum
497 1156 518 1187 ³
546 1152 741 1224 (ιϐσι.
768 1166 865 1218 xv,
900 1149 967 1204 l0
987 1149 1026 1219 ).
1056 1147 1178 1202 ideo
1200 1159 1297 1199 nos
1319 1141 1556 1197 irridetis
1580 1182 1597 1207 ,
1629 1149 1683 1196 et
1709 1155 1819 1211 pra:
1847 1155 1941 1195 vo-

355 1246 442 1301 bis
482 1245 588 1299 alta
618 1243 845 1303 ‘cervice
890 1237 1250 1296 contemnitis.
1290 1236 1437 1290 Facti
1465 1234 1607 1289 enim
1635 1248 1816 1288 sumus
1842 1247 1941 1303 op-

359 1334 640 1403 probrium
687 1332 753 1386 iis
795 1330 882 1399 qui
926 1326 1226 1394 abundant,
1276 1333 1331 1380 et
1373 1322 1647 1392 despectio
1697 1321 1943 1392 superbis

359 1419 532 1490 (Psaf.
561 1436 727 1486 cxxu,
755 1418 832 1488 4).
850 1417 1140 1473 Consilium
1166 1415 1359 1485 quippe
1372 1412 1543 1481 inopis
1567 1411 1877 1467 confudistis
1897 1409 1941 1476 ³,

357 1513 611 1585 quoniam
649 1510 903 1565 Dominus
932 1521 1056 1577 Spes
1083 1507 1199 1577 ejus
1235 1513 1320 1559 est
1345 1502 1531 1574 (Psaf.
1562 1518 1676 1568 xm,
1706 1501 1799 1571 6).

350 1612 359 1659 ι
429 1601 521 1658 49.
561 1601 618 1656 in
662 1599 762 1655 hac
800 1609 976 1653 tamen
1023 1612 1122 1661 re,
1173 1593 1315 1649 unde
1362 1607 1503 1647 nunc
1545 1592 1781 1663 agimus,
1834 1604 1942 1644 non

360 1695 541 1761 video,
572 1706 669 1748 cur
695 1690 864 1758 dicas,
902 1707 920 1739 ι
950 1703 1038 1743 ne
1066 1686 1299 1742 habenas
1325 1699 1513 1740 omnes
1533 1725 1548 1751 ,
1575 1681 1768 1753 quibus
1791 1681 1943 1751 cupi-

359 1784 553 1842 ditates
577 1784 867 1845 frenantur,
894 1778 1161 1843 incidere;
1194 1795 1211 1828 ι
1239 1777 1328 1846 qui
1356 1775 1504 1829 omni
1527 1774 1722 1829 virtute
1749 1786 1944 1828 secun-

361 1875 490 1930 dum
542 1873 765 1944 gratiam
817 1869 945 1935 Dei,
995 1882 1113 1938 quas
1159 1866 1316 1922 datur
1367 1863 1708 1928 hominibus,
1756 1874 1944 1917 omnes

362 1967 680 2037 cupiditates
700 1962 984 2019 frenandas
1008 1974 1127 2016 esse
1147 1959 1399 2014 decerno.
1425 1956 1530 2013 Sed
1549 1955 1644 2010 abs
1665 1964 1717 2011 te
1736 1967 1941 2026 qurero,

360 2066 540 2111 utrum
565 2054 717 2109 bona:
744 2067 810 2106 an
837 2050 992 2106 mala:
1013 2048 1119 2106 sint
1145 2048 1259 2103 istze
1282 2046 1618 2117 cupiditates,
1648 2058 1783 2115 quas
1804 2058 1944 2115 pra:-

362 2147 512 2203 dicas
537 2161 659 2203 esse
686 2142 993 2210 frenandas,
1021 2150 1075 2197 et
1099 2140 1244 2197 velut
1270 2154 1302 2194 a
1329 2153 1414 2194 me
1441 2137 1763 2201 relaxentur,
1795 2148 1946 2190 accu-

360 2252 473 2292 sas.
514 2236 648 2291 Puto
676 2234 817 2290 enim
860 2248 964 2289 non
1002 2247 1093 2288 eas
1140 2245 1398 2303 equorum
1429 2228 1513 2284 vel
1555 2240 1887 2298 quorumque
1919 2224 1944 2257 ⁵

361 2327 667 2382 animalium
705 2332 900 2395 praeter
941 2337 1038 2378 nos
1066 2336 1221 2391 esse,
1267 2319 1362 2376 scd
1409 2326 1639 2374 nostras.
1690 2317 1747 2371 ln
1789 2315 1943 2372 nobis

361 2425 487 2474 sunt
511 2430 639 2487 ergo
677 2416 830 2470 mala:
869 2413 1213 2483 cupiditates,
1241 2426 1373 2481 quas
1408 2411 1544 2466 bene
1568 2408 1809 2464 vivendo
1831 2407 1944 2463 fre-

361 2520 574 2562 namus.
628 2504 873 2560 Habenas
920 2504 1107 2574 igitur,
1155 2500 1347 2572 quibus
1393 2515 1500 2555 non
1548 2499 1737 2566 bona,
1791 2497 1887 2554 sed
1920 2498 1942 2531 ⁸

362 2597 520 2654 mala:
544 2594 819 2651 frenantur
841 2592 1177 2675 cupiditates,
1201 2605 1288 2646 me
1309 2589 1597 2661 praecidere
1620 2587 1941 2644 criminaris.

361 2686 564 2742 llarum
593 2693 673 2740 est
703 2698 809 2739 una
833 2680 1263 2751 concupiscentia
1292 2678 1489 2746 carnis,
1515 2693 1581 2733 ex
1609 2692 1714 2748 qua
1741 2684 1943 2732 etcum

363 2792 466 2848 qua
496 2783 823 2842 nascuntur,
854 2781 909 2828 et
939 2779 1154 2843 propter
1182 2785 1341 2840 quam
1371 2777 1724 2824 renascuntur
1765 2766 1943 2823 infan-

363 2879 469 2925 tes.
498 2867 577 2923 Eo
600 2866 740 2921 malo
762 2863 1016 2934 conjuges
1035 2870 1213 2918 castos
1239 2860 1363 2915 dico
1388 2859 1645 2929 utibene,
1675 2857 1945 2914 adulteros

362 2960 539 3026 male;
579 2967 639 3014 tu
676 2966 860 3013 contra
899 2970 964 3011 eo
1004 2954 1145 3009 bono
1185 2951 1460 3007 adulteros
1495 2950 1630 3006 dicis
1669 2949 1747 3005 uti
1781 2949 1942 3018 male,

363 3058 543 3106 castos
570 3047 825 3118 conjuges
864 3046 1001 3101 bene
1034 3061 1047 3098 :
1089 3042 1472 3098 continentiam
1514 3040 1708 3097 melius
1733 3053 1801 3096 eo
1835 3053 1945 3095 non

364 3139 479 3205 uti,
519 3137 675 3192 ambo
703 3136 968 3200 dicimus;
1014 3131 1108 3187 sed
1137 3146 1240 3202 ego
1280 3145 1347 3185 eo
1384 3130 1560 3198 malo,
1593 3139 1650 3185 tu
1687 3145 1753 3186 eo
1781 3129 1942 3185 bono.

364 3232 444 3287 Ac
470 3245 566 3301 per
591 3228 728 3295 hoc,
772 3225 1013 3298 quamvis
1045 3224 1155 3278 Deo
1184 3232 1365 3279 nostra
1405 3222 1765 3289 conscientia,
1809 3236 1944 3277 con-

364 3319 598 3377 versatio
625 3332 751 3373 vero
785 3316 946 3372 etiam
985 3313 1291 3369 hominibus
1309 3354 1325 3381 ,
1370 3312 1511 3368 inter
1534 3326 1669 3382 quos
1696 3310 1944 3377 vivimus,

366 3421 494 3469 nota
535 3411 641 3477 sit;
685 3421 859 3465 tamen
890 3408 1047 3463 ambo
1084 3404 1465 3462 continentiam
1496 3402 1850 3474 proﬁtemur:
1892 3410 1949 3459 et

364 3502 584 3574 siquod
625 3500 935 3572 profitemur
974 3496 1413 3574 agimus,_istam
1458 3491 1946 3564 concupiscentiam

364 3559 609 3664 profecto
626 3559 794 3646 lambo
821 3559 1123 3655 frcnamvus,
1146 3559 1401 3642 adiersus
1438 3585 1555 3655 ejus
1591 3559 1947 3655 repugnantes

366 3695 547 3740 motus
589 3683 746 3739 ambo
787 3681 1082 3746 bellamus;
1134 3678 1291 3735 ambo
1335 3693 1488 3743 eam,
1529 3678 1574 3732 si
1617 3677 1944 3747 proﬁcimus,

368 3775 722 3831 debellamus.
753 3773 951 3829 Verum
982 3772 1083 3827 hoc
1110 3771 1353 3835 interest,
1385 3768 1528 3839 quod
1563 3783 1663 3838 ego
1697 3768 1818 3822 dico
1859 3782 1947 3823 me

368 3868 567 3923 ntalum
597 3866 843 3932 frenare,
872 3872 927 3919 tu
953 3872 1131 3918 autem
1171 3868 1225 3916 te
1254 3861 1451 3916 bonum
1482 3876 1495 3913 :
1525 3873 1624 3928 ego
1661 3858 1780 3913 dico
1817 3856 1947 3911 mihi

370 3958 573 4014 malum
604 3970 899 4027 repugnare
934 3972 949 4011 :
989 3963 1045 4008 tu
1072 3952 1163 4007 tibi
1195 3952 1391 4006 bonum
1419 3966 1433 4005 :
1462 3963 1562 4020 ego
1588 3947 1728 4003 bello
1761 3947 1950 4002 adver-

369 4064 463 4106 sus
491 4048 686 4103 malum
708 4087 724 4113 ,
770 4054 826 4101 tu
868 4044 1124 4100 adversus
1163 4042 1359 4097 bonum
1388 4058 1401 4094 :
1434 4054 1532 4111 ego
1567 4038 1723 4108 cupio
1752 4037 1948 4092 malum

370 4138 661 4203 debellare,
696 4146 751 4192 tu
779 4136 997 4192 bonum.
1029 4132 1183 4190 Unde
1211 4131 1382 4202 putari
1410 4136 1589 4202 potest
1612 4128 1770 4199 quod
1795 4128 1947 4183 istam

370 4229 858 4302 concupiscentiam
898 4228 1065 4298 magis
1098 4226 1320 4281 incitare
1343 4222 1636 4289 laudando,
1664 4237 1821 4293 quam
1860 4236 1949 4277 re-

368 4322 583 4378 frenare
611 4320 828 4376 studeas
865 4316 1205 4374 continendo.

443 4415 534 4470 50.
574 4413 817 4470 Gloriosa
858 4421 910 4467 te
947 4427 1042 4480 per
1075 4409 1458 4466 continentiam
1497 4405 1769 4477 proﬁteris
1791 4420 1949 4461 exer—

372 4520 500 4562 cere
540 4504 830 4560 certamina
861 4520 875 4556 :
916 4510 1100 4555 contra
1141 4499 1264 4569 quid
1286 4540 1302 4565 ,
1331 4498 1500 4568 rogo?
1537 4496 1674 4564 Quid
1711 4496 1952 4551 dicturus

372 4614 456 4667 cs,
497 4596 821 4652 nisicontra
858 4593 1034 4648 carnis
1071 4588 1600 4659 concupiscentiam?
1644 4586 1750 4643 Sed
1776 4595 1951 4641 utrum

371 4690 620 4754 amicam,
648 4701 714 4741 au
740 4680 1142 4740 adversariam?
1176 4678 1440 4749 Numquid
1466 4678 1568 4733 nisi
1592 4676 1950 4737 adversariam

370 4779 760 4855 reapondebis?
788 4777 917 4833 Caro
942 4776 1076 4830 enim
1100 4772 1405 4844 concupiscit
1430 4772 1669 4825 adversus
1694 4769 1949 4839 spiritum,

371 4886 419 4930 ct
445 4874 655 4945 spiritus
691 4870 929 4925 adversus
956 4881 1160 4921 carnem
1188 4880 1207 4919 :
1236 4864 1343 4919 hac
1367 4863 1501 4917 enim
1528 4862 1741 4915 invicem
1768 4859 1951 4913 adver-

373 4974 571 5031 santur,
600 4962 738 5017 sicut
762 4958 1043 5031 Apostolus
1072 4955 1221 5012 testis
1248 4963 1331 5010 est
1359 4952 1552 5026 (Gafat.
1581 4967 1636 5017 v,
1667 4950 1777 5021 l7).
1815 4948 1950 5005 For-

374 5056 532 5110 tassis
573 5068 700 5124 ergo
743 5066 861 5108 eam
899 5049 1115 5106 laudare
1161 5056 1213 5102 te
1255 5044 1430 5116 ﬁngis,
1476 5044 1522 5100 si
1566 5056 1801 5114 pugnare
1842 5056 1949 5096 non

372 5147 552 5217 ﬁngis.
593 5146 725 5201 Nam
761 5141 1028 5213 quomodo
1067 5139 1292 5196 ﬁdeliter
1330 5137 1485 5193 simul
1523 5150 1649 5207 agas
1687 5134 1792 5190 duo
1829 5135 1948 5200 ista,

372 5251 483 5291 non
507 5236 683 5302 video,
718 5243 777 5291 ut
810 5242 867 5290 et
903 5231 1087 5288 laudes
1125 5232 1270 5287 velut
1304 5231 1553 5294 amicam,
1590 5235 1645 5282 ct
1679 5238 1952 5297 expugnes

436 5350 453 5412 ἕ
490 5348 628 5409 aditi,
644 5352 818 5412 vestra.
844 5352 899 5397 At
918 5353 1045 5406 Mss,
1068 5350 1246 5412 nostra.
1335 5402 1346 5412 _
1512 5401 1523 5412 .

435 5411 461 5444 ε
493 5417 566 5459 Er.
591 5400 737 5474 Igngd.
762 5417 881 5458 Ven.
903 5413 996 5457 Lov
1018 5400 1042 5468 ,⁷
1058 5403 1222 5456 Gratia
1257 5402 1347 5455 Dei
1376 5415 1484 5454 sum
1504 5400 1557 5452 id
1582 5400 1708 5465 quod
1730 5412 1853 5452 sum.
1879 5401 1952 5454 sic

373 5473 521 5537 etiam
542 5469 762 5533 vulgata.
814 5477 878 5537 Μ.
1035 5528 1055 5537 _
1102 5525 1133 5537 η
1165 5525 1195 5537 μ,

436 5535 458 5566 ³
488 5545 590 5581 nm.
613 5527 687 5579 εἶ’.
714 5541 764 5579 ει
785 5536 912 5585 Mss,
937 5527 1211 5589 confudisti.

433 5594 457 5625 ⁸
479 5595 553 5642 sie
578 5601 675 5639 Am.
701 5598 753 5638 et
774 5598 876 5638 MSS.
898 5590 1140 5650 Editiones
1160 5593 1232 5636 Er.
1249 5595 1310 5650 et
1325 5594 1458 5646 l.ov.,
1481 5598 1896 5650 quormncumquc.

436 5655 459 5687 ⁵
485 5660 533 5700 In
558 5659 665 5699 Mss.
699 5651 858 5704 deest,
880 5661 973 5696 non
998 5648 1146 5705 bonw,
1172 5647 1273 5696 and.

435 5713 510 5774 (α)
543 5710 659 5759 Vide
683 5709 855 5756 librum
871 5708 933 5755 de
952 5710 1106 5756 Gestis
1124 5706 1316 5768 t‘ehgii,
1341 5719 1421 5755 nn.
1446 5707 1525 5767 50,
1550 5708 1620 5755 l5.

1158 246 1431 375 coxraa
1469 256 1807 355 iuumuu
1848 294 2312 366 remensum,
2350 296 2409 354 s.
2449 294 2814 354 AUGUSTINI

3518 293 3621 354 ἘΒ

2045 411 2190 467 velut
2224 411 2511 466 inimicam.
2565 410 2735 467 Unum
2776 425 2964 466 eorum
3010 412 3322 469 credimus:
3352 415 3447 470 sed
3486 417 3626 488 elige

2045 502 2171 572 quid
2210 500 2523 558 credamus.
2554 501 2610 557 Si
2647 516 2713 556 ex
2739 503 2919 556 animo
2960 516 3194 573 pugnas,
3221 518 3329 558 non
3354 518 3419 559 ex
3445 505 3627 561 animo

2045 593 2248 647 laudas.
2286 593 2340 647 Si
2373 602 2550 648 autem
2578 591 2887 662 simpliciter
2911 592 3026 661 agis
3055 595 3107 646 in
3131 593 3426 663 prmconio,
3454 595 3625 650 collu-

2014 674 2019 677 ’
2045 682 2128 738 dis
2147 683 2199 738 in
2228 683 2410 754 ιιι-ωηο
2435 684 2477 737 ί.
2511 683 2624 753 Ego
2650 698 2778 738 sane
2802 684 2924 753 quia
2953 683 3197 739 inimicus
3230 684 3322 739 tibi
3350 701 3453 740 non
3481 702 3621 753 sum,

2044 774 2189 829 sicut
2221 774 2491 829 inimicum
2519 774 2613 829 tibi
2655 782 2738 830 est
2778 773 2908 829 illud
2948 774 3090 844 quod
3129 774 3333 831 habitat
3375 777 3428 831 in
3465 792 3628 833 carne

2047 875 2137 921 tua
2184 866 2416 933 malum,
2467 866 2708 935 quamvis
2751 866 3085 936 potissimum
3130 867 3373 936 cupiam,
3421 874 3480 921 ut
3524 867 3629 923 hoc

2048 956 2247 1011 malum
2286 965 2342 1011 et
2380 955 2637 1011 doctrinas
2673 956 2902 1011 sanitate
2927 957 3211 1026 vituperes,
3252 967 3308 1011 et
3340 959 3462 1013 vita:
3502 973 3629 1014 san-

2048 1048 2234 1102 ctitate
2260 1046 2492 1102 debelles
2525 1063 2539 1101 :
2572 1054 2748 1102 tamen
2775 1062 2842 1102 ex
2884 1046 2967 1102 his
2994 1045 3224 1115 duobus,
3253 1063 3478 1118 quorum
3527 1065 3627 1118 pu-

2049 1135 2149 1191 tari
2188 1145 2340 1207 potes
2374 1152 2536 1191 unum
2579 1153 2646 1192 ex
2670 1138 2849 1193 animo
2889 1136 3088 1205 facere,
3121 1138 3345 1193 alterum
3387 1139 3626 1210 ﬁngere;

2049 1227 2232 1282 malim
2279 1236 2330 1283 te
2368 1228 2631 1284 fallaciter
2657 1229 2876 1284 laudare
2915 1229 3402 1300 concupiscentiam
3424 1271 3439 1293 ,
3467 1246 3628 1299 quam

2047 1318 2309 1376 fallaciter
2352 1335 2680 1391 expugnare.
2724 1321 3078 1377 Tolerabilius
3110 1322 3254 1377 enim
3297 1322 3472 1393 lingua
3516 1330 3625 1386 tua,

2047 1424 2206 1480 quam
2250 1411 2356 1465 vita
2397 1412 2651 1467 mentitur
2699 1430 2713 1466 :
2762 1412 3087 1467 tolerabilius
3130 1413 3417 1479 sententia,
3467 1428 3629 1483 quam

2047 1503 2372 1557 continentia
2417 1503 2717 1559 simulatur.
2773 1503 2954 1573 Fingis
2996 1504 3193 1575 quippe
3236 1502 3479 1570 laudem,
3525 1519 3630 1573 qua

2048 1591 2485 1648 siseadversarius
2522 1593 2802 1649 sententia:
2831 1608 3003 1661 mete;
3054 1594 3100 1649 si
3145 1609 3250 1648 non
3278 1593 3432 1665 ﬁngis
3469 1596 3631 1649 casti.

2049 1688 2236 1747 tatem,
2278 1698 2381 1752 qua
2419 1697 2480 1738 es
2515 1683 2853 1739 adversarius
2889 1684 3333 1754 concupiscentia:
3374 1693 3500 1740 tuas.
3554 1684 3627 1740 Ita

2049 1772 2143 1829 ﬁet
2175 1783 2239 1829 ut
2269 1788 2371 1829 nec
2397 1783 2582 1832 contra
2609 1790 2696 1831 me
2720 1774 2919 1830 diutius
2957 1774 3196 1845 proferas
3237 1775 3493 1831 fallaciter
3511 1791 3630 1831 ver-

2048 1867 2208 1935 bum,
2251 1868 2298 1923 si
2340 1867 2602 1924 veraciter
2648 1868 2790 1939 geris
2843 1875 3031 1924 contra
3082 1868 3353 1923 libidinem
3405 1868 3625 1924 bellum;

2047 1958 2155 2016 Sed
2199 1960 2312 2015 sive
2338 1974 2501 2015 unum
2537 1959 2727 2015 horum
2758 1959 2946 2031 ﬁngas,
2986 1960 3099 2015 sive
3138 1967 3420 2030 utrumque
3456 1960 3628 2031 (quod

2048 2050 2231 2105 nescio
2258 2050 2702 2121 quemadmodum
2740 2052 3022 2107 exanimo
3060 2051 3256 2117 facias,
3302 2052 3354 2107 id
3393 2062 3475 2107 est
3513 2054 3628 2108 sine

2049 2139 2156 2195 ulla
2192 2140 2558 2208 simulatione,
2584 2147 2642 2196 et
2677 2154 2883 2211 pugnes
2916 2149 3111 2196 contra
3145 2142 3284 2212 quod
3326 2141 3545 2208 laudas,
3574 2152 3628 2198 et

2049 2231 2234 2288 laudes
2259 2241 2441 2288 contra
2467 2233 2609 2303 quod
2646 2230 2870 2305 pugnas)
2900 2250 2913 2287 :
2941 2248 3041 2305 ego
3074 2243 3250 2289 tamen
3288 2235 3338 2289 id
3378 2234 3520 2305 quod
3546 2245 3625 2290 est

2048 2323 2231 2379 mitius
2267 2322 2336 2379 de
2370 2332 2422 2380 te
2446 2323 2692 2390 credens,
2721 2324 2866 2380 velut
2885 2339 3008 2381 cum
3034 2324 3362 2381 debellatore
3393 2324 3627 2381 libidinis

2047 2429 2188 2485 ago;
2230 2423 2286 2470 et
2312 2416 2522 2486 nuptias
2557 2431 2668 2471 non
2690 2416 2814 2472 dico
2846 2417 3013 2471 malas
3031 2458 3047 2485 ,
3077 2417 3173 2473 sed
3197 2416 3334 2474 bene
3360 2418 3435 2477 uti
3467 2419 3626 2487 male,

2047 2521 2181 2577 quas
2208 2514 2265 2561 tu
2291 2505 2423 2561 dicis
2450 2506 2590 2563 bene
2615 2509 2691 2562 uti
2716 2506 2858 2562 bono
2876 2548 2892 2574 ,
2920 2507 3117 2562 bonum
3141 2522 3261 2564 esse
3288 2508 3472 2564 dicens
3496 2523 3626 2564 eou-

2049 2598 2427 2669 capiscentiam
2468 2598 2667 2666 carnis,
2709 2613 2869 2670 quam
2914 2608 3092 2654 tamen
3133 2599 3190 2654 in
3233 2607 3288 2654 te
3313 2599 3629 2655 debellanda

2048 2692 2247 2747 malum
2292 2707 2413 2749 esse
2454 2692 2754 2749 convincis.
2805 2690 3086 2759 Quomodo
3130 2700 3310 2748 autem
3348 2707 3473 2749 cum
3516 2692 3625 2758 illa,

2048 2781 2211 2838 etiam
2255 2783 2349 2854 qui
2393 2797 2458 2839 ea
2498 2782 2637 2839 bene
2677 2791 2931 2852 utuntur,
2974 2782 3291 2856 belligerem
3339 2783 3626 2857 conjugati,

2044 2874 2154 2945 jam
2185 2876 2428 2945 superius
2468 2875 2755 2946 disputavi.

2119 2964 2346 3023 CAPUT
2383 2966 2550 3023 XXII.
2576 2998 2650 3010 —
2677 2969 2766 3024 51.
2792 2968 2923 3037 Quae
2954 2984 3080 3025 cum
3111 2970 3184 3025 ita
3209 2970 3335 3039 sint,
3365 2978 3420 3026 et
3446 2970 3630 3041 conju-

2049 3056 2193 3129 gium
2219 3058 2416 3113 bonum
2441 3068 2528 3115 est
2552 3060 2604 3115 in
2631 3068 2887 3130 quantum
2916 3061 3222 3131 conjugium
3260 3068 3362 3127 est,
3390 3069 3448 3116 et
3470 3060 3630 3116 homo

2049 3149 2163 3204 sive
2189 3148 2256 3204 de
2278 3149 2544 3220 conjugio,
2572 3151 2688 3206 sive
2709 3150 2779 3206 de
2802 3150 3064 3206 adulterio
3087 3161 3355 3217 nascatur,
3380 3152 3432 3206 in
3461 3167 3630 3222 quan-

2050 3246 2164 3293 tum
2201 3237 2364 3295 homo
2402 3248 2513 3307 est,
2545 3240 2742 3296 bonum
2772 3250 2895 3307 est;
2931 3242 3054 3312 quia
3081 3242 3136 3296 in
3170 3252 3423 3312 quantum
3468 3242 3630 3299 homo

2050 3337 2162 3397 est,
2188 3344 2322 3399 opus
2350 3329 2441 3385 Dei
2477 3338 2560 3385 est
2586 3348 2599 3384 :
2628 3340 2683 3386 et
2709 3339 2884 3387 tamen
2914 3332 3037 3402 quia
3065 3346 3186 3387 cum
3229 3332 3320 3388 illo
3357 3341 3413 3387 et
3447 3348 3511 3387 ex
3541 3334 3630 3388 illo

2049 3420 2193 3475 malo
2215 3429 2521 3490 generatur,
2549 3436 2657 3491 quo
2681 3422 2819 3478 bene
2846 3422 3094 3493 pudicitia
3120 3423 3413 3493 conjugalis
3438 3424 3625 3490 utitur,

2051 3512 2412 3568 necessarium
2439 3513 2517 3568 illi
2541 3522 2641 3579 est,
2675 3523 2733 3568 ut
2767 3515 2836 3570 ab
2861 3514 2978 3584 ejus
3001 3514 3123 3569 mali
3163 3530 3305 3570 nexu
3342 3530 3629 3586 regenera—

2052 3605 2197 3661 tione
2238 3605 2491 3661 solvatur.
2537 3605 2676 3673 Quid
2719 3621 2847 3677 ergo
2888 3621 2920 3661 a
2964 3621 3051 3662 me
3085 3608 3300 3677 quaeris,
3355 3626 3385 3659 ι
3427 3608 3514 3662 ubi
3562 3608 3632 3663 sit

2053 3697 2312 3768 originale
2340 3700 2535 3754 malum
2560 3685 2589 3765 ς’
2613 3718 2632 3752 ι
2664 3714 2784 3753 cum
2813 3699 2867 3753 in
2894 3706 2945 3754 te
2971 3699 3086 3768 ipso
3106 3700 3283 3754 verius
3321 3699 3412 3753 tibi
3448 3701 3631 3771 loqua-

2054 3795 2140 3843 tur
2164 3789 2330 3844 libido
2349 3831 2364 3854 ,
2389 3799 2578 3845 contra
2602 3806 2759 3860 quam
2786 3806 3015 3861 pugnas,
3039 3806 3198 3861 quam
3227 3802 3280 3845 tu
3309 3792 3441 3861 ipse,
3464 3808 3631 3863 quan-

2052 3879 2123 3936 do
2162 3895 2280 3935 eatn
2318 3881 2547 3936 laudas?
2585 3882 2722 3950 Quid
2758 3883 2971 3953 quieris,
3001 3902 3021 3936 ι
3053 3884 3194 3939 unde
3229 3885 3298 3938 sit
3334 3884 3493 3939 homo
3532 3885 3631 3940 sub

2052 3972 2283 4038 diabolo,
2312 3988 2469 4043 quem
2492 3974 2632 4029 Deus
2661 3973 2826 4030 fecit?
2854 3993 2872 4026 ι
2899 3974 3053 4031 Unde
3078 3976 3218 4030 enim
3246 3984 3330 4030 est
3356 3976 3410 4029 in
3437 3985 3628 4040 morte,

2053 4077 2211 4132 quam
2241 4063 2379 4117 Deus
2403 4079 2512 4119 non
2550 4065 2715 4119 fecit?
2747 4084 2769 4118 ι
2798 4065 2935 4132 Quid
2965 4065 3035 4120 ibi
3062 4066 3355 4135 cognoscit,
3385 4083 3404 4117 ι
3437 4067 3627 4136 inquis,

2060 4171 2079 4205 ι
2113 4154 2358 4211 diabolus
2403 4171 2594 4221 suum,
2644 4157 2689 4211 si
2738 4172 2837 4212 nec
2881 4158 3023 4228 quod
3068 4157 3301 4221 factum,
3354 4172 3454 4213 nec
3495 4162 3631 4213 unde

2054 4242 2249 4299 factum
2283 4254 2399 4310 est,
2427 4245 2542 4316 ipse
2567 4247 2850 4302 condidit?
2882 4266 2902 4299 ι
2931 4248 3095 4303 Plane
3118 4248 3258 4318 quod
3292 4248 3491 4303 factum
3529 4257 3628 4312 est,

2055 4335 2215 4392 homo
2260 4346 2377 4403 est;
2424 4338 2565 4393 unde
2612 4338 2806 4393 factum
2852 4346 2954 4406 est,
2999 4354 3182 4395 semen
3225 4350 3308 4394 est
3358 4339 3628 4405 hominis;

2054 4436 2339 4498 utrumque
2362 4428 2560 4484 bonum
2584 4438 2669 4484 est
2694 4446 2708 4483 :
2737 4429 2868 4484 nihil
2894 4429 3082 4485 horum
3109 4429 3349 4485 diabolus
3374 4431 3628 4498 condidit,

2055 4517 2152 4574 sed
2176 4518 2362 4573 vitium
2390 4520 2610 4575 seminis
2635 4521 2749 4590 ipse
2776 4521 3074 4576 seminavit.
3117 4520 3233 4577 Non
3266 4523 3338 4577 ibi
3362 4524 3634 4594 cognoscit

2055 4622 2212 4663 suum
2246 4609 2466 4678 bonum,
2506 4613 2628 4681 quia
2655 4626 2759 4666 non
2794 4623 2877 4668 est
2914 4613 3049 4683 ejus,
3082 4613 3221 4685 quod
3256 4614 3415 4670 ambo
3452 4615 3635 4670 lauda-

2055 4714 2209 4766 mus;
2250 4700 2343 4756 sed
2367 4703 2641 4773 cognoscit
2669 4718 2822 4758 suum
2848 4705 3065 4772 malum,
3091 4715 3273 4759 contra
3299 4705 3443 4775 quod
3478 4707 3637 4759 ambo

2057 4806 2393 4861 pugnamus:
2427 4807 2526 4848 nec
2569 4802 2714 4849 recte
2758 4793 3015 4859 laudatur,
3052 4795 3119 4849 ab
3159 4795 3327 4851 altero
3367 4805 3633 4858 nostrum,

2056 4891 2243 4937 contra
2267 4883 2408 4954 quod
2437 4883 2504 4939 ab
2530 4892 2754 4955 utroque
2792 4896 3071 4955 pugnatur.
3098 4886 3230 4941 Vide
3261 4902 3411 4954 sane,
3445 4901 3637 4960 quem-

2056 4972 2343 5028 admodum
2383 4989 2590 5044 quazras
2624 4989 2654 5028 a
2690 4990 2810 5043 me,
2844 4994 2863 5026 ι
2906 4969 3045 5030 ἰιιιει·
3081 4985 3158 5030 tot
3195 4977 3361 5042 bona,
3388 4977 3531 5032 unde
3571 4979 3636 5030 sit

2057 5064 2110 5118 in
2146 5065 2378 5134 parvulis
2420 5065 2657 5132 malum;
2697 5085 2716 5119 ι
2751 5076 2805 5121 ει
2848 5075 3024 5121 taceas
3067 5067 3207 5137 quod
3247 5082 3346 5137 ego
3384 5069 3539 5138 posui
3584 5070 3635 5120 in

2057 5155 2249 5212 eodem
2277 5157 2411 5212 libro
2436 5157 2520 5212 cui
2559 5156 2872 5227 respondes,
2899 5166 2954 5211 et
2992 5157 3131 5211 inter
3164 5158 3276 5228 ipsa
3315 5158 3475 5213 verba
3516 5161 3635 5228 qui-

2059 5249 2159 5305 bus
2183 5265 2325 5306 nunc
2362 5250 2656 5321 respondes
2675 5290 2689 5313 ,
2718 5248 2860 5320 quod
2884 5250 2959 5304 ait
2978 5250 3264 5320 Apostolus
3293 5268 3307 5305 :
3341 5248 3445 5305 Per
3479 5266 3637 5303 unum

2059 5344 2309 5398 hominem
2334 5354 2590 5414 peccatum
2619 5344 2823 5398 intrauit
2856 5345 2909 5397 in
2939 5344 3183 5397 mundum
3201 5383 3216 5409 ,
3246 5352 3292 5396 et
3326 5359 3415 5413 per
3456 5359 3637 5412 pecta-

2060 5445 2169 5490 tum
2192 5452 2369 5501 mors;
2407 5445 2453 5489 et
2477 5435 2548 5488 ita
2580 5435 2631 5488 in
2665 5450 2835 5488 omnes
2860 5434 3084 5487 homines
3112 5434 3417 5503 pertransiit,
3450 5434 3504 5487 in
3537 5450 3639 5502 quo

2057 5544 2230 5583 omnes
2269 5534 2593 5596 peccaverunt
2628 5526 2801 5598 (Rom.
2830 5541 2882 5591 v,
2938 5523 3048 5593 12).
3076 5523 3186 5578 lloc
3225 5524 3366 5578 enim
3409 5536 3515 5576 non
3557 5524 3637 5577 vis

2094 5642 2135 5711 ,ί
2156 5639 2488 5750 .i‘lut'esljtlssq
2508 5637 2750 5690 concludis
2771 5636 2820 5689 in
2846 5635 3028 5699 prarlio.
3047 5636 3372 5693 Floriacens'ts.
3384 5634 3640 5685 conclude-

2094 5717 2126 5750 ts
2148 5715 2197 5750 ιιι
2220 5714 2323 5750 nrtr
2341 5713 2403 5750 10.

2058 5716 2126 5753 ηε
2148 5715 2197 5753 ιιι
2219 5713 2403 5765 prmio.
