4038 6182
370 317 493 373 ηε.

369 614 886 686 argumentationem
927 623 1094 668 tuam.

438 703 665 761 CAPUT
702 703 890 760 XXIII.
912 734 984 746 -
1008 704 1101 760 52.
1131 704 1392 761 Deﬁnisse
1421 718 1509 761 me
1542 703 1695 769 dicis,
1725 721 1744 756 ι
1768 701 1955 759 Homi-

367 811 529 862 nem,
554 796 601 851 si
643 795 711 852 de
754 795 1103 851 fornicatione
1141 806 1409 862 nascatur,
1451 811 1602 852 reum
1645 811 1752 851 non
1792 810 1949 862 esse;

369 885 414 940 si
458 884 528 941 de
563 885 835 956 eonjugio,
883 886 1223 942 innocentem
1263 900 1368 941 non
1409 901 1549 943 esse.
1596 904 1615 938 ι
1660 886 1784 941 Ilaec
1828 900 1953 941 vero

367 978 533 1033 nimia
568 987 652 1034 est
687 986 741 1032 et
778 987 962 1049 aperta
1013 976 1299 1033 calumnia.
1354 976 1467 1031 Imo
1516 976 1730 1032 deﬁnivi
1771 977 1949 1033 homi-

367 1082 492 1122 nem
538 1066 906 1135 undecumque
961 1074 1243 1131 nascatur,
1292 1065 1585 1121 secundum
1631 1066 1949 1121 catholicam

367 1157 528 1213 ﬁdem
568 1172 726 1227 quam
772 1166 949 1224 patres
988 1166 1174 1211 contra
1216 1171 1331 1221 vos,
1372 1165 1652 1227 antequam
1697 1171 1950 1212 nascere-

368 1248 522 1314 mini,
549 1246 946 1302 evidentissime
975 1245 1347 1313 defenderunt,
1377 1255 1430 1301 et
1466 1247 1801 1302 innocentem
1829 1260 1950 1302 esse

367 1354 464 1411 per
502 1338 703 1392 nullum
740 1337 1009 1407 proprium
1040 1338 1081 1402 ¹,
1106 1346 1161 1392 et
1201 1353 1352 1393 reum
1396 1352 1491 1408 per
1527 1338 1785 1409 originale
1820 1353 1948 1408 pec-

365 1437 543 1485 catum
575 1445 589 1480 :
618 1437 823 1481 natura:
854 1435 1031 1482 autem
1065 1427 1438 1493 substantiam,
1472 1428 1623 1497 cujus
1654 1438 1840 1484 auctor
1864 1438 1949 1484 est

367 1516 539 1579 Deus,
566 1518 733 1577 etiam
755 1518 806 1571 in
834 1516 1122 1587 grandibus
1148 1532 1267 1573 esse
1301 1520 1671 1590 peccatoribus
1705 1519 1898 1574 bonam
1927 1535 1944 1585 ;

367 1610 457 1680 qui
505 1609 688 1679 utique
727 1618 944 1678 propter
985 1618 1198 1679 peccata
1231 1610 1392 1666 etiam
1430 1625 1523 1665 sua
1565 1612 1777 1682 propria
1819 1612 1946 1667 mali

364 1711 512 1767 Sunt,
544 1717 661 1771 qua:
697 1702 770 1756 illi
799 1702 940 1756 malo
976 1717 1098 1757 cum
1137 1717 1244 1773 quo
1288 1703 1396 1758 nati
1442 1713 1568 1758 sunt
1604 1703 1941 1760 addiderunt.

362 1792 471 1849 Cur
501 1801 691 1848 autem
724 1794 997 1860 timerem,
1028 1809 1094 1848 ne
1132 1793 1273 1848 mihi
1303 1794 1655 1863 objicerctur,
1696 1805 1756 1850 ut
1786 1795 1945 1863 dicis,

371 1903 391 1936 ι
428 1884 548 1954 quia
578 1893 791 1954 peccata
824 1886 1061 1940 omnium
1100 1899 1380 1956 parentum
1415 1888 1662 1944 omnibus
1700 1888 1820 1943 filiis
1846 1889 1946 1944 im-

365 1985 639 2045 putarem;
675 1994 693 2026 ›
720 1990 842 2029 cum
884 1974 1091 2030 etiamsi
1132 1975 1235 2031 hoc
1257 1991 1440 2031 verum
1484 1978 1553 2032 sit
1587 1976 1727 2050 (non
1770 1993 1942 2048 quan-

365 2074 475 2119 tum
504 2064 692 2119 attinet
724 2064 792 2118 ad
836 2073 1047 2120 utentes
1072 2067 1093 2097 ³
1118 2065 1227 2136 jam
1256 2081 1367 2121 suae
1393 2067 1677 2123 voluntatis
1699 2068 1938 2136 arbitrio,

362 2154 457 2211 sed
481 2162 734 2224 quantum
760 2155 952 2210 attinet
986 2155 1053 2211 ad
1080 2159 1406 2228 nascentes),
1438 2158 1583 2214 nullo
1607 2159 1768 2215 modo
1790 2169 1944 2215 natu—
1962 2198 1983 2208 ο

361 2263 438 2303 η
478 2246 768 2302 substantia
807 2250 1003 2303 malum
1045 2258 1221 2317 esset,
1250 2249 1402 2320 cujus
1430 2260 1618 2306 auctor
1652 2262 1737 2307 est
1778 2254 1937 2320 Deus,

362 2336 455 2392 sed
497 2350 560 2391 ea
599 2351 716 2406 qua:
757 2337 937 2392 insunt
967 2339 1020 2394 ei
1056 2339 1204 2408 vitia,
1242 2348 1428 2396 contra
1455 2356 1573 2412 qua:
1611 2351 1666 2397 tu
1706 2357 1934 2413 quoque,

362 2436 421 2484 ut
452 2430 631 2486 verbis
665 2429 770 2484 tuis
802 2438 955 2494 utar,
974 2448 992 2482 ι
1022 2445 1241 2486 exerces
1281 2431 1510 2502 gloriosa
1548 2434 1881 2489 certamina?
1912 2452 1935 2488 ι

429 2522 520 2577 55.
558 2521 717 2578 Sicut
743 2530 943 2586 autem,
983 2521 1438 2592 quemadmodum
1476 2522 1644 2591 dicis,
1676 2542 1696 2577 σ
1726 2524 1941 2595 quando

361 2612 586 2668 adulteri
614 2614 865 2685 gignunt,
895 2614 1128 2669 nascitur
1148 2616 1309 2670 homo
1334 2616 1401 2671 de
1425 2617 1621 2673 virtute
1651 2618 1936 2687 seminum,

362 2717 468 2757 non
493 2703 560 2758 de
583 2704 900 2773 turpitudine
924 2705 1240 2776 ﬂagitiorum
1265 2725 1279 2761 :
1309 2725 1329 2760 ι
1358 2707 1428 2762 ita
1454 2708 1666 2778 quando
1685 2708 1951 2780 conjuges-

358 2794 605 2864 gignunt,
632 2795 863 2849 nascitur
899 2795 1060 2850 homo
1084 2794 1153 2851 de
1178 2797 1371 2852 virtute
1408 2798 1694 2866 seminum,
1725 2814 1830 2853 non
1868 2799 1938 2856 de

357 2883 643 2941 honestate
683 2886 1003 2955 nuptiarum.
1040 2887 1148 2941 Aut
1175 2888 1219 2943 si
1264 2887 1351 2943 hic
1388 2888 1456 2944 de
1495 2898 1740 2960 utroque,
1776 2899 1831 2945 et
1864 2890 1947 2946 ibi.

358 2976 425 3031 de
454 2984 715 3047 utroque:
741 2975 940 3032 fructus
973 2987 1150 3032 autem
1190 2979 1496 3049 nuptiarum
1532 2989 1647 3046 est,
1680 2988 1935 3051 quantum

358 3068 426 3123 ad
458 3068 603 3138 ipsas
627 3083 845 3139 prorsus
869 3070 1058 3125 attinet
1082 3071 1314 3141 nuptias,
1342 3087 1447 3126 non
1474 3072 1744 3128 hominum
1773 3089 1937 3145 gene-

362 3157 636 3227 ratio,.qui
666 3167 886 3227 possunt
912 3160 1071 3213 etiam
1100 3159 1166 3214 de
1190 3159 1444 3218 adulteris
1470 3162 1646 3228 nasci;
1678 3163 1771 3218 sed
1793 3163 1938 3219 ordi-

357 3254 484 3301 nata
524 3250 792 3319 susceptio
836 3250 1084 3307 ﬁliorum.
1128 3248 1235 3306 Cur
1272 3266 1399 3322 ergo
1431 3270 1450 3305 r
1485 3254 1760 3308 sententiae
1802 3269 1936 3310 meas

361 3352 486 3408 pars
511 3337 788 3395 falsissima
815 3350 917 3405 est,
947 3338 1048 3411 qua
1078 3342 1206 3410 dixi,
1232 3343 1544 3414 Nuptiarum
1571 3344 1768 3401 bonum
1795 3346 1936 3401 malo

358 3427 627 3498 originali,
653 3429 794 3499 quod
825 3430 948 3485 inde
979 3432 1371 3500 trahitur,.non
1402 3442 1577 3504 potest
1602 3436 1874 3501 accusari;
1908 3454 1929 3490 ι

356 3530 476 3573 cum
500 3534 565 3574 eo
590 3520 751 3587 malo,
775 3533 957 3576 contra
980 3523 1120 3593 quod
1147 3539 1365 3595 pugnas,
1389 3535 1444 3581 et
1466 3526 1601 3582 bene
1627 3528 1706 3582 usi
1735 3527 1934 3584 fuerint

358 3607 620 3679 conjugati
663 3620 718 3665 ut
747 3613 1076 3679 nascereris,
1107 3624 1163 3669 et
1204 3615 1306 3670 hoc
1332 3616 1457 3671 inde
1485 3617 1581 3672 abs
1625 3625 1676 3676 te
1707 3627 1931 3674 tractum

358 3713 508 3753 reum
536 3708 587 3755 te
616 3708 821 3757 teneret
863 3704 964 3758 nisi
994 3705 1392 3760 renascereris?
1440 3707 1620 3777 Itaque
1648 3723 1748 3763 nec
1775 3724 1935 3763 accu-

358 3790 510 3844 sandi
540 3800 664 3846 sunt
695 3792 949 3864 conjuges
976 3795 1063 3865 qui
1094 3796 1230 3851 bene
1258 3804 1479 3852 utuntur
1507 3799 1674 3865 malo,
1703 3806 1756 3854 et
1786 3815 1938 3870 rcge-
1970 3852 1999 3857 _

356 3880 581 3935 nerandi
629 3891 752 3937 sunt
798 3883 888 3937 ﬁlii
938 3894 998 3939 ut
1050 3885 1345 3941 liberentur
1392 3902 1422 3941 a
1477 3888 1639 3943 malo.
1692 3888 1745 3945 Si
1791 3891 1934 3944 enim

356 3970 659 4040 nuptiarum
701 3972 895 4028 bonum
943 3990 1049 4029 non
1092 3987 1234 4031 esset
1275 3977 1377 4031 nisi
1421 3976 1592 4032 bonus
1621 3992 1747 4033 usus
1786 3979 1945 4045 boni,

356 4070 486 4118 tunc
512 4064 805 4120 mirandum
832 4074 1006 4132 esset,
1038 4067 1304 4138 quomodo
1329 4068 1451 4123 inde
1489 4067 1788 4125 traheretur
1813 4084 1931 4124 ma-

356 4152 471 4209 lum
514 4169 527 4207 :
570 4168 691 4210 cum
730 4170 858 4211 vero
898 4156 968 4211 sit
1006 4156 1204 4212 bonum
1248 4159 1549 4228 nuptiarum
1596 4158 1767 4214 bonus
1807 4174 1934 4216 usus

250 4296 263 4303 -
358 4246 520 4313 mali,
549 4246 675 4317 quid
712 4248 905 4303 mirum
934 4248 979 4303 si
1018 4248 1086 4304 de
1124 4249 1242 4321 ipso
1273 4250 1447 4315 malo,
1479 4264 1583 4320 quo
1612 4249 1746 4305 bene
1771 4250 1935 4306 utitur

359 4335 571 4391 bonitas
597 4337 918 4406 nuptiarum,
942 4338 1164 4393 trahitur
1190 4339 1388 4393 malum
1411 4339 1554 4410 quod
1572 4348 1655 4395 est
1678 4341 1934 4411 originale

360 4429 677 4498 peccatum?
706 4428 842 4485 Illud
868 4430 1108 4485 mirabile
1136 4438 1237 4499 est,
1268 4431 1407 4500 quod
1435 4446 1554 4486 cum
1582 4441 1762 4488 essent
1792 4434 1935 4503 Apo-

358 4518 482 4572 stoli
523 4518 695 4574 bonus
736 4518 870 4575 odor
914 4519 1146 4584 Christi,
1193 4520 1500 4575 trahebatur
1545 4521 1668 4576 inde
1713 4522 1931 4588 bonum,

359 4610 666 4666 trahebatur
698 4620 754 4667 et
792 4612 1010 4666 malum.
1044 4613 1177 4668 Aliis
1205 4613 1345 4668 enim
1380 4623 1533 4668 erant
1572 4613 1706 4669 odor
1729 4616 1849 4668 vita:
1879 4616 1934 4671 in

357 4701 543 4767 vitam,
570 4702 688 4756 aliis
712 4702 845 4757 odor
873 4702 1063 4758 mortis
1101 4702 1153 4756 in
1171 4711 1395 4757 mortem
1431 4703 1496 4774 (II
1523 4702 1640 4759 Cor.
1665 4720 1700 4759 n
1718 4746 1734 4770 ,
1770 4705 1854 4768 15,
1886 4714 1935 4758 ει

361 4790 504 4861 16).;
545 4805 667 4846 cum
701 4791 837 4846 odor
877 4792 967 4847 ille
996 4808 1100 4846 non
1129 4801 1271 4848 esset
1314 4807 1441 4847 usus
1470 4794 1631 4861 mali,
1663 4794 1756 4849 sed
1785 4794 1929 4849 boui.

363 4877 488 4934 Ideo
513 4881 706 4950 quippe
730 4880 901 4935 bonus
931 4881 1065 4935 odor
1088 4889 1241 4935 erant
1263 4881 1478 4948 Christi,
1507 4883 1628 4952 quia
1659 4884 1791 4938 bene
1821 4893 1936 4940 ute-

362 4966 556 5026 bantur
583 4972 750 5041 gratia
775 4971 991 5027 Christi.
1021 4971 1235 5027 Falsum
1261 4982 1346 5027 est
1371 4973 1530 5042 igitur
1562 4975 1702 5043 quod
1731 4975 1931 5045 dixisti,

367 5076 389 5112 ο
421 5058 478 5114 Si
506 5059 703 5115 malum
743 5060 865 5116 inde
895 5060 1157 5128 trahitur,
1194 5064 1430 5116 accusari
1462 5071 1668 5132 potest,
1694 5066 1934 5121 excusari

365 5165 468 5206 non
516 5160 736 5221 potest:
773 5172 792 5205 ι
825 5154 945 5223 quia
984 5154 1209 5209 trahitur
1252 5154 1375 5209 inde
1415 5155 1673 5225 originale
1713 5158 1931 5226 malum,

361 5255 481 5296 cum
526 5242 767 5298 trahatur
810 5244 931 5299 inde
969 5245 1129 5299 etiam
1174 5245 1395 5309 bonum,
1444 5245 1683 5301 ordinata
1734 5248 1936 5304 scilicet

363 5333 669 5403 propagatio
697 5332 946 5388 ﬁliorum.
995 5334 1102 5389 Nec
1129 5335 1323 5389 malum
1352 5335 1481 5389 illud
1509 5336 1630 5391 inde
1673 5336 1792 5392 ideo
1823 5346 1933 5392 tra-

361 5424 526 5494 hitur,
570 5426 693 5499 quia
737 5427 890 5481 bonze
931 5435 1056 5482 sunt
1098 5429 1332 5497 nuptim;
1380 5426 1474 5484 sed
1511 5428 1631 5498 quia
1680 5429 1733 5483 in
1781 5429 1936 5485 bonis

425 5604 441 5669 ξ
482 5610 578 5653 Am.
606 5612 657 5655 et
700 5611 795 5669 ετ..
840 5609 887 5654 et
937 5604 1230 5669 innocentem
1273 5618 1374 5669 esse
1417 5603 1665 5667 parrulum
1704 5618 1790 5668 per
1826 5592 1935 5669 pro-

360 5663 536 5734 primn.
564 5667 805 5734 amendati
828 5674 988 5734 sunta
1003 5667 1381 5734 lovaniensibus
1401 5663 1682 5719 auctoritate

425 5729 444 5757 '
477 5729 547 5777 sic
568 5728 745 5789 aliquot
768 5735 871 5778 Mss.
899 5729 1014 5777 mliti
1040 5741 1172 5787 vero,
1200 5728 1416 5778 l‘il‘t‘lllt‘b‘.

1738 311 1939 370 LIBER
1978 312 2293 372 TERTIUS;

370 440 431 486 ut
462 428 689 485 audiant
703 426 788 483 vel
818 427 995 500 legant
1022 426 1267 485 homines
1301 427 1405 483 isto
1433 426 1572 495 loco,
1603 426 1693 483 ubi
1721 427 1955 491 maxime

369 537 506 593 opus
532 532 676 586 erat,
703 536 773 576 ne
798 530 1090 591 agnoscant
1117 520 1275 576 fidem
1305 534 1482 586 suam,
1523 528 1579 575 et
1610 527 1957 575 contemnant

3549 327 3667 382 730'

2065 443 2249 483 earum
2276 437 2356 486 est
2381 429 2540 485 etiam
2569 444 2699 486 usus
2722 430 2870 486 mali.
2901 432 3018 490 Non
3048 435 3188 490 enim
3217 436 3404 506 copula
3437 440 3649 507 nuptia-

2064 518 2148 584 lis,
2180 518 2316 576 sicut
2347 529 2531 589 putas,
2563 529 2782 590 propter
2806 524 2985 580 carnis
3010 527 3513 595 concupiscentiam,
3546 536 3643 586 sed

2064 618 2279 678 propter
2304 608 2499 664 bonum
2528 611 2670 680 quod
2709 612 2776 667 de
2818 613 2923 668 isto
2969 614 3109 668 malo
3154 615 3228 681 fit,
3277 617 3512 672 instituta
3540 628 3644 675 est.

2061 699 2212 767 Quod
2249 700 2463 770 quidem
2494 701 2690 757 bonum
2729 704 2847 759 sine
2876 703 2977 759 isto
3007 706 3146 759 malo
3177 708 3361 773 fieret,
3395 708 3440 763 si
3482 725 3646 765 nemo

2061 799 2351 862 peccaSSet.
2369 791 2521 847 Nunc
2546 807 2675 863 ergo
2701 795 2818 849 sine
2859 795 2961 849 isto
2989 796 3127 849 malu
3162 813 3280 852 esse
3308 815 3413 852 non
3444 810 3643 869 potest,

2060 880 2153 936 sed
2182 895 2286 935 non
2328 881 2448 937 ideo
2484 883 2680 937 malum
2712 894 2813 939 est.
2857 884 3003 941 Sicut
3034 901 3064 941 e
3103 890 3370 942 contrario
3391 931 3406 954 ,
3439 891 3641 947 nullum

2057 972 2254 1026 malum
2285 973 2402 1027 sine
2430 974 2607 1045 aliquo
2634 974 2773 1030 bono
2798 990 2920 1032 esse
2946 986 3140 1046 potest,
3173 994 3271 1033 nec
3297 979 3416 1034 ideo
3441 980 3640 1037 bonum

2057 1072 2158 1117 est.
2203 1061 2349 1132 Opus
2378 1065 2520 1119 enim
2554 1066 2645 1121 Dei
2674 1067 2871 1121 bonum
2913 1078 2996 1122 est
3036 1069 3088 1122 in
3132 1080 3352 1135 natura,
3382 1071 3497 1126 sine
3534 1089 3641 1142 quo

2057 1163 2235 1209 tamen
2279 1170 2396 1211 esse
2439 1172 2542 1210 non
2581 1166 2753 1233 potest
2782 1160 3025 1213 voluntas
3072 1160 3232 1213 mala.
3279 1165 3355 1216 Ac
3400 1178 3493 1232 per
3537 1164 3640 1220 hoc

2056 1245 2190 1299 sicut
2218 1245 2534 1302 adulterium
2566 1262 2671 1302 non
2703 1257 2880 1317 potest
2920 1262 3040 1303 esse
3069 1249 3186 1304 sine
3226 1250 3368 1304 bono
3409 1263 3649 1318 natura),

2054 1350 2154 1389 nec
2179 1335 2299 1390 ideo
2327 1337 2523 1391 bonum
2550 1347 2634 1393 est
2662 1356 2676 1392 :
2707 1343 2777 1391 ita
2813 1340 3136 1393 connubium
3173 1354 3278 1393 non
3321 1352 3491 1409 potest
3516 1358 3641 1399 esse

2053 1425 2168 1480 sine
2195 1426 2335 1481 malo
2360 1426 2825 1497 concupiscentiae,
2855 1444 2953 1483 nec
2981 1430 3101 1484 ideo
3133 1430 3332 1485 malum
3363 1442 3465 1487 est.
3495 1434 3637 1500 Qua-

2052 1527 2271 1588 propter
2315 1518 2522 1573 etiamsi
2568 1520 2659 1573 tibi
2707 1521 3067 1586 concedatur,
3105 1542 3124 1575 ‹
3162 1538 3375 1579 onmem
3420 1540 3632 1581 causam

2051 1609 2176 1663 mali
2216 1624 2335 1665 esse
2376 1619 2649 1679 expertem
2691 1612 2854 1677 boni;
2893 1632 2911 1664 ι
2946 1614 3076 1667 nihil
3127 1615 3252 1670 hinc
3293 1616 3524 1671 refertur
3565 1617 3632 1674 ad

2051 1700 2283 1769 nuptias,
2315 1714 2434 1769 qua:
2458 1716 2563 1754 non
2602 1710 2726 1756 sunt
2752 1718 2909 1757 causa
2941 1705 3083 1757 mali.
3116 1704 3297 1773 Neque
3335 1707 3476 1760 enim
3504 1723 3639 1762 con-

2049 1790 2388 1860 cupisccntite
2431 1792 2626 1846 malum
2666 1793 2861 1862 nuptia:
2909 1795 3183 1863 fecerunt;
3233 1798 3327 1852 scd
3358 1814 3461 1868 quo
3492 1798 3630 1855 bene

2047 1888 2346 1947 uterentur,
2377 1892 2617 1951 paratum
2651 1885 2986 1941 invenerunt.

2116 1970 2342 2028 CAPUT
2380 1972 2643 2029 XXIV.-—
2658 1976 2748 2030 54.
2783 1994 2802 2028 ι
2838 1976 2952 2031 Νοη
2983 1977 3177 2044 evadit,
3208 1996 3227 2030 ι
3256 1979 3449 2050 inquis,
3483 1999 3502 2034 ι
3534 1997 3621 2037 res

2048 2064 2136 2119 illa
2172 2065 2509 2134 supplicium,
2536 2067 2692 2137 cujus
2727 2068 3134 2139 participatione
3171 2070 3329 2125 etiam
3371 2072 3470 2125 alia
3514 2082 3623 2127 tra-

2046 2154 2182 2225 hunt
2209 2164 2433 2209 reatum.
2481 2174 2500 2208 ι
2538 2156 2649 2211 Iloc
2679 2156 2726 2212 si
2754 2157 2823 2213 de
2848 2159 3276 2228 concupiscentia
3302 2163 3478 2216 carnis
3502 2177 3628 2217 sena-

2049 2245 2140 2310 tis,
2167 2260 2272 2300 non
2300 2245 2531 2301 absurde
2560 2248 2745 2303 sentis.
2771 2249 2883 2304 lloc
2906 2250 3049 2305 enim
3078 2251 3219 2306 malo
3246 2252 3382 2307 bene
3411 2262 3631 2307 utuntur

2046 2336 2228 2390 ﬁdeles
2256 2337 2545 2407 conjugati,
2596 2347 2650 2393 et
2692 2354 2763 2394 ex
2796 2338 2899 2395 hoc
2926 2341 3016 2410 qui
3064 2350 3386 2410 generantur
3422 2353 3627 2397 reatum

2046 2426 2280 2493 trahunt,
2320 2426 2549 2498 ideoque
2571 2437 2625 2483 et
2651 2429 2750 2498 ipsi
2781 2431 3125 2499 regenerandi
3174 2441 3317 2486 sunt.
3357 2432 3410 2487 Id
3448 2443 3637 2489 autem.

2044 2516 2244 2571 malum
2285 2532 2391 2572 non
2431 2517 2607 2571 evadit
2644 2519 2998 2588 supplicium:
3051 2519 3151 2575 hoc
3200 2531 3283 2577 est
3324 2523 3465 2577 enim
3513 2524 3628 2593 ejus

2050 2609 2393 2678 supplicium,
2422 2616 2482 2664 ut
2505 2625 2624 2664 cum
2650 2612 2937 2680 generatis,-
2967 2611 3013 2666 si
3044 2615 3338 2682 regenerati
3372 2630 3475 2677 non
3507 2614 3625 2669 fuc-

2046 2699 2176 2763 rint,
2226 2700 2507 2767 puniatur;
2557 2700 2608 2754 in
2640 2703 2966 2770 rcgeneratis
2994 2713 3193 2768 autem,
3222 2719 3342 2758 cum
3372 2721 3438 2760 ex
3479 2709 3637 2761 omni.

2049 2799 2201 2859 parte
2228 2789 2396 2843 sanati
2426 2788 2639 2854 fuerint,
2670 2800 3033 2845 consumatur.
3072 2810 3091 2843 ι
3123 2791 3180 2847 Si
3211 2793 3455 2860 trahitur,
3492 2811 3511 2847 ι
3542 2796 3624 2848 in-

2041 2879 2179 2948 quis,
2245 2896 2264 2930 ‹
2298 2886 2353 2933 et
2379 2877 2445 2932 de
2490 2879 2688 2949 nuptiis
2732 2880 2989 2950 originale
3031 2873 3251 2948 malum,
3283 2897 3441 2936 causa
3487 2883 3612 2936 mali

2040 2976 2123 3023 est
2146 2969 2426 3022 conventio
2456 2968 2779 3038 nuptiarum.
2812 2988 2831 3021 ι
2854 2969 2988 3036 Quid
3012 2969 3054 3024 si
3077 2969 3211 3024 alius
3238 2970 3398 3038 dicat,
3424 2971 3478 3027 Si
3504 2982 3615 3026 tra-

2041 3058 2183 3113 hitur
2210 3058 2276 3113 de
2301 3067 2488 3113 natura
2516 3060 2760 3114 voluntas
2787 3062 2945 3126 mala,
2969 3076 3127 3116 causa
3155 3063 3277 3116 mali
3305 3073 3387 3117 est
3414 3064 3616 3118 consti-

2040 3152 2173 3205 tutio
2200 3151 2544 3204 naturarum?
2575 3166 2751 3205 nonne
2780 3152 3117 3206 falsissimum
3144 3153 3265 3207 est?
3303 3155 3391 3209 Sic
3411 3169 3540 3225 ergo
3564 3164 3623 3210 et

2038 3242 2182 3313 quod
2235 3243 2349 3311 ipse
2398 3242 2611 3309 dixisti;
2664 3243 2906 3313 quamvis
2960 3243 3218 3315 originale
3266 3246 3464 3300 malum
3513 3262 3618 3301 non

2039 3332 2107 3388 de
2132 3332 2330 3402 nuptiis
2357 3332 2630 3400 trahatur,
2676 3332 2770 3388 sed
2816 3332 2882 3388 de
2920 3336 3118 3389 carnali
3155 3338 3629 3406 concupiscentia;

2038 3430 2223 3477 contra
2276 3421 2418 3492 quod
2474 3424 2671 3477 malum
2723 3431 2777 3479 ct
2820 3424 2934 3493 ipse
2985 3425 3275 3496 conﬁigis:
3319 3443 3425 3497 quo
3477 3430 3620 3482 malo

2039 3516 2307 3587 conjugati
2363 3516 2501 3572 bene
2550 3524 2769 3571 utuntur
2795 3559 2810 3583 ,
2859 3517 2902 3570 si
2958 3518 3071 3572 sola
3122 3520 3376 3589 conjugcs
3433 3536 3629 3589 propav

2038 3607 2263 3675 gationis
2294 3606 2462 3675 gratia
2494 3605 2848 3669 misceantur;
2879 3615 2932 3660 et
2958 3607 3001 3659 si
3035 3618 3307 3674 peccatum
3341 3623 3445 3662 non
3477 3626 3617 3679 pra:-

2038 3699 2287 3754 cessisset
2330 3697 2471 3766 quod
2522 3698 2573 3751 in
2616 3711 2801 3750 omnes
2847 3696 3091 3750 homines
3138 3705 3462 3766 pertransiit,
3518 3716 3618 3755 nec

2038 3787 2223 3842 fuisset
2248 3787 2484 3857 profecto
2510 3787 2705 3841 malum
2728 3800 2836 3857 quo
2863 3787 2999 3841 bene
3023 3795 3314 3855 uterentur,
3347 3800 3399 3843 et
3435 3799 3610 3846 tamen

2037 3889 2097 3933 ut
2120 3886 2465 3949 procrearcnt
2493 3877 2629 3932 filios
2653 3877 3029 3932 miscerentur.

2110 3970 2199 4025 55.
2241 3969 2317 4025 De
2365 3968 2645 4024 arboribus
2690 3978 2867 4023 autem
2910 3969 3046 4024 bona
3073 3977 3129 4025 et
3156 3970 3312 4036 mala,
3359 3980 3613 4039 quantum

2038 4060 2326 4125 erraveris,
2358 4069 2486 4128 puto
2514 4073 2604 4113 me
2638 4058 2767 4113 satis
2795 4059 3189 4114 demonstrasse
3212 4060 3276 4113 oin
3322 4060 3490 4129 primo
3521 4062 3617 4114 hu-

2033 4152 2121 4224 jus
2149 4152 2325 4222 operis
2352 4151 2486 4205 libro
2511 4149 2660 4221 (Cap.
2686 4150 2740 4213 8,
2770 4167 2823 4203 η.
2855 4150 3016 4205 '58-“
3054 4151 3073 4220 )
3116 4168 3129 4204 :
3161 4159 3215 4205 et
3242 4166 3361 4204 cum
3401 4151 3617 4206 eosdem

2038 4243 2207 4298 nodos
2233 4251 2463 4312 repetas,
2505 4242 2593 4311 qui
2638 4241 2748 4310 jam
2792 4241 2950 4294 soluti
2992 4249 3137 4305 sunt,
3178 4256 3283 4295 non
3314 4252 3396 4295 est
3424 4255 3613 4311 super-

2037 4331 2157 4388 ﬁuis
2187 4331 2595 4386 immorandum.
2616 4320 2845 4397 'Quaeris
2889 4349 2908 4382 ‹
2942 4345 3038 4400 per
3065 4331 3191 4400 quid
3224 4339 3500 4400 peccatum
3534 4332 3614 4385 iu-

2038 4424 2281 4478 veniatur
2304 4421 2357 4476 in
2389 4420 2662 4490 parvulis;
2700 4439 2719 4472 ι
2750 4430 2805 4475 et
2829 4435 3113 4475 cnumeras
3143 4421 3305 4474 multa
3335 4421 3494 4487 bona,
3538 4429 3615 4475 ta-

2038 4529 2163 4571 cens
2196 4513 2263 4569 de
2292 4512 2455 4580 malo,
2500 4520 2682 4567 contra
2723 4512 2864 4582 quod
2886 4522 3095 4583 pugnas
3124 4529 3138 4565 :
3171 4511 3263 4567 sed
3294 4528 3415 4567 cum
3448 4521 3614 4576 taces,

2037 4606 2256 4661 clamas.
2312 4623 2330 4656 ι
2377 4604 2668 4667 Parentes,
2694 4622 2714 4654 ι
2759 4603 2969 4673 inquis,
3025 4622 3045 4655 ι
3088 4604 3179 4675 qui
3215 4614 3478 4660 conventu
3520 4619 3619 4657 suo

2039 4710 2251 4752 causam
2280 4693 2453 4749 fecere
2476 4704 2713 4763 peccato,
2741 4693 2861 4763 jure
2882 4693 3246 4759 damnabiles;
3280 4711 3507 4764 quorum
3537 4694 3619 4747 Iu-

2039 4785 2167 4841 bore
2182 4793 2358 4839 actum
2381 4793 2463 4838 est
2484 4792 2540 4837 ut
2559 4783 2623 4838 ad
2641 4784 2971 4838 dominatum
2989 4784 3343 4839 exercendum
3364 4784 3413 4835 in
3434 4783 3609 4836 homi-

2039 4891 2132 4931 nes
2163 4875 2405 4929 diabolus
2434 4875 2756 4943 perveniret.
2801 4893 2820 4925 ι
2862 4876 3022 4929 Potes
3050 4875 3151 4928 hoc
3174 4883 3227 4928 ct
3265 4874 3363 4943 ipsi
3389 4875 3495 4927 Deo
3524 4873 3614 4926 di-

2037 4981 2181 5033 cere,
2209 4980 2316 5019 non
2344 4963 2463 5019 dico
2484 4963 2604 5033 quia
2624 4973 2769 5017 creat
2792 4962 3037 5017 homines
3068 4963 3337 5017 trahentes
3357 4962 3617 5033 originale

2038 5064 2335 5127 peccatum,
2352 5055 2473 5125 quia
2490 5054 2540 5108 id
2566 5063 2619 5108 tu
2640 5068 2830 5124 negas;
2860 5054 2952 5135 sed
2972 5055 3090 5123 quia
3112 5052 3344 5109 nutt‘ttet
3361 5055 3517 5108 vestit
3535 5054 3616 5107 in-

2039 5147 2396 5204 numerabiles
2417 5146 2626 5217 impios,
2646 5148 2805 5202 etiam
2824 5162 2956 5217 quos
2982 5148 3123 5201 novit
3142 5148 3191 5201 in
3211 5148 3321 5216 ipsa
3346 5148 3616 5218 impietate

2041 5254 2315 5295 mansuros
2336 5256 2349 5291 :
2368 5238 2509 5308 quod
2534 5237 2771 5309 profecto
2795 5238 2839 5291 si
2868 5254 2971 5291 non
2990 5237 3222 5305 fecisset,
3240 5254 3424 5294 servos
3445 5240 3619 5294 homi-

2040 5347 2137 5388 nes
2155 5331 2395 5386 diabolus
2418 5346 2525 5384 non
2550 5330 2787 5384 haberet.
2825 5328 2930 5385 Sed
2957 5330 3175 5385 forsitan
3200 5331 3366 5399 dicas,
3402 5333 3541 5387 Deus
3563 5334 3618 5389 in

2042 5426 2121 5480 eis
2144 5424 2421 5495 pascendis
2449 5438 2551 5477 non
2579 5422 2800 5477 attendit
2831 5423 2932 5477 nisi
2964 5424 3181 5488 bonum,
3210 5425 3360 5495 cujus
3386 5426 3498 5496 ipse
3525 5443 3620 5481 an-

2042 5527 2159 5572 ctor
2183 5527 2285 5583 est,
2316 5515 2456 5585 quod
2492 5515 2734 5569 homines
2762 5525 2907 5569 sunt.
2936 5516 3024 5571 Sic
3052 5532 3178 5584 ergo
3208 5524 3262 5572 et
3299 5529 3545 5588 parentes
3566 5520 3620 5573 in

2044 5610 2166 5663 filiis
2180 5606 2453 5677 gignendis
2472 5621 2577 5660 non
2607 5605 2886 5660 attendunt
2915 5606 3014 5660 nisi
3044 5607 3261 5672 bonmn,
3291 5609 3431 5676 quod
3450 5609 3620 5662 homi-

2046 5713 2139 5753 nes
2156 5705 2295 5763 sunt,
2316 5697 2542 5752 maxime
2561 5696 2857 5752 nescientes
2870 5697 3054 5767 quales
3068 5699 3225 5753 futuri
3238 5711 3379 5754 sunt.
3396 5678 3523 5753 Νεῖιι
3532 5717 3626 5770 pe,
