4014 6184
393 323 497 384 ’751

399 439 542 514 quod
571 439 732 496 etiam
759 444 816 492 tu
842 431 1113 490 conﬁteris
1135 473 1151 500 ,
1181 441 1459 502 peccatum
1486 427 1688 484 nullum
1725 438 1908 494 esset,
1937 425 1984 481 si

401 533 543 589 nulla
570 529 934 602 praecessisset
974 525 1220 580 voluntas
1244 523 1386 578 mala
1426 539 1441 577 :
1491 523 1614 591 quia
1643 529 1698 576 et
1722 517 1984 590 originale

404 633 680 696 peccatum
715 617 875 690 (quod
903 631 1000 672 nos
1019 615 1250 672 dicimus
1266 657 1281 680 ,
1305 629 1402 670 vos
1421 614 1648 684 negatis)
1673 611 1874 667 nullum
1901 625 1989 666 es-

407 729 488 772 sct
521 715 700 784 utique
725 752 740 776 ,
768 709 870 766 nisi
897 719 1082 764 natura
1111 724 1175 764 ex
1207 707 1361 778 primi
1383 705 1618 761 hominis
1638 703 1776 759 mala
1799 703 1990 758 volun-

410 815 518 862 tate
547 807 746 858 vitiata.
788 801 895 857 Sed
925 800 1069 855 nulla
1107 809 1250 855 esset
1282 799 1442 853 etiam
1465 796 1712 851 voluntas
1751 795 1912 859 mala,
1941 793 1986 848 si

409 897 546 950 nulla
595 892 957 964 praecessisset
993 899 1200 956 natura,
1237 888 1321 944 vel
1357 887 1593 958 angelica
1623 886 1705 942 vel
1732 885 1986 940 humana.

407 985 668 1056 Numquid
697 991 910 1054 propter
938 981 1041 1037 hoc
1066 982 1230 1036 Deum
1259 994 1474 1035 causam
1499 978 1738 1033 dicturus
1763 992 1824 1033 es
1854 990 1988 1048 pec-

407 1089 668 1136 catorum.
693 1076 814 1144 quia
838 1073 1084 1127 voluntas
1107 1072 1222 1142 eius
1241 1085 1400 1127 causa
1425 1079 1507 1124 est
1530 1068 1866 1135 mutabilium
1891 1082 1989 1122 na-

409 1166 685 1221 turai-nm?
711 1165 858 1220 Sicut
885 1179 1014 1233 ergo
1041 1163 1240 1217 creanti
1271 1162 1382 1216 Deo
1407 1175 1513 1216 non
1533 1161 1820 1228 imputatur
1843 1158 1988 1229 quod

411 1259 700 1314 rationales
727 1267 928 1310 natura:
951 1271 980 1308 a
1010 1254 1149 1310 bono
1176 1252 1427 1308 deﬁciunt
1447 1295 1463 1318 ,
1493 1251 1588 1307 sed
1618 1251 1759 1322 quod
1791 1251 1989 1306 bonum

409 1364 534 1408 sunt
567 1369 580 1403 :
629 1352 706 1406 sic
750 1351 1062 1422 parentibus
1090 1348 1424 1420 gignentibus
1455 1355 1512 1403 et
1535 1347 1690 1402 'malo
1732 1347 1990 1418 concupi-

409 1443 628 1496 scentia:
668 1443 804 1497 bene
848 1441 1112 1496 utentibus
1163 1455 1266 1494 non
1309 1437 1676 1508 imputandum
1719 1445 1801 1493 est
1848 1435 1990 1508 quod

411 1550 530 1587 cum
561 1547 625 1588 eo
655 1533 793 1588 utalo
821 1531 912 1586 ﬁlii
939 1539 1248 1597 nascuntur,
1288 1529 1382 1584 sed
1421 1528 1563 1599 quod
1601 1529 1799 1584 bonum
1841 1536 1987 1582 sunt.

409 1625 527 1680 Non
556 1637 730 1679 autem
771 1623 911 1686 ideo,
928 1623 1066 1678 sicut
1089 1631 1260 1691 putas,
1285 1639 1304 1672 ι
1327 1635 1357 1674 a
1374 1619 1584 1674 diabolo
1613 1618 1825 1674 ducitur
1841 1617 1992 1688 origo

412 1719 746 1773 nasccntium
771 1757 786 1782 ,
818 1735 838 1770 ι
872 1717 925 1772 in
951 1725 1205 1786 quantum
1251 1714 1494 1768 homines
1519 1722 1664 1778 sunt,
1699 1730 1718 1764 ι
1762 1710 1884 1782 quia
1910 1711 1992 1766 di—

413 1809 550 1863 citur
583 1824 612 1864 a
651 1807 862 1864 diabolo
891 1822 1011 1863 esse
1052 1805 1200 1876 origo
1235 1803 1464 1875 peccati,
1505 1803 1621 1859 sine
1667 1817 1774 1874 quo
1816 1802 1994 1858 nullus

413 1899 654 1954 nascitur
680 1899 976 1952 hominum.
1012 1915 1032 1950 ι
1067 1895 1250 1966 Neque
1277 1895 1418 1951 enim
1463 1893 1584 1965 quia
1625 1894 1776 1965 origo
1804 1891 1994 1948 mortis

410 2007 444 2046 a
469 1991 682 2046 diabolo
707 1999 806 2054 est,
841 1989 960 2045 ideo
985 1989 1052 2044 ab
1081 1987 1172 2042 illo
1197 1995 1278 2042 est
1305 1985 1454 2057 origo
1480 1985 1803 2040 mortalium.

482 2081 573 2138 5'6.
620 2101 640 2135 ι
669 2082 874 2136 ltimam
897 2083 913 2114 ⁸
945 2099 964 2134 ι
993 2080 1186 2151 quaeris
1211 2095 1231 2130 ε
1263 2079 1400 2134 inter
1418 2085 1493 2132 tot
1517 2077 1832 2132 innocentiae
1857 2090 1986 2146 pra:-

410 2172 568 2240 sidia,
622 2188 725 2244 qua
781 2171 1010 2244 pctuerit
1048 2170 1249 2225 intrare
1291 2175 1615 2240 peccatum:
1656 2185 1675 2220 ι
1731 2181 1851 2222 cum
1895 2165 1994 2220 tibi

411 2264 655 2322 ostendat
684 2263 956 2334 apostolus
975 2261 1191 2326 Paulus,
1215 2277 1320 2316 non
1349 2259 1560 2325 rimam,
1596 2257 1692 2314 sed
1719 2258 1996 2329 apertissi-

414 2371 558 2412 tnam
592 2355 831 2426 ianuam.
872 2353 1076 2420 dit-ens,
1119 2350 1224 2406 Per
1251 2367 1409 2404 unum
1451 2349 1704 2404 hominem
1734 2359 1996 2420 peccatum

409 2446 615 2500 intravit
656 2445 710 2499 in
756 2445 1020 2508 mundum,
1047 2454 1094 2497 et
1133 2453 1509 2512 peripeccatum
1549 2455 1718 2504 mors;
1759 2448 1805 2493 et
1833 2439 1905 2492 ita
1941 2440 1995 2494 in

415 2552 587 2591 onmes
621 2535 847 2590 homines
879 2533 1186 2605 pertransiit.
1226 2531 1332 2588 Sed
1363 2531 1476 2585 haec
1498 2539 1680 2586 tacens
1705 2531 1885 2597 verba,
1911 2530 1994 2584 di-

414 2627 494 2682 cis
520 2634 628 2692 tua,
661 2643 680 2677 t
707 2624 839 2692 Quia
859 2641 954 2696 per
966 2639 1100 2694 opus
1122 2623 1211 2678 Dei
1242 2637 1377 2693 opus
1403 2621 1598 2677 diaboli
1621 2621 1848 2676 transire
1888 2635 1994 2676 non

412 2719 605 2775 sinitur
631 2735 644 2773 :
678 2737 697 2768 ι
731 2731 852 2772 cum
882 2717 1126 2772 homines
1153 2715 1260 2770 sint
1283 2729 1419 2786 opus
1447 2713 1562 2782 Dei,
1597 2723 1870 2786 peccatum
1901 2729 1997 2768 au-

384 2798 388 2802 ’
410 2819 520 2865 tem
550 2824 683 2880 opus
709 2807 924 2874 diaboli,
953 2806 1093 2879 quod
1119 2805 1247 2862 dicit
1273 2807 1556 2876 Apostolus
1586 2807 1637 2860 in
1662 2821 1849 2860 omnes
1874 2820 1998 2876 per-

413 2901 688 2956 transisse.
715 2898 946 2962 Clamas,
979 2917 998 2950 t
1034 2895 1090 2953 Si
1121 2906 1305 2953 natura
1333 2911 1429 2967 per
1453 2894 1617 2952 Deum
1639 2906 1740 2960 est,
1773 2913 1876 2950 non
1899 2913 1998 2967 po-

417 3001 522 3046 test
550 2993 604 3046 in
632 3007 693 3047 ea
723 3006 844 3046 esse
871 2989 1131 3062 originale
1160 2990 1356 3044 malum
1395 3007 1408 3043 :
1459 3007 1479 3042 ι
1524 2990 1674 3060 quasi
1711 3005 1818 3044 non
1861 2991 1997 3046 alius

415 3082 716 3152 religiosius
741 3082 844 3138 sibi
869 3082 1102 3138 clamare
1130 3080 1388 3148 videatur,
1417 3080 1476 3134 Si
1509 3089 1694 3136 natura
1721 3096 1814 3151 per
1831 3082 1996 3138 Deum

413 3183 518 3242 est,
559 3189 664 3230 non
715 3183 888 3244 potest
929 3189 995 3228 ex
1025 3187 1086 3228 ea
1117 3173 1261 3227 nasci
1287 3173 1454 3227 ullum
1499 3173 1720 3239 malum,
1763 3183 1856 3228 aut
1889 3189 2014 3228 non-

413 3275 591 3336 potest
635 3265 686 3320 in
725 3279 791 3320 ea
832 3277 951 3319 esse
996 3263 1158 3317 ullum
1204 3263 1419 3316 malum.
1467 3263 1534 3317 Et
1579 3272 1758 3318 tamen
1805 3263 1996 3318 falsum

415 3363 504 3415 est
541 3373 554 3410 :
603 3354 726 3426 quia
768 3369 869 3410 nec
906 3353 1034 3408 eriri
1072 3353 1266 3408 malum
1299 3359 1494 3423 potest,
1526 3353 1628 3408 nisi
1667 3369 1732 3408 ex
1773 3363 1995 3420 natura;

415 3461 518 3502 nec
544 3445 630 3500 ubi
661 3444 728 3499 sit
755 3443 934 3508 habet,
960 3444 1004 3500 si
1045 3459 1151 3498 non
1182 3441 1340 3498 fuerit
1378 3443 1432 3496 in
1472 3451 1680 3498 natura.
1725 3443 1999 3499 Conﬁteor

417 3537 577 3607 igitur
601 3549 736 3605 opus
765 3534 859 3590 Dei
890 3549 1014 3590 esse
1037 3534 1130 3605 qui
1167 3535 1423 3600 nascitur,
1453 3535 1612 3589 etiam
1641 3534 1858 3590 trahens
1885 3536 1996 3590 ori-

411 3631 590 3700 ginale
638 3628 870 3692 malum;
910 3626 1158 3698 quoniam
1198 3627 1339 3699 quod
1377 3627 1430 3682 in
1471 3627 1560 3682 illo
1599 3628 1690 3683 Dei
1718 3643 1853 3699 opus
1892 3637 1994 3696 est,

415 3721 614 3776 bonum
665 3729 747 3776 est
789 3737 802 3773 :
847 3721 969 3790 quia
1013 3720 1210 3774 bonum
1241 3731 1322 3776 est
1361 3735 1495 3790 opus
1541 3714 1645 3776 Dei'
1671 3723 1830 3778 etiam
1875 3737 1997 3777 cum

415 3815 580 3880 malo,
607 3828 712 3868 non
735 3813 908 3870 solum
935 3812 988 3867 in
1018 3813 1272 3883 parvulis,
1291 3829 1474 3868 verum
1504 3815 1665 3869 etiam
1696 3815 1747 3868 in
1777 3815 1999 3887 quibus-

413 3908 544 3963 libet
569 3906 834 3972 :etatibus,
878 3905 980 3960 hoc
1002 3893 1104 3970 est,
1145 3905 1460 3972 substantia,
1493 3906 1681 3974 forma,
1711 3907 1838 3972 vita,
1870 3923 1998 3964 sen-

414 4015 527 4066 sus,
559 3999 712 4063 ratio,
745 4006 1046 4068 catteraque
1075 3997 1254 4052 omnia
1283 3997 1632 4070 bonanetiam
1660 3997 1712 4052 in
1739 4014 1996 4068 quocum-

413 4108 519 4165 que
569 4092 786 4148 homine
833 4090 994 4146 malo.
1046 4090 1175 4159 Quis
1219 4099 1397 4146 autem
1453 4101 1704 4162 operatur
1749 4101 1809 4148 ut
1859 4093 2002 4150 vivat

418 4185 602 4248 homo,
655 4183 756 4238 nisi
809 4182 860 4236 in
910 4197 1016 4254 quo
1059 4182 1304 4249 vivimus,
1357 4196 1655 4248 movemur,
1713 4191 1767 4238 et
1817 4199 2001 4241 sumus

421 4274 558 4349 (Act.
587 4289 717 4339 xvu,
751 4273 882 4344 28)?
919 4273 976 4329 Id
1013 4283 1193 4329 autem
1233 4283 1486 4344 operatur
1519 4275 1728 4331 occulto
1769 4276 2000 4346 quodam

419 4381 585 4437 Opere
612 4364 977 4421 beneﬁcentia:
1001 4366 1024 4397 ³
1053 4379 1165 4420 suae
1184 4406 1199 4431 ,
1229 4366 1470 4436 exceptis
1494 4365 1762 4422 alimentis
1789 4367 2001 4438 perspi-

419 4460 536 4516 cuis
563 4456 757 4530 quibus
783 4459 1118 4515 extrinsecus
1144 4459 1490 4514 sustinemur.
1518 4459 1618 4528 Qui
1649 4475 1777 4531 ergo
1803 4475 2000 4531 opera-

421 4562 510 4607 tur
548 4559 606 4606 ut
633 4550 776 4604 vivat
818 4551 996 4615 homo,
1035 4550 1276 4620 quamvis
1319 4551 1728 4606 conversatione
1771 4552 1999 4618 vitiosa;

422 4643 538 4715 ipse
566 4649 820 4713 operatur
840 4647 898 4696 ut
926 4650 1177 4696 nascatur
1203 4639 1384 4708 homo,
1423 4645 1666 4712 quamvis
1695 4642 1898 4714 origine
1925 4642 2004 4698 vi-

419 4734 568 4790 tiata.

488 4821 718 4880 CAPUT
747 4817 916 4878 XXV.
963 4849 1037 4864 --
1073 4821 1166 4878 57.
1197 4819 1334 4888 Quid
1363 4828 1445 4876 est
1472 4829 1671 4888 autem,
1702 4821 1844 4894 quod
1874 4837 2000 4892 pro-

417 4916 608 4988 positis
649 4911 766 4970 aliis
818 4929 884 4970 ex
924 4913 1060 4968 libro
1105 4927 1226 4967 meo
1261 4913 1438 4966 verbis
1483 4913 1618 4968 meis
1662 4911 1815 4984 lingis
1859 4914 2002 4985 quod

419 5004 696 5071 dixerim,
755 5023 774 5058 ι
813 5004 987 5059 Aliam
1043 5001 1206 5058 fuisse
1251 5003 1555 5074 nuptiarum
1610 5003 2000 5060 institutionem

421 5107 546 5154 ante
578 5105 854 5168 peccatum
883 5095 1032 5162 Adae,
1073 5111 1192 5166 quae
1235 5095 1350 5150 sine
1393 5095 1844 5166 concupiscentia,
1886 5097 2002 5152 sine

426 5199 572 5243 motu
601 5203 909 5260 corporum,
941 5188 1057 5243 sine
1084 5188 1402 5244 necessitate
1423 5204 1644 5244 sexuum
1662 5204 1780 5244 esse
1806 5190 2006 5259 potuis-

423 5283 580 5337 sent?
613 5300 632 5332 ›
680 5281 910 5337 Detrahe
956 5281 1154 5352 nuptiis
1198 5280 1684 5351 concupiscentiam
1727 5298 1831 5354 qua
1877 5297 2004 5338 caro

425 5375 750 5446 concupiscit
777 5373 1033 5428 adversus
1059 5373 1322 5442 spiritum,
1353 5372 1573 5429 detrahe
1601 5373 1794 5428 malum
1817 5383 2004 5429 contra

426 5465 569 5536 quod
621 5481 823 5537 pugnas
863 5465 1092 5535 gloriosa
1135 5480 1393 5522 exercens
1435 5467 1774 5522 continentia:
1815 5468 2007 5524 virtute

423 5555 746 5621 certamina;
777 5563 832 5610 et
879 5569 985 5610 non
1030 5569 1164 5626 Opus
1209 5566 1293 5612 est
1334 5565 1392 5612 ut
1435 5567 1626 5614 caetera
1655 5557 1929 5630 detrahas,
1959 5557 2006 5616 si

490 5687 507 5718 ι
546 5693 646 5731 am.
672 5691 722 5732 et
742 5689 870 5736 less...
903 5683 1075 5733 Rimas.

491 5748 512 5779 ³
548 5751 599 5794 tn
623 5752 748 5804 Mss,
770 5743 1122 5804 bene/tcimtia'.

1173 315 1448 374 CONTRA
1486 311 1825 372 JULIANUM
1865 310 2324 380 PELAGIA‘NUM,
2365 313 2422 370 S.
2463 314 2830 374 AUGUSTI.“

3570 327 3672 386 73!

2099 427 2310 498 nuptias
2341 429 2539 499 qumris
2565 429 2749 500 quales
2788 440 2912 487 ante
2942 444 3215 504 peccatum
3257 438 3551 510 primorum
3581 444 3676 502 bo-

2095 520 2296 574 minum
2324 533 2445 574 esse
2474 531 2776 590 potuerunt.
2801 521 2934 579 Sine
2965 537 3110 582 motu
3136 529 3280 585 enim
3307 546 3591 604 corporum
3613 545 3670 592 et

2095 611 2211 666 sine
2241 612 2559 668 necessitate
2602 629 2826 670 sexuum
2854 617 2973 686 quis
3011 634 3246 690 unquam
3285 623 3420 680 ullas
3466 627 3676 695 nuptias

2095 703 2384 774 cogitavit?
2409 703 2519 760 Sed
2550 705 2743 762 bellum
2771 709 2913 780 quod
2941 710 2992 764 in
3021 726 3081 766 se
3111 717 3244 770 casti
3276 718 3532 784 sentiunt,
3563 722 3676 778 sive

2095 793 2452 861 continentes,
2471 795 2587 850 sive
2615 797 2776 851 etiam
2799 798 3086 870 coniugati,
3125 802 3226 858 hoc
3249 804 3474 861 dicimus
3497 809 3558 863 in
3587 827 3681 877 pa-

2094 883 2293 950 radiso,
2320 895 2444 942 ante
2475 898 2747 958 peccatum
2773 890 2920 946 nullo
2943 892 3102 946 modo
3121 909 3245 950 esse
3266 897 3526 968 potuisse.
3545 899 3680 970 ipsa:

2095 988 2224 1045 ergo
2249 977 2410 1032 etiam
2453 993 2596 1032 nunc
2637 987 2762 1035 sunt
2789 982 2988 1053 nuptiae
3010 1024 3026 1051 ,
3071 984 3164 1038 sed
3195 986 3248 1040 in
3273 990 3594 1056 generandis
3623 993 3686 1045 li-

2096 1063 2182 1119 liis
2209 1074 2332 1122 tunc
2358 1067 2508 1124 nullo
2534 1069 2678 1124 malo
2703 1079 2980 1126 uterentur
3000 1113 3014 1137 ,
3059 1090 3202 1130 nunc
3230 1080 3682 1148 concupiscentiae

2097 1155 2239 1210 malo
2269 1156 2405 1212 bene
2431 1167 2666 1214 utuntur.
2693 1159 2812 1227 Quo
2837 1163 2978 1218 malo
3005 1179 3098 1218 sua
3129 1167 3264 1220 bona
3291 1183 3395 1222 non
3425 1172 3676 1239 perdide-

2095 1255 2240 1311 runt,
2289 1248 2342 1303 in
2379 1249 2636 1306 castitatis
2681 1250 2807 1316 ﬁde.
2853 1254 2908 1308 in
2949 1254 3340 1324 conjunctionis
3371 1259 3593 1327 fmdere,
3627 1263 3681 1320 in

2097 1340 2404 1410 propaginis
2439 1343 2701 1412 gemine.
2745 1344 3059 1401 Adltzrreret
3085 1363 3213 1417 ergo
3255 1359 3380 1406 tunc
3411 1353 3571 1407 etiam
3603 1355 3685 1409 vir

2096 1431 2248 1486 uxori
2269 1442 2323 1487 ut
2349 1433 2625 1503 gignerent
2646 1435 2808 1502 ﬁlios;
2838 1453 2943 1491 non
2967 1447 3140 1493 tamen
3170 1441 3427 1497 haberent
3449 1444 3500 1498 in
3519 1459 3684 1500 carne

2097 1533 2301 1579 motum
2331 1524 2560 1581 libidinis
2585 1527 2828 1593 turbidze,
2857 1529 2950 1584 sed
2979 1533 3282 1602 tranquilla:
3311 1537 3683 1592 tantummodo

2097 1614 2404 1682 voluntatis,
2435 1632 2537 1686 qua
2567 1618 2889 1688 imperamus
2914 1626 3123 1678 caeteris
3149 1628 3400 1684 membris
3427 1629 3467 1682 ί.

2167 1706 2258 1763 58.
2301 1708 2492 1778 Arguis
2520 1724 2608 1766 me
2627 1753 2641 1775 ,
2673 1712 2812 1782 quod
2845 1731 2866 1764 ι
2897 1727 2992 1768 eos
3023 1717 3269 1784 parvulos
3293 1719 3384 1789 qui
3424 1721 3682 1778 mundum

2094 1795 2472 1868 impleverunt,
2511 1816 2610 1872 pro
2641 1802 2833 1874 quibus
2871 1803 3117 1862 Christus
3143 1819 3384 1865 mortuus
3411 1821 3516 1880 est,
3561 1815 3684 1869 dia-

2098 1885 2205 1942 boli
2229 1903 2364 1959 opus
2383 1929 2400 1957 ,
2427 1899 2482 1946 et
2507 1890 2574 1946 de
2599 1893 2786 1949 morbo
2809 1903 2963 1950 natos
2979 1937 2994 1962 ,
3021 1904 3075 1952 et
3102 1897 3168 1952 ab
3195 1899 3417 1954 exordio
3439 1917 3561 1958 reos
3585 1903 3684 1960 de-

2098 1977 2304 2034 ﬁniam.
2343 1998 2365 2034 ι
2417 1981 2627 2038 Parvuli
2669 1999 2806 2054 opus
2852 1986 3048 2042 diaboli
3103 1989 3524 2049 substantialiter
3575 2011 3681 2052 non

2098 2078 2224 2124 sunt
2257 2088 2271 2125 :
2301 2070 2394 2126 sed
2420 2086 2582 2142 opere
2609 2073 2806 2130 diaboli
2834 2077 3165 2146 originaliter
3187 2081 3262 2135 rei
3285 2092 3430 2136 sunt.
3461 2085 3524 2140 Et
3561 2085 3681 2142 ideo

2098 2157 2364 2228 Christus,
2393 2161 2534 2232 quod
2563 2173 2639 2246 et.
2658 2165 2773 2235 ipse
2809 2167 3102 2236 conﬁteris,
3138 2171 3298 2226 etiam
3327 2187 3426 2244 pro
3451 2177 3685 2244 parvulis

2099 2262 2342 2308 mortuus
2367 2265 2485 2321 est;
2511 2257 2631 2327 quia
2653 2267 2706 2312 et
2731 2258 2797 2314 ad
2825 2259 2969 2328 ipsos
2993 2262 3218 2330 pertinet
3243 2267 3480 2334 sanguis,
3509 2269 3598 2336 qui
3626 2269 3683 2324 in

2098 2347 2466 2403 remissionem
2495 2349 2642 2406 fusus
2659 2359 2742 2406 est
2768 2363 3102 2424 peccatorum
3132 2353 3342 2427 (Matth.
3373 2375 3520 2425 xxvi,
3547 2359 3640 2431 28)
3665 2379 3682 2414 :

2097 2451 2128 2490 a
2157 2451 2264 2510 quo
2289 2439 2407 2494 illos
2435 2441 2690 2510 sanguine
2728 2440 2898 2498 facitis
2923 2443 3151 2511 alienos,
3183 2461 3303 2501 cum
3334 2462 3456 2502 eunt
3483 2451 3686 2520 negatis

2098 2528 2318 2584 trahere
2364 2531 2622 2601 originale
2669 2544 2968 2602 peccatum.
3018 2534 3130 2592 Nec
3176 2551 3496 2593 succenseas
3541 2541 3684 2610 quod

2099 2623 2583 2691 concupiscentiam
2611 2625 2720 2680 dixi
2747 2627 3014 2692 morbum,
3051 2628 3136 2683 cui
3163 2638 3218 2683 et
3245 2640 3300 2684 tu
3327 2631 3606 2686 confessus
3628 2648 3687 2687 es

2099 2714 2371 2784 provisum
2403 2714 2568 2772 fuisse
2603 2717 2916 2772 remedium.
2958 2720 3246 2775 Exordium
3277 2737 3408 2778 vero
3435 2726 3682 2793 parvuto-

2099 2821 2238 2869 rum,
2261 2822 2326 2862 ex
2353 2823 2460 2878 quo
2481 2819 2844 2878 nascerentur,
2878 2811 2932 2866 in
2957 2812 3126 2866 Adam
3151 2812 3283 2880 fuit;
3316 2831 3422 2884 quo
3450 2831 3546 2886 per
3566 2833 3688 2887 pec.

2099 2906 2274 2952 catum
2298 2899 2480 2954 vitiato
2500 2911 2658 2972 atque
2685 2901 2954 2972 damnato,
2982 2904 3208 2960 alterum
3229 2907 3308 2961 eis
3328 2906 3594 2978 Christus,
3613 2923 3681 2963 ex

2099 3004 2205 3059 quo
2231 3001 2655 3061 renascerentur,
2684 2993 2932 3049 instituit.

2171 3079 2396 3136 CAPUT
2439 3081 2630 3137 XXVI.
2677 3113 2752 3124 -—
2799 3085 2889 3140 59.
2923 3103 2944 3136 ι
2977 3084 3032 3140 Si
3062 3095 3186 3142 ante
3216 3097 3515 3158 peccatum,
3549 3108 3570 3142 ι
3599 3093 3687 3146 ir.-

2100 3169 2218 3240 quis
2239 3211 2254 3237 ,
2291 3189 2312 3224 (
2348 3187 2443 3242 per
2473 3173 2637 3228 Deum
2677 3185 2914 3230 creatum
2945 3186 3029 3232 est
3057 3179 3197 3233 unde
3225 3179 3474 3237 homines
3497 3197 3685 3238 nasce-
3747 3239 3764 3252 ,

2101 3269 2304 3325 rentur,
2336 3279 2432 3332 per
2458 3263 2730 3320 diabolum
2755 3275 2930 3322 autem
2969 3269 3107 3325 unde
3151 3281 3402 3340 parentes
3439 3289 3682 3328 commo-

2100 3361 2386 3420 verentur;
2415 3354 2736 3412 adscribitur
2763 3360 2880 3414 sine
2918 3357 3079 3414 dubio
3120 3363 3374 3417 sanctitas
3417 3365 3686 3420 nascenti-

2100 3442 2234 3510 bus,
2263 3453 2317 3498 et
2342 3445 2495 3515 culpa
2525 3449 2920 3516 generantibns.
2955 3468 2974 3502 ι
2999 3449 3140 3518 Quid
3171 3451 3306 3508 dicis
3326 3493 3340 3517 ,
3375 3471 3396 3505 σ
3433 3465 3684 3524 parentes

2101 3537 2608 3592 commoverentur?
2645 3555 2665 3590 ι
2724 3537 2782 3592 Si
2821 3539 3016 3608 pietate
3055 3541 3357 3606 voluntatis,
3389 3560 3490 3614 qua
3539 3553 3690 3614 optat

2103 3623 2240 3679 ﬁlios
2254 3627 2477 3696 quisque
2501 3628 2804 3698 suscipere;
2834 3631 3010 3686 ethoc
3035 3647 3130 3699 per
3151 3632 3315 3688 Deum
3342 3635 3641 3690 institutum
3665 3652 3682 3694 :

2102 3717 2147 3770 si
2187 3719 2364 3772 autem
2397 3719 2797 3787 perturbatione
2833 3721 3099 3788 libidinis,
3143 3725 3226 3778 cui
3262 3739 3363 3780 nec
3393 3727 3688 3784 excitanda:

2101 3822 2204 3864 nec
2231 3798 2536 3865 auferen'drc
2579 3809 2775 3868 sufficit
2809 3813 3096 3870 voluntatis
3133 3817 3444 3882 arbitrium;
3487 3830 3688 3876 natura:

2101 3899 2294 3955 vulnus
2321 3910 2408 3956 est
2448 3901 2516 3957 de
2563 3903 3032 3972 prmvaricatione,
3079 3921 3235 3977 quam
3265 3909 3511 3964 diabolus
3557 3926 3682 3980 per-

2103 3990 2292 4053 suasit,
2348 3989 2627 4047 inﬁictum.
2681 3992 2847 4049 Recte
2890 3995 3068 4066 itaque
3117 4012 3146 4050 a
3197 4013 3287 4053 me
3333 4003 3534 4055 dictum
3583 4010 3684 4066 est,

2109 4097 2128 4130 ι
2163 4079 2344 4136 Fieret
2371 4082 2486 4136 sine
2515 4082 2619 4138 isto
2653 4085 2845 4139 morbo
2882 4085 3166 4142 seminatio
3208 4088 3442 4144 ﬁliorum
3475 4090 3528 4145 in
3565 4106 3686 4147 cor-

2104 4186 2234 4242 pore
2276 4173 2399 4227 vitm
2439 4173 2600 4240 illius,
2644 4174 2762 4230 sine
2800 4191 2906 4245 quo
2938 4173 3075 4231 nunc
3107 4178 3218 4233 ﬁeri
3263 4195 3369 4234 non
3425 4189 3600 4250 potest
3635 4183 3686 4236 in

2104 4277 2327 4332 corpore
2343 4263 2530 4318 mortis
2555 4262 2751 4334 hujus:
2787 4263 2890 4336 (De
2922 4264 3132 4338 Nuptiis
3167 4276 3214 4322 et
3253 4267 3684 4342 Concapiscentia,

2105 4353 2194 4408 lib.
2226 4355 2278 4420 1,
2310 4371 2424 4425 cap.
2457 4355 2532 4424 Ι).

2177 4447 2266 4503 60.
2307 4447 2458 4516 Quod
2485 4456 2663 4502 autem
2692 4451 3100 4521 argumentaris,
3141 4471 3161 4506 ι
3194 4452 3260 4508 ad
3287 4452 3486 4508 bonum
3513 4454 3689 4512 fecun-

2106 4538 2284 4594 ditatis
2311 4539 2556 4610 parvulos
2582 4541 2868 4609 pertinere,
2899 4557 3018 4613 qua:
3048 4542 3139 4598 Dei
3167 4544 3538 4602 benedictione
3564 4558 3686 4602 ante

2106 4631 2352 4685 morbum
2382 4629 2614 4685 libidinis
2643 4631 2882 4686 instituta
2911 4640 3028 4697 est;
3072 4647 3177 4688 non
3217 4634 3283 4690 ad
3313 4635 3488 4705 ipsum
3515 4637 3687 4692 libidi-

2106 4721 2189 4776 nis
2217 4721 2482 4788 morbum,
2527 4721 2572 4776 si
2618 4731 2800 4792 postea
2829 4723 2850 4754 ¹
2883 4725 3222 4792 peccantibus
3259 4725 3487 4790 accidit;
3534 4737 3691 4798 atque

2109 4813 2232 4870 ideo
2271 4813 2608 4869 sanctitatem
2654 4813 3060 4870 adscribendam
3100 4831 3222 4872 esse
3249 4819 3611 4886 nascentibus,
3640 4830 3693 4877 et

2107 4905 2482 4976 generantibus
2505 4906 2712 4976 culpam
2741 4925 2755 4960 :
2791 4924 2812 4958 ι
2845 4922 2949 4962 non
2975 4909 3204 4964 attendis
3228 4920 3448 4980 peccato
3469 4912 3562 4967 illo
3583 4927 3695 4968 ma-

2107 5013 2211 5070 gno
2239 4997 2542 5053 universam
2576 4997 2630 5052 in
2671 4998 2908 5054 deterius
2937 5009 3192 5056 mutatam
3222 5001 3383 5058 fuisse
3423 5014 3690 5070 naturam,

2109 5087 2252 5144 unde
2293 5087 2464 5143 fuerat
2512 5103 2751 5159 propago
2791 5088 3052 5145 ducenda.
3099 5089 3192 5147 Sic
3221 5092 3364 5147 enim
3401 5109 3588 5162 posses
3611 5095 3696 5150 di-

2108 5193 2251 5246 cere,
2283 5177 2447 5234 Evam
2475 5179 2664 5245 solam,
2698 5197 2802 5234 non
2830 5189 3053 5236 cazteras
3079 5183 3305 5239 feminas
3335 5185 3552 5242 dolores
3576 5202 3698 5258 par-

2109 5271 2378 5326 turitionis
2405 5270 2606 5328 sentire
2635 5271 2883 5327 debuisse
2911 5289 2926 5338 ;
2973 5275 3224 5344 quoniam
3264 5275 3570 5332 benedictio
3595 5293 3699 5347 qua

2109 5361 2307 5418 dictum
2338 5370 2452 5428 est;
2498 5361 2732 5430 Crescite,
2764 5374 2810 5418 et
2838 5365 3248 5434 multiplicamini
3285 5367 3437 5441 (Cen.
3501 5384 3542 5437 ι,
3579 5369 3696 5435 28),

2111 5469 2176 5511 cx
2203 5470 2305 5527 qua
2337 5455 2425 5510 ﬁlii
2457 5465 2824 5526 procreantur,
2862 5465 2986 5512 ante
3012 5457 3146 5514 facta
3189 5441 3290 5526 est,
3314 5477 3475 5532 quam
3512 5463 3699 5518 fuisset

2180 5569 2198 5600 ι
2235 5575 2355 5628 Am.,
2381 5581 2528 5642 quam
2543 5581 2792 5642 speramus
2813 5568 2864 5620 in
2885 5570 3076 5642 ceteris
3103 5571 3358 5642 membris.
3384 5580 3460 5624 Er.
3485 5581 3541 5642 et
3571 5583 3696 5628 Lota.

2111 5641 2258 5702 quam
2278 5638 2546 5690 spectamus
2559 5632 2610 5680 iu
2628 5632 2816 5684 steteris
2837 5632 3078 5686 membm.
3103 5634 3425 5689 mandantur
3437 5636 3502 5686 ad
3538 5650 3698 5687 utatur-

2113 5700 2466 5816 sWt'pttxﬁz'oitis,
2491 5752 2572 5818 qui
2591 5761 2762 5816 postea.
2803 5760 2850 5804 In
2877 5763 2998 5818 \tss.,
3027 5770 3066 5808 st
3087 5768 3263 5821 postea.
