4014 6184
318 328 427 384 753

246 455 251 460 ·
316 436 597 498 muliebris
625 450 787 492 sexus
825 434 916 490 illa
947 427 1323 487 maledictione
1348 430 1580 502 punitus.
1613 429 1719 486 Sed
1742 430 1788 485 si
1811 431 1914 485 hoc

316 529 648 594 dixerimus,
693 526 875 596 otique
929 521 1356 594 respondebitur,
1404 522 1543 577 sicut
1589 537 1655 575 ex
1694 530 1915 591 peccato

321 620 434 684 illo,
468 617 541 673 ita
569 633 635 673 ex
678 614 964 670 maledicto
992 617 1043 666 in
1073 611 1226 683 pejus
1253 620 1415 664 totam
1458 619 1710 664 mutatam
1751 608 1915 663 fuisse

317 720 585 773 naturam,
615 706 755 762 unde
785 704 1015 760 trahitur
1043 702 1305 771 originale
1345 709 1623 771 peccatum
1649 707 1705 755 et
1726 699 1913 770 jugum

318 816 480 874 grave
502 815 665 869 super
695 798 833 851 lilios
856 795 1050 849 Adam.

390 893 480 949 61.
522 891 637 946 Νοη
654 888 818 952 enim,
842 887 1049 941 sicuttu
1071 882 1478 955 argumentaris,
1509 900 1527 933 ε
1549 880 1790 936 ιιιὸωιπη
1814 879 1914 934 sub

262 988 265 993 ’
320 982 437 1054 lege
459 982 686 1053 positmn
710 977 1045 1033 describebat
1065 977 1105 1028 Α
1115 974 1349 1043 postolus
1359 972 1647 1033 dicentem,
1667 971 1786 1026 Scio
1797 971 1917 1042 quia

320 1090 421 1128 non
449 1071 642 1125 habitat
674 1070 728 1123 in
770 1084 869 1134 me,
912 1067 1004 1121 hoc
1044 1076 1114 1121 est
1143 1065 1194 1118 in
1224 1079 1375 1117 carne
1422 1079 1551 1129 mea,
1578 1064 1792 1129 bonum;
1836 1071 1913 1130 ct,

321 1163 443 1220 Non
467 1179 558 1234 ego
583 1178 764 1233 operor
788 1156 939 1220 illud,
957 1159 1045 1213 sed
1066 1157 1203 1229 quod
1228 1156 1419 1209 habitat
1446 1155 1606 1222 inme,
1630 1165 1913 1225 peccatum;

320 1264 393 1321 et,
441 1255 572 1309 Mihi
624 1253 814 1307 malum
857 1251 1096 1321 adjacet;
1144 1255 1219 1312 et,
1260 1245 1417 1301 Video
1465 1247 1617 1300 aliam
1662 1248 1819 1317 legem
1859 1246 1914 1299 in

322 1348 557 1402 membris
596 1346 739 1411 meis,
785 1350 1154 1414 repugnantem
1193 1340 1290 1410 legi
1338 1339 1515 1392 mentis
1542 1353 1664 1392 meat
1690 1352 1711 1392 :
1757 1357 1776 1390 ι
1818 1336 1912 1392 sed

323 1436 657 1494 describebat
686 1434 970 1488 humanam
1002 1432 1054 1484 in
1100 1431 1201 1484 hac
1239 1429 1571 1498 corruptibili
1614 1442 1776 1496 carne
1814 1442 1912 1481 na-

324 1537 520 1594 turam,
551 1541 656 1581 non
687 1540 851 1595 opere
882 1524 975 1578 Dei
1006 1538 1130 1577 cum
1156 1520 1286 1575 vitio
1310 1521 1556 1590 primitus
1586 1520 1908 1587 institutam,

322 1622 415 1677 sed
442 1638 507 1677 cx
540 1619 828 1676 voluntatis
863 1617 1091 1672 arbitrio
1118 1616 1365 1669 veniente
1404 1614 1692 1682 primorum
1735 1612 1909 1666 homi-

323 1728 447 1769 num
474 1712 600 1766 vitio
632 1711 940 1766 sauciatam.
972 1706 1138 1776 Cujus
1164 1708 1309 1762 enim
1334 1722 1436 1760 vox
1464 1715 1567 1771 est,
1598 1704 1794 1777 Infelix
1815 1722 1909 1776 ego

323 1805 492 1868 homo,
522 1804 634 1874 quis
659 1820 736 1856 me
756 1801 987 1856 liberabit
1013 1799 1074 1852 de
1101 1814 1317 1866 corpore
1346 1797 1740 1868 mortis/utjus?
1768 1795 1905 1850 Cra-

321 1896 394 1949 tia
426 1894 519 1949 Dei
558 1910 645 1963 per
663 1891 841 1946 Jesum
868 1889 1117 1944 Christum
1162 1886 1438 1941 Dominum
1476 1897 1700 1939 nostrum
1732 1884 1908 1963 (Rom.

320 1998 416 2050 vn,
435 1984 520 2047 i8,
539 1960 885 2051 90,2325)?
913 1979 1176 2050 Numquid
1205 1978 1414 2034 Judtei?
1440 1978 1593 2032 Absit
1624 1994 1636 2030 :
1669 1978 1763 2032 sed
1794 1960 1909 2034 sine

321 2075 653 2130 dubitatione
674 2070 981 2128 Christiani.
1008 2070 1135 2140 Ejus
1155 2085 1282 2140 ergo
1303 2083 1463 2124 voces
1479 2076 1601 2122 sunt
1630 2071 1787 2123 etiam
1804 2068 1909 2123 illze

320 2166 642 2237 superiores,
672 2179 739 2219 ex
765 2162 956 2233 quibus
982 2161 1096 2215 lucc
1117 2167 1510 2230 consequenter
1529 2174 1782 2229 expressa
1804 2169 1905 2214 est.

321 2257 441 2327 Ipse
477 2256 619 2311 enim
656 2255 809 2318 dixit,
845 2251 1024 2307 Gratia
1072 2250 1170 2305 Dei
1209 2268 1287 2304 me
1326 2251 1554 2305 liberabit
1591 2252 1654 2303 de
1700 2267 1910 2321 corpore

319 2348 496 2401 mortis
526 2346 675 2414 hujus
704 2360 792 2415 per
817 2342 997 2397 Iesum
1023 2340 1275 2396 Christum
1318 2340 1591 2394 Dominum
1639 2350 1907 2405 nostrum;

319 2439 408 2509 qui
437 2437 666 2500 dicebat,
707 2435 863 2490 Video
889 2435 1044 2489 aliaat
1065 2435 1225 2506 legem
1246 2433 1300 2488 in
1328 2434 1562 2489 membris
1588 2434 1732 2500 meis,
1764 2449 1909 2504 repu-

319 2539 556 2601 gnantem
580 2529 678 2599 legi
704 2527 881 2582 mentis
911 2542 1054 2581 uteie.
1904 2589 1913 2610 ν

389 2620 477 2676 62.
505 2620 608 2676 Sed
641 2636 707 2675 ne
738 2620 875 2675 forte
902 2624 1054 2674 istam
1084 2619 1453 2676 catechumeni
1491 2620 1765 2676 existimes
1800 2635 1897 2676 vo-

316 2726 434 2767 cem
478 2712 743 2765 lavacrum
773 2711 1192 2779 regenerationis
1229 2711 1407 2765 adhuc
1435 2712 1701 2780 sperantis
1722 2752 1738 2776 ,
1786 2719 1907 2781 post

315 2806 462 2877 quod
488 2805 761 2858 lavacrum
779 2804 974 2857 nullam
1002 2803 1170 2873 legero
1201 2803 1404 2872 peccati
1429 2804 1763 2858 resistentem
1796 2802 1904 2873 legi

316 2895 549 2958 mentis,
595 2894 868 2949 habiturus
915 2904 1058 2948 esset
1094 2894 1145 2947 in
1191 2892 1448 2948 membris
1480 2893 1816 2964 (quanquam
1847 2901 1905 2947 tu

314 2987 449 3057 Ipse,
479 2985 623 3051 sicut
642 2985 708 3040 de
736 2994 788 3040 te
815 2986 892 3040 vis
921 2985 1207 3039 credamus
1235 2983 1274 3046 ί,
1303 2983 1560 3037 adversus
1589 2984 1751 3051 hujus
1774 2999 1904 3038 con-

314 3076 656 3145 cupiscentia:
684 3076 904 3137 malum,
936 3091 1029 3144 per
1052 3075 1396 3130 centinentiac
1423 3074 1640 3139 bonum,
1669 3074 1903 3144 gloriosa

322 3165 616 3221 certamina
649 3174 768 3236 post
798 3166 1069 3219 lavacrum
1111 3164 1530 3234 regenerationis
1569 3167 1900 3235 exerceas);

315 3261 492 3315 recole
522 3269 695 3313 tamen
723 3259 848 3329 quid
880 3259 1077 3312 scribat
1106 3256 1172 3311 ad
1204 3256 1450 3320 Galatas,
1483 3265 1632 3311 certe
1659 3255 1903 3312 homines

314 3350 626 3421 baptizatos.
647 3349 775 3404 Dico
793 3359 980 3411 autem,
1007 3350 1195 3418 inquit,
1215 3347 1398 3418 spiritu
1420 3347 1689 3411 ambulate,
1717 3356 1764 3400 et
1784 3364 1904 3401 con-

314 3443 644 3512 cupiscentia:
669 3443 837 3495 carnis
863 3457 925 3494 ne
961 3441 1291 3511 perfeceritis.
1320 3437 1436 3493 Non
1464 3439 1537 3493 ait
1561 3481 1575 3504 ,
1604 3438 1682 3494 Ne
1706 3424 1923 3494 ἥκοι-μ’

314 3536 416 3598 tis;
443 3534 564 3603 quia
588 3548 680 3587 eas
707 3547 810 3586 non
834 3530 1031 3586 habere
1061 3547 1165 3585 non
1197 3540 1442 3601 poterant
1468 3548 1481 3582 :
1507 3530 1622 3596 sed,
1649 3548 1710 3585 ne
1737 3530 1925 3602 ρενῙε-(ν
1962 3585 1969 3592 _

313 3625 523 3685 ceritis;
555 3624 605 3676 id
636 3633 741 3697 est,
771 3637 839 3676 ne
871 3638 1030 3692 opera
1063 3636 1244 3675 carum
1265 3662 1282 3687 ,
1312 3636 1580 3675 consensu
1612 3621 1951 3677 voluntatis“

314 3715 603 3783 impleatis.
626 3713 758 3768 Caro
785 3714 940 3775 enim,
977 3712 1168 3782 inquit,
1198 3712 1505 3782 concupiscit
1528 3712 1769 3766 adversus
1796 3713 1905 3782 spi-

312 3807 502 3872 ritum,
534 3815 581 3861 et
608 3805 815 3875 spiritus
844 3805 1087 3858 adversus
1118 3820 1320 3857 carnem
1350 3818 1369 3857 :
1399 3804 1505 3858 [nec
1531 3805 1664 3858 enim
1692 3804 1904 3858 invicem

313 3898 646 3951 adversantur
669 3911 687 3960 ;
718 3907 772 3948 ut
797 3913 897 3950 non
924 3912 982 3950 ea
1008 3911 1120 3965 qua:
1144 3895 1297 3948 vultis
1324 3895 1542 3966 faciatis.
1570 3895 1702 3951 Vide
1723 3897 1768 3951 si
1796 3911 1901 3951 non

312 3988 421 4044 hoc
446 3997 530 4043 est
552 3988 618 4042 ad
652 3988 923 4041 Romanos
954 4004 966 4038 ε
1002 3985 1125 4039 Non
1153 3986 1287 4039 enim
1324 3985 1460 4056 quod
1496 3985 1608 4039 volo
1648 3987 1780 4055 facio
1808 3986 1901 4040 bo-

313 4094 475 4144 num;
498 4077 586 4131 sed
605 4077 739 4147 quod
766 4077 882 4130 uolo
909 4076 1117 4142 malum,
1149 4076 1242 4129 hoc
1267 4092 1383 4145 ago.
1418 4076 1617 4130 Deinde
1644 4076 1710 4130 ad
1740 4076 1902 4132 Gala-

314 4177 400 4222 tas
446 4167 595 4221 addit
641 4177 695 4221 et
742 4167 872 4221 dicit
903 4183 915 4220 :
950 4166 1097 4232 Quod
1142 4166 1187 4220 si
1235 4166 1417 4236 spiritu
1470 4165 1750 4231 ducimini;
1801 4183 1902 4220 non

313 4258 484 4312 adhuc
513 4259 630 4313 estis
671 4256 763 4312 sub
804 4258 911 4329 lege
952 4255 1147 4329 (Colat.
1176 4272 1245 4324 v,
1297 4256 1514 4326 ‘16-‘18).
1559 4255 1692 4312 Vide
1721 4257 1900 4312 sinon

313 4348 421 4404 hoc
446 4359 531 4404 est
558 4348 624 4403 ad
657 4349 926 4403 Romanos
955 4365 969 4401 :
1000 4347 1121 4416 lam
1150 4365 1249 4403 non
1276 4365 1367 4419 ego
1396 4366 1579 4418 operor
1606 4350 1736 4402 illud
1756 4364 1777 4415 ,°
1812 4360 1899 4415 et,

313 4438 647 4497 Candeleclor
690 4440 787 4512 legi
826 4439 924 4493 Dei
967 4440 1241 4494 secundum
1281 4441 1568 4494 interiorem
1608 4441 1903 4507 hominem;

316 4540 390 4597 et,
426 4531 547 4585 Non
572 4541 744 4602 regnet
769 4543 1033 4603 peccatum
1059 4532 1113 4584 in
1141 4540 1302 4585 vestro
1334 4531 1534 4584 mortali
1563 4548 1803 4603 corpore,
1835 4532 1904 4586 ad

314 4627 649 4683 obedientium
670 4625 930 4681 desideriis
954 4626 1063 4699 ejus
1088 4623 1263 4696 (Rom.
1285 4641 1379 4690 vn,
1411 4626 1498 4690 15,
1528 4624 1618 4690 20,
1643 4626 1735 4692 22,
1761 4635 1808 4681 et
1830 4643 1899 4693 Vl,

315 4723 434 4793 i2).
462 4722 520 4777 Si
545 4721 687 4776 enim
720 4733 823 4773 non
852 4718 1130 4773 obediatnr
1155 4718 1620 4787 concupiscentiis,
1649 4734 1781 4789 quas
1806 4735 1905 4775 ne-

314 4830 468 4869 cesse
492 4821 573 4869 est
601 4827 720 4868 esse
742 4813 793 4865 in
815 4824 977 4865 carne
1007 4811 1206 4879 peccati
1235 4820 1394 4880 atque
1419 4812 1472 4864 in
1497 4825 1721 4879 corpore
1753 4826 1901 4866 mor-

316 4906 386 4959 tis
411 4905 602 4973 hujus,
645 4918 750 4958 non
790 4901 1094 4973 perﬁcietur
1118 4902 1257 4972 quod
1292 4902 1471 4970 perlici
1499 4910 1646 4957 vetat
1671 4904 1923 4972 Aposto?

316 4997 631 5062 lusalicens,
663 4997 1109 5069 Concupiscentias
1140 4997 1312 5051 carnis
1338 5013 1399 5050 ne
1427 4998 1752 5068 perfeceritis.
1785 4998 1903 5068 Ipsa

316 5087 512 5157 quippe
540 5098 664 5142 sunt
688 5103 874 5158 opera,
904 5088 971 5143 de
994 5088 1185 5159 quibus
1214 5096 1382 5141 totum
1410 5087 1545 5142 mire
1571 5089 1591 5120 ³
1620 5089 1861 5158 sequitur
1883 5130 1899 5155 ,

317 5187 373 5233 et
399 5177 529 5232 dicit
562 5195 575 5232 :
606 5177 883 5251 Manifesta
908 5188 1075 5232 autent
1103 5187 1220 5232 sunt
1251 5194 1406 5248 opera
1436 5178 1624 5244 carnis,
1651 5194 1764 5249 quae
1787 5189 1903 5232 sunt

315 5270 697 5341 fornicationes,
723 5270 1058 5324 inmunditia:
1084 5310 1099 5335 ,
1137 5269 1375 5333 luxuriae,
1407 5268 1656 5321 idolorum
1692 5279 1902 5323 servitus

317 5358 514 5432 (Galat.
547 5375 602 5424 γ,
641 5359 724 5427 19,
756 5361 874 5427 ‘20),
904 5370 955 5415 et
985 5369 1196 5414 caetera.
1229 5359 1284 5413 Si
1313 5373 1441 5427 ergo
1468 5373 1573 5411 non
1599 5359 1905 5413 consentia-

316 5460 403 5505 tur
422 5452 871 5522 concupiscentiis
895 5451 1093 5516 carnis,
1124 5450 1368 5521 quamvis
1396 5458 1620 5520 agantur
1648 5450 1899 5516 motibus,

375 5605 392 5666 ξ
430 5601 504 5666 sic
523 5608 630 5652 Mss.
656 5608 714 5652 At
734 5609 809 5652 Er.
836 5610 888 5653 et
909 5610 1000 5653 ιον
1025 5638 1038 5663 ,
1061 5601 1104 5653 si
1127 5600 1245 5666 quid
1269 5603 1331 5652 de
1353 5606 1398 5653 te
1416 5602 1782 5666 tibicredtmus.

375 5664 403 5729 ξ
431 5661 951 5729 Aliquotmanuscripti
984 5661 1227 5725 omittunt,
1259 5671 1408 5716 totum
1449 5664 1588 5716 mire.
1630 5666 1713 5716 Alii
1749 5666 1908 5718 solum

304 5723 547 5787 retinent,
567 5723 703 5778 mire.

1671 317 1876 375 LIBER
1914 317 2228 374 TEllTlUS.

3497 326 3602 383 735

2020 445 2125 484 non
2155 429 2331 487 tamen
2371 432 2715 502 perﬁcientur
2753 435 3021 505 operibus.
3052 434 3283 492 Proinde
3316 451 3438 493 cum
3471 452 3599 495 caro

2019 522 2349 592 concupiscit
2391 524 2649 580 adversus
2696 527 2939 596 spiritum
2986 536 3040 581 et
3083 528 3300 591 Spiritus
3343 528 3600 583 adversus

2019 630 2254 683 carnem,
2289 625 2345 671 ut
2376 635 2479 672 non
2501 633 2563 672 ea
2594 635 2711 689 quae
2739 619 2983 673 volumus
3012 619 3305 685 faciamus;
3350 638 3448 676 nec
3475 637 3597 676 car—

2020 706 2103 761 nis
2130 708 2477 776 pcrﬁciuntur
2513 710 2992 778 concupiscentize,
3035 712 3275 781 quamvis
3304 714 3462 776 liant;
3500 727 3599 766 nec
3637 754 3641 757 .

2019 806 2201 853 nostra
2229 801 2576 868 perﬁciuntur
2604 801 2742 856 bona
2770 817 2953 870 opera,
2986 805 3231 871 quamvis
3263 805 3406 856 liant.
3446 803 3601 857 Sicut

2018 889 2160 943 enim
2193 897 2317 944 tunc
2345 892 2618 961 perﬁcitur
2640 893 2816 947 carnis
2845 895 3292 963 concupiscentia,
3321 910 3441 948 cum
3469 910 3602 948 con-

2018 980 2180 1034 sentit
2212 981 2262 1036 ci
2291 984 2510 1051 spiritus
2534 983 2600 1037 ad
2634 999 2796 1054 opera
2834 986 2969 1038 mala
2992 1026 3006 1049 ,
3040 996 3095 1038 ut
3123 1002 3226 1040 tton
3256 987 3603 1055 concupiscat

2018 1069 2273 1125 adversus
2300 1073 2477 1139 illam,
2511 1074 2603 1127 sed
2634 1091 2754 1127 cum
2784 1076 2870 1128 illa
2909 1094 2923 1129 :
2955 1078 3031 1130 sic
3061 1087 3113 1129 et
3149 1077 3283 1131 bona
3311 1093 3469 1147 opera
3503 1094 3598 1130 no-

2019 1168 2125 1213 stra
2154 1167 2280 1215 tunc
2306 1163 2667 1231 periicientur,
2687 1165 2896 1233 quando
2916 1168 2985 1219 ita
3012 1167 3216 1235 spiritui
3239 1184 3362 1221 caro
3384 1184 3599 1221 consen-

2018 1249 2185 1315 serit,
2225 1261 2282 1305 ut
2306 1251 2561 1307 adversus
2587 1268 2709 1309 eum
2739 1255 2895 1307 etiam
2930 1257 3041 1324 ipsa
3084 1274 3186 1309 non
3229 1258 3596 1323 concupiscat.

2019 1339 2131 1394 Hoc
2167 1342 2317 1395 enim
2337 1344 2601 1408 volumus,
2625 1360 2742 1398 cum
2768 1345 3143 1415 perfectionem
3163 1346 3381 1416 jnStitia-
3403 1364 3599 1402 evneu-

2018 1431 2305 1500 piscimus;
2340 1434 2440 1487 hoc
2470 1435 2764 1489 intentione
2793 1452 2896 1489 non
2939 1438 3238 1491 intermissa
3269 1438 3402 1493 velle
3431 1436 3599 1493 debe-

2016 1538 2135 1578 mus
2167 1524 2185 1555 ¹
2222 1540 2236 1578 :
2267 1523 2360 1579 sed
2384 1525 2505 1595 quia
2532 1526 2579 1579 id
2607 1526 2862 1594 perlicere
2890 1530 2938 1580 in
2964 1530 3060 1582 ista
3089 1528 3415 1596 corruptibili
3440 1543 3601 1582 carne

2016 1628 2122 1667 non
2156 1628 2467 1682 possumus,
2499 1614 2622 1671 ideo
2646 1616 2780 1670 dixit
2806 1617 2871 1671 ad
2902 1618 3190 1674 Romanas.
3233 1617 3369 1671 Velle
3396 1618 3596 1690 udjucet

2016 1704 2160 1771 mihi,
2183 1706 2426 1775 per/icere
2440 1718 2607 1760 autem
2629 1707 2808 1761 bonum
2831 1726 2929 1761 non
2952 1709 3145 1762 invenio
3164 1709 3337 1779 (Rom.
3363 1724 3457 1773 vn,
3491 1705 3596 1780 l8).

2018 1793 2136 1860 Vel,
2167 1795 2304 1850 sicut
2332 1797 2758 1854 habentcodices
2794 1798 2986 1868 grmci,
3028 1797 3167 1852 Velle
3200 1799 3397 1868 adjaret
3438 1798 3596 1864 mihi,

2016 1888 2259 1958 perficere
2286 1897 2454 1943 autem
2476 1889 2663 1943 bonum
2693 1906 2791 1943 non
2825 1904 2844 1943 :
2880 1889 2929 1942 id
2962 1898 3061 1953 est,
3094 1905 3196 1941 non
3236 1888 3362 1941 mihi
3391 1888 3602 1955 adjacct

2014 1978 2273 2047 perﬁcere
2298 1979 2513 2034 bonum.
2543 1979 2659 2035 Non
2687 1982 2791 2047 ait;
2819 1978 3049 2045 Facere;
3081 1979 3173 2033 sed
3193 2020 3207 2044 ,
3239 1979 3477 2048 perﬁcere
3507 1979 3597 2030 bo-

2013 2087 2157 2125 num.
2189 2070 2320 2140 Quia
2364 2072 2540 2128 facere
2579 2072 2777 2129 bonum
2803 2114 2819 2139 ,
2861 2082 2944 2128 est
2982 2084 3099 2141 post
3136 2071 3600 2143 coacupiscentias

2013 2177 2117 2215 non
2147 2162 2227 2217 ire
2253 2161 2438 2235 (Eccli.
2474 2179 2639 2230 xvur,
2668 2161 2759 2237 50)
2794 2183 2808 2217 :
2843 2164 3099 2232 perlicere
3137 2170 3313 2216 autem
3358 2162 3552 2214 bonum
3576 2201 3593 2227 ,

2012 2262 2095 2306 est
2136 2269 2241 2306 non
2285 2254 2687 2322 concupiscere.
2729 2252 2880 2319 Quod
2929 2268 3059 2322 ergo
3104 2262 3187 2306 ρει
3226 2251 3291 2305 ad
3335 2250 3588 2314 Galatas,

2012 2341 2455 2413 Concupiscentias
2482 2346 2651 2399 carnis
2676 2362 2738 2398 ne
2763 2344 3071 2415 perfeceritis
3102 2359 3121 2398 :
3153 2344 3252 2397 hoc
3272 2358 3303 2397 c
3323 2341 3594 2396 contrario

2010 2446 2091 2491 est
2115 2437 2182 2491 ad
2211 2436 2482 2492 Romanos
2501 2480 2516 2506 ,
2555 2437 2812 2508 Per/icere
2836 2448 3001 2493 autem
3031 2437 3217 2492 bonum
3246 2453 3345 2490 non
3370 2435 3592 2489 invenio.

2010 2526 2141 2596 Quia
2174 2543 2273 2584 nec
2302 2529 2415 2584 illa:
2447 2529 2791 2600 perﬁciuntur
2827 2530 2879 2584 in
2918 2531 3087 2595 malo,
3122 2527 3329 2598 quando
3368 2526 3447 2581 eis
3486 2541 3594 2581 non

2009 2618 2214 2673 accedit
2254 2630 2455 2674 nostra:
2498 2620 2787 2674 voluntatis
2823 2634 3074 2675 assensus
3108 2639 3121 2674 :
3153 2634 3249 2673 nec
3277 2627 3457 2672 nostra
3503 2631 3599 2671 γο-

2010 2707 2185 2761 luntas
2218 2710 2490 2778 perﬁcitur
2524 2711 2576 2764 in
2615 2711 2789 2774 bono,
2820 2711 3071 2780 quamdiu
3112 2709 3318 2763 illarum
3360 2708 3444 2761 cui
3481 2722 3592 2775 pou

2008 2800 2370 2855 consentimus
2396 2810 2673 2869 permanet
2703 2811 2899 2855 motus.
2930 2799 3046 2871 lpsc
3073 2812 3249 2853 autem
3273 2798 3552 2851 conﬂictus
3574 2836 3589 2860 ,

2008 2888 2061 2943 in
2090 2905 2195 2960 quo
2225 2893 2384 2945 etiam
2413 2890 2658 2962 baptizati
2685 2892 2829 2946 velut
2857 2890 2907 2944 in
2938 2904 3108 2960 agone
3142 2888 3437 2950 decertant,
3462 2903 3585 2941 cum

2006 2998 2132 3039 caro
2157 2985 2490 3054 concupiscit
2515 2984 2771 3039 adversus
2795 2984 3035 3053 spiritum
3066 2991 3122 3036 et
3147 2980 3367 3051 spiritus
3397 2977 3591 3033 adver-

2007 3092 2098 3132 sus
2123 3093 2372 3143 carnem;
2400 3080 2487 3133 ubi
2531 3088 2585 3133 et
2625 3077 2842 3148 spiritus
2878 3077 3005 3133 facit
3033 3076 3228 3131 bonum
3258 3090 3392 3144 opus
3415 3114 3431 3137 ,
3483 3087 3592 3128 non

2007 3168 2392 3224 consentiendo
2419 3170 2864 3240 concupiscentia:
2896 3168 3069 3233 malm,
3102 3166 3197 3221 sed
3226 3183 3329 3220 non
3364 3164 3589 3234 perﬁcit,

2007 3260 2127 3331 quia
2169 3259 2281 3329 ipsa
2323 3261 2460 3314 mala
2500 3260 2761 3314 desideria
2791 3276 2895 3313 non
2925 3259 3192 3321 absumit;
3224 3264 3277 3310 et
3314 3271 3438 3310 caro
3467 3254 3593 3309 facit

2007 3352 2205 3407 malum
2236 3351 2560 3407 desiderium
2586 3392 2600 3415 ,
2637 3350 2731 3404 sed
2772 3365 2871 3405 nec
2910 3350 3021 3420 ipsa
3051 3346 3295 3418 perlicit;
3334 3346 3454 3418 quia
3485 3360 3593 3399 non

2008 3444 2109 3499 sibi
2135 3445 2503 3499 consentiente
2529 3444 2739 3515 spiritu,
2774 3451 2828 3497 et
2859 3444 2967 3511 ipsa
2998 3441 3064 3495 ad
3096 3456 3255 3510 opera
3286 3436 3590 3493 damnanda

2008 3551 2115 3591 non
2158 3536 2440 3605 pervenit:
2470 3535 2570 3589 iste
2610 3548 2738 3603 ergo
2775 3532 3056 3587 conﬂictus
3097 3546 3203 3586 non
3243 3528 3548 3583 Iuda-orum
3572 3567 3588 3590 ,

2008 3643 2106 3682 nec
2135 3626 2493 3695 quorumlibet
2530 3626 2798 3690 aliorum,
2844 3622 2940 3678 sed
2983 3622 3137 3691 plane
3162 3620 3590 3676 Christianorum

2008 3716 2245 3772 ﬁdelium
2274 3724 2327 3771 et
2353 3716 2489 3770 bene
2526 3713 2754 3768 vivendo
2784 3715 2836 3767 in
2874 3712 2974 3767 hoc
3003 3711 3295 3766 certamine
3338 3709 3594 3762 laboran-

2007 3809 2160 3873 tium,
2185 3809 2417 3864 brevitcr
2442 3808 2738 3863 ostenditur
2758 3805 2824 3860 ad
2855 3805 3145 3868 lioinanos,
3172 3801 3259 3855 ubi
3285 3802 3393 3866 ait,
3422 3798 3450 3851 Ι
3456 3799 3594 3870 gitur

2006 3901 2115 3971 ipse
2134 3916 2225 3972 ego
2251 3909 2415 3952 mente
2436 3899 2598 3954 servio
2625 3898 2722 3968 legi
2750 3896 2865 3965 Dei,
2897 3910 3049 3949 carne
3073 3900 3242 3947 autem
3272 3889 3370 3961 legi
3396 3888 3595 3960 peccati

2009 3990 2183 4067 (Rom.
2211 4007 2304 4058 vn,
2336 3990 2455 4061 25).

2079 4084 2167 4137 65.
2196 4079 2250 4137 Si
2282 4097 2407 4152 ergo
2430 4080 2544 4136 haec
2573 4088 2653 4134 est
2680 4079 2915 4135 conditio
2942 4078 2994 4131 in
3023 4090 3252 4146 corpore
3278 4075 3464 4129 mortis
3490 4072 3596 4128 hu-

2002 4174 2093 4245 jus
2119 4171 2270 4245 (quzc
2292 4174 2469 4241 utique
2499 4186 2604 4225 non
2632 4171 2729 4225 fuit
2756 4171 2807 4224 in
2841 4169 3106 4240 paradiso,
3138 4167 3189 4221 in
3213 4180 3441 4234 corpore
3467 4165 3593 4219 vitae

2008 4262 2220 4333 illius);
2270 4261 2454 4331 procul
2486 4260 2647 4314 dubio
2676 4259 2806 4315 satis
2844 4257 3125 4315 evidenter
3152 4263 3409 4325 apparet,
3452 4254 3593 4309 unde

2008 4355 2223 4412 trahant
2268 4353 2471 4424 parvuli
2501 4352 2877 4423 obligationem
2921 4349 3122 4420 peccati
3160 4364 3280 4404 cum
3309 4347 3593 4405 carnaliter

2008 4462 2317 4518 nascuntur,
2350 4466 2468 4521 qua:
2494 4464 2599 4504 non
2628 4447 2851 4503 solvitur
2883 4446 2979 4500 nisi
3003 4460 3126 4500 cum
3153 4443 3498 4514 spiritualiter
3520 4458 3593 4498 re-

2008 4552 2315 4599 nascuntur.
2356 4538 2473 4595 Non
2509 4538 2651 4594 enim
2698 4537 2840 4591 hanc
2877 4534 3093 4590 trahunt
3130 4551 3196 4589 ex
3238 4549 3402 4604 opere
3430 4574 3446 4600 ,
3487 4548 3593 4604 quo

2008 4636 2298 4691 humanam
2357 4634 2496 4689 Deus
2552 4640 2795 4685 naturam
2851 4627 3004 4693 fecit;
3056 4626 3149 4683 sed
3216 4643 3280 4682 ex
3336 4625 3593 4691 vulnere,

2009 4725 2151 4798 quod
2184 4735 2386 4780 natura:
2413 4724 2659 4778 humana:
2689 4720 2859 4775 hostis
2901 4719 3109 4774 inﬁixit.
3152 4717 3269 4773 Non
3307 4716 3476 4771 hostis
3505 4730 3594 4771 se-

1970 4817 2243 4891 _eundum
2310 4815 2632 4871 Manichmos
2698 4813 2983 4883 prosiliens
3044 4826 3111 4865 ex
3169 4819 3356 4864 natura
3424 4806 3590 4873 mali,

2008 4924 2167 4980 quam
2198 4923 2302 4962 non
2347 4905 2585 4961 condidit
2619 4904 2794 4970 Deus;
2836 4901 2931 4957 scd
2971 4900 3140 4955 hostis
3177 4898 3398 4969 angelus
3425 4910 3596 4967 quon.

2008 5001 2130 5056 dam
2158 5015 2221 5055 ex
2250 5014 2413 5068 opere
2443 4998 2534 5052 Dei
2564 4998 2756 5059 bonus,
2783 5011 2848 5050 ex
2885 5008 3048 5064 opere
3074 5007 3171 5047 suo
3198 4991 3369 5045 factus
3395 4989 3589 5044 malus.

2009 5091 2109 5160 Qui
2136 5106 2196 5147 se
2217 5091 2444 5160 primum
2470 5087 2803 5144 vulnerando
2830 5084 3133 5157 prostravit,
3160 5092 3220 5137 ut
3240 5082 3400 5137 elisus
3425 5079 3595 5135 elide-

2008 5191 2114 5248 ret,
2141 5189 2197 5237 et
2227 5195 2320 5251 per
2347 5180 2539 5235 malam
2569 5179 2870 5233 suasionem
2910 5172 3360 5247 praevaricationis
3396 5172 3593 5227 vulnus

2076 5359 2092 5391 ί
2127 5358 2453 5406 Lovanienses
2474 5355 2597 5404 banc
2619 5354 2913 5414 sententiam
2933 5354 3301 5414 expunxeruut,
3325 5348 3413 5400 hoc
3442 5349 3595 5414 inten-

2007 5418 2133 5470 tione
2154 5431 2245 5468 non
2268 5416 2535 5469 intermissa
2568 5415 2684 5465 velle
2710 5413 2970 5473 debemus;
2992 5413 3307 5476 (iuventuten
3349 5421 3510 5462 exstat
3545 5413 3594 5461 in

2009 5481 2232 5530 omnibus
2255 5479 2407 5529 libris.
2444 5478 2575 5540 Apud
2607 5488 2708 5540 am.
2742 5482 2818 5540 Er.
2845 5483 2897 5526 et
2919 5473 3024 5526 tres
3044 5473 3305 5540 Gallicanos
3336 5477 3599 5540 manuscri-

2008 5551 2118 5614 ιιιρε
2155 5551 2367 5614 ειεδιξιυω
2413 5535 2706 5614 mmet
2739 5537 2990 5614 ειοεξεωει
3021 5535 3591 5614 δίονριίρςῑβεετξείείγεὶ·

2007 5597 2273 5670 intendere)
2303 5597 2692 5670 concupiscentiis
2723 5597 2882 5670 carnis
2904 5613 2996 5670 non
3018 5598 3343 5670 perﬁciendis,
3357 5606 3405 5668 et
3425 5597 3600 5670 homo}.

2008 5665 2242 5779 zzz/icere
2257 5657 2372 5716 'non
2396 5657 2578 5716 invenio
2606 5676 2623 5715 :
2646 5662 2735 5713 hoc
2756 5657 3027 5712 intentione
3046 5657 3139 5712 non
3176 5658 3445 5713 intennissa
3478 5657 3603 5709 velle

2101 5740 2249 5778 emus.

2101 5740 2249 5778 emus.
