4038 6182
405 313 506 370 735

403 426 698 498 indigeret;
732 425 872 482 unde
898 439 1066 496 genus
1109 423 1406 478 humanum
1431 463 1446 488 ,
1489 421 1651 476 etiam
1693 417 1746 470 in
1789 413 1872 468 his
1901 411 1990 481 qni

404 523 541 574 viam
570 519 659 574 Dei
685 517 975 580 ambulant,
1003 514 1346 572 claudicaret.

473 609 563 666 64.
601 609 667 664 Et
699 617 876 663 tamen
911 621 1195 663 succenses
1234 605 1363 661 mihi
1390 647 1404 670 ,
1447 604 1570 674 quia
1607 601 1758 667 dixi,
1805 617 1823 650 ι
1865 597 1990 652 llaec

403 704 544 758 enim
569 717 687 772 qua:
713 703 782 757 ab
811 700 1207 771 impudentibus
1233 698 1570 768 impudenter
1597 695 1856 758 laudatur,
1889 707 1991 762 pu-

401 791 578 847 denda
609 791 1040 862 concupiscentia
1071 810 1090 844 ι
1126 790 1226 864 (De
1262 780 1431 859 Napi.
1467 797 1512 842 et
1541 785 1898 856 Concup.,lib.
1932 785 1985 848 t,

406 903 460 938 η.
490 887 542 956 1)
577 902 592 939 :
653 895 708 940 et
752 874 917 941 iraius
939 884 1299 957 impudentius
1324 881 1488 937 multa
1509 879 1663 946 dicis,
1691 892 1786 934 vos
1825 874 1989 932 extol-

402 976 540 1042 lens,
575 994 594 1028 ι
635 987 883 1048 tanquam
912 979 928 1024 ἓ
955 975 1249 1045 Scripturis
1275 973 1474 1029 sanctis
1497 981 1550 1027 et
1576 967 1772 1026 rationi
1798 967 1990 1022 certis-

400 1071 551 1126 sima:
587 1077 972 1138 congruentes,
1015 1083 1082 1124 eo
1105 1065 1380 1138 prbposito
1419 1077 1526 1119 non
1565 1077 1684 1117 esse
1714 1061 1765 1115 in
1798 1068 1986 1114 natura

402 1160 600 1215 malum
627 1159 947 1223 defendatis,
977 1168 1033 1212 ut
1058 1157 1124 1212 ad
1151 1158 1404 1211 virtutum
1431 1155 1601 1208 studia
1631 1151 1874 1207 homines
1901 1149 1986 1203 in-

402 1253 610 1318 eitetis;
643 1251 969 1306 inculcantes
1011 1249 1213 1303 nullum
1243 1247 1455 1303 culmen
1493 1246 1563 1300 ita
1602 1243 1825 1298 arduum
1865 1255 1986 1296 esse

402 1344 636 1409 virtutis,
666 1351 722 1397 ut
751 1357 854 1396 non
885 1341 951 1396 ad
990 1341 1114 1396 illud
1154 1340 1440 1410 adiuvante
1487 1338 1595 1393 Deo
1630 1350 1784 1392 mens
1825 1342 1986 1406 queat

405 1435 580 1492 fidelis
617 1433 877 1502 evadere;
931 1445 1088 1505 atque
1127 1433 1195 1488 ob
1235 1432 1338 1488 hoc
1377 1431 1568 1487 dicatis
1616 1446 1723 1484 non
1769 1445 1888 1484 esse
1930 1429 1984 1483 in

402 1543 566 1584 carne
604 1527 728 1583 mali
760 1507 1129 1582 necessitatem
1153 1565 1170 1594 ,
1211 1534 1270 1580 ut
1307 1525 1589 1582 erubescat
1625 1523 1986 1596 unusquisque

403 1617 741 1674 laudabiliter
765 1617 1032 1680 conditus,
1060 1616 1373 1672 deformiter
1399 1617 1597 1682 vivere,
1625 1631 1686 1672 ac
1711 1616 1788 1670 sic
1815 1615 1986 1685 pudor

405 1709 545 1779 turpi
573 1717 819 1764 occurrat
845 1707 1071 1779 ignaviae
1105 1707 1172 1763 de
1199 1707 1663 1764 commendatione
1693 1707 1985 1764 nobilitatis

401 1802 650 1872 ingenita:
676 1819 690 1856 :
730 1820 750 1854 ›
781 1809 835 1858 et
858 1811 1051 1858 caetera
1083 1801 1406 1872 lmjusmodi,
1433 1817 1552 1873 qua:
1577 1803 1708 1856 satis
1731 1801 1986 1872 eloquen-

403 1902 487 1948 ter
515 1893 568 1947 in
595 1901 772 1948 vestra
798 1891 1176 1962 prmdicatione
1200 1892 1434 1960 jactaSti,
1469 1907 1567 1948 nos
1596 1901 1780 1948 contra
1811 1891 1984 1963 depri-

405 2000 579 2048 mens,
602 1993 662 2046 et
689 1985 904 2051 dicens,
941 2004 960 2038 ι
995 1985 1136 2056 quod
1166 1982 1383 2040 dubimn
1415 2002 1521 2041 non
1550 1986 1620 2040 sit
1651 1985 1983 2041 eversionem

401 2076 702 2133 sanctitatis
721 2116 738 2143 ,
767 2077 1272 2133 contaminationem
1296 2069 1584 2148 'pudicitia:
1607 2117 1624 2144 ,
1655 2092 1864 2132 morum
1904 2077 1987 2131 la-

401 2168 524 2224 bem
555 2169 754 2224 nostris
783 2168 1090 2235 convenire,
1123 2170 1232 2226 imo
1261 2172 1438 2226 inesse
1475 2170 1812 2242 dogmatibus
1839 2188 1853 2225 :
1883 2185 1986 2226 ne-

400 2277 506 2332 que
532 2261 584 2315 id
609 2275 730 2316 esse
756 2276 842 2316 me
869 2269 1218 2331 negaturum,
1249 2263 1339 2333 qui
1382 2261 1502 2317 idco
1520 2303 1537 2328 ,
1585 2279 1605 2314 ι
1640 2261 1778 2318 sicut
1805 2260 1943 2316 dicis
1965 2303 1982 2329 ,

407 2367 426 2400 ι
462 2351 513 2403 in
541 2359 744 2406 natum
769 2351 1020 2406 invidiam
1051 2351 1207 2407 mala:
1233 2352 1654 2408 conversationis
1681 2351 1870 2407 sordes
1895 2366 1984 2407 re-

402 2439 591 2506 fundo,
636 2451 696 2496 ut
733 2443 1079 2512 peccantibus
1109 2453 1310 2498 metum
1336 2443 1588 2510 demam;
1627 2459 1854 2514 quorum
1885 2444 1984 2512 ob-

401 2531 687 2586 scenitates
711 2573 726 2596 ,
757 2533 1132 2602 Apostolorum
1159 2541 1216 2589 et
1249 2545 1556 2590 sanctorum
1583 2535 1820 2589 omnium
1859 2551 1990 2591 con-

399 2623 547 2677 solor
575 2621 802 2693 injuriis,
831 2639 898 2679 eo
919 2625 1059 2695 quod
1085 2640 1180 2681 vas
1199 2640 1418 2682 aureum
1445 2627 1743 2696 apostolum
1766 2627 1986 2682 Paulum
2013 2690 2020 2697 ε

402 2729 548 2783 sa-pe
587 2713 786 2770 dixisse
814 2731 1229 2773 commemorem
1248 2758 1265 2785 ,
1298 2716 1419 2772 Non
1447 2719 1579 2771 enim
1605 2718 1741 2788 quod
1769 2719 1880 2772 colo
1908 2718 1987 2772 bo-

403 2824 544 2874 num,
565 2808 659 2862 hoc
673 2825 807 2880 ago;
831 2809 1064 2880 sedquod
1079 2810 1392 2877 odimalum,
1425 2809 1556 2864 illud
1590 2811 1718 2866 facio
1752 2829 1772 2864 ι
1803 2809 1982 2882 (Rom.

403 2907 477 2954 Vn
499 2941 516 2967 ,
548 2900 640 2970 15)
673 2919 686 2956 :
718 2910 773 2956 et
797 2910 992 2956 caetera
1019 2901 1343 2971 huiusmodi.

475 2989 563 3046 65.
595 2989 977 3046 Verumtamen
1003 3007 1098 3046 vos
1122 2993 1366 3059 laudans,
1399 3006 1496 3047 nos
1523 3006 1772 3064 arguens,
1799 2991 1991 3047 adver-

403 3096 497 3136 sus
521 3083 968 3152 concupiscentiae
992 3083 1188 3138 malum
1219 3099 1440 3154 pugnas,
1463 3093 1518 3139 et
1545 3084 1828 3154 pugnando
1853 3099 1986 3138 eon-

406 3172 574 3227 literis
595 3173 736 3243 quod
778 3173 1047 3244 loquendo
1083 3191 1265 3245 negas.
1309 3177 1484 3246 Atque
1522 3177 1594 3231 ita
1619 3177 1700 3229 vis
1727 3176 1893 3232 videri
1935 3185 1988 3232 te

402 3264 615 3319 culmen
655 3263 960 3321 ascendisse
988 3265 1198 3321 virtutis
1223 3308 1236 3332 ,
1268 3277 1327 3322 ut
1363 3268 1415 3322 in
1446 3267 1840 3338 ipso-culmine,
1881 3285 1988 3340 quo

404 3363 458 3411 te
480 3355 753 3412 existimas
779 3356 1034 3423 evasisse,
1071 3372 1191 3412 cum
1222 3367 1577 3430 persequente
1603 3360 1986 3429 concupiscen-

405 3447 475 3500 tia
500 3488 514 3512 ,
551 3453 798 3516 tanquam
827 3447 880 3502 in
915 3463 1038 3504 arce
1062 3448 1318 3520 conﬂigas
1341 3491 1356 3516 ,
1397 3459 1450 3506 et
1489 3453 1877 3520 quantumlibet
1919 3467 1987 3508 ex

405 3537 525 3592 loco
551 3537 859 3607 superiore,
906 3547 1086 3596 tamen
1119 3555 1240 3594 cum
1282 3539 1434 3596 hoste
1475 3540 1690 3596 interno
1730 3542 1988 3599 dimicare

405 3640 512 3680 non
539 3621 772 3682 desinas.
801 3627 910 3684 Nec
935 3628 1205 3684 erubescis
1229 3631 1713 3701 concupiscentiam
1735 3675 1750 3698 ,
1778 3648 1897 3702 qua:
1936 3641 1988 3688 te

403 3717 632 3788 amplius
671 3718 859 3788 perdet
899 3719 1016 3776 sine
1059 3721 1388 3776 dubitatione
1417 3721 1460 3776 si
1502 3722 1731 3788 vicerit,
1770 3721 1988 3779 laudare

402 3809 660 3865 adversus
685 3825 806 3865 eum
833 3852 850 3878 ,
880 3813 970 3881 qui
998 3821 1050 3866 te
1074 3813 1338 3882 perditum
1369 3814 1527 3868 etiam
1555 3829 1676 3868 cum
1709 3815 1873 3867 vincit
1909 3815 1989 3868 in-

402 3899 568 3968 quirit
595 3916 608 3954 :
652 3901 884 3955 maxime
910 3902 1032 3972 quia
1073 3901 1127 3956 in
1165 3902 1271 3956 ﬁne
1297 3903 1534 3973 ejusdem
1564 3904 1681 3958 libri
1720 3903 1792 3958 tui
1819 3903 1984 3972 dicis,

409 4005 428 4038 ι
466 3988 606 4058 quod
636 4004 744 4042 non
771 3989 842 4044 sit
868 3990 972 4044 alia
1003 3991 1106 4045 mei
1132 4005 1322 4046 sensus
1349 3994 1590 4057 intentio,
1623 4009 1782 4063 quam
1807 3993 1877 4048 ad
1906 3994 1991 4048 in-

403 4077 680 4132 ferendum
719 4079 1003 4135 virtutibus
1029 4081 1227 4137 bellum
1269 4082 1322 4137 in
1366 4082 1614 4138 vitiorum
1653 4094 1988 4141 Sacramenta

401 4166 603 4238 jnrare,
631 4179 686 4224 et
713 4168 779 4226 ad
809 4171 1074 4226 excidium
1102 4173 1329 4229 civitatis
1361 4175 1474 4240 Dei,
1506 4176 1650 4230 omni
1671 4184 1812 4243 astu,
1841 4178 1989 4233 omni

405 4257 586 4316 fu‘rore
623 4262 823 4318 connili
849 4305 867 4332 ,
909 4263 1270 4336 adipiscendae
1313 4268 1573 4324 castitatis
1614 4269 1988 4340 desperatione

402 4360 761 4420 repugnantes
789 4355 1094 4424 turpitudini
1127 4358 1404 4422 territare,
1447 4360 1663 4415 mentiri
1689 4377 1776 4416 me
1817 4370 1988 4419 tantas

405 4438 654 4494 obscente
685 4441 916 4498 libidinis
945 4447 1119 4512 vires,
1148 4456 1206 4502 ut
1233 4464 1350 4502 eam
1391 4451 1527 4504 ratio
1561 4467 1749 4522 regere
1783 4468 1847 4508 ac
1882 4453 1990 4510 fre-

402 4544 533 4584 nare
558 4543 662 4584 non
689 4533 880 4601 possit,
907 4535 992 4588 cui
1029 4551 1128 4592 nec
1155 4537 1528 4606 Apostolorum
1552 4541 1692 4611 legio
1720 4559 1986 4616 repugna-

401 4620 558 4674 verit.
601 4639 622 4672 ι
657 4619 783 4675 Ηωο
809 4621 878 4678 de
902 4639 988 4680 me
1017 4641 1232 4694 prorsus
1261 4628 1374 4697 ipse
1400 4631 1658 4685 mentiris.
1702 4633 1814 4704 Ego
1843 4633 1988 4691 enim

402 4724 509 4765 non
555 4709 724 4766 infero
762 4711 1044 4770 virtutibus
1088 4716 1316 4783 bellum;
1364 4719 1458 4773 sed
1504 4721 1680 4788 vitiis,
1731 4735 1986 4794 quantum

403 4799 647 4869 adjuvor,
679 4801 870 4871 infero,
909 4815 964 4860 et
989 4806 1320 4863 inferendum
1353 4825 1472 4866 esse
1503 4814 1792 4883 proclamo.
1833 4817 1987 4884 Quod

399 4907 446 4946 si
487 4903 542 4948 et
572 4903 626 4948 ιιι
656 4895 803 4963 facis,
835 4897 959 4966 quid
989 4909 1072 4954 est
1098 4902 1238 4970 quod
1280 4902 1487 4967 laudas,
1517 4920 1636 4960 cum
1665 4908 1858 4978 quibus
1887 4927 1984 4978 pu-

398 4986 570 5056 gnas?
605 4987 884 5056 Quomodo
913 4991 1104 5047 virtute
1146 4993 1329 5050 hostes
1357 4995 1630 5054 debellare
1655 5009 1706 5054 te
1733 5001 1947 5056 credam
1966 5041 1980 5068 ,

462 5161 480 5192 '
517 5162 598 5212 llic
619 5166 939 5215 tmarii-enses
959 5166 1266 5230 addiderunt,
1291 5171 1387 5231 qui.

1209 305 1478 364 CONTRA
1516 297 1853 374 JUIJANUNI
1894 292 2357 374 PELAGIANUM,
2397 299 2452 355 S.
2495 298 2859 357 AUGUSTINI

3575 303 3680 364 77:6

2098 423 2233 478 quos
2256 410 2421 466 verbo
2449 411 2683 468 lacerare
2708 428 2815 468 non
2836 413 3002 471 audes
3016 415 3041 470 Ῥ
3053 415 3108 472 Si
3128 417 3284 473 ambo
3300 420 3672 490 concupiscen-

2100 505 2223 556 tiam
2246 503 2594 572 debellamus,
2616 521 2782 576 quare
2799 523 2902 562 non
2915 507 3074 562 ambo
3091 509 3487 580 vituperamus?
3505 511 3673 584 Quam

2099 604 2147 650 te
2163 594 2333 665 jactas
2353 609 2655 666 expugnare
2673 597 3017 666 continentia,
3033 614 3200 669 quare
3227 617 3330 654 non
3355 601 3432 656 vis
3453 601 3647 657 damna
3662 633 3676 643 -

2097 704 2154 742 re
2194 688 2492 744 sententia?
2527 689 2734 744 Mentiri
2771 706 2858 746 me
2881 689 3015 746 dicis
3042 702 3214 747 tantas
3247 693 3482 748 libidinis
3511 697 3676 758 vires,

2096 788 2150 833 ut
2181 795 2296 832 eam
2330 781 2466 834 ratio
2508 795 2692 850 regere
2728 795 2790 835 ac
2819 781 3028 836 frenare
3059 799 3163 837 non
3195 786 3380 854 possit.
3413 785 3552 841 Ecce
3579 803 3679 857 ego

2095 885 2200 931 non
2229 868 2350 924 dico
2378 879 2552 926 tantas
2577 871 2810 926 libidinis
2837 873 2998 940 vires,
3029 881 3086 928 ut
3111 873 3339 930 humana
3372 877 3508 931 ratio
3538 876 3674 932 divi-

2095 959 2238 1014 nitus
2277 975 2500 1016 accensa
2542 970 2596 1017 et
2637 962 2818 1032 adjuta
2849 977 2967 1018 eam
3012 980 3196 1034 regere
3233 982 3295 1021 ac
3325 966 3540 1024 frenare
3568 987 3673 1024 non

2093 1051 2262 1118 possit
2289 1069 2303 1105 :
2331 1051 2424 1106 sed
2455 1060 2510 1106 tu
2541 1068 2704 1122 quare
2731 1068 2892 1124 negas
2921 1055 3119 1117 malum
3149 1071 3290 1123 esse,
3323 1059 3464 1128 quod
3494 1061 3538 1112 si
3568 1078 3676 1116 non

2092 1142 2332 1198 frenetur
2359 1145 2594 1200 occidit?
2634 1146 2900 1217 Ecce~ego
2938 1163 3067 1203 voce
3104 1165 3206 1219 qua
3239 1166 3453 1220 possum
3475 1193 3490 1217 ,
3532 1155 3677 1224 quod

2093 1252 2178 1290 me
2207 1251 2402 1307 negare
2427 1238 2622 1292 asseris
2647 1237 2820 1314 clamp
2839 1281 2854 1305 ,
2886 1240 3262 1310 Apostolorum
3291 1242 3552 1313 legionem
3583 1261 3675 1299 rc—
3759 1299 3766 1305 .

2095 1315 2356 1398 pugnasse
2399 1328 2640 1394 libidini,
2683 1330 2866 1400 utique
2909 1334 3225 1402 repugnanti
3257 1335 3274 1366 ³
3308 1351 3322 1387 :
3357 1345 3411 1388 tu
3451 1337 3541 1406 qui
3577 1352 3676 1392 nos

2093 1417 2287 1474 fecisse
2317 1420 2587 1489 Apostolis
2615 1421 2954 1478 calumniaris
2979 1431 3034 1478 et
3053 1425 3195 1480 velut
3217 1426 3506 1496 indignaris
3533 1429 3674 1496 inju-

2091 1511 2247 1575 riam,
2271 1525 2367 1564 cur
2386 1519 2441 1566 et
2466 1511 2675 1567 illorum
2703 1520 2756 1568 et
2787 1523 2929 1568 tuam
2955 1529 3183 1572 exornas
3213 1517 3460 1573 laudibus
3490 1521 3670 1575 inimi-

2091 1615 2207 1654 cam
2227 1601 2252 1655 ι
2275 1600 2404 1667 Quis
2431 1617 2549 1656 eam
2581 1601 2866 1672 defendat,
2897 1605 2981 1660 cui
3011 1605 3150 1676 legio
3175 1609 3489 1679 repugnavit
3528 1611 3674 1680 Apo-

2090 1691 2371 1758 stolorum,
2402 1691 2503 1746 nisi
2532 1690 2700 1748 hostis
2725 1694 3098 1764 Apostolorum
3118 1697 3144 1750 7

2161 1782 2251 1838 66.
2285 1781 2430 1838 Itane
2458 1781 2657 1840 habere
2688 1795 2862 1840 tecum
2898 1786 3062 1842 libido
3091 1796 3146 1844 et
3166 1789 3452 1846 amicitiam
3490 1805 3663 1848 mereo

2090 1883 2176 1930 tur
2202 1884 2256 1930 et
2283 1874 2502 1943 bellum,
2532 1885 2588 1930 ut
2617 1876 2713 1931 abs
2741 1885 2792 1932 te
2813 1887 3140 1948 expugnetur
3161 1879 3212 1933 in
3241 1890 3312 1944 te,
3343 1891 3395 1936 et
3417 1881 3674 1937 defenda-

2092 1977 2178 2024 tur
2205 1967 2462 2024 advcrsus
2493 1969 2612 2024 me?
2643 1968 2844 2023 Bellum
2875 1981 3110 2025 vestrum
3141 1971 3288 2037 latet,
3315 1973 3548 2027 amicitia
3580 1990 3674 2044 pa-

2091 2067 2166 2114 tet
2197 2077 2210 2112 :
2243 2074 2306 2113 ex
2337 2060 2436 2114 hoc
2465 2059 2606 2130 quod
2657 2069 2834 2128 patet,
2877 2071 3183 2130 suspectum
3216 2060 3346 2116 facis
3376 2077 3498 2118 esse
3523 2065 3670 2133 quod

2093 2149 2242 2204 latet.
2272 2148 2409 2216 Quid
2447 2153 2588 2206 enim
2631 2150 2709 2206 vis
2738 2150 3018 2206 credamus
3055 2151 3123 2207 de
3151 2152 3290 2208 bello
3319 2153 3460 2223 quod
3489 2155 3677 2223 geritis

2091 2241 2143 2295 in
2183 2252 2410 2311 operto,
2457 2242 3008 2312 quorum‘amicitiam
3045 2244 3315 2300 cernimus
3354 2245 3408 2298 in
3448 2246 3676 2316 aperto?

2091 2334 2369 2400 Quomodo
2395 2334 2475 2390 vis
2515 2344 2573 2389 ιιι
2599 2334 2921 2390 arbitremur
2954 2335 3212 2391 adversus
3239 2338 3478 2392 aculeum
3512 2349 3564 2394 te
3588 2338 3674 2394 di-

2092 2425 2292 2480 micare
2320 2425 2575 2491 libidinis,
2602 2440 2724 2480 cum
2751 2426 2920 2482 libros
2951 2427 3172 2498 impleas
3209 2427 3364 2484 laude
3393 2429 3676 2484 libidinis?

2097 2514 2288 2570 Verum
2315 2530 2442 2571 ecce
2472 2515 2624 2571 vinco
2653 2517 3008 2586 suspicionem
3040 2534 3212 2573 meam
3249 2536 3263 2574 :
3293 2534 3598 2590 expugnare
3625 2530 3678 2576 te

2091 2605 2256 2661 credo
2283 2605 2426 2676 quod
2455 2605 2668 2673 laudas;
2700 2607 2794 2663 sed
2823 2607 3042 2664 laudare
3074 2618 3125 2664 te
3151 2609 3308 2665 doleo
3333 2611 3472 2680 quod
3501 2628 3674 2681 expu-

2091 2711 2240 2767 gnas.
2276 2697 2350 2751 Ex
2379 2697 2480 2750 isto
2509 2697 2669 2767 igitur
2690 2708 2743 2752 et
2771 2713 2891 2753 eum
2915 2699 3018 2753 isto
3043 2699 3201 2766 malo,
3229 2699 3370 2770 quod
3395 2715 3424 2753 a
3456 2710 3508 2755 te
3535 2717 3672 2772 quo-

2091 2803 2194 2859 que
2223 2787 2490 2843 credimus
2513 2787 2826 2858 expugnari,
2859 2788 3022 2844 homo
3048 2801 3355 2860 generatur,
3377 2797 3544 2860 'quem
3581 2808 3680 2847 ne-

2090 2895 2184 2950 gas
2215 2879 2620 2950 regeneratione
2645 2879 2862 2934 salvari.
2901 2880 3012 2934 lsto
3048 2881 3190 2935 enim
3227 2881 3493 2952 conjugati
3539 2883 3680 2938 bene

2091 2980 2344 3036 utuntur,
2375 2985 2480 3042 quo
2508 2971 2842 3026 continentes
2886 2972 3076 3027 melius
3107 2987 3211 3026 non
3241 2981 3477 3028 utuntur.
3512 2975 3681 3029 Porro

2091 3062 2135 3116 si
2169 3062 2364 3116 malum
2396 3071 2478 3118 est
2497 3104 2513 3129 ,
2544 3077 2650 3133 quo
2674 3077 2801 3118 caro
2825 3064 2845 3095 ⁸
2871 3063 3202 3134 concupiscit
3227 3063 3486 3120 adversus
3513 3066 3678 3134 spiri-

2093 3166 2225 3220 tum,
2248 3158 2333 3212 cui
2370 3156 2550 3221 malo,
2579 3157 2718 3212 sicut
2751 3155 2971 3224 fateris,
3005 3157 3382 3226 Apostolorum
3413 3157 3553 3225 legio
3588 3174 3679 3212 reo

2092 3247 2378 3318 pugnavit;
2413 3247 2514 3301 hoc
2552 3255 2764 3303 utentes
2790 3248 3058 3318 conjugati
3082 3288 3096 3312 ,
3140 3249 3325 3318 procul
3361 3249 3526 3304 dubio
3567 3265 3680 3304 non

2092 3339 2236 3394 bono
2259 3337 2396 3393 bene
2422 3347 2674 3405 utuntur,
2707 3338 2801 3394 sed
2829 3339 2990 3394 malo.
3030 3340 3106 3393 Ex
3134 3339 3236 3394 hoc
3267 3340 3427 3410 igitur
3463 3349 3518 3395 et
3552 3356 3679 3394 cum

2093 3427 2196 3485 hoc
2231 3429 2323 3484 lilii
2361 3431 2598 3501 generati
2637 3428 2986 3500 regenerandi
3024 3440 3189 3496 sunt,
3233 3440 3290 3485 ιιι
3315 3431 3608 3486 liberentur
3647 3447 3678 3486 a

2093 3522 2256 3576 malo.
2288 3521 2399 3576 Hoc
2426 3523 2568 3576 enim
2601 3522 2842 3592 originali
2869 3522 3011 3576 malo
3051 3523 3212 3577 etiam
3261 3534 3511 3593 parentes
3555 3524 3678 3582 illo-

2093 3627 2210 3667 rum
2240 3612 2318 3666 rei
2349 3611 2455 3666 nati
2481 3620 2624 3678 sunt,
2663 3613 2765 3668 etsi
2791 3611 2861 3667 ab
2888 3612 2991 3666 hoc
3017 3622 3166 3668 reatu
3194 3613 3526 3668 renascendo
3552 3623 3682 3668 sunt

2095 3703 2325 3758 liberati.
2350 3702 2484 3772 Quid
2512 3713 2692 3758 autem
2719 3703 2980 3760 vellemus
3008 3715 3062 3759 ut
3085 3705 3382 3774 gignerent,
3406 3720 3514 3761 non
3537 3707 3681 3762 unde

2093 3795 2286 3860 renati,
2331 3793 2426 3850 sed
2469 3793 2609 3850 unde
2653 3795 2760 3850 nati
2801 3804 2960 3860 sunt,
3004 3795 3105 3850 nisi
3147 3796 3289 3865 quod
3327 3806 3380 3850 et
3421 3797 3521 3866 ipsi
3567 3799 3679 3852 nati

2094 3888 2252 3941 sunt?
2279 3886 2422 3942 Reos
2445 3902 2574 3957 ergo
2602 3904 2616 3941 :
2647 3887 2770 3958 quia
2797 3895 2853 3942 et
2874 3884 2974 3958 ipsi
3002 3889 3078 3942 rei
3110 3889 3217 3942 nati
3245 3897 3390 3952 sunt,
3431 3898 3486 3944 et
3511 3905 3677 3960 gene-

2095 3987 2276 4034 rantes
2298 3977 2421 4034 inde
2446 3978 2585 4034 unde
2607 3979 2713 4033 nati
2737 3987 2878 4044 sunt,
2903 3994 3008 4032 non
3039 3983 3178 4032 aliud
3207 3988 3492 4048 potuerunt
3517 3996 3680 4049 geneo

2093 4089 2216 4130 rare
2234 4088 2392 4145 quam
2414 4072 2524 4126 nati
2544 4079 2686 4127 sunt.
2711 4070 2867 4128 Unde
2891 4079 3069 4126 autem
3096 4070 3290 4137 renati,
3321 4071 3444 4126 inde
3467 4086 3496 4124 a
3527 4082 3679 4126 reatu

2095 4181 2215 4220 cum
2245 4179 2351 4235 quo
2389 4163 2499 4217 nati
2537 4171 2662 4218 sunt
2688 4159 2915 4218 liberati.
2941 4157 3021 4216 'Ac
3056 4177 3150 4230 per
3189 4163 3289 4217 hoc
3322 4171 3378 4216 et
3418 4162 3493 4216 illi
3535 4177 3677 4231 quos

2094 4271 2217 4310 reos
2247 4253 2456 4310 liberati
2483 4235 2872 4324 generaveruiit
2898 4251 2952 4316 ³,
2993 4252 3183 4306 eadem
3224 4261 3348 4306 sunt
3389 4267 3677 4322 regenera-

2097 4347 2237 4403 tione
2264 4344 2542 4401 liberandi.
2573 4333 2784 4418 E'x'gboc
2811 4344 2952 4398 enim
2984 4343 3124 4398 malo
3151 4344 3224 4398 rei
3255 4343 3361 4397 nati
3391 4353 3537 4408 sunt,
3570 4359 3679 4412 quo

2095 4437 2234 4493 bene
2258 4445 2474 4490 utuntur
2493 4434 2685 4500 renati;
2709 4439 2763 4488 tit
2784 4442 3070 4488 nascantur
3089 4433 3456 4504 regenerandi.
3479 4433 3678 4490 Cuntra

2095 4528 2238 4601 quod
2281 4528 2477 4582 malum
2519 4529 2564 4582 si
2607 4544 2711 4582 non
2747 4541 2968 4597 pugnas.
3008 4526 3364 4596 pugnantibus
3400 4527 3557 4580 crede
3587 4543 3600 4578 :
3631 4526 3677 4579 si

2095 4634 2299 4691 pugnas
2327 4661 2343 4686 ,
2401 4619 2764 4674 adversarium
2820 4617 3110 4682 confitere;
3153 4626 3208 4672 et
3256 4617 3363 4670 noli
3411 4615 3678 4670 laudando

2095 4711 2364 4777 morbum,
2395 4710 2594 4766 habere
2621 4709 2852 4765 amicum
2876 4749 2894 4778 ,
2915 4724 3074 4780 quem
3115 4708 3395 4780 pugnando
3419 4709 3679 4779 experiris

2094 4803 2388 4860 inimicum.

2159 4989 2175 5020 ι
2213 4986 2343 5048 Apud
2365 4992 2497 5043 Lov.,
2521 4980 2770 5048 pugnanti,

2157 5051 2178 5081 ⁸
2213 5049 2480 5098 Victorinus
2503 5055 2604 5104 hit-3.,
2629 5048 2756 5106 quod
2780 5057 2913 5099 caro,

2159 5111 2180 5143 ³
2211 5118 2312 5160 Am.
2347 5115 2421 5158 Er.
2448 5114 2500 5158 et
2524 5109 2730 5158 Vaticani
2754 5107 2851 5156 duo
2868 5113 2976 5156 Mss.
3000 5119 3110 5156 cum
3147 5105 3388 5156 nonnullis
3409 5107 3680 5168 Gallicanis,

2093 5185 2210 5232 quos
2230 5179 2366 5222 reatu
2389 5169 2577 5221 liberati
2596 5175 2957 5233 generavcrtmt.
