4014 6184
337 361 443 416 737
1665 353 1863 407 LIBER
1905 352 2248 418 QUARTUS.

849 483 3612 517 “MM

1329 537 1806 647 LIBER
1854 536 1954 662 ρ
1979 537 2616 650 UARTU'S.

395 711 534 760 Libro
561 709 726 779 tuliani
762 707 979 758 secundo
1001 705 1276 779 respondet
1317 697 2842 779 augustinusldicta-iﬁiuiﬂtju‘primi-libriﬂconfutatione
2873 709 3006 771 fecit,
3031 713 3222 779 singula
3243 718 3526 779 excutiens,
3566 720 3628 770 iis

334 751 532 824 ωῐῖιῖίιῑ
540 751 738 822 sitatis
762 751 1284 841 agamagam
1301 751 1522 841 arguas
1535 751 1716 841 natlqu
1726 751 2235 841 quaestiopjs‘adrem
2243 751 3620 841 ρει-ιιέίέιίιίξᾱάῑίῑιῐιξῑης’ξιξι;έ’·ῖιῑ‹;“αῆῖ;δῖρξὲἕ;ιίὶὶί

333 818 952 902 ῥ’ὧῶῖεῖιιὶἶιιίι“ίιῐιιρθιῒιν
977 818 1194 902 virtutes;
1207 818 1472 899 ιοθάεξιίίιιη
1490 818 2317 902 rereeeejsssejjliéieeteia
2332 818 3623 902 eam.esse.9tadtiiitséériﬁini‘ﬁea'$55155};

333 886 590 945 bentilium
612 886 892 965 sententiis,
919 886 1510 965 praebenteoocaﬁon‘em
1528 886 1838 965 idyffgt‘jg.
1854 887 2390 965 ﬁtfﬂjggﬂflf?_t._
2407 891 2625 965 medium
2658 891 2764 965 libri
2805 886 2968 957 paucis
2990 886 3167 965 _obiter
3374 886 3626 965 ainohiiiia

510 969 604 1005 non
619 943 890 1024 secundum
910 943 1086 1024 merita
1114 951 1280 1024 detur,
1300 962 1400 1000 nec
1422 956 1588 1000 tamen
1608 961 1659 996 tn
1681 945 1831 996 fatum
1853 945 1917 994 sit
1939 943 2234 1008 referenda;
2275 956 2429 1012 utque
2463 943 2839 1016 intelligendum
2875 943 3626 1024 qnw'xiééwiigiiciﬂ'ﬂéﬁﬁ

1765 1069 2188 1138 mm

336 1012 465 1068 ἶυυθ
487 1029 660 1068 omnes
680 1017 904 1067 homines
923 1013 1083 1064 salvos
1111 1012 1238 1064 ﬁeri.

403 1201 630 1258 CAPUT
672 1198 954 1256 PRIMUM.
982 1227 1054 1240 —
1082 1199 1133 1254 l.
1163 1197 1280 1254 Jam
1310 1209 1454 1252 nunc
1479 1194 1549 1250 ab
1576 1191 1798 1246 alterius
1822 1202 1920 1244 vo-

334 1295 547 1350 luminis
595 1294 817 1349 exordio
863 1301 1061 1348 extera.
1103 1291 1422 1354 videamus,
1477 1289 1670 1359 quibus
1719 1285 1913 1339 librum

333 1404 507 1443 meum
531 1387 774 1442 refellere
800 1385 1024 1449 niteris;
1055 1387 1383 1448 omittentes,
1407 1382 1545 1437 sicut
1565 1377 1916 1440 instituimus,

331 1497 392 1536 ca
423 1496 542 1550 qua:
580 1479 750 1534 nodos
779 1495 886 1534 non
921 1470 1126 1532 faciunt
1153 1479 1540 1547 quaestionum,
1567 1471 1763 1543 quibus
1803 1468 1915 1524 sol-

331 1571 516 1627 vendis
556 1585 736 1624 curam
783 1583 881 1624 nos
923 1577 1138 1641 oportet
1174 1565 1483 1639 impendere
1503 1606 1519 1632 ,
1549 1579 1648 1620 nec
1679 1563 1695 1594 ί
1727 1562 1918 1616 immo-

332 1661 500 1718 rando
546 1659 828 1730 superfluis
869 1660 982 1731 ipsa
1023 1660 1329 1731 prolixitate
1367 1655 1546 1728 operis
1582 1671 1610 1708 a
1648 1653 1917 1710 laborioso

331 1754 546 1824 negotio
590 1753 864 1807 deterrere
909 1752 1190 1807 lectorem.
1237 1747 1527 1819 Superiore
1572 1745 1732 1816 igitur
1779 1743 1916 1798 libro

332 1846 461 1900 satis
487 1845 693 1914 egimus
717 1883 734 1908 ,
762 1857 869 1912 quo
892 1851 1038 1897 recte
1059 1839 1422 1912 judicantibus
1448 1847 1763 1908 appareret,
1791 1849 1914 1888 cum

331 1937 474 1994 Deus
503 1951 660 1991 verus
684 1945 737 1990 et
758 1936 930 1990 bonus
957 1934 1026 1989 sit
1053 1933 1330 1989 hominum
1356 1929 1624 1994 conditor,
1652 1927 1915 1996 boumque

329 2027 440 2082 sint
480 2027 674 2097 nuptim
699 2067 713 2090 ,
754 2041 886 2097 quas
923 2033 977 2080 et
1019 2023 1325 2080 conditione
1371 2031 1530 2093 atque
1575 2017 1915 2090 copulatione

331 2120 607 2189 utriusque
645 2132 801 2172 sexus
836 2116 1093 2181 instituit,
1123 2124 1177 2170 ct
1205 2113 1542 2170 fecunditatis
1570 2125 1794 2166 munere
1819 2108 1916 2164 be-

329 2209 568 2274 nedixit;
598 2210 793 2263 malum
839 2216 1016 2262 tamen
1045 2221 1166 2261 esse
1205 2204 1688 2274 concupiscentiam
1734 2201 1912 2256 carnis

329 2319 434 2374 qua
461 2302 786 2372 concupiscit
809 2299 1069 2354 adversus
1099 2297 1344 2368 Spiritum
1363 2338 1379 2363 ,
1410 2310 1579 2366 coque
1606 2295 1747 2349 malo
1775 2294 1914 2350 bene

330 2397 406 2451 uti
435 2395 718 2465 pudicilam
749 2392 1117 2464 conjugalem,
1148 2391 1447 2460 meliusque
1488 2403 1592 2444 non
1630 2389 1702 2442 uti
1741 2387 1913 2443 couti-

330 2487 564 2544 nentiam
606 2487 926 2541 sanctiorem
967 2503 982 2541 :
1011 2483 1154 2556 quod
1192 2483 1392 2537 malum
1428 2495 1535 2535 non
1564 2495 1628 2534 ex
1657 2479 1756 2533 alia
1785 2478 1914 2534 sub-

328 2581 519 2636 stantia
559 2596 718 2651 quam
763 2579 907 2634 Deus
945 2594 1053 2634 non
1095 2575 1373 2641 condidit,
1405 2574 1544 2628 sicut
1587 2571 1912 2628 Manichacus

327 2670 548 2737 insanit,
575 2669 728 2724 nobis
747 2683 866 2724 esse
887 2668 1238 2739 permixtum;
1265 2665 1359 2721 sed
1381 2679 1476 2735 per
1497 2661 1910 2719 inobedientiam

327 2761 488 2817 unius
517 2759 748 2814 hominis
771 2768 1014 2814 exortum
1044 2768 1204 2828 atque
1235 2755 1554 2819 traductum,
1584 2765 1638 2810 et
1664 2769 1758 2824 per
1783 2753 1910 2809 obc-

325 2852 580 2908 dientiam
609 2851 766 2906 unius
792 2850 1023 2904 hominis
1047 2847 1368 2920 expiandum
1389 2855 1550 2916 atque
1573 2843 1869 2901 sanandum
1893 2861 1908 2908 ;

325 2945 480 3015 cujus
522 2942 844 3013 obligatione
885 2941 1121 3012 implicat
1155 2939 1334 2995 debita
1369 2952 1525 3008 poena
1566 2945 1908 3002 nascentem,

325 3035 486 3090 solvit
510 3034 746 3092 indebita
775 3033 945 3104 gratia
970 3039 1363 3088 renascentem.
1405 3031 1518 3085 Hoc
1557 3027 1753 3084 malum
1781 3042 1912 3082 con-
1953 3040 1970 3060 δ

326 3136 409 3184 tra
437 3143 522 3182 me
552 3125 816 3182 laudando
839 3167 856 3192 ,
895 3123 1231 3179 adversarius
1271 3135 1424 3176 meus
1453 3119 1652 3174 videris
1683 3133 1698 3174 :
1732 3117 1825 3172 sed
1857 3117 1910 3172 in

325 3229 380 3272 te
405 3215 752 3282 debellando,
784 3231 938 3272 meus
966 3214 1120 3270 testis
1147 3228 1206 3268 es
1240 3231 1254 3266 :
1285 3212 1329 3266 si
1358 3220 1536 3266 autem
1579 3225 1688 3265 non
1729 3208 1911 3264 debel-

324 3309 426 3375 las,
455 3317 575 3363 tuus
600 3307 771 3364 hostis
801 3321 881 3364 es.
911 3304 1142 3361 Proinde
1166 3305 1289 3375 quia
1317 3303 1490 3374 primo
1517 3311 1606 3357 tuo
1633 3301 1771 3358 libro
1797 3299 1910 3356 suf-

327 3401 570 3458 ﬁcienter
595 3417 684 3456 me
713 3399 1056 3471 respondisse
1090 3397 1372 3462 existimo,
1402 3395 1646 3466 quamvis
1683 3394 1755 3449 ibi
1801 3401 1909 3449 tota

324 3507 483 3548 causa
513 3491 658 3546 ﬁnita
689 3491 787 3556 sit;
823 3500 998 3546 tamen
1028 3504 1094 3544 ne
1122 3487 1333 3544 caeteris
1374 3488 1544 3542 tribus
1581 3484 1911 3555 respondere

325 3597 430 3638 non
461 3583 699 3654 potuisse
730 3582 1025 3648 videamur,
1057 3581 1110 3635 in
1135 3579 1214 3636 eis
1232 3578 1394 3635 etiam
1418 3592 1575 3648 quam
1601 3592 1734 3632 vana
1759 3576 1910 3633 dixe-

324 3674 401 3729 ris
427 3674 657 3730 intuere.

395 3763 452 3818 2.
501 3763 796 3834 Propositis
821 3778 886 3820 ex
917 3778 1040 3820 meo
1069 3763 1208 3819 libro
1247 3761 1348 3835 (De
1372 3761 1538 3834 Nupt.
1567 3772 1614 3818 et
1654 3762 1904 3832 Concup.,

325 3856 415 3911 lib.
472 3857 536 3922 l,
588 3873 640 3910 η.
701 3853 770 3928 5)
825 3856 1006 3912 verbis
1048 3856 1184 3911 meis
1221 3855 1468 3921 exultas,
1523 3853 1666 3924 quod
1716 3871 1735 3905 ι
1773 3861 1909 3908 teste

322 3949 585 4020 Apostolo
628 3965 648 4000 ι
685 3948 948 4012 dixerim,
985 3967 1003 4000 ι
1037 3947 1238 4002 donum
1288 3947 1381 4002 Dei
1428 3961 1551 4002 esse
1593 3945 1908 4016 pudicitiam

322 4038 656 4110 conjngalem
691 4057 708 4091 ι
745 4039 798 4112 (l
823 4037 941 4095 Cor.
973 4053 1074 4104 vn,
1101 4035 1157 4109 7)
1187 4055 1200 4091 :
1229 4037 1380 4108 quasi
1412 4045 1694 4108 propterea
1725 4035 1910 4090 lauda-

325 4131 465 4186 verit
487 4131 773 4201 Apostolus
798 4130 994 4184 malum
1017 4127 1159 4199 quod
1183 4138 1236 4182 tu
1259 4127 1464 4195 laudas,
1491 4141 1598 4196 quo
1621 4141 1747 4182 caro
1771 4141 1902 4180 con-

323 4219 551 4289 cupiscit
591 4219 848 4274 adversus
882 4219 1125 4288 spiritum
1159 4216 1355 4292 (Calai.
1385 4233 1447 4283 v,
1475 4216 1594 4288 l7),
1633 4232 1740 4287 quo
1768 4217 1910 4271 malo

325 4311 493 4365 utitur
527 4310 665 4366 bene
705 4311 958 4381 pudicitia
997 4310 1326 4381 conjugalis,
1370 4309 1507 4364 sicut
1537 4308 1648 4380 jam
1681 4309 1734 4364 in
1772 4309 1908 4363 libro

325 4403 602 4472 superiore
627 4403 942 4459 monstravi.
979 4401 1096 4457 Non
1123 4403 1302 4472 itaque
1330 4417 1550 4472 parvum
1583 4401 1784 4457 donum
1813 4403 1908 4459 Dei

325 4505 429 4556 cSt,
459 4493 531 4548 ita
559 4493 754 4549 frenari
785 4494 887 4549 hoc
907 4493 1128 4558 malum,
1165 4501 1224 4547 ut
1256 4491 1323 4548 ad
1349 4493 1481 4548 nihil
1507 4493 1776 4549 relaxetur
1805 4493 1910 4548 illi-

325 4587 489 4637 citum
509 4623 527 4650 ,
553 4583 646 4639 sed
678 4585 1008 4655 generationi
1041 4591 1242 4638 tantum
1272 4584 1758 4655 regenerandorum
1787 4599 1908 4640 ser-

327 4674 435 4728 viat
473 4673 723 4729 filiorum.
770 4675 900 4746 Ejus
928 4675 1126 4746 quippe
1168 4675 1398 4744 impetus
1441 4691 1548 4730 non
1587 4691 1685 4732 sua
1721 4685 1910 4746 sponte

326 4763 632 4820 moderatus
661 4775 744 4820 est
775 4783 789 4819 :
820 4784 850 4818 a
876 4765 1022 4820 nullo
1043 4781 1272 4835 namque
1298 4766 1482 4822 illicito
1508 4781 1627 4823 sese
1651 4767 1904 4832 abstinet,

324 4855 371 4911 si
399 4857 634 4912 membra
661 4855 926 4914 desiderio
952 4859 1069 4928 ejus
1096 4858 1409 4914 inserviant.
1439 4861 1517 4916 Ac
1543 4875 1640 4931 per
1661 4861 1762 4917 hoc
1789 4860 1911 4932 ejus

326 4956 531 5013 motus,
556 4963 664 5003 non
700 4949 752 5002 in
791 4949 936 5020 ipso,
966 4949 1118 5020 cujus
1145 4949 1413 5020 inquietus
1439 4959 1522 5008 est
1563 4961 1772 5019 motus;
1814 4952 1908 5008 sed

323 5038 377 5092 in
411 5037 714 5095 refrenante
738 5055 804 5094 ac
827 5039 964 5118 bene
993 5049 1175 5097 uteute
1196 5041 1462 5098 laudatur.

395 5130 449 5184 3.
483 5128 664 5201 Itaque
705 5130 809 5187 isto
848 5133 989 5187 malo
1027 5147 1147 5188 cum
1191 5133 1330 5188 bene
1370 5141 1593 5190 utuntur
1636 5135 1908 5210 conjugati

325 5219 530 5288 fideles,
557 5235 586 5274 a
614 5220 764 5292 cujus
793 5231 944 5278 reatu
977 5221 1136 5279 soluti
1165 5233 1292 5279 sunt
1329 5240 1551 5280 munere
1579 5225 1905 5296 Salvatoris;

323 5311 565 5383 profecto
593 5313 915 5386 quicumque
943 5314 1067 5370 inde
1095 5324 1386 5372 nascuntur
1415 5316 1653 5387 ejusdem
1682 5335 1908 5379 munere

318 5405 626 5471 Creatoris,
655 5422 761 5461 non
801 5407 940 5463 sicut
975 5408 1130 5464 nobis
1155 5407 1364 5478 objicis,
1405 5427 1426 5463 ‹
1460 5409 1512 5464 in
1541 5427 1762 5482 regnum
1789 5413 1909 5470 dia-

320 5497 432 5555 boli
477 5507 870 5570 pra-parantur;
905 5519 925 5552 ι
960 5499 1058 5556 sed
1084 5500 1154 5556 ab
1191 5501 1285 5558 illo
1321 5502 1498 5574 potius
1523 5505 1744 5560 eruendi
1771 5516 1826 5562 et
1855 5507 1908 5563 in

385 5651 756 5722 [Iovan‘ienses
784 5654 1114 5706 renitentibus
1133 5658 1484 5721 manusa-iptls,
1519 5672 1629 5722 pro,
1649 5673 1734 5712 nos
1767 5675 1910 5722 opor-

317 5714 386 5824 tnc‘t
407 5710 707 5776 impendere,
735 5727 859 5779 nec;
907 5726 1236 5782 aet-rexerant,
1279 5710 1578 5780 οιοιιόιιάτὲοε
1611 5710 1910 5788 inuadere,

2031 1202 2254 1256 regnum
2293 1190 2560 1262 Uuigeniti
2597 1198 2960 1256 transferendi
3003 1204 3040 1260 ί.
3083 1205 3208 1262 Πωο
3251 1207 3394 1263 enim
3425 1219 3536 1276 est,
3562 1221 3618 1267 et

2031 1292 2152 1371 esse
2192 1281 2353 1338 debet
2389 1285 2594 1354 piorum
2635 1291 2922 1362 conjugum
2954 1294 3208 1366 intentio,
3249 1308 3307 1353 ut
3331 1315 3619 1371 regenera-

2034 1367 2164 1423 tioni
2212 1375 2486 1441 generatio
2530 1391 2882 1465 pratparetug.
2929 1383 2984 1438 Si
3031 1397 3209 1441 autem
3262 1389 3366 1444 hoc
3395 1367 3618 1447 vmalum

2030 1459 2171 1528 quod
2203 1461 2254 1515 in
2283 1476 2341 1518 se
2369 1464 2497 1534 ipsis
2529 1478 2772 1536 parentes
2803 1459 3041 1528 séntiunt
3061 1517 3076 1542 ,
3113 1477 3199 1531 cui
3228 1479 3368 1534 malo
3389 1521 3404 1546 ,
3435 1491 3490 1534 ut
3518 1481 3622 1536 tuis

2030 1551 2206 1606 verbis
2224 1563 2358 1618 utar,
2385 1573 2402 1607 ι
2431 1557 2806 1625 Apostolorum
2835 1562 2973 1632 legio
2995 1569 3306 1636 repugnavit
3329 1589 3348 1620 ι
3373 1570 3488 1641 (Su,
3513 1588 3570 1624 ru
3595 1613 3610 1636 ,

2031 1640 2116 1694 lib.
2153 1641 2188 1695 ὃ
2211 1683 2225 1705 ,
2257 1660 2310 1696 ιι.
2343 1644 2436 1716 65)
2462 1686 2477 1710 ,
2518 1665 2536 1698 ι
2572 1665 2675 1704 non
2715 1653 3010 1720 pertineret
3047 1655 3114 1710 ad
3157 1658 3324 1724 filios,
3367 1640 3484 1714 Sine
3529 1661 3620 1715 illo

2032 1733 2214 1802 utique
2258 1749 2642 1794 nascerentur:
2674 1758 2815 1798 nunc
2852 1761 2980 1800 vero
3022 1749 3450 1819 quandoquidem
3494 1767 3618 1807 cum

2032 1822 2132 1875 hoc
2161 1837 2446 1881 nascuntur
2465 1869 2480 1892 ,
2513 1831 2638 1899 quid
2667 1833 2905 1902 miraris,
2937 1839 3057 1906 quia
3096 1853 3311 1909 prepter
3336 1841 3436 1897 hoc
3462 1859 3620 1897 rena-

2030 1924 2285 1981 scuntur,
2318 1927 2378 1971 ut
2411 1919 2480 1973 ab
2515 1922 2632 1988 ejus
2661 1924 2986 1994 obligatione
3015 1929 3320 1996 solvantur,
3351 1941 3404 1986 et
3431 1946 3523 1986 aut
3551 1949 3619 1988 cx

2031 2005 2130 2060 ista
2163 2006 2266 2061 vita
2306 2009 2492 2064 abillo
2536 2013 2742 2068 liberati
2788 2017 3101 2088 rapiantur,
3147 2030 3240 2076 aut
3279 2023 3330 2076 in
3373 2022 3472 2078 ista
3515 2025 3619 2080 vita

2029 2097 2287 2154 adversus
2321 2101 2450 2157 illud
2487 2105 2641 2161 liberi
2678 2108 3020 2177 praebentur,
3067 2114 3402 2186 victoresque
3429 2117 3482 2172 in
3515 2118 3620 2173 fine

2029 2202 2440 2248 remunerentur
2456 2194 2480 2248 ?
2495 2226 2508 2239 -

2100 2282 2154 2336 4.
2181 2283 2312 2350 Quis
2337 2295 2512 2342 autem
2538 2299 2780 2344 nostrum
2803 2294 3102 2364 suSpieatus
3121 2307 3224 2362 est,
3252 2317 3272 2350 ι
3306 2315 3461 2354 usum
3484 2315 3618 2356 con-

2023 2371 2210 2443 jugum
2251 2391 2280 2428 a
2312 2376 2524 2432 diabolo
2566 2380 2727 2436 fuisse
2761 2387 3069 2454 repertum?
3111 2389 3241 2455 Quis
3279 2393 3622 2448 commixtio-

2030 2479 2150 2518 netn
2172 2479 2452 2535 corporum
2482 2485 2576 2539 per
2615 2472 2813 2527 malum
2848 2478 3303 2546 pratvaricationis
3340 2502 3358 2534 ι
3395 2484 3622 2540 credidit

2033 2569 2052 2604 ι
2081 2554 2372 2622 accidisse;
2413 2577 2432 2610 ι
2457 2574 2579 2614 eum
2616 2561 2732 2617 sine
2761 2562 2846 2618 bis
2881 2567 3078 2635 nuptiae
3119 2585 3335 2639 prorsus
3363 2587 3483 2628 esse
3513 2591 3618 2629 non

2027 2649 2286 2714 possent?
2315 2647 2422 2702 Sed
2449 2651 2646 2705 malum
2671 2668 2778 2722 quo
2801 2654 2941 2710 bene
2963 2665 3013 2711 ul
3024 2668 3200 2725 untur,
3230 2661 3429 2715 nullum
3453 2674 3616 2728 esset,

2025 2735 2069 2787 si
2100 2750 2258 2791 nemo
2301 2751 2598 2806 peccasset.
2630 2740 2783 2810 Quod
2809 2742 2949 2811 dixi,
2995 2732 3126 2800 mihi
3163 2749 3334 2818 objice
3354 2791 3368 2816 ,
3403 2761 3460 2805 ut
3487 2767 3618 2822 pur-

2022 2839 2143 2914 gem
2178 2841 2190 2876 :
2221 2841 2342 2881 nam
2367 2827 2412 2882 si
2441 2838 2496 2886 et
2524 2831 2665 2902 quod
2701 2847 2808 2888 non
2836 2833 2970 2914 dixi,
2998 2836 3128 2892 mihi
3157 2838 3365 2910 objicis,
3401 2843 3618 2914 quando

2023 2913 2274 2971 ﬁnimus?
2665 2953 2678 2960 -
2944 2907 2954 2942 ⁵

2095 3007 2150 3062 5.
2189 3025 2208 3058 ι
2245 3007 2590 3080 Consequens
2623 3031 2643 3064 ι
2674 3023 2830 3084 putas
2861 3033 2882 3068 ι
2917 3030 3060 3084 esse,
3090 3029 3143 3073 ut
3167 3035 3361 3076 munus
3390 3021 3483 3076 Dei
3514 3037 3614 3076 no-

2023 3107 2172 3165 ceat,
2213 3101 2258 3156 si
2299 3100 2463 3156 homo
2503 3118 2624 3158 cum
2655 3107 2794 3162 malo
2821 3110 3098 3165 nascitur:
3133 3128 3291 3166 nemo
3329 3114 3472 3169 enim
3513 3115 3614 3170 nisi

2023 3186 2119 3242 Dei
2158 3204 2379 3246 munere
2409 3192 2664 3248 nascitur.
2707 3214 2724 3244 ι
2765 3196 2907 3252 Audi
2936 3215 3064 3270 ergo
3091 3208 3146 3254 et
3182 3201 3420 3273 intellige
3452 3221 3466 3258 :
3499 3221 3619 3258 mu-

2021 3292 2124 3332 nus
2154 3279 2247 3334 Dei
2277 3281 2410 3336 nulli
2449 3292 2638 3348 nocet.
2685 3302 2792 3356 quo
2831 3289 3054 3360 quisque
3093 3300 3178 3346 est
3219 3304 3275 3349 et
3314 3297 3472 3362 vivit;
3519 3297 3612 3352 sed

2021 3369 2470 3440 concupiscentia:
2500 3374 2696 3429 malum
2741 3393 2846 3432 non
2890 3389 3065 3450 potest
3102 3397 3222 3439 esse
3247 3425 3262 3451 ,
3307 3386 3408 3441 nisi
3448 3387 3501 3441 in
3549 3403 3614 3442 eo

2021 3457 2162 3531 quod
2191 3471 2274 3517 est
2301 3471 2357 3517 et
2383 3462 2530 3518 vivit.
2574 3462 2910 3538 Quapropter
2949 3481 3125 3540 potest
3157 3489 3278 3530 esse
3321 3477 3517 3532 malum
3560 3478 3613 3532 in

2022 3567 2246 3608 munere
2261 3553 2376 3618 Dei,
2391 3557 2686 3610 sanandum
2703 3558 2808 3613 alio
2824 3575 3044 3616 munere
3059 3563 3173 3618 Dei.
3188 3564 3371 3622 Potest
3387 3568 3544 3639 igitur
3559 3570 3614 3625 in

2024 3641 2240 3698 homine
2257 3644 2345 3714 qui
2365 3661 2586 3702 munere
2610 3648 2700 3702 Dei
2714 3655 2796 3704 est
2811 3659 2865 3704 et
2880 3651 3030 3717 vivit,
3049 3655 3244 3711 malum
3265 3672 3385 3712 esse
3398 3675 3618 3730 genera-

2023 3733 2168 3788 tione
2179 3743 2509 3790 contractum
2522 3741 2940 3808 ,rogeuerationc
2951 3746 3271 3800 sanandum.
3287 3748 3417 3803 Nam
3433 3753 3614 3822 utique

2021 3826 2197 3882 nullus
2219 3825 2392 3882 infans
2412 3837 2532 3884 cum
2550 3829 2795 3888 d;emonc
2813 3845 3140 3903 nasceretur,
3165 3839 3210 3893 si
3233 3854 3336 3893 non
3362 3856 3612 3898 nascere-

2019 3925 2134 3981 tur;
2159 3933 2260 3974 nec
2280 3919 2400 3976 ideo
2419 3922 2546 3976 mali
2569 3921 2728 3994 hujus
2756 3924 2870 3996 ipsa
2898 3935 2980 3981 cst
2999 3943 3178 3996 causa,
3201 3933 3323 4000 quia
3353 3935 3608 3990 nascitur.

2019 4007 2266 4066 Nascitur
2280 4026 2408 4082 ergo
2425 4029 2645 4070 munere
2663 4015 2777 4078 Dei,
2791 4033 2914 4072 cum
2931 4018 3176 4076 diemone
3193 4032 3392 4090 autem,
3407 4024 3610 4094 judicio

2020 4101 2115 4158 Dei
2145 4118 2274 4168 sane
2301 4105 2530 4171 occulto,
2562 4106 2658 4162 sed
2688 4109 2942 4181 numquid
2968 4111 3205 4180 iniusto?

2091 4192 2316 4250 CAPUT
2353 4195 2417 4248 ll.
2447 4222 2523 4238 --
2561 4196 2616 4252 6.
2665 4197 2721 4253 in
2765 4214 2832 4255 eo
2877 4216 3004 4256 vero
3040 4203 3182 4273 quod
3209 4205 3358 4272 dixi,
3397 4225 3416 4259 ι
3447 4208 3610 4266 etiam

2019 4287 2220 4342 bonum
2263 4287 2572 4359 conjugale,
2619 4291 2664 4344 si
2712 4306 2817 4347 non
2865 4293 3112 4359 habetur,
3155 4311 3186 4351 a
3224 4297 3450 4355 Domino
3489 4315 3610 4357 esse

2019 4377 2348 4448 poscendum
2388 4396 2406 4431 ι
2447 4377 2546 4449 (De
2583 4379 2747 4453 Nupt.
2775 4393 2822 4437 et
2859 4383 3127 4456 Concup.,
3167 4388 3256 4442 lib.
3303 4389 3370 4455 1,
3413 4407 3466 4446 n.
3511 4391 3607 4464 3);

2021 4468 2239 4541 (quibus
2265 4469 2480 4540 utique,
2511 4471 2613 4526 nisi
2652 4473 2844 4544 quibus
2880 4485 2964 4532 cst
3001 4481 3438 4556 necessarium?)
3467 4485 3612 4539 visus

2019 4573 2140 4614 sum
2173 4559 2265 4614 tibi
2295 4559 2476 4616 dicere
2497 4602 2513 4628 ,
2548 4580 2567 4614 ι
2607 4579 2702 4632 pro
2729 4567 3119 4625 concumbendi
3159 4571 3360 4628 viribus
3401 4575 3608 4646 suppli-

2019 4648 2268 4704 candum.
2309 4669 2328 4704 ›
2363 4649 2469 4706 Sed
2507 4667 2607 4724 ego
2646 4669 2742 4724 pro
2781 4656 2893 4726 ipsa
2923 4659 3176 4730 pudicitia
3203 4663 3468 4734 conjugali
3498 4665 3608 4721 dixi

2018 4739 2316 4810 rogandum
2348 4741 2514 4796 Deum
2536 4783 2552 4810 ,
2592 4745 2773 4816 inqua
2799 4757 2880 4802 est
2907 4753 3298 4808 concumbendi
3335 4769 3440 4808 non
3472 4755 3610 4810 liber

2020 4846 2180 4900 usus,
2211 4832 2304 4887 sed
2344 4833 2522 4888 licitus
2560 4835 2773 4891 modus.
2807 4838 2940 4894 Nam
2972 4840 3134 4897 homo
3171 4843 3216 4897 si
3250 4845 3610 4904 concumbere

2019 4939 2125 4979 non
2161 4933 2366 4996 potest,
2396 4927 2570 4996 potius
2611 4945 2714 4984 non
2747 4941 2951 5001 quatrat
2981 4951 3198 4990 uxorem
3231 4955 3246 4990 :
3274 4938 3608 5010 quandoqui-

2017 5015 2140 5070 dem
2169 5016 2457 5086 apostolica
2485 5027 2750 5075 sententia
2789 5023 2875 5076 ubi
2916 5024 3030 5092 ait,
3059 5024 3119 5080 Si
3142 5043 3196 5080 se
3224 5045 3324 5082 non
3353 5032 3606 5102 continet,

2019 5102 2172 5162 nubat
2197 5109 2216 5178 (
2234 5108 2253 5163 Ι
2284 5107 2402 5164 Cor.
2432 5126 2505 5165 vu
2525 5153 2540 5177 ,
2571 5111 2660 5184 9);
2701 5115 2996 5170 remedium
3023 5119 3189 5174 voluit
3213 5137 3332 5178 esse
3357 5127 3608 5196 nuptias,

2019 5198 2161 5270 quod
2191 5209 2246 5256 et
2282 5201 2396 5272 ipse
2435 5207 2710 5260 COIIl't'SsUS
2737 5223 2815 5269 es.
2846 5218 3031 5264 contra
3073 5213 3314 5270 morbum
3353 5221 3611 5291 concupi-

2018 5291 2259 5356 scentiae,
2291 5293 2432 5364 quod
2459 5296 2702 5352 confiteri
2735 5314 2836 5352 non
2865 5300 2966 5364 vis,
2999 5303 3088 5370 qui
3122 5306 3416 5363 remedium
3442 5314 3610 5366 confi-

2018 5386 2148 5443 teris
2167 5385 2386 5457 (Supra,
2411 5389 2498 5442 lib.
2530 5391 2582 5455 3,
2609 5408 2675 5445 tm
2720 5391 2812 5459 29,
2839 5391 2950 5466 η).
2979 5395 3088 5452 lluc
3111 5409 3288 5456 autem
3310 5407 3606 5465 remedium

2018 5483 2122 5542 est,
2146 5490 2252 5530 non
2285 5487 2341 5530 ut
2364 5477 2434 5531 sit
2455 5481 2920 5552 concupiscentia,
2943 5486 2988 5540 si
3015 5503 3121 5543 non
3149 5499 3264 5558 est;
3296 5495 3391 5550 sed
3422 5506 3476 5550 ut
3501 5514 3606 5554 non

2019 5567 2189 5638 rapiat
2215 5567 2280 5621 ad
2310 5567 2524 5638 illicita,
2552 5573 2706 5643 cujus
2746 5585 2924 5633 motus
2965 5580 3188 5638 infrenis
3225 5595 3328 5639 est.
3372 5585 3610 5643 Pertinet

2082 5729 2100 5759 ί
2135 5733 2229 5794 Hoc
2252 5727 2397 5794 etiam
2431 5727 2535 5794 loco
2559 5728 2686 5778 nulla
2719 5741 2942 5784 veterum
2987 5736 3218 5792 librorum
3255 5747 3540 5794 auctoritate
3575 5755 3603 5791 ι

2019 5790 2391 5841 Inveni-ensibus
2413 5791 2622 5842 additum
2651 5797 2828 5859 iuerat,
2854 5810 3189 5854 renascmuttr.
