4014 6184
418 407 524 464 759

413 524 564 577 enim
587 518 652 576 ad
677 517 779 573 hoc
797 527 1008 586 quoque
1029 511 1304 584 petitionis
1325 526 1510 582 genus,
1529 507 1672 580 quod
1695 508 1747 566 in
1765 505 2008 566 oratione

420 611 688 667 dominica
735 606 1002 670 dicimus,
1044 601 1128 658 Ne
1165 619 1257 657 nos
1294 603 1486 673 inferas
1529 602 1582 658 in
1625 599 1946 656 mutationem
1991 611 2011 654 :

423 704 672 776 quoniam
689 701 1028 770 unusquisque
1041 707 1262 752 tentatur
1273 711 1470 750 acoucu
1477 693 1718 764 pisccmtb
1738 709 1851 755 sua,
1870 695 2012 746 sicut

423 801 496 853 ait
516 794 788 866 apostolus
815 791 1046 848 Jacobus
1077 788 1276 860 (Jacobi
1304 803 1342 854 ι,
1371 786 1485 858 ll).
1515 785 1777 840 Convenit
1805 783 1928 838 huic
1957 791 2014 838 et

422 888 564 961 quod
595 885 846 948 dicimus,
878 881 1058 936 Libera
1088 897 1180 936 nos
1208 896 1240 933 a
1265 879 1401 932 malo
1433 876 1646 949 (Matth.
1675 892 1749 941 γι,
1781 875 1891 945 l5).
1922 873 2014 928 Di-

419 989 550 1037 cunt
575 977 717 1032 enim
746 975 848 1029 hoc
877 975 944 1030 de
972 974 1070 1028 hac
1103 971 1445 1040 re~conjuges
1463 1011 1478 1035 ,
1510 976 1567 1022 ut
1595 967 1806 1022 interim
1835 974 2014 1020 mente

427 1070 577 1125 liberi
618 1085 647 1120 a
689 1068 828 1122 malo
853 1108 866 1130 ,
914 1065 1050 1120 bene
1091 1071 1308 1116 utantur
1346 1059 1486 1114 malo
1531 1057 1672 1129 quod
1723 1057 1923 1111 habent
1960 1055 2014 1110 in

426 1178 589 1218 carne
617 1165 817 1227 (sciunt
845 1157 987 1212 enim
1027 1156 1147 1226 quia
1191 1155 1241 1207 in
1269 1167 1430 1206 carne
1461 1167 1648 1206 eorum
1678 1165 1782 1205 non
1815 1147 2018 1202 habitat

429 1253 627 1308 bonmn
660 1249 835 1323 [ltom.
861 1263 956 1310 vtt,
981 1243 1131 1318 18]);
1179 1253 1235 1298 ut
1265 1243 1410 1297 omni
1441 1252 1622 1311 postea
1653 1238 2016 1309 corruptibili-

431 1353 540 1398 tate
578 1350 799 1406 sanata,
844 1340 1043 1393 nullum
1093 1339 1144 1390 in
1184 1337 1262 1390 eis
1299 1350 1406 1403 quo
1445 1341 1700 1397 utantur,
1746 1336 2020 1386 remaneat

433 1437 657 1492 malum.
685 1433 822 1499 Quid
862 1439 944 1485 est
972 1429 1111 1498 quod
1153 1426 1452 1496 triumphas
1480 1434 1730 1494 tanquam
1769 1421 1836 1476 de
1865 1421 2019 1477 hoste

432 1525 612 1581 victo?
645 1524 910 1579 lntcrnum
953 1521 1124 1591 potius
1162 1521 1316 1572 vince
1353 1531 1510 1586 quem
1539 1514 1742 1569 laudas.
1785 1512 1914 1568 Nam
1944 1512 2021 1567 vi-

434 1618 600 1674 ctoria
638 1615 706 1670 de
745 1625 796 1669 te
835 1629 971 1676 mea,
1005 1612 1095 1666 illo
1134 1611 1273 1664 malo
1304 1619 1477 1664 tecum
1511 1613 1798 1678 pugnante,
1832 1619 2020 1660 secura

435 1721 536 1767 est.
562 1709 742 1779 Neque
765 1711 906 1762 enim
935 1706 1114 1760 dicere
1143 1702 1384 1765 audebis,
1411 1716 1533 1756 eum
1563 1699 1698 1754 vinci
1721 1699 1810 1770 qui
1832 1712 2021 1754 verum

435 1803 585 1866 dicit,
615 1801 766 1856 abeo
790 1800 876 1870 qui
903 1797 1091 1852 falsum
1120 1795 1266 1850 dicit.
1297 1794 1408 1863 Ego
1435 1801 1611 1847 autem
1638 1790 2023 1860 concupiscen-

436 1893 564 1950 tiam
604 1901 788 1947 contra
815 1905 972 1960 quam
1003 1901 1236 1958 pugnas,
1261 1885 1456 1939 malum
1483 1883 1636 1948 dico,
1681 1890 1738 1936 tu
1777 1882 1974 1935 bonum
2005 1897 2018 1935 :

437 1986 533 2042 sed
576 1999 746 2055 pugna
787 1993 871 2037 tua
912 1982 1110 2037 malum
1157 1978 1390 2043 fatetur,
1431 1976 1572 2048 quod
1611 1977 1808 2032 bonum
1848 1975 2022 2046 lingua

439 2079 728 2143 mentitur;
777 2089 977 2147 augens
1020 2068 1356 2128 mendacium
1400 2071 1506 2126 alio
1551 2068 1872 2137 mendacio,
1917 2082 2024 2138 quo

439 2169 676 2224 aflirmas
713 2177 766 2224 et
809 2183 838 2221 a
881 2152 969 2222 me
1007 2167 1148 2220 illam
1186 2165 1382 2219 dictam
1422 2163 1638 2218 bonam.
1667 2161 1851 2232 Neque
1878 2159 2024 2216 enim

437 2257 923 2328 concupiscentiam
948 2257 1146 2323 carnis,
1179 2271 1336 2326 quam
1373 2253 1607 2310 Joannes
1644 2251 1920 2322 apostolus
1941 2249 2026 2306 di-

441 2353 518 2408 xit
542 2367 574 2408 a
598 2351 759 2410 Patre
786 2367 890 2406 non
913 2365 1032 2406 csse
1057 2352 1074 2420 (
1095 2348 1114 2403 l
1139 2347 1298 2402 Joan.
1322 2363 1378 2412 ιι,
1410 2345 1518 2417 l6),
1553 2360 1653 2416 ego
1673 2343 1906 2400 dicerem
1931 2343 2028 2398 bo-

443 2459 571 2498 num
603 2459 618 2498 :
648 2443 740 2497 sed
781 2441 978 2496 bonum
1016 2439 1125 2494 dixi
1165 2437 1470 2507 pudicitiam
1508 2450 1629 2491 esse
1664 2433 2024 2504 eonjugalem,

443 2553 563 2608 qua:
591 2535 790 2591 resistit
827 2534 969 2588 malo
1007 2528 1472 2601 concupiscentiae,
1515 2544 1583 2584 ne
1619 2526 1686 2583 ad
1726 2526 1908 2582 illicita
1937 2541 2029 2580 ra-

445 2628 555 2698 piat
581 2641 700 2681 cum
734 2636 998 2679 movetur.

515 2719 569 2773 7.
600 2717 796 2771 Verum
827 2716 1001 2770 sciens
1024 2727 1184 2784 quam
1223 2711 1453 2768 inaniter
1484 2719 1889 2782 argumentatus
1915 2707 2029 2764 fuc-

443 2810 537 2876 ris,
573 2827 592 2860 ς
633 2809 834 2880 pulsas,
873 2826 893 2860 ι
925 2815 982 2860 ut
1018 2805 1172 2869 dicis,
1211 2823 1230 2858 ι
1264 2805 1489 2860 alterum
1529 2802 1856 2859 definitionis
1895 2816 2030 2856 mete

443 2899 607 2966 latus,
647 2917 665 2952 ι
697 2909 749 2954 et
776 2897 952 2967 inquis
985 2915 998 2950 :
1033 2895 1145 2966 ι,δί
1171 2895 1318 2950 caltu-
1342 2893 1587 2965 genitalis
1611 2893 1906 2964 conjugalis
1934 2891 2031 2946 ho-

443 2991 668 3046 nestatis
715 2991 959 3043 minister
1006 2987 1074 3042 ab
1121 2985 1484 3041 immoderatis
1528 2983 1868 3054 procursibus
1921 2991 2028 3038 tam

443 3082 622 3138 studio
663 3081 919 3144 fidelium,
950 3093 1107 3148 quam
1134 3077 1258 3133 doni
1287 3077 1480 3132 virtute
1503 3077 1783 3140 retinetur,
1812 3089 1913 3130 nec
1937 3089 2031 3129 ex-

444 3173 732 3244 stinguitur
755 3187 848 3240 per
867 3172 1113 3242 gratiam,
1137 3170 1230 3224 sed
1258 3169 1528 3233 frenatur;
1556 3168 1848 3238 probabilis
1867 3168 2028 3226 estin

443 3281 644 3338 genere
681 3280 778 3318 suo
817 3273 871 3318 et
900 3264 952 3316 in
979 3262 1139 3316 modo
1163 3277 1282 3328 suo,
1313 3271 1366 3316 et
1394 3262 1522 3316 solis
1548 3271 1827 3318 accusatur
1847 3277 2033 3320 exces-

441 3356 614 3413 sibus.
651 3373 668 3408 ι
702 3354 825 3408 llaec
850 3353 1054 3419 dicens,
1085 3367 1188 3408 non
1227 3352 1458 3408 attendis
1481 3353 1764 3423 conjugum
1794 3369 2030 3410 conven-

446 3447 647 3502 tionem
675 3461 835 3500 causa
867 3443 1179 3516 generandi,
1207 3443 1329 3499 ideo
1356 3443 1552 3498 bonum
1582 3458 1705 3500 esse
1741 3445 2026 3515 laudabile,

446 3539 568 3606 quia
600 3553 664 3591 eo
689 3537 842 3590 limes
868 3535 1160 3606 praefigitur
1189 3534 1370 3589 licitus
1409 3535 1552 3590 malo
1588 3537 2027 3608 concupiscendi.

443 3629 554 3686 Cur
589 3630 732 3684 enim
773 3643 879 3682 non
919 3627 1094 3696 potius
1131 3627 1329 3682 malum
1368 3635 1620 3693 vocetur,
1661 3629 1802 3699 quod
1846 3628 2028 3687 fateris

447 3738 568 3778 esse
607 3717 959 3777 frenandum?
995 3717 1139 3785 Cur,
1179 3732 1392 3790 quaeso,
1433 3717 1780 3783 frenandum,
1820 3721 1920 3776 nisi
1961 3735 2030 3776 ne

447 3825 637 3870 noceat
663 3849 678 3874 ,
705 3811 807 3866 nisi
847 3799 927 3866 ne.
950 3810 1016 3865 ad
1056 3810 1236 3865 illicita
1265 3826 1384 3880 qua:
1413 3809 1684 3865 desiderat
1719 3811 2029 3867 relaxetur?

448 3905 516 3961 Et
544 3905 724 3974 utique
753 3901 1079 3958 desiderium
1109 3901 1236 3957 mali
1263 3901 1460 3956 malum
1488 3909 1591 3965 est,
1617 3901 1829 3956 etiamsi
1851 3904 1899 3958 ei
1923 3917 2029 3959 non

445 3996 832 4060 consentiatur,
874 3993 1046 4048 donec
1082 4007 1148 4048 eo
1185 3992 1460 4046 veniamus
1501 3992 1589 4048 ubi
1618 4006 1719 4048 nec
1747 3991 2026 4049 habeatur.

443 4085 561 4141 Non
594 4086 752 4156 igitur
789 4084 915 4156 quid
953 4084 1078 4138 boni
1115 4083 1184 4140 de
1220 4083 1654 4155 Concupiscentia
1691 4084 1872 4140 carnis
1900 4084 2028 4150 ﬁat,

445 4177 540 4232 sed
568 4177 679 4246 ipsa
709 4175 836 4242 quid
864 4174 989 4230 ntali
1021 4173 1198 4239 faciat,
1221 4174 1558 4242 cogitandum
1583 4183 1686 4228 est.
1712 4173 1848 4230 Nam
1877 4174 2032 4245 ptuli-

445 4269 572 4324 cilia
609 4266 903 4337 conjugalis
941 4265 1232 4320 inhiantem
1283 4265 1772 4335 concupiscentiam
1810 4265 1925 4322 sive
1961 4265 2031 4322 de

449 4361 637 4415 illicito
662 4361 776 4414 sive
803 4358 870 4414 de
894 4359 1039 4415 licito
1062 4358 1340 4430 percipere
1364 4358 1728 4430 voluptatem,
1761 4356 1935 4415 frenat
1961 4359 2030 4416 ab

443 4451 658 4511 illicito.
700 4451 958 4521 permittit
993 4449 1062 4505 ad
1100 4451 1302 4505 licitum
1342 4467 1358 4506 :
1398 4449 1502 4505 hoc
1539 4459 1623 4506 est
1659 4450 1882 4520 bonum,
1921 4467 2031 4508 non

440 4556 627 4601 tamen
653 4545 789 4615 ejus,
817 4545 911 4601 sed
934 4545 1070 4599 bene
1094 4545 1294 4600 utentis
1315 4543 1512 4598 bonum
1541 4553 1642 4600 est.
1675 4545 1828 4615 Quod
1851 4556 2030 4603 autem

443 4639 562 4709 ipsa
593 4636 1023 4704 concupiscentia
1054 4635 1196 4702 facit,
1224 4634 1338 4691 sive
1365 4635 1432 4690 ad
1460 4635 1660 4691 licitqu
1692 4637 1805 4694 sive
1828 4638 1896 4693 ad
1921 4638 2031 4696 illi-

443 4733 613 4787 citum
643 4727 1008 4784 indifferenter
1027 4725 1328 4792 ardescere,
1353 4725 1534 4796 utique
1561 4726 1756 4782 malum
1787 4735 1890 4784 est.
1916 4727 2030 4786 Hoc

443 4824 628 4893 itaque
665 4819 806 4875 mulo
843 4817 980 4874 bene
1017 4817 1182 4872 utitur
1210 4817 1464 4888 pudicitia
1491 4817 1807 4892 conjugalis,
1838 4821 2032 4878 melius

439 4930 552 4970 non
585 4913 750 4968 utitur
773 4909 1100 4967 continentia
1129 4908 1422 4981 virginalis.

517 5005 571 5062 8.
601 5023 621 5056 ι
639 5002 693 5059 Si
722 5015 924 5074 posset,
947 5019 966 5054 ι
994 5001 1188 5072 inquis,
1228 5018 1246 5053 ‹
1275 5001 1423 5056 calor
1441 5001 1686 5072 genitalis
1699 5001 1894 5059 malum
1911 5017 2034 5061 esse

441 5096 778 5162 naturaliter,
824 5091 1196 5162 exstirpandus
1224 5101 1372 5158 erat,
1405 5107 1512 5147 non
1547 5093 1968 5164 componendus.
2006 5113 2026 5148 ι

447 5187 582 5243 \‘ide
621 5185 1068 5259 quemadmodum
1111 5184 1324 5240 noluisti
1355 5183 1552 5253 dicere,
1597 5185 1737 5257 quod
1766 5201 1926 5256 supra
1951 5186 2034 5244 di-

444 5294 624 5345 xeras,
653 5297 674 5330 ι
698 5276 1024 5343 frenandus;
1056 5295 1076 5330 ι
1109 5276 1202 5333 sed
1225 5276 1476 5342 maluisti,
1510 5294 1534 5330 ‹
1557 5279 1978 5349 componendus.
2005 5298 2025 5334 ο

445 5371 671 5426 Sensisti
691 5371 840 5426 enim
869 5369 1011 5441 quod
1041 5385 1164 5426 eum
1195 5385 1353 5425 nemo
1388 5368 1642 5438 frenaret,
1688 5371 1790 5426 nisi
1827 5372 1916 5444 qui
1945 5388 2035 5430 re-

447 5470 743 5531 pugnaret:
773 5469 828 5516 et
847 5460 916 5516 ob
942 5459 1046 5518 hoc
1065 5469 1270 5516 mutato
1299 5461 1482 5529 verbo,
1507 5461 1696 5517 timore
1715 5461 1831 5534 ipso
1856 5462 2032 5520 fassus

443 5570 504 5610 es
533 5553 767 5614 malum.
815 5553 958 5624 quod
1013 5561 1274 5624 repugnat
1327 5553 1488 5609 bono.
1542 5555 1793 5626 Appellas
1823 5555 1840 5588 ¹
1867 5555 2030 5612 etiam

443 5644 678 5699 calorem
705 5641 1007 5709 genitalem,
1043 5643 1166 5712 quia
1214 5642 1375 5713 pudet
1417 5643 1686 5715 appellare
1731 5645 2028 5717 libidinem,

513 5813 525 5844 ι
548 5811 743 5861 Αῑείειιοῐ
764 5814 894 5862 Mss,
916 5809 1189 5870 Appetitas“.

1199 397 1475 456 CONTRA
1513 391 1854 454 JULIANUH
1895 390 2359 460 PELAGlANUM,
2401 394 2456 450 S.
2498 393 2870 452 AUGUSTINI

3594 399 3706 456 πο

2114 505 2247 568 sive,
2279 506 2415 560 sicut
2441 521 2560 562 eam
2599 506 2810 564 divinus
2857 523 3036 565 sermo
3087 495 3357 581 appellare
3399 519 3704 582 consuevit,

2114 596 2288 652 carnis
2325 598 2829 668 concupiscentiam.
2886 599 2976 656 Sic
3019 615 3147 670 ergo
3197 602 3418 672 loquere
3459 614 3516 661 et
3567 603 3704 662 dic:

2114 688 2170 745 Si
2200 697 2380 760 posset
2407 691 2584 744 carnis
2604 691 3031 761 concupiscentia
3061 693 3199 748 mala
3221 707 3343 750 esse
3368 695 3704 766 naturaliter,

2114 780 2456 850 exstirpanda
2483 791 2619 850 erat,
2643 797 2749 837 non
2779 783 3164 852 componenda.
3186 785 3276 842 Sic
3293 785 3436 841 enim
3456 799 3707 858 possunt,

2115 873 2204 944 qui
2236 873 2397 929 latine
2423 875 2634 938 sciunt,
2665 875 2924 930 tardiores
2954 874 3248 946 intelligere
3287 876 3414 948 quid
3449 876 3708 948 loquaris.

2115 963 2219 1019 Sed
2247 964 2317 1018 ita
2343 965 2442 1018 hoc
2467 963 2600 1019 dicis
2619 1005 2634 1028 ,
2662 965 2812 1032 quasi
2841 979 2944 1018 non
2971 980 3090 1020 eam
3119 966 3338 1020 mallent
3366 968 3670 1037 exstirpare
3690 1010 3710 1037 ,

2118 1055 2164 1112 si
2193 1065 2430 1126 possent,
2472 1071 2661 1111 omnes
2694 1057 2782 1126 qui
2839 1066 3124 1128 pr0pterea
3170 1059 3542 1129 cenjugantur,
3587 1061 3712 1130 quia

2119 1148 2460 1202 continentia;
2499 1147 2735 1202 laborem
2779 1164 2884 1217 quo
2912 1147 3034 1203 huic
3081 1150 3221 1204 malo
3265 1151 3551 1213 resistitur,
3603 1168 3711 1207 non

2120 1237 2330 1306 ferunt,
2353 1247 2408 1293 et
2434 1237 2556 1293 ideo
2582 1239 2786 1294 malunt
2811 1255 2876 1294 eo
2902 1239 3037 1294 bene
3063 1241 3159 1304 nti,
3190 1256 3347 1309 quam
3375 1242 3566 1297 melius
3591 1258 3712 1298 om-

2121 1329 2248 1384 nino
2268 1345 2373 1383 non
2398 1330 2493 1384 uti.
2521 1329 2626 1384 Sed
2652 1331 2695 1384 si
2725 1329 2775 1384 in
2803 1345 3028 1399 corpore
3063 1330 3249 1385 mortis
3274 1330 3431 1402 hujus
3461 1331 3564 1388 hoc
3589 1350 3716 1390 ma-

2121 1421 2230 1476 lum
2259 1423 2618 1477 necessarium
2647 1430 2734 1478 est
2761 1423 3054 1492 conjugatis
3074 1463 3089 1488 ,
3135 1425 3256 1494 quia
3295 1425 3411 1479 sine
3461 1426 3552 1480 illo
3596 1426 3712 1482 fieri

2122 1527 2229 1567 non
2259 1522 2431 1583 potest
2459 1513 2654 1568 bonum
2692 1513 3087 1584 generationis;
3139 1515 3473 1570 continentes
3520 1522 3713 1572 exstir-

2124 1614 2251 1674 pent
2274 1605 2756 1674 concupiscentiam
2785 1607 2987 1662 carnis.
3018 1605 3098 1662 Tu
3141 1605 3276 1678 ipse,
3309 1615 3364 1661 tu
3407 1607 3497 1676 qui
3523 1603 3712 1678 loque-

2124 1695 2220 1763 ris,
2240 1711 2338 1751 nec
2365 1695 2491 1767 quid
2522 1697 2755 1768 loquaris
2781 1697 3034 1764 attendis,
3070 1699 3301 1768 exstirpa
3331 1697 3601 1754 libidinem
3646 1699 3716 1757 de

2124 1789 2384 1846 membris
2413 1791 2536 1844 tuis.
2567 1788 2684 1846 Non
2715 1791 2857 1845 enim
2885 1800 2940 1845 et
2985 1791 3082 1844 tibi
3127 1793 3427 1847 necessaria
3466 1803 3580 1858 est;
3623 1802 3717 1848 aut

2125 1879 2264 1936 bona
2317 1889 2442 1936 sunt
2467 1881 2583 1952 ejus
2607 1882 2890 1950 desideria,
2924 1881 3118 1954 quibus
3159 1883 3204 1937 si
3247 1885 3586 1940 consenseris
3628 1886 3714 1941 vel

2125 1972 2373 2035 cesseris,
2405 1972 2666 2027 iuteribis.

2197 2062 2250 2118 9.
2293 2063 2458 2118 Porro
2483 2063 2528 2118 si
2553 2064 2750 2119 malum
2805 2073 2888 2119 est
2935 2065 2989 2119 in
3028 2072 3088 2120 te
3120 2065 3207 2120 cui
3252 2079 3536 2136 repugnas,
3571 2067 3712 2137 quod

2127 2170 2422 2225 oppugnas,
2453 2155 2594 2226 quod
2623 2171 2746 2211 cum
2777 2157 2946 2212 vincis
2969 2172 3273 2228 expugnas;
3306 2157 3410 2214 hoc
3438 2159 3576 2214 malo
3601 2175 3716 2215 me-

2129 2246 2232 2302 lius
2265 2262 2370 2301 non
2408 2247 2594 2313 uteris,
2623 2262 2732 2318 quo
2769 2248 2911 2303 malo
2948 2248 3084 2304 bene
3113 2250 3392 2316 utuntur‘,
3427 2251 3477 2304 in
3526 2251 3715 2321 quibus

2129 2335 2231 2391 hoc
2257 2337 2453 2392 bonum
2485 2353 2604 2393 esse
2632 2339 2945 2404 contendis;
2967 2339 3052 2394 ubi
3081 2337 3319 2410 profecto
3342 2341 3606 2407 mentiris,
3623 2350 3717 2397 aut

2129 2425 2348 2482 falleris.
2379 2427 2562 2498 Neque
2581 2429 2722 2484 enim
2748 2429 2984 2484 dicturus
3011 2444 3092 2496 es,
3111 2429 3162 2484 in
3184 2430 3498 2501 conjugibns
3516 2430 3716 2487 bonum

2129 2532 2249 2574 esse
2291 2519 2588 2585 libidinem,
2617 2520 2667 2575 in
2702 2521 2904 2578 sanctis
2939 2531 3116 2576 autem
3161 2521 3243 2576 vel
3297 2521 3588 2592 virginibus
3633 2522 3719 2578 vel

2129 2611 2524 2666 continentibus
2551 2613 2768 2667 malum.
2792 2613 2906 2669 lam
2931 2612 3254 2670 sententiam
3274 2623 3519 2669 tenemus
3547 2624 3714 2682 tuam,

2131 2703 2219 2758 ubi
2244 2703 2404 2758 aisti:
2441 2690 2936 2776 (Concupiscentia:
2973 2706 3228 2762 naturalis
3263 2707 3358 2778 qui
3387 2707 3605 2762 modum
3639 2718 3719 2764 te-

2130 2805 2243 2862 net,
2286 2795 2428 2851 bouo
2461 2795 2598 2851 bene
2635 2797 2831 2864 utitur;
2857 2798 2944 2868 qui
2986 2797 3201 2852 modum
3232 2813 3336 2852 non
3365 2807 3544 2863 tenet,
3575 2797 3720 2854 bono

2131 2888 2272 2943 male
2297 2887 2466 2942 utitur
2496 2905 2509 2942 :
2542 2890 2632 2958 qui
2659 2898 2837 2944 autem
2866 2889 3027 2944 etiam
3049 2890 3221 2960 ipsum
3250 2889 3491 2956 modum,
3519 2900 3720 2946 sancta

2131 2980 2449 3052 virginitatis
2494 2997 2676 3039 amore
2723 2986 3138 3054 contempserit,
3181 2984 3325 3040 bono
3367 2986 3560 3041 melius
3611 3001 3721 3048 non

2131 3072 2670 3138 utitur;conlidentia
2699 3075 2896 3146 quippe
2935 3091 3046 3132 sua:
3075 3077 3284 3141 salutis,
3321 3096 3341 3130 υ
3385 3077 3580 3148 inquis,
3617 3096 3640 3132 ι
3666 3087 3722 3134 et

2131 3166 2341 3222 roboris
2361 3169 2686 3240 contempsit
2714 3169 2953 3226 remedia
2981 3211 2997 3237 ,
3025 3168 3333 3242 ut'gloriosa
3357 3183 3539 3242 posset
3565 3187 3724 3228 excr—

2131 3271 2256 3314 cere
2285 3257 2596 3314 certamina.
2623 3279 2642 3313 ι
2671 3260 2762 3314 llis
2781 3260 2962 3316 verbis
2986 3261 3088 3316 tttis
3115 3261 3232 3316 sine
3254 3262 3600 3334 ambiguitate
3623 3262 3723 3319 de-

2131 3348 2322 3416 claras,
2349 3351 3031 3420 concupiscentiamcarnis
3059 3352 3160 3408 hoc
3189 3354 3210 3385 ⁸
3237 3367 3358 3409 esse
3381 3354 3434 3408 in
3459 3354 3720 3425 utrisque,

2133 3438 2186 3494 id
2209 3448 2312 3504 est,
2335 3449 2390 3494 et
2418 3440 2716 3511 conjugatis
2743 3453 2798 3496 et
2821 3442 3238 3498 co:.tinentibus.
3269 3441 3386 3510 Quo
3419 3445 3563 3498 enim
3592 3458 3723 3500 eon-

2124 3530 2294 3602 jugati
2313 3531 2452 3588 bene
2479 3542 2722 3600 utuntur,
2751 3543 2806 3588 et
2835 3535 3173 3590 continentes
3199 3535 3388 3590 melius
3431 3550 3539 3592 non
3564 3545 3723 3592 utun-

2133 3630 2240 3685 tur.
2269 3623 2464 3678 bonum
2496 3633 2551 3679 tu
2578 3625 2732 3688 dicis.
2763 3641 2862 3696 ego
2883 3627 3078 3681 malum
3109 3644 3123 3681 :
3151 3626 3248 3683 sed
3289 3626 3344 3682 in
3371 3629 3573 3684 sanctis
3615 3629 3720 3684 vir-

2131 3712 2343 3784 ginibus
2369 3725 2425 3770 et
2452 3715 2848 3771 continentibus
2873 3716 3048 3772 carnis
3067 3718 3499 3788 concupiscentia
3525 3718 3723 3774 malum

2133 3818 2194 3860 se
2222 3819 2343 3860 esse
2371 3803 2692 3872 manifestat,
2715 3815 2901 3862 contra
2919 3823 3076 3878 quam
3103 3807 3284 3863 fateris
3311 3823 3408 3865 eos
3437 3808 3460 3841 ³
3485 3827 3505 3860 ο
3529 3808 3728 3878 glorio-

2133 3911 2193 3952 sa
2217 3913 2471 3955 exercere
2509 3899 2802 3955 certamina
2830 3915 2844 3952 :
2883 3919 2902 3952 ι
2930 3899 3112 3970 procul
3141 3899 3304 3956 dubio
3337 3916 3466 3971 ergo
3497 3917 3601 3957 non
3629 3901 3727 3956 bo-

2134 4003 2222 4054 no,
2257 3988 2352 4044 sed
2380 3988 2523 4044 malo
2549 3989 2740 4046 melius
2766 4004 2871 4045 non
2913 4000 3154 4046 utuntur.
3180 3984 3299 4046 Hoc
3327 3991 3488 4062 igitur
3515 4000 3723 4048 utentes

2133 4077 2406 4149 conjuges,
2435 4093 2536 4135 nec
2565 4079 2664 4151 ipsi
2694 4080 2876 4150 utique
2902 4081 3064 4146 bono,
3093 4081 3188 4138 sed
3217 4082 3361 4138 malo
3385 4083 3524 4138 bene
3566 4093 3727 4138 utun-

2137 4176 2239 4222 tur.
2262 4169 2490 4226 Proinde
2511 4179 2616 4225 tota
2645 4171 3004 4228 controversia
3031 4188 3135 4226 non
3164 4174 3422 4229 remansit
3443 4173 3516 4244 (si
3544 4183 3722 4232 tamen

2133 4261 2392 4316 remansit
2413 4261 2634 4335 aliqua),
2665 4263 2767 4318 nisi
2795 4276 2970 4318 utrum
3013 4265 3065 4319 in
3099 4265 3178 4320 eis
3222 4266 3313 4335 qui
3341 4266 3723 4322 continentiam

2135 4351 2246 4408 Deo
2277 4363 2552 4420 voverunt,
2583 4354 2780 4410 bonum
2810 4356 2882 4410 sit
2907 4357 3006 4410 ista
3025 4355 3092 4412 de
3117 4371 3221 4426 qua
3245 4357 3578 4427 disputamus
3596 4373 3726 4412 eon-

2135 4446 2458 4516 cupiscentia
2507 4447 2704 4516 carnis,
2749 4462 2819 4502 an
2868 4449 3088 4505 malum.
3125 4448 3278 4519 Quod
3327 4449 3471 4504 cutim
3529 4449 3720 4504 borum

2135 4535 2358 4593 duorum
2387 4548 2654 4608 repertum
2682 4540 2737 4595 in
2776 4540 2860 4596 bis
2899 4540 3078 4606 fuerit,
3111 4539 3213 4596 hoc
3239 4548 3294 4595 ct
3323 4541 3375 4595 in
3413 4540 3728 4611 coniugibus

2134 4627 2726 4701 apparebit:quoniam
2757 4629 2860 4686 hoc
2897 4630 2974 4685 illi
3016 4631 3154 4687 bene
3199 4637 3438 4694 utuntur,
3480 4646 3586 4702 quo
3637 4630 3728 4686 isti

2135 4721 2326 4776 melius
2357 4736 2462 4778 non
2500 4731 2739 4778 utuntur.
2787 4722 2991 4794 Collige
3023 4724 3204 4795 itaque
3233 4734 3370 4780 tetas
3405 4723 3550 4779 vires
3584 4724 3729 4779 acuti

2135 4812 2213 4866 tui
2237 4811 2438 4881 cordis,
2465 4828 2528 4870 ac
2563 4813 2744 4870 libera:
2769 4812 2981 4879 frontis,
3027 4823 3084 4870 et
3132 4815 3270 4870 aude
3311 4814 3639 4885 respondere
3678 4815 3730 4870 si

2139 4911 2314 4972 potes,
2369 4903 2473 4958 hoc
2519 4903 2718 4959 bonum
2771 4905 3044 4971 esse,eui,
3088 4904 3227 4960 sicut
3267 4903 3406 4960 libro
3447 4905 3731 4976 superiore

2135 4995 2410 5052 confessus
2435 5010 2515 5063 es,
2547 5015 2567 5050 ι
2593 4997 2969 5066 Apostolorum
2991 4997 3132 5068 legio
3151 4998 3465 5071 repugnavit
3493 5014 3512 5054 :
3542 5017 3566 5052 ι
3593 4997 3730 5054 mihi

2137 5087 2342 5144 scilicet
2391 5088 2743 5159 exprobrans,
2787 5088 2934 5161 quod
2985 5107 3005 5142 ι
3038 5099 3221 5172 tantas.
3248 5108 3268 5143 ι
3327 5103 3451 5146 esse
3498 5089 3730 5146 dixerim

2143 5199 2164 5234 ι
2191 5180 2424 5237 libidinis
2449 5181 2610 5250 vires,
2640 5189 2699 5237 ut
2734 5181 2783 5238 ei
2812 5196 2913 5237 nec
2949 5181 3327 5251 Apostolorum
3374 5181 3514 5253 legio
3563 5197 3732 5254 repu-

2134 5273 2410 5344 gnaverit;
2441 5290 2461 5326 ι
2492 5268 2613 5328 etim
2642 5275 2818 5344 potius
2847 5287 2944 5344 pro
2967 5287 3126 5330 causa
3153 5287 3272 5328 mea
3301 5271 3502 5338 faciat,
3524 5271 3650 5342 quia
3675 5273 3730 5327 ei

2137 5363 2280 5420 malo
2303 5362 2446 5435 quod
2477 5374 2532 5419 tu
2555 5365 2754 5420 bonum
2781 5364 2934 5432 dicis,
2960 5363 3100 5436 legio
3125 5377 3234 5419 non
3257 5362 3730 5435 qualiumcumque

2202 5521 2219 5554 ί
2255 5519 2582 5594 ιςιιιαιιιιριιο
2613 5518 2918 5594 emathiam
2940 5527 3046 5594 tres
3076 5519 3406 5594 πωιιξαιιίριι,
3437 5529 3631 5570 nomon
3664 5518 3727 5566 ad

2135 5583 2406 5644 marginem
2426 5583 2653 5633 editionis
2673 5591 2796 5642 Am.,
2818 5595 2912 5646 quo
2931 5581 3059 5632 malo
3073 5595 3169 5632 non
3189 5587 3405 5631 utwuur.

2201 5645 2222 5677 ³
2257 5646 2578 5708 mvanienses
2599 5652 2974 5708 expunxerunt.
3007 5643 3368 5708 hocttanquam
3404 5641 3704 5708 superﬂuum

2136 5711 2301 5766 Exstat
2332 5713 2498 5766 tamen
2535 5707 2585 5754 in
2626 5701 2820 5758 caeteris
2859 5701 2968 5758 fere
3003 5701 3413 5766 omnibus'libris,
3456 5701 3509 5755 et
3542 5707 3731 5766 quine

2138 5764 2350 5816 refertur
2373 5765 2449 5824 ad,
2485 5765 2674 5816 bonum.

2205 5829 2224 5862 ⁸
2255 5834 2354 5877 nuo
2377 5833 2504 5890 uss,
2527 5841 2625 5881 eas.
