4014 6184
327 393 425 450 Ἠι

320 514 648 566 sanctorum,
685 500 780 557 sed
806 501 1042 572 ipsorum
1070 515 1280 573 quoque
1322 499 1634 572 repugnavit
1685 503 1916 571 Aposto-

323 597 518 650 lorum.
550 591 647 649 Cui
684 593 826 648 malo
853 602 1062 649 tantum
1099 591 1260 649 licere
1288 606 1464 663 posse,
1495 591 1616 662 quis
1639 591 1919 660 crederet,

320 699 380 741 ut
401 687 500 742 sibi
526 684 857 742 laudatorem
882 684 1044 741 etiam
1072 683 1142 740 de
1169 684 1280 740 suis
1305 682 1760 754 expugnatoribus
1784 696 1917 752 pro-

319 777 561 833 videret?
587 776 740 833 Absit
790 775 1029 846 quidem,
1078 786 1137 830 ut
1178 778 1515 846 antiquorum
1554 774 1788 845 aliquem
1835 775 1919 831 vel

320 872 694 942 Apostolorum
718 911 733 937 ,
764 870 849 925 vel
875 884 1208 941 quorumque
1236 878 1543 925 sanctorum
1568 869 1922 925 :mirabiliter

322 972 523 1025 tamen,
550 961 670 1031 quia
699 960 784 1015 vel
809 976 1127 1031 quemquam
1171 961 1542 1015 haereticorum
1585 960 1603 993 ⁸
1632 974 1917 1026 novorum,

321 1054 408 1122 qui
441 1052 599 1107 simul
640 1061 923 1121 utrumque
957 1066 1015 1107 se
1050 1066 1169 1107 esse
1196 1051 1504 1121 proﬁteatur
1532 1050 1921 1120 inexplicabili-

322 1145 421 1200 bus
485 1143 702 1209 modis,
758 1152 1175 1214 expugnatorem
1227 1143 1430 1198 scilicet
1477 1140 1921 1210 defensoremque

321 1234 588 1299 libidinis;
613 1243 916 1289 eteonetur
940 1232 1226 1288 ostendere
1254 1247 1477 1287 manens
1506 1233 1560 1286 in
1592 1231 1782 1286 bznresi
1814 1231 1919 1286 Pe-

324 1325 551 1394 lagiana.
577 1332 632 1378 et
663 1338 727 1379 ex
756 1323 938 1377 animo
962 1338 1021 1377 se
1045 1322 1258 1377 laudare
1279 1321 1418 1392 quod
1462 1321 1636 1392 ipsum
1661 1321 1779 1390 ejus
1807 1320 1923 1374 ani-

324 1428 468 1469 mum
495 1415 597 1469 nisi
626 1423 959 1485 expugnetur
981 1412 1195 1479 occidit,
1226 1421 1283 1468 et
1308 1429 1375 1468 ex
1404 1414 1582 1468 animo
1607 1426 1914 1483 expugnare

322 1503 463 1574 quod
485 1503 600 1572 ejus
622 1503 812 1574 dogma
833 1504 932 1558 nisi
959 1501 1203 1557 laudetur
1227 1501 1479 1557 absumit.

398 1594 484 1647 10.
518 1593 687 1663 Rogo,
716 1593 761 1646 si
811 1601 896 1646 est
932 1594 985 1646 in
1031 1592 1182 1646 vobis
1224 1591 1364 1646 ullus
1409 1606 1599 1647 sensus
1637 1591 1919 1659 humanus,

323 1698 452 1739 num
481 1695 651 1754 potest
672 1692 727 1739 et
753 1684 949 1738 malum
977 1698 1098 1739 esse
1139 1693 1422 1753 peccatum
1445 1726 1459 1749 ,
1481 1693 1534 1739 et
1562 1684 1759 1738 bonum
1793 1672 1923 1739 Esse

324 1775 630 1831 desiderare
682 1774 1000 1843 peccatum?
1030 1774 1166 1840 Quid
1194 1775 1339 1829 enim
1370 1774 1478 1845 agit
1507 1774 1559 1828 in
1589 1788 1751 1829 carne
1792 1789 1921 1828 san-

326 1876 530 1924 ctorum
546 1868 928 1923 continentium
952 1866 1051 1921 ista
1077 1866 1527 1935 concupiscentia,
1554 1866 1653 1919 nisi
1686 1878 1918 1934 peccan-

325 1958 657 2015 didesideria
678 1975 693 2024 ;
718 1959 912 2032 quibus
952 1972 1061 2013 non
1100 1959 1497 2013 consentientes
1532 1976 1553 2010 ι
1587 1964 1861 2021 exercent,
1896 1974 1916 2010 ι

329 2058 387 2105 ιιι
411 2049 700 2115 ctiniiteris,
727 2067 747 2102 ι
770 2049 998 2119 gloriosa
1023 2047 1370 2115 certaminaJ
1399 2067 1418 2101 ι
1450 2046 1633 2118 Neque
1651 2047 1794 2101 enim
1811 2044 1924 2101 sal-

330 2152 434 2196 tem
455 2140 700 2197 connubii
726 2138 1043 2194 desiderium
1076 2139 1127 2193 in
1185 2138 1274 2194 illa
1319 2138 1660 2193 continentia:
1712 2134 1922 2207 profes-

329 2232 479 2286 sione
502 2239 675 2301 potest
700 2244 820 2286 esse
852 2245 958 2285 non
993 2229 1214 2284 malum.
1243 2226 1381 2295 Quid
1401 2243 1528 2298 ergo
1552 2227 1657 2281 illic
1682 2227 1808 2296 agit,
1832 2224 1922 2279 ubi

331 2323 531 2376 malum
560 2330 639 2376 est
666 2319 921 2391 quidquid
947 2319 1089 2390 agit;
1130 2333 1195 2373 ac
1245 2317 1291 2372 si
1334 2317 1384 2372 ei
1428 2315 1812 2382 consentiatur,
1868 2322 1923 2369 et

332 2414 573 2485 peragit?
597 2414 731 2482 Quid
759 2415 831 2469 ihi
872 2413 981 2484 agit
1012 2413 1126 2466 haec
1170 2410 1626 2480 concupiscentia,
1657 2409 1745 2464 ubi
1789 2408 1923 2464 nihil

336 2505 460 2560 boni
487 2504 876 2575 concupiscitur
898 2519 960 2558 ex
1001 2503 1126 2558 illa?
1152 2501 1288 2570 Quid
1331 2501 1403 2557 ibi
1437 2501 1545 2571 agit
1588 2500 1775 2564 libido,
1830 2498 1922 2554 ubi

336 2598 466 2652 nihil
490 2598 612 2652 boni
635 2596 818 2652 libebit
842 2611 906 2651 ex
935 2595 1066 2650 illa?
1087 2594 1199 2650 Non
1230 2595 1531 2664 importune
1548 2591 1601 2646 in
1631 2590 1925 2661 coniugatis

338 2705 457 2745 esse
480 2690 686 2745 dicatur
712 2707 726 2742 :
752 2690 795 2743 si
813 2689 953 2743 enim
993 2702 1261 2743 summum
1299 2685 1509 2740 culmen
1547 2685 1788 2740 obtinent
1826 2699 1925 2754 pu-

338 2780 533 2837 dicitia:
576 2780 886 2850 coniugalis,
935 2776 1138 2834 faciunt
1178 2778 1304 2833 boni
1357 2775 1554 2845 aliquid
1608 2791 1704 2846 per
1755 2775 1921 2841 illam,

342 2874 586 2945 quamvis
607 2873 733 2927 nihil
764 2871 956 2926 faciant
980 2878 1197 2942 propter
1225 2868 1390 2923 illam.
1419 2866 1475 2922 ln
1510 2866 1709 2921 sanctis
1746 2874 1923 2919 autem

342 2963 635 3033 virginibus
653 2972 706 3018 et
725 2962 1115 3017 continentibus
1137 2960 1261 3030 quid
1282 2961 1408 3030 agit,
1433 2959 1656 3013 obsecro
1688 2966 1770 3020 te;
1799 2955 1926 3027 quid

343 3055 450 3125 agit
496 3063 583 3108 tua
637 3055 734 3108 ista
782 3062 1048 3122 suscepta,
1070 3066 1189 3105 cum
1212 3051 1410 3121 desipis
1434 3052 1489 3115 ²;
1521 3048 1847 3113 adversaria,
1879 3047 1925 3102 si

346 3147 518 3215 sapis;
551 3144 677 3214 quid
707 3145 833 3215 agit,
863 3144 952 3198 ubi
997 3142 1129 3197 nihil
1154 3142 1276 3197 boni
1305 3142 1413 3213 agit
1448 3140 1584 3211 ipsa,
1618 3138 1749 3194 nihil
1799 3138 1924 3197 boni

346 3237 521 3306 agitur
544 3236 611 3290 dc
634 3235 937 3306 ipsa?'Quitl
969 3234 1074 3305 agit
1123 3233 1174 3287 in
1202 3233 1299 3298 eis,
1332 3232 1387 3287 in
1436 3231 1630 3302 quibus
1670 3228 1927 3300 quidquid

348 3326 637 3383 secundum
670 3328 835 3396 ipsam
861 3309 1271 3395 concupiscitur,
1301 3322 1496 3378 malum
1518 3322 1638 3377 est?
1665 3321 1802 3390 Quid
1820 3321 1929 3391 agit

347 3416 400 3472 in
425 3418 524 3481 eis,
554 3431 687 3486 quos
714 3426 897 3470 contra
920 3429 978 3469 se
997 3413 1270 3483 compellit
1293 3413 1510 3483 vigil-tre
1538 3419 1697 3480 atque
1726 3425 1929 3480 pugna-

348 3521 408 3563 re
438 3516 529 3571 ;et
555 3506 598 3562 si
619 3505 831 3577 quando
855 3505 921 3559 ab
946 3505 1025 3559 eis
1054 3505 1218 3557 ullum
1259 3503 1344 3558 vel
1376 3503 1428 3557 in
1470 3500 1672 3556 somnis
1725 3500 1930 3555 furatur

348 3612 644 3662 assensum,
669 3611 790 3651 cum
820 3595 1204 3666 evigilavrrint.
1223 3608 1438 3665 gemere
1465 3601 1521 3648 et
1545 3592 1684 3646 inter
1703 3591 1930 3662 gemitus

347 3688 547 3755 dicere,
602 3688 863 3753 Quomodo
897 3686 1102 3757 impleta
1135 3694 1207 3740 est
1247 3685 1417 3739 anima
1454 3700 1565 3737 mea
1609 3681 1930 3737 illusiom‘bus

346 3778 521 3849 (Prol.
546 3793 747 3839 xxxvn,
774 3776 829 3849 8)
853 3776 875 3829 ?
903 3776 1035 3844 Quia
1059 3790 1180 3830 cum
1209 3766 1411 3843 sopitos
1434 3771 1693 3828 deludunt
1720 3773 1927 3827 sonmia

347 3882 538 3923 sensus
564 3868 657 3939 (a),
682 3867 863 3921 nescio
912 3864 1183 3937 quomodo
1228 3865 1386 3919 etiam
1441 3869 1604 3917 castae
1645 3861 1835 3915 anima:
1875 3861 1928 3915 in

347 3969 533 4032 turpes
571 3959 821 4014 labuntur
844 3972 1129 4022 assensus;
1156 3970 1277 4027 qum
1306 3954 1353 4010 si
1384 3953 1673 4023 imputaret
1719 3951 1930 4006 Altissi-

349 4068 493 4119 mus,
521 4053 639 4122 quis
668 4052 870 4107 viveret
890 4049 1103 4106 castus?

422 4145 511 4198 ll.
550 4144 663 4199 Hoc
683 4158 810 4215 ergo
829 4143 1048 4209 malum,
1070 4139 1212 4212 quod
1242 4153 1350 4194 non
1364 4136 1604 4193 dicturus
1621 4149 1682 4191 es
1706 4135 1926 4200 bonum,

347 4236 452 4291 nisi
483 4236 742 4291 adversus
770 4250 983 4291 omnem
1003 4232 1239 4289 veritatis
1260 4231 1438 4287 tubam
1468 4229 1545 4284 sic
1560 4226 1927 4294 obsurdueris,

350 4336 410 4383 ut
434 4328 632 4383 clames
661 4327 857 4382 bonum
883 4340 1001 4381 csse
1030 4324 1403 4393 concupiscere
1433 4320 1651 4387 malum,
1670 4318 1809 4390 quod
1832 4332 1931 4374 nec

351 4417 491 4471 inter
512 4418 701 4471 surdos
726 4416 902 4471 dicere
929 4415 1147 4470 audebis
1175 4431 1188 4468 :
1213 4414 1330 4479 hoc,
1359 4413 1594 4482 inquam,
1618 4410 1814 4465 malum
1830 4424 1928 4465 cur

350 4523 459 4563 non
488 4509 814 4578 exstirpatur
849 4508 915 4562 de
947 4507 1332 4563 continentium
1376 4520 1539 4561 carne
1582 4502 1931 4560 sanctorum?

349 4597 463 4652 Cur
487 4614 591 4653 non
620 4617 641 4651 ι
666 4608 831 4653 totum
861 4614 1023 4669 opere
1051 4597 1246 4653 mentis
1278 4595 1551 4652 aufertur?
1580 4614 1598 4648 ι
1633 4595 1745 4651 Hoc
1785 4596 1930 4651 enim

350 4686 487 4742 dicis
516 4707 536 4740 ι
563 4687 679 4743 ﬁeri
708 4688 976 4755 debuisse,
1006 4688 1053 4743 si
1091 4688 1287 4743 malum
1314 4697 1478 4744 esset.
1512 4706 1532 4741 ι
1566 4688 1633 4743 Ει
1660 4687 1780 4757 quia
1823 4702 1931 4741 non

352 4781 411 4835 ﬁt
448 4782 500 4836 in
538 4782 852 4853 coniugatis,
883 4781 974 4837 ubi
1007 4781 1128 4851 ejus
1183 4780 1375 4835 modus
1400 4779 1422 4812 ⁸
1447 4788 1528 4835 est
1576 4778 1928 4845 necessarius,

351 4872 473 4927 ideo
501 4883 654 4942 putas
673 4873 871 4927 bonum
895 4886 911 4925 :
939 4886 1060 4926 eum
1076 4869 1274 4936 videas,
1309 4862 1408 4925 nec
1432 4870 1502 4925 ibi
1533 4868 1642 4924 ﬁeri
1675 4867 1764 4922 ubi
1811 4882 1928 4923 mo-

348 4964 453 5021 dus
479 4966 594 5036 ejus
622 4966 797 5022 nullus
816 4975 898 5021 est
926 4966 1280 5029 necessarius,
1313 4973 1367 5020 et
1399 4964 1453 5019 in
1496 4971 1750 5034 quantum
1792 4961 1933 5017 inest

350 5066 528 5123 nocet,
560 5058 657 5113 etsi
684 5073 790 5113 non
813 5057 879 5113 ad
912 5056 1240 5127 perdendum
1265 5056 1332 5111 de
1360 5064 1503 5112 sorte
1528 5063 1852 5113 sanctorum.
1880 5054 1929 5109 si

351 5163 458 5202 non
491 5147 541 5203 ei
579 5148 944 5203 conscntiatur
963 5189 979 5215 ,
1005 5156 1184 5203 tamen
1213 5146 1278 5202 ad
1306 5146 1643 5201 minuendam
1674 5145 1930 5215 spiritua-

352 5240 455 5293 lem
482 5238 888 5294 delectationem
916 5248 1220 5294 sanctarum
1235 5237 1525 5303 mentium;
1555 5236 1699 5292 illam
1727 5236 1932 5293 scilicet

348 5328 418 5385 de
433 5345 535 5399 qua
551 5331 681 5386 dicit
703 5332 1005 5401 Apostolus,
1023 5329 1349 5387 Condelector
1370 5330 1501 5384 enim
1524 5328 1620 5400 legi
1642 5326 1738 5383 Dei
1756 5344 1933 5383 secun-

348 5420 473 5474 dum
495 5420 781 5477 interiorem
801 5422 1051 5477 hominem
1076 5420 1252 5495 (Rom.
1273 5434 1371 5487 vtt,
1401 5410 1522 5491 22).
1541 5417 1665 5474 llzec
1696 5416 1933 5473 delecta-

416 5556 432 5585 ¹
468 5556 540 5603 Sic
570 5562 667 5619 Am2
695 5562 747 5619 et
764 5562 870 5619 uss.
898 5562 949 5604 Αι
971 5560 1047 5604 Er.
1073 5559 1278 5619 et_t.ov.,
1302 5549 1377 5603 vel
1403 5559 1935 5619 quorwncumquesan-

349 5622 537 5665 clarum
565 5628 582 5665 :
603 5615 884 5677 mirabiliter
902 5621 1076 5677 ωηιξη,
1101 5614 1144 5666 si
1162 5612 1233 5665 rei
1255 5609 1539 5677 quamquam
1572 5609 1928 5661 haereticorum.

415 5679 436 5709 ι
469 5677 634 5735 tglures
660 5686 785 5736 Mss,
806 5676 851 5727 si
871 5675 1067 5737 desipis.

415 5740 437 5771 ³
459 5734 577 5787 tres
598 5752 628 5788 e
652 5734 794 5788 \‘atie.
819 5745 944 5787 Mss.
971 5734 1048 5787 hic
1071 5745 1122 5788 et
1137 5734 1277 5792 infra,
1301 5740 1469 5784 nullus.

415 5802 485 5862 (α)
520 5798 693 5851 allusit)
716 5801 774 5849 ad
801 5797 1060 5860 tirgilittzn,
1089 5796 1271 5847 .lzueid.
1306 5796 1376 5859 lO,
1403 5808 1529 5847 vers.
1557 5793 1666 5842 (ΗΞ.

1645 368 1855 443 Lmen
1882 390 2226 456 QUARTUS.

3509 404 3614 459 76⁵3

2030 502 2102 557 tio
2129 501 2366 571 profecto
2394 504 2664 568 minuitur,
2697 507 2907 576 quando
2926 508 3029 564 etsi
3049 524 3154 565 non
3175 511 3242 568 ad
3261 512 3604 588 explendam,

2026 604 2172 651 certe
2196 595 2260 650 ad
2285 597 2689 667 oppugnandam
2716 600 2943 656 carnalis
2980 606 3466 675 concupiscentiam
3511 624 3609 663 vo-

2026 686 2263 757 luptatis,
2299 687 2546 743 bellantis
2578 691 2787 745 animus
2818 702 3128 761 occupatur,
3176 704 3233 750 et
3279 695 3350 750 ita
3393 708 3610 755 exercet

2025 779 2257 849 gloriosa
2311 782 2626 850 certamina,
2672 792 2733 837 ut
2781 797 2813 838 a
2864 783 3216 841 delectatione
3267 788 3609 861 intelligibilis

2027 868 2435 938 pulchritudinis
2479 871 2607 941 ipsis
2637 874 3017 930 certaminibus
3052 887 3322 933 avocetur.
3350 879 3454 935 Sed
3485 887 3606 951 quia

2027 956 2082 1012 in
2113 957 2210 1012 ista
2239 959 2465 1014 humana
2493 962 2706 1017 miseria
2737 963 2886 1033 pejor
2915 963 3085 1019 hostis
3125 976 3205 1020 est
3245 970 3477 1024 cavenda
3517 966 3610 1026 su-

2028 1045 2234 1116 perbia,
2273 1047 2396 1103 ideo
2440 1051 2691 1104 nimirum
2743 1067 2846 1106 non
2895 1055 3104 1123 penitus
3148 1058 3501 1126 exstinguitur
3558 1061 3608 1115 in

2026 1151 2190 1193 carne
2218 1140 2605 1196 continentium
2631 1152 2932 1221 sanctorum
2957 1145 3053 1198 ista
3074 1148 3522 1216 Concupiscentia,
3552 1160 3608 1206 ut

2027 1227 2154 1283 dum
2200 1241 2464 1300 pugnatur
2490 1233 2744 1286 adversus
2783 1249 2922 1299 eam,
2975 1236 3333 1302 periculorum
3386 1253 3605 1295 suorum

2027 1320 2238 1374 animus
2282 1320 2633 1376 admoneatur
2652 1362 2667 1384 ,
2701 1338 2768 1377 ne
2792 1338 3012 1378 securus
3042 1324 3284 1390 inﬁetur;
3313 1327 3484 1383 donec
3508 1330 3608 1384 hu-

2022 1423 2184 1462 mana
2214 1407 2470 1479 fragilitas
2490 1410 2556 1464 ad
2584 1412 3192 1481 tantamperlectioucm
3222 1418 3494 1485 perveniat
3519 1435 3608 1475 sa-

2028 1501 2229 1568 nitatis,
2249 1502 2338 1556 ubi
2358 1503 2496 1558 nulla
2520 1505 2744 1572 putredo
2760 1505 3006 1568 lascivim,
3031 1506 3206 1562 nullus
3226 1519 3400 1564 tumor
3419 1526 3607 1578 super-

2026 1589 2128 1646 bire
2161 1591 2486 1647 formidetur.
2521 1593 2608 1649 Sic
2626 1595 2794 1649 virtus
2824 1596 2874 1648 in
2902 1597 3207 1653 inﬁrmitate
3242 1600 3511 1667 perﬁcitur
3542 1603 3608 1672 (lt

2026 1680 2145 1737 Car.
2165 1698 2259 1745 xit,
2291 1682 2346 1749 9)
2381 1702 2396 1739 :
2427 1685 2548 1753 quia
2580 1695 2631 1740 et
2660 1700 2894 1757 pugnare
2930 1687 3251 1745 inﬁrmitatis
3269 1700 3369 1745 est.
3400 1694 3608 1759 Quanto

2026 1775 2169 1828 enim
2183 1776 2404 1846 quisque
2420 1777 2583 1830 vincit
2609 1776 2831 1837 facilius.
2854 1787 2999 1833 tanto
3020 1792 3216 1851 pugnat
3236 1783 3428 1837 minus.
3449 1784 3504 1838 lu
3522 1799 3607 1841 se-

2026 1865 2440 1936 metipsoautem
2460 1869 2578 1938 quis
2601 1880 2877 1938 pugnaret,
2909 1871 2952 1925 si
2983 1871 3110 1925 nihil
3136 1888 3201 1927 ex
3229 1876 3609 1944 semetipsuei-

2027 1954 2147 2011 dem
2170 1959 2524 2028 repugnaret?
2548 1959 2611 2013 Et
2631 1960 2755 2030 quid
2776 1960 2928 2015 nobis
2948 1974 3204 2033 repugnat
3222 1980 3286 2019 ex
3311 1966 3487 2031 nobis,
3506 1967 3608 2023 nisi

2026 2046 2167 2115 quod
2187 2047 2359 2102 adhuc
2377 2058 2591 2103 curatur
2617 2059 2673 2103 ut
2701 2061 2918 2105 sanetur
2948 2052 3001 2105 in
3046 2053 3237 2107 nobis?
3257 2054 3397 2125 Ergo
3433 2057 3483 2111 in
3515 2072 3610 2113 no-

2025 2135 2349 2206 bismetipsis
2368 2138 2477 2192 sola
2502 2149 2583 2194 est
2604 2139 2884 2195 inﬁrmitas
2909 2156 3068 2196 causa
3095 2144 3393 2213 pugnandi;
3421 2157 3473 2200 et
3486 2162 3607 2201 rur-

2025 2240 2119 2282 sus
2139 2228 2419 2284 inﬁrmitas
2440 2230 2731 2287 admonitio
2751 2241 2833 2286 est
2859 2246 2962 2286 non
2988 2234 3348 2302 superbiendi.
3380 2235 3609 2293 Proinde

2026 2318 2193 2373 virtus
2209 2335 2308 2389 qua
2328 2320 2432 2385 hic,
2456 2321 2545 2375 ubi
2572 2322 2832 2390 superbiri
2855 2332 3030 2393 potest
3051 2325 3092 2393 ί,
3123 2340 3227 2380 ιιοη
3249 2328 3607 2398 superbiatur,

2028 2408 2082 2464 in
2107 2408 2414 2466 inﬁrmitate
2434 2411 2723 2481 perﬁcitur.
3384 2478 3389 2482 ,

2103 2501 2188 2555 12.
2227 2501 2582 2571 Quamobrem
2609 2501 2714 2560 hoc
2734 2505 2988 2577 coniuges
3008 2508 3029 2540 ²
3050 2507 3186 2564 bene
3216 2517 3437 2566 utuntur
3454 2553 3470 2575 ,
3500 2527 3606 2582 quo

2028 2593 2365 2648 continentes
2407 2593 2598 2649 melius
2628 2611 2732 2651 non
2779 2605 3018 2652 utuntur.
3047 2597 3237 2652 Malum
3270 2600 3428 2669 igitur
3456 2601 3476 2633 ³
3503 2617 3611 2671 quo

2028 2684 2282 2754 coniuges
2303 2685 2437 2740 bene
2458 2694 2706 2751 utuntur,
2731 2696 2785 2741 et
2815 2689 2954 2744 inest
2979 2690 3292 2760 coniugibus
3331 2709 3437 2762 quo
3474 2692 3612 2749 bene

2029 2783 2264 2841 utantur,
2292 2775 2428 2829 inest
2455 2785 2511 2831 et
2536 2776 2935 2834 continentibus
2956 2795 3063 2848 quo
3089 2781 3278 2835 melius
3320 2798 3425 2835 non
3458 2794 3610 2836 utan-

2031 2871 2156 2918 tur:
2186 2864 2306 2919 ideo
2327 2866 2523 2935 quippe
2553 2866 2709 2933 inest,
2756 2877 2811 2923 ut
2856 2884 2961 2923 non
3001 2871 3341 2937 extollantur.
3384 2892 3400 2922 ι
3425 2873 3564 2927 Solis
3586 2892 3605 2925 ι

2029 2971 2156 3027 ergo
2184 2957 2420 3013 libidinis
2454 2977 2473 3011 ι
2496 2959 2804 3015 excessibus
2823 2972 3123 3027 accusatur,
3155 2981 3175 3015 ι
3210 2963 3302 3017 sed
3333 2963 3423 3018 ille
3450 2981 3477 3017 a
3506 2981 3610 3034 quo

2030 3065 2138 3106 non
2184 3052 2517 3106 refrenatur:
2546 3068 2665 3106 nam
2703 3053 2814 3121 ipsa
2863 3069 2957 3121 per
2993 3067 3050 3108 se
3098 3054 3264 3123 ipsam
3314 3056 3611 3112 rectissime

2030 3144 2250 3198 omnino
2272 3144 2383 3198 suis
2409 3144 2539 3213 ipsis
2566 3144 2799 3198 motibus
2824 3153 3122 3207 accusatur,
3152 3146 3344 3214 quibus
3367 3162 3435 3201 ne
3456 3163 3613 3204 exce-

2031 3233 2120 3289 dat
2141 3234 2435 3289 ohsistitur.
2463 3234 2576 3288 Non
2596 3234 2794 3304 itaque,
2816 3244 2874 3288 ut
2900 3234 3085 3299 dicis,r
3111 3236 3235 3290 nihil
3260 3236 3326 3290 ad
3358 3239 3611 3294 innocen-

2032 3324 2157 3378 tiam
2186 3334 2462 3394 promovet
2488 3324 2748 3380 modestia
2779 3326 2853 3379 rei
2881 3340 2977 3394 per
3004 3326 3173 3393 ipsum
3205 3342 3375 3396 genus
3411 3344 3607 3382 nocen-

2034 3415 2121 3470 tis.
2151 3434 2169 3468 ι
2193 3415 2474 3470 Promovet
2495 3415 2690 3486 quippe
2709 3415 2774 3468 ad
2802 3415 3160 3470 innocentiam
3187 3433 3292 3471 non
3309 3419 3613 3475 Consentire

2033 3507 2216 3561 malo:
2249 3522 2347 3561 nec
2377 3506 2496 3561 ideo
2533 3505 2658 3561 illud
2701 3506 2787 3560 cui
2831 3522 2936 3560 non
2984 3507 3334 3569 consentitur.
3387 3523 3490 3563 non
3530 3519 3613 3564 est

2032 3597 2261 3663 malum;
2295 3598 2401 3651 imo
2428 3607 2708 3666 pr0pterea
2747 3595 2864 3650 sine
2907 3595 3235 3652 dubitatione
3279 3598 3476 3653 malum
3505 3608 3608 3665 est,

2033 3691 2153 3759 quia
2185 3703 2291 3743 non
2320 3688 2367 3744 ei
2398 3690 2701 3744 consentire
2732 3687 2932 3742 bonum
2969 3696 3072 3742 est.
3119 3686 3255 3755 Quid
3301 3691 3443 3744 enim
3488 3690 3612 3745 mali

2034 3779 2251 3845 faceret,
2306 3778 2394 3849 qui
2439 3778 2591 3833 bona:
2636 3777 3080 3847 concupiscentiae
3108 3778 3459 3842 consentiret;
3491 3795 3611 3835 cum

2033 3870 2159 3926 mali
2187 3870 2316 3924 nihil
2340 3869 2513 3934 faciat,
2532 3869 2692 3924 etiam
2722 3867 2812 3938 qui
2852 3882 3013 3937 opere
3039 3866 3319 3937 coniugali,
3353 3884 3457 3922 non
3497 3869 3613 3925 sine
3666 3938 3671 3945 ε

2034 3961 2203 4031 ipsius
2229 3960 2371 4015 malo
2409 3959 2639 4015 seminat
2665 3958 2957 4023 hominem,
2994 3959 3083 4028 qui
3116 3967 3200 4014 est
3232 3957 3486 4028 Dtti.0pus
3514 3958 3612 4012 bo-

2036 4055 2200 4109 num?
2227 4054 2336 4109 Nec
2369 4070 2390 4105 ι
2409 4051 2785 4107 confectricem
2812 4049 3076 4105 seminum
3109 4048 3379 4104 libidinem
3404 4067 3423 4100 ι
3457 4050 3612 4104 dixe-

2033 4145 2129 4201 ris.
2159 4144 2251 4200 Ille
2277 4144 2472 4215 quippe
2489 4152 2636 4197 creat
2664 4141 2895 4197 hominis
2917 4156 3121 4201 semen.
3144 4140 3232 4210 qui
3255 4140 3520 4195 hominem
3547 4157 3611 4194 cx

2034 4235 2277 4292 semine:
2308 4234 2403 4290 sed
2439 4232 2600 4298 unde,
2628 4232 2867 4287 interest.
2892 4230 3024 4299 Quia
3049 4229 3174 4284 mali
3209 4229 3365 4300 huius
3408 4232 3613 4285 occulta

2035 4334 2160 4381 sunt
2184 4334 2239 4380 et
2264 4324 2376 4379 dira
2403 4323 2647 4392 contagia
2678 4339 2693 4378 τ
2722 4335 2822 4377 nec
2841 4336 2907 4377 ex
2938 4320 3021 4374 his
3049 4319 3354 4376 hominibus
3376 4321 3465 4391 qui
3495 4336 3612 4375 ma-

2036 4418 2091 4474 lo
2109 4423 2311 4480 carent,
2337 4415 2478 4471 Deus
2503 4414 2587 4470 vel
2614 4428 2795 4468 semen
2820 4413 2905 4469 vel
2934 4411 3180 4469 homines
3219 4422 3400 4478 creat;
3450 4413 3610 4468 etiam

2035 4510 2081 4567 si
2110 4507 2322 4581 quidam
2342 4507 2411 4562 ab
2439 4504 2678 4577 ejusdem
2704 4504 2827 4561 mali
2855 4520 2995 4560 noxa
3022 4505 3427 4576 rcgenerationc
3455 4504 3616 4562 soluti

2036 4612 2180 4667 sunt,
2210 4598 2602 4657 sicutsolvendi
2628 4606 2752 4654 sunt
2772 4596 2862 4668 qui
2886 4596 3011 4652 inde
3039 4608 3350 4653 nascuntur.

2109 4695 2196 4749 l5.
2240 4692 2357 4747 Dixi
2385 4706 2537 4756 sane,
2565 4704 2666 4746 nec
2694 4688 2940 4759 poenitet,
2965 4687 3032 4743 de
3059 4688 3307 4757 pudicitia
3330 4685 3615 4757 coniugali,

2036 4798 2157 4855 qua:
2176 4797 2291 4838 mea
2322 4781 2484 4837 verba
2528 4780 2778 4851 posuisti,
2808 4797 2827 4832 ι
2854 4780 2974 4850 quia
3006 4790 3127 4835 eum
3167 4778 3303 4833 dona
3356 4777 3446 4831 Dei
3497 4790 3617 4831 csso

2039 4876 2136 4930 ista
2159 4882 2542 4937 monstrantur,
2570 4886 2600 4926 a
2632 4886 2739 4943 quo
2768 4871 2995 4941 petenda
3025 4878 3150 4923 sunt
3178 4868 3418 4929 discitur,
3441 4867 3483 4920 si
3510 4882 3614 4921 non

2038 4964 2329 5031 habentur;
2383 4974 2438 5020 et
2478 4963 2564 5019 cui
2624 4961 2841 5034 agendze
2904 4960 3109 5033 gratiae,
3157 4960 3202 5014 si
3274 4957 3553 5013 habentur.
3591 4974 3612 5010 ι

2038 5061 2281 5133 Aguntur
2322 5060 2462 5117 enim
2517 5060 2705 5131 gratia:
2737 5077 2757 5112 ι
2792 5074 2899 5114 non
2949 5058 3018 5113 de
3041 5057 3266 5128 origine,
3303 5073 3322 5109 ι
3357 5064 3414 5111 ιιι
3443 5055 3615 5128 dicis,

2046 5172 2065 5207 ι
2096 5152 2558 5223 concupiscentiae,
2600 5170 2621 5205 ›
2650 5151 2801 5222 cuius
2851 5150 3001 5220 origo
3033 5158 3115 5204 est
3149 5148 3374 5218 primum
3419 5146 3616 5216 malum

2040 5246 2305 5312 hominis;
2334 5263 2354 5297 ι
2384 5244 2477 5300 sed
2518 5243 2587 5299 de
2641 5241 2900 5313 regimine
2924 5280 2940 5305 ,
2980 5259 3000 5293 ι
3031 5238 3171 5308 quod
3226 5254 3409 5294 verum
3460 5238 3616 5294 dicis.

2040 5337 2337 5409 Utrumque
2358 5337 2498 5391 enim
2524 5335 2679 5401 dicis,
2713 5352 2734 5385 ι
2757 5331 2842 5388 vel
2889 5330 3147 5401 regimine
3197 5329 3279 5383 vel
3328 5328 3555 5398 origine.
3593 5344 3613 5378 ι

2038 5428 2166 5484 Ideo
2188 5437 2364 5483 autem
2390 5434 2623 5499 aguntur
2644 5423 2827 5494 gratias
2847 5419 2917 5477 de
2944 5420 3202 5491 regimine
3229 5419 3617 5489 concupiscen-

2103 5608 2119 5640 ί
2150 5606 2232 5656 tlic
2252 5607 2300 5655 iu
2326 5603 2467 5654 editis
2481 5601 2609 5653 male
2630 5602 2861 5660 additum,
2887 5606 2956 5650 ut.
3269 5658 3277 5660 Α
3391 5656 3400 5660 _
3640 5632 3651 5643 ,

2101 5670 2123 5700 ί
2156 5669 2228 5715 sic
2245 5673 2350 5718 uss.
2374 5674 2430 5715 ιιι
2454 5668 2552 5714 Am.
2587 5673 2645 5714 ει·
2670 5672 2764 5721 En,
2791 5656 3100 5724 Quamobrem
3136 5658 3357 5724 quonimn
3382 5656 3466 5708 hoc
3502 5665 3612 5723 gon-

2038 5741 2207 5838 "acii;
2232 5787 2373 5839 editis
2393 5786 2469 5837 hic
2494 5786 2699 5847 additur,
2718 5792 2802 5836 est.
