4038 6182
457 333 570 417 3743

467 476 576 540 tite,
604 473 725 546 quia
756 469 1330 544 repugnausvincitur.
1373 467 1524 536 Quod
1573 477 1748 521 autem
1789 471 2047 533 repugnat

467 568 725 637 voluntati
755 566 928 629 boum,
967 579 1074 620 non
1123 572 1207 618 est
1249 561 1488 624 bonum;
1535 561 1642 613 imo
1681 557 1881 612 malum
1928 569 2048 608 esse

1262 351 1534 408 CONTRA
1575 347 1911 408 JCLMNUM
1953 347 2416 416 PEIAGMNUM,
2456 349 2514 406 S.
2558 350 2922 408 AUGUSTINI

3650 357 3744 415 7N

2153 463 2333 530 ca‘pil,
2365 463 2603 532 perﬁciat
2627 479 2796 536 usque
2821 465 2873 520 in
2893 467 3050 524 ﬁnem
3069 465 3328 540 (Philipp.
3357 485 3396 531 ι.
3425 470 3505 542 6).
3538 470 3598 528 lu
3632 489 3742 544 quo

2155 552 2300 606 enim
2330 555 2409 608 vis
2433 573 2452 606 ι
2475 553 2800 621 hominetn,o
2821 557 2960 612 sicut
2981 557 3236 630 loqueris,
3259 578 3280 613 ι
3308 560 3375 615 ad
3397 562 3599 633 aliquid
3621 566 3743 622 lau~

465 662 586 730 quis
611 669 786 730 neget,
810 659 908 713 nisi
932 657 1022 728 qui
1053 671 1162 711 non
1201 653 1362 710 habet
1391 652 1676 708 voluntatis
1697 649 1892 705 bonum
1915 687 1930 714 ,
1959 645 2046 701 cui
2149 642 2325 700 dabile
2347 645 2594 730 generosi
2623 648 2800 702 cordis
2819 649 3050 706 stimulis
3077 650 3310 716 incitari,
3343 670 3364 704 ι
3397 652 3452 707 in
3483 655 3584 711 hoc
3611 671 3740 713 eum

463 749 604 822 quotl
631 757 909 820 repugnat,
941 747 1168 802 fateatur
1193 745 1430 801 malum?

527 839 756 896 CAPUT
796 837 882 892 Ill.
905 867 979 878 —
1002 839 1088 892 14.
1129 835 1428 905 Interponis
1471 833 1572 888 alia
1609 831 1679 888 de
1718 829 1856 886 libro
1893 842 2041 894 meo,

455 928 544 984 ubi
573 945 691 984 cum
724 927 982 983 dixissem
1011 927 1208 984 donum
1239 925 1330 980 Dei
1367 923 1672 994 pudicitiam
1701 935 1821 976 esse
1848 917 2037 988 conju-

455 1023 650 1091 galem,
686 1031 740 1074 et
769 1019 872 1082 huc
903 1017 1158 1090 Apostolo
1188 1025 1324 1072 teste
1366 1015 1704 1076 docuissem;
1750 1025 2038 1066 occurren-

457 1124 560 1165 tun
593 1111 784 1166 deinde
811 1111 1159 1180 qumslioncm
1187 1108 1375 1162 tacitus
1407 1106 1548 1159 nolui
1578 1103 1878 1174 praeterire,
1911 1099 2039 1170 quid

453 1203 739 1258 dicendum
763 1202 852 1266 sit,
885 1217 1004 1254 cum
1037 1200 1282 1253 videntur
1311 1199 1471 1252 etiam
1501 1195 1740 1250 nonnulli
1765 1193 1909 1263 impii
1934 1207 2036 1263 pu-

451 1295 570 1348 dice
608 1309 728 1348 cum
763 1290 1076 1362 conjugibus
1112 1289 1290 1344 vivere
1313 1287 1412 1357 (De
1448 1285 1658 1356 Nuptiis
1695 1295 1744 1339 et
1782 1283 2034 1352 Concupi-

452 1389 660 1446 sremia.
703 1388 792 1443 lib.
825 1389 874 1450 1,
924 1402 978 1439 n.
1021 1385 1096 1454 ιί).
1145 1401 1164 1438 t
1195 1382 1411 1448 Soletis,
1447 1399 1468 1434 ι
1513 1380 1676 1444 enim,
1729 1396 1749 1430 ι
1782 1388 2034 1448 negantes

453 1479 548 1533 Dei
576 1479 715 1532 dona
759 1491 879 1532 esse
917 1476 1140 1529 virtutes
1167 1473 1359 1545 quibus
1401 1480 1548 1527 recte
1588 1470 1800 1535 vivitur,
1846 1477 1899 1522 et
1942 1482 2034 1522 eas

451 1579 657 1624 natum
695 1566 1060 1636 voluntatique
1105 1567 1370 1628 humanm,
1419 1577 1524 1616 non
1571 1561 1754 1632 gratiae
1798 1559 1890 1613 Dei
1932 1559 2031 1613 tri-

450 1661 694 1728 buentcs,
727 1660 828 1714 hoc
868 1658 943 1713 uti
973 1665 1307 1730 argumento,
1335 1655 1476 1726 quod
1519 1669 1611 1709 eas
1651 1667 2029 1721 nonnunquam

451 1751 684 1812 habeant
707 1751 952 1806 inﬁdeles
975 1767 989 1804 :
1022 1768 1040 1802 ι
1073 1749 1144 1803 ita
1169 1757 1426 1802 conantes
1445 1759 1703 1800 evacuare
1728 1743 1869 1814 quod
1899 1743 2032 1798 dici-

355 1867 360 1874 ·
450 1858 591 1908 mus,
619 1845 890 1898 neminem
929 1851 1076 1897 recte
1101 1841 1300 1907 vivere,
1345 1838 1450 1894 nisi
1487 1853 1551 1894 ex
1583 1836 1687 1892 ﬁde
1725 1851 1819 1906 per
1844 1834 2026 1891 Jesum

447 1935 714 1990 Christum
746 1933 1025 1988 Dominum
1051 1941 1311 1997 nostrum,
1340 1945 1502 1984 unum
1547 1929 1637 1983 Dei
1673 1935 1729 1982 et
1751 1926 2026 1981 hominum

439 2027 830 2090 mediatorem;
872 2025 960 2080 ubi
1008 2038 1104 2080 vos
1145 2024 1263 2092 ejus
1308 2019 1643 2075 adversarios
1687 2017 2026 2086 apertissime

445 2119 790 2188 proﬁtemini.
833 2118 1070 2186 Denique
1100 2117 1257 2186 longe
1283 2130 1387 2168 non
1429 2126 1615 2168 camus
1643 2129 1658 2166 :
1685 2111 1729 2165 si
1755 2109 1893 2165 forte
1929 2109 2028 2164 fal-

432 2210 545 2274 “lor,
573 2209 639 2264 ad
667 2210 764 2264 ista
795 2207 1075 2277 responde.
1111 2205 1222 2274 Ego
1243 2203 1372 2270 dixi,
1406 2221 1425 2256 ι
1453 2203 1701 2274 pudicum
1731 2217 1836 2256 non
1865 2215 2024 2255 vera-

426 2301 575 2354 «citer
601 2300 728 2365 diei,
757 2298 846 2369 qui
876 2313 982 2354 non
1012 2306 1228 2367 prepter
1261 2295 1428 2350 Deum
1469 2309 1654 2349 verum
1691 2291 1849 2347 ﬁdem
1894 2306 2024 2346 con-

444 2392 586 2445 nutﬁi
633 2400 810 2445 servat
856 2389 1028 2443 uxori.
1061 2405 1079 2439 ι
1136 2385 1289 2442 Unde
1338 2393 1514 2440 autem
1555 2382 1610 2438 id
1655 2381 2018 2448 ostenderem,

441 2481 600 2548 paulo
631 2488 750 2549 post
786 2477 1024 2545 adhibui,
1051 2474 1194 2546 quod
1223 2475 1352 2529 mihi
1379 2473 1549 2527 visum
1587 2479 1671 2528 est
1693 2469 1893 2542 grande
1915 2469 2018 2525 do-

431 2581 744 2626 cumentum
772 2568 959 2640 (lbid.,
989 2583 1104 2638 cap.
1133 2566 1209 2638 4).
1259 2583 1279 2618 t
1309 2562 1441 2620 Cum
1486 2562 1630 2618 enim
1657 2562 1824 2617 virtus
1867 2560 1958 2628 sit,
1994 2579 2014 2614 ο

439 2662 676 2732 inquam,
709 2679 727 2713 ι
757 2659 1026 2730 pudicitia,
1051 2657 1350 2712 calvitium
1381 2653 1706 2710 contrarium
1733 2660 1815 2709 est
1842 2651 2020 2723 impu-

436 2753 637 2818 dicitia,
667 2765 962 2822 omnesque
986 2751 1207 2804 virtutes
1227 2748 1384 2804 etiam
1408 2761 1526 2817 qua:
1551 2759 1649 2816 per
1665 2759 1860 2816 corpus
1887 2759 2019 2814 ope-

437 2855 643 2908 rantur,
686 2843 739 2898 in
775 2843 963 2897 animo
1008 2839 1283 2906 habitent;
1329 2836 1596 2908 quomodo
1643 2851 1768 2892 vera
1811 2837 2020 2892 ratione

438 2936 684 3006 pudicum
715 2949 908 3004 corpus
942 2932 1218 2998 asseritur,
1261 2930 1474 3002 quando
1514 2944 1545 2984 a
1581 2943 1710 2984 vero
1751 2928 1862 2984 Deo
1902 2929 2018 2998 ipse

424 3026 648 3080 animus
689 3025 1014 3078 fornicatur?
1042 3041 1060 3074 ι
1109 3021 1307 3076 Deinde
1350 3038 1418 3076 ne
1459 3021 1736 3092 quisquam
1779 3029 2016 3076 vestrum

437 3124 654 3186 negaret
692 3116 924 3168 animum
965 3113 1255 3168 infidelium
1301 3113 1568 3176 fornicari,
1607 3112 1821 3168 adhibui
1865 3111 2015 3166 testi-

436 3209 688 3264 monium.
713 3207 780 3262 de
805 3205 1078 3275 Scriptura
1111 3212 1315 3269 sancta,
1353 3204 1442 3259 ubi
1479 3205 1687 3276 legitur,
1726 3204 1855 3256 Ecce
1882 3203 2015 3257 enim

436 3298 522 3367 qui
551 3297 778 3367 longe-se
813 3296 1007 3368 faciunt
1043 3310 1076 3348 a
1121 3303 1186 3360 te,
1229 3295 1492 3364 peribunt;
1516 3292 1782 3364 perdidisti
1816 3309 2013 3348 omnem

422 3389 520 3454 qui
550 3387 832 3460 fornicatur
871 3385 958 3440 abs
999 3393 1048 3439 te
1089 3383 1260 3456 (Psal.
1294 3399 1470 3446 ιιιιι,
1508 3381 1624 3454 27).
1675 3383 1782 3438 Sed
1825 3392 1880 3437 tu
1921 3384 2012 3454 qui

429 3496 461 3530 4
490 3493 630 3544 mea,
663 3495 681 3529 ι
726 3478 863 3531 sicut
889 3475 1043 3540 dicis,
1079 3492 1100 3526 ι
1128 3491 1250 3546 quae
1275 3474 1404 3530 mibi
1430 3473 1676 3529 videntur
1699 3484 1855 3530 acuta
1885 3490 2014 3546 per—

417 3568 694 3638 sequeris,
722 3583 741 3618 ι
783 3567 884 3621 hoc
923 3573 1087 3620 totum
1117 3573 1364 3635 tanquam
1393 3563 1524 3618 mihi
1552 3564 1800 3620 obtusum
1839 3565 2010 3620 visum

426 3662 590 3716 fuerit
629 3658 929 3730 praeteristi.
980 3657 1115 3731 Vide.
1149 3671 1280 3730 ergo
1321 3656 1449 3728 quid
1478 3656 1666 3713 borum
1713 3657 2010 3729 negandum

431 3752 726 3808 arbitreris.
775 3751 1033 3806 Virtutem
1084 3764 1204 3805 esse
1270 3749 1578 3821 pudicitiam
1633 3749 2006 3820 conjugalem,

431 3843 854 3914 promptissima
869 3841 1139 3898 conﬁteris
1168 3856 1392 3897 :omnes
1421 3841 1643 3896 virtutes
1685 3841 1845 3896 etiam
1891 3856 2011 3912 qua:

433 3954 529 4005 per
557 3951 749 4005 corpus
775 3941 1084 4004 operantur,
1127 3933 1177 3986 in
1205 3933 1385 3986 animo
1420 3923 1664 3985 habitare
1688 3947 1794 3986 non
1822 3947 2007 4002 negas.

431 4031 521 4084 l‘m
539 4046 599 4084 ro
629 4028 853 4084 inﬁdelis
872 4026 1106 4080 animum
1133 4022 1384 4080 fornicari
1403 4038 1434 4077 a
1463 4023 1574 4078 Deo
1600 4021 1687 4078 ille
1707 4032 1884 4093 potest
1911 4037 2010 4079 ne-

417 4139 575 4193 gare,
604 4121 692 4192 qui
723 4135 782 4174 se
811 4119 983 4190 palam
1015 4125 1313 4172 sanctarum
1337 4114 1732 4184 Scripturarum
1756 4113 2009 4170 adversa-

431 4215 566 4268 rium
599 4211 890 4282 proﬁtetur.
914 4207 992 4263 Ex
1019 4208 1210 4278 quibus
1235 4205 1484 4260 omnibus
1508 4203 1624 4260 haec
1648 4219 1854 4260 smnma
1879 4219 2010 4260 con-

425 4309 626 4372 ﬁcitur,
661 4316 716 4360 ut
748 4317 837 4360 aut
855 4305 906 4358 in
934 4303 1112 4358 animo
1133 4299 1428 4356 fornicante
1453 4297 1704 4370 pudicitia
1732 4313 1861 4354 vera
1887 4311 2010 4354 esse

431 4400 632 4470 possit;
661 4397 798 4464 quod
820 4395 996 4451 cernis
1019 4409 1175 4464 quam
1197 4393 1268 4449 sit
1285 4391 1576 4446 absurdum
1603 4407 1616 4444 :
1641 4390 1808 4445 autin
1829 4390 2008 4445 animo

422 4489 664 4544 inﬁdelis
687 4487 939 4556 pudicitia
966 4501 1094 4540 vera
1117 4499 1237 4539 esse
1266 4499 1371 4538 non
1402 4481 1605 4552 possit;
1635 4481 1878 4553 quamvis
1903 4480 2008 4539 hoc

427 4598 552 4638 cum
591 4593 909 4644 assererem,
956 4588 1008 4633 te
1046 4577 1268 4632 ﬁnxeris
1305 4575 1546 4630 surdum.
1581 4573 1698 4629 Non
1739 4573 1916 4646 igitur,
1950 4583 2010 4630 ut

419 4672 790 4738 calumniaris,
839 4689 858 4723 ι
888 4667 1063 4726 studio
1086 4667 1416 4738 vituperandi
1456 4666 1828 4734 substantiam,
1867 4667 2006 4723 dona

427 4766 692 4824 collaudo.
719 4784 739 4818 ι
771 4763 886 4820 Νοη
917 4764 1058 4818 enim
1085 4762 1386 4818 divinorum
1411 4758 1672 4814 donorum
1717 4773 1886 4830 capax
1920 4774 2009 4816 es-

427 4869 530 4926 set,
563 4859 662 4913 nisi
686 4857 822 4912 bona
849 4863 992 4911 esset
1021 4854 1246 4908 humana
1273 4849 1584 4916 substantia,
1617 4849 1702 4904 cui
1727 4850 1853 4904 vitia
1882 4865 2009 4921 quo-

426 4967 530 5022 que
559 4951 670 5020 ipsa
712 4947 962 5003 bonitatis
1001 4937 1302 5016 perhibent'
1317 4941 1676 4996 testimonium
1724 4941 2004 4997 naturalis.

421 5043 562 5112 Quid
611 5042 752 5101 enim
798 5039 939 5094 aliud
988 5040 1040 5094 in
1070 5037 1198 5092 vitio
1244 5043 1392 5090 recte
1430 5034 1694 5104 displicet,
1739 5034 1846 5089 nisi
1883 5035 2007 5106 quia

414 5135 660 5191 .detrahit
688 5133 770 5188 vel
803 5131 992 5186 minuit
1021 5128 1162 5200 quod
1186 5129 1237 5182 in
1268 5135 1452 5181 natura
1483 5123 1688 5195 placet?

501 5229 588 5285 15.
628 5229 758 5282 Cum
789 5240 918 5294 ergo
942 5223 1194 5278 divinitus
1221 5221 1500 5290 adjuvatur
1531 5217 1713 5284 homo,
1745 5231 1853 5272 non
1881 5225 2002 5272 tan-

421 5326 540 5373 tum
564 5337 582 5370 ι
607 5317 672 5372 ad
695 5313 1074 5386 capessendam
1096 5310 1478 5383 perfectionem
1497 5308 1795 5380 adiuvatur,
1823 5325 1842 5362 ι
1863 5307 2004 5378 quod

423 5411 542 5478 ipse
565 5407 808 5478 posuisti,
838 5401 1018 5477 ut'lque
1045 5405 1232 5459 volens
1255 5401 1472 5472 intelligi
1496 5415 1620 5456 eum
1657 5415 1753 5469 per
1783 5413 1844 5454 se
1867 5398 2004 5454 inci-

421 5513 555 5570 pere
599 5498 713 5551 sine
761 5497 952 5566 gratia,
1002 5493 1145 5564 quod
1192 5492 1403 5564 perﬁcit
1441 5490 1610 5562 gratia
1639 5507 1654 5544 :
1681 5488 1776 5544 sed
1827 5489 2005 5558 potius

411 5588 567 5660 quod
589 5588 872 5658 Apostolus
898 5587 1154 5658 loquitur,
1171 5585 1332 5657 utqui
1355 5585 1408 5640 in
1436 5583 1585 5640 vobis
1602 5583 1618 5616 ί
1645 5596 1780 5654 opus
1803 5582 2001 5639 bonum

481 5747 509 5778 ⁴
532 5753 620 5796 ω
663 5751 714 5794 et
737 5754 906 5793 omnes
927 5750 1053 5800 uss,
1076 5741 1225 5792 nobis.

2150 749 2258 789 non
2280 737 2360 791 vis
2389 729 2440 790 in
2468 736 2716 806 Domino,
2751 737 2847 793 sed
2877 739 2929 793 in
2957 739 3129 798 libero
3149 741 3372 797 arbitrio
3395 744 3610 814 gloriari
3635 765 3652 802 :
3675 761 3742 804 ac

2145 826 2225 880 sic
2260 825 2491 895 priorem
2540 826 2693 896 dare,
2740 837 2800 884 ut
2841 831 3166 888 retribualur
3201 833 3312 898 illi;
3363 849 3536 905 eoque
3575 837 3738 894 modo

2145 920 2310 988 gratia
2334 919 2444 988 jam
2481 935 2588 974 non
2627 921 2698 976 sit
2720 923 2889 992 gratia
2921 921 3094 994 (Rom.
3137 939 3211 991 xl,
3240 926 3331 989 35,
3362 925 3443 1000 6),
3477 929 3599 998 quia
3627 945 3736 986 non

2144 1015 2227 1062 est
2264 1008 2512 1079 gratuita.
2561 1028 2580 1062 ‹
2609 1011 2809 1066 Bonam
2837 1031 2858 1064 ι
2913 1013 3050 1068 dicis
3093 1031 3112 1066 ι
3143 1013 3417 1070 hominum
3466 1029 3733 1082 naturam.

2141 1115 2262 1170 quae.
2293 1101 2412 1156 talis
2439 1103 2622 1172 gratia:
2647 1103 3048 1173 opitulationem
3077 1116 3333 1162 meretur.
3364 1125 3384 1159 ι
3417 1109 3570 1177 Quod
3607 1126 3733 1180 gra-

2143 1200 2316 1248 tanter
2338 1193 2596 1259 audirem,
2633 1196 2679 1249 si
2711 1197 2813 1252 hoc
2851 1207 3130 1266 propterea
3165 1198 3290 1269 quia
3320 1201 3598 1256 rationalis
3639 1217 3733 1257 na-

2140 1293 2254 1339 tura
2285 1295 2367 1340 est
2404 1286 2648 1342 diceres:
2683 1303 2856 1360 neque
2893 1289 3037 1344 enim
3078 1291 3248 1361 gratia
3278 1291 3370 1347 Dei
3411 1307 3511 1362 per
3541 1293 3732 1350 Jesum
3782 1331 3788 1334 -

2138 1375 2403 1432 Christum
2427 1378 2706 1433 Dominum
2731 1389 2969 1434 nostrum
2992 1381 3252 1454 lapidibus
3275 1379 3547 1456 aut-lignis
3572 1401 3732 1456 peco-

2137 1467 2353 1523 ribusve
2392 1477 2676 1538 prmstatur
2702 1488 2714 1524 :
2747 1470 2845 1526 sed
2875 1472 2996 1542 quia
3027 1472 3204 1544 imago
3230 1474 3326 1529 Dei
3353 1484 3455 1542 est,
3486 1487 3730 1534 meretur

2135 1559 2272 1612 hanc
2285 1561 2511 1630 gratiam
2535 1576 2552 1626 ;
2582 1577 2690 1616 non
2721 1571 2897 1617 tamen
2935 1571 2994 1618 ut
3021 1563 3136 1634 ejus
3161 1564 3299 1620 bona
3324 1565 3574 1639 voluntas
3597 1583 3728 1638 pos-

2131 1651 2203 1705 sit
2243 1651 2545 1721 prtecedere
2591 1662 2785 1722 praeter
2821 1655 3066 1724 gratiam,
3099 1643 3296 1712 'ne'vel
3330 1657 3539 1729 ipsam‘
3578 1659 3728 1729 prior

2130 1741 2240 1808 det,
2273 1751 2330 1796 ut
2349 1743 2669 1800 retribuatur
2698 1745 2792 1812 illi,
2814 1760 2878 1801 ac
2923 1746 3000 1800 sic
3036 1748 3203 1816 gratia
3228 1747 3338 1818 jam
3361 1763 3465 1802 non
3492 1749 3565 1804 sit
3599 1765 3726 1821 gra-

2131 1835 2222 1902 tia,
2259 1835 2386 1891 dum
2439 1853 2546 1894 non
2591 1838 2748 1894 datur
2795 1840 3043 1911 gratuita,
3094 1841 3189 1896 sed
3231 1841 3470 1898 redditur
3513 1843 3719 1900 debita.

2127 1925 2263 1994 Quid
2292 1936 2374 1983 cst
2392 1943 2540 1999 ergo,
2573 1930 2712 2000 quod
2734 1931 3024 1986 secundum
3050 1931 3265 1986 modum
3288 1942 3546 1999 vestrum,
3585 1953 3607 1988 ‹
3633 1935 3718 1991 ef-

2127 2013 2324 2070 fectum
2366 2018 2652 2074 voluntatis
2687 2019 2941 2080 humanae
2974 2020 3114 2076 dona
3155 2021 3394 2078 cmicstia
3429 2039 3517 2079 me
3545 2043 3565 2078 ι
3599 2039 3718 2081 cre-

2123 2105 2338 2162 dideras
2351 2127 2370 2160 (
2390 2124 2753 2182 nuncupasse;
2780 2129 2799 2163 ι
2822 2120 3069 2182 tanquam
3086 2112 3329 2168 voluntas
3343 2113 3576 2170 hominis
3599 2116 3717 2172 sine

2125 2196 2218 2252 Dei
2247 2199 2415 2268 gratia
2445 2209 2748 2256 moveretur
2772 2201 2840 2256 ad
2869 2201 3088 2267 bonum,
3117 2211 3175 2257 ut
3209 2203 3261 2258 ei
3304 2203 3515 2261 debitus
3541 2206 3715 2262 a-Dco

2122 2291 2510 2348 retribueretur
2537 2293 2796 2348 effectus?
2823 2293 2968 2349 itane
3005 2295 3201 2351 oblitus
3228 2295 3429 2361 fueras,
3458 2313 3559 2354 nos
3587 2314 3712 2354 cum

2121 2379 2393 2452 Scriptura
2433 2382 2611 2438 dicere
2656 2392 2841 2439 contra
2880 2373 2996 2452 vos,
3037 2383 3371 2457 Praparatur
3409 2388 3643 2444 voluntas
3679 2405 3714 2444 α

2122 2473 2341 2529 Domino
2362 2474 2544 2548 (Prov.
2573 2492 2686 2542 vut,
2701 2493 2804 2532 sec.
2829 2475 2995 2549 LXX)
3015 2494 3032 2546 ;
3055 2477 3292 2548 velquod
3315 2478 3368 2533 in
3388 2479 3544 2534 nobis
3571 2480 3713 2537 Deus

2121 2573 2374 2635 operetur
2399 2575 2454 2622 et
2477 2567 2647 2624 velle?
2666 2567 2710 2623 Ο
2731 2568 2920 2638 ingrati
2949 2567 3133 2639 gratiae
3155 2569 3277 2624 Dei!
3310 2584 3345 2624 ο
3367 2569 3566 2625 inimici
3586 2586 3712 2642 gra-

2122 2656 2208 2710 tiae
2235 2655 2455 2725 Christi,
2485 2668 2538 2714 et
2576 2658 2694 2714 solo
2740 2659 3000 2714 vocabulo
3037 2659 3347 2715 christiani!
3378 2659 3568 2717 Nonne
3609 2678 3712 2733 pro

2119 2749 2350 2804 inimicis
2365 2748 2478 2805 suis
2506 2759 2623 2806 orat
2651 2751 2924 2808 Ecclesia?
2942 2750 3079 2820 Quid
3107 2760 3246 2820 orat,
3274 2750 3538 2808 obsecro?
3565 2753 3613 2810 si
3651 2763 3712 2810 ut

2119 2843 2202 2898 eis
2227 2857 2338 2898 sua:
2367 2844 2651 2900 voluntatis
2686 2843 3008 2899 retribuatur
3031 2845 3284 2914 pretium,
3309 2845 3436 2916 quid
3463 2846 3543 2902 eis
3563 2855 3706 2913 orat,

2119 2936 2223 2990 nisi
2269 2935 2470 3006 grande
2507 2935 2868 3006 supplicium?
2903 2935 3056 3005 Quod
3080 2935 3194 3008 jam
3235 2944 3420 2992 contra
3465 2952 3562 2992 eos
3595 2947 3708 3005 est,

2117 3041 2226 3080 non
2252 3039 2349 3095 pro
2373 3027 2456 3080 eis
2473 3041 2489 3093 ;
2508 3033 2625 3080 orat
2643 3034 2818 3080 autem
2839 3041 2936 3096 pro
2958 3025 3038 3081 eis
3065 3043 3080 3080 :
3103 3040 3210 3081 non
3238 3039 3368 3096 ergo
3391 3025 3514 3096 quia
3533 3035 3616 3082 est
3643 3027 3714 3084 il-

2118 3115 2222 3170 lis’
2251 3116 2498 3170 voluntas
2526 3115 2688 3182 bona,
2730 3115 2828 3172 sed
2856 3123 2915 3171 ut
2940 3125 3285 3172 convertatur
3309 3117 3360 3170 in
3386 3115 3582 3172 bonam
3607 3133 3710 3173 vo-

2117 3205 2293 3260 luntas
2314 3205 2450 3259 mala
2477 3224 2491 3260 :
2519 3205 2770 3276 quoniam
2793 3213 3114 3277 praparatur
3133 3205 3368 3260 voluntas
3393 3221 3425 3258 α
3450 3203 3710 3274 Domino;

2115 3304 2186 3360 et,
2219 3294 2358 3350 Deus
2377 3303 2450 3350 est
2473 3296 2626 3363 enim,
2649 3303 2707 3351 ut
2729 3297 2804 3352 ait
2830 3295 3138 3368 Apostolus,
3161 3295 3248 3367 qui
3274 3304 3514 3369 apcratur
3535 3297 3590 3352 in
3613 3313 3709 3353 ro-

2101 3384 2190 3440 -bis
2215 3393 2260 3440 et
2290 3387 2417 3440 velle
2442 3383 2704 3457 (Philipp.
2735 3402 2794 3453 tt,
2828 3386 2938 3458 15).

2188 3477 2276 3534 16.
2317 3477 2422 3534 Sed
2459 3479 2787 3534 acerbissimi
2813 3477 3000 3549 gratiae
3031 3477 3190 3550 hujus
3223 3478 3427 3535 inimici
3455 3481 3710 3552 exempla

2115 3569 2268 3624 nobis
2295 3570 2562 3640 opponitis
2600 3554 2884 3638 impiorum
2915 3609 2932 3634 ,
2971 3585 3106 3641 quos
3139 3569 3346 3625 dicitis'
3377 3589 3400 3622 ι
3428 3569 3634 3626 alienos
3663 3560 3742 3627 a‘

2115 3661 2222 3718 ﬁde
2249 3660 2531 3737 abundare
2575 3660 2880 3726 virtutibus,
2929 3660 2983 3715 in
3031 3659 3224 3731 quibus
3265 3660 3384 3716 sine
3433 3661 3709 3731 adjutors'o

2113 3755 2320 3825 gratiae,
2349 3755 2521 3809 solum
2554 3761 2637 3810 est
2665 3762 2868 3808 natura:
2894 3752 3116 3819 bonum,
3161 3751 3284 3808 licet
3305 3754 3710 3824 superstitioni-

2115 3845 2215 3900 bus
2239 3844 2622 3914 maneipatum,
2652 3843 2742 3914 qui
2769 3843 2898 3900 solis
2918 3843 3178 3899 libertatis
3199 3843 3446 3915 ingenitae
3473 3845 3703 3913 viribus,

2115 3945 2170 3992 et
2196 3935 2572 3991 misericordes
2593 3935 2808 4000 crebro,
2826 3943 2886 3990 et
2908 3933 3157 3999 modesti,
3185 3941 3241 3990 et
3267 3935 3398 3990 casti
3427 3935 3710 3990 inveniun-

2113 4038 2221 4097 tur,
2251 4038 2306 4084 et
2353 4028 2538 4084 sobrii.
2567 4045 2588 4080 ι
2625 4027 2750 4083 llaec
2786 4026 2969 4082 dicens
3013 4041 3140 4082 ecce
3161 4027 3271 4098 jam
3303 4037 3364 4082 et
3399 4025 3531 4082 illud
3557 4027 3706 4098 quod

2112 4121 2297 4192 gratia:
2318 4119 2411 4176 Dei
2443 4119 2724 4186 tribueras,
2753 4117 3040 4185 abstulisti,
3067 4117 3241 4188 ipsum
3276 4117 3484 4174 scilicet
3511 4117 3707 4174 volun-

2114 4212 2238 4266 tatis
2262 4209 2532 4266 eil‘ectum.
2561 4209 2677 4265 Non
2703 4209 2846 4265 enim
2874 4208 3017 4275 aisti,
3043 4208 3180 4264 velle
3217 4222 3312 4264 eos
3338 4221 3459 4264 esse
3487 4207 3704 4263 miseri-

2113 4301 2324 4369 cordes,
2355 4301 2648 4368 modestos,
2677 4308 2732 4356 et
2768 4309 2965 4365 eaStos,
2993 4308 3048 4354 et
3089 4297 3320 4365 sbbrios,
3351 4308 3406 4354 et
3445 4298 3565 4354 ideo
3591 4313 3702 4354 non

2113 4409 2256 4463 esse,
2302 4393 2446 4467 quod
2494 4393 2729 4450 nondum
2778 4408 2878 4464 per
2915 4391 3138 4462 gratiam
3183 4391 3382 4448 fuerint
3425 4393 3704 4450 consecuti

2113 4485 2270 4542 bona:
2313 4485 2470 4557 hujus
2497 4469 2789 4540 voluntatis
2825 4481 3070 4538 eli'ectum
3103 4499 3118 4536 :
3148 4480 3241 4536 sed
3284 4481 3330 4535 si
3373 4489 3430 4535 et
3454 4494 3574 4535 esse
3603 4493 3705 4535 vo-

2112 4577 2325 4634 luerunt
2349 4585 2406 4634 ct
2425 4586 2567 4642 sunt,
2589 4576 2698 4646 jam
2727 4575 2780 4630 in
2803 4575 2882 4630 eis
2900 4574 3224 4629 voluntatem
3247 4581 3302 4628 et
3326 4572 3570 4628 eﬁ‘ectum
3599 4587 3704 4652 vo-

2114 4671 2336 4728 luntatis
2373 4669 2704 4734 invenimus;
2743 4667 2870 4739 quid
2909 4666 3165 4722 remansit
3207 4664 3350 4736 quod
3390 4665 3576 4736 gratia:
3620 4678 3706 4720 re-

2113 4775 2390 4818 servemus
2411 4761 2462 4816 in
2489 4769 2594 4816 tam
2621 4758 2976 4822 evidentibus,
2995 4757 3188 4828 quibus
3212 4756 3393 4812 dixisti
3408 4769 3507 4811 eos
3526 4755 3704 4810 abun-

2113 4853 2242 4908 dare
2261 4850 2581 4908 virtutibus?
2599 4850 2809 4918 Quanto
2826 4849 3012 4914 salius,
3040 4848 3084 4901 si
3111 4856 3163 4902 te
3179 4847 3371 4916 impios
3393 4845 3704 4901 ittlaudare

2112 4944 2362 5010 delectat,
2407 4952 2597 4998 utnon
2643 4941 2864 4996 audiens
2905 4939 3167 4995 dicentem
3211 4937 3560 5009 Scripturam,
3593 4936 3703 5004 Qui

2114 5037 2234 5091 dicit
2256 5035 2470 5105 impium
2497 5035 2695 5106 justum
2721 5049 2848 5101 esse,
2876 5031 3176 5086 maledictus
3204 5032 3296 5086 erit
3321 5031 3376 5084 in
3405 5029 3621 5101 populo,
3653 5039 3706 5084 et

2113 5126 2315 5204 adibitis
2340 5127 2394 5181 in
2418 5123 2646 5198 gentibus
2673 5123 2854 5198 (Prov.
2883 5137 3033 5187 xstv,
3060 5120 3193 5194 2‘);
3220 5121 3382 5176 etiam
3413 5117 3704 5174 virtutibus

2113 5219 2256 5274 veris
2277 5233 2372 5274 eos
2397 5217 2656 5288 praedices
2677 5214 2949 5271 abundare
2977 5231 2991 5268 :
3015 5222 3234 5284 quanto,
3263 5215 3496 5282 inquam,
3528 5209 3702 5264 satius

2113 5309 2231 5365 haec
2269 5309 2380 5380 ipsa
2421 5309 2475 5364 in
2514 5307 2594 5364 eis
2619 5306 2760 5362 dona
2801 5305 2901 5362 Dei
2942 5320 3063 5362 esse
3105 5303 3368 5368 fatereris,
3409 5301 3510 5357 sub
3544 5300 3706 5370 cujus

2113 5403 2325 5460 occulto
2348 5389 2574 5474 judicio,
2611 5415 2711 5456 nec
2739 5399 2958 5471 iniusto,
2983 5397 3074 5453 alii
3102 5395 3252 5462 fatui,
3280 5394 3370 5450 alii
3409 5390 3704 5450 tardissimi

2177 5555 2192 5586 ¹
2228 5551 2441 5604 Nonnulli
2465 5559 2594 5614 Mss,
2615 5551 2736 5614 ipsa,

2175 5617 2196 5648 ⁸
2229 5624 2436 5678 Quatuor
2459 5609 2588 5676 Mss,
2628 5609 2894 5678 (fstittillis.
2964 5668 2978 5678 _
3122 5677 3127 5678 ν
3247 5668 3259 5678 ,
3350 5669 3380 5678 __
3596 5672 3608 5678 _

2120 5737 2132 5748 .
2179 5679 2198 5710 ³
2233 5665 2421 5789 illium
2455 5665 2585 5738 Mss;
2615 5674 2764 5727 diris.
2796 5680 2848 5724 Et
2869 5668 3011 5736 paulo
3025 5677 3154 5734 pOSt,
3175 5668 3259 5734 qui
3293 5669 3436 5721 solius
3467 5665 3706 5720 libertatis

2113 5751 2239 5802 inger
2297 5750 2356 5788 tr.
