4014 6184
318 347 420 404 7i5

234 480 237 481 '
317 459 507 531 ingenii
548 466 603 515 et
640 456 708 514 ad
737 444 1140 529 intelligendum
1177 457 1405 530 quodam
1449 457 1610 513 modo
1634 457 1891 528 plumbei,

315 552 400 607 alii
438 538 704 617 obliviosi,
752 550 841 604 alii
886 549 1027 604 acuti
1068 562 1404 604 memoresve
1454 556 1768 614 nascuntur,
1811 546 1901 601 alii

317 652 539 712 utroque
565 655 787 697 munere
816 639 1044 710 prmditi,
1075 648 1129 694 et
1168 648 1321 694 acute
1353 637 1712 709 intelligentes
1734 646 1789 691 et
1818 644 1899 692 te-

317 736 613 805 nacissimae
631 737 648 768 ⁸
675 733 952 791 memoriae
981 732 1233 788 thesauro
1271 730 1484 802 cognita
1509 728 1897 794 recondentes;

316 829 399 886 alii
443 839 631 884 natura
660 828 830 892 lenes,
877 825 967 880 alii
994 824 1276 880 levissimis
1311 822 1488 879 causis
1533 821 1610 876 ira
1650 820 1901 876 facillima

316 920 582 986 ardentes,
609 917 701 972 alii
729 915 797 971 ad
825 915 1074 970 vindictae
1109 913 1454 985 cupiditatem
1480 912 1622 967 inter
1647 919 1903 981 utrosque

317 1010 643 1074 mediocres;
671 1007 763 1062 alii
790 1005 1079 1078 spadones,
1105 1005 1196 1060 alii
1230 1005 1283 1060 in
1309 1003 1593 1059 concubitu
1618 1003 1691 1058 ita
1725 1002 1901 1074 frigidi

318 1109 372 1156 ut
399 1100 485 1155 vix
521 1098 741 1154 omnino
781 1080 1117 1161 moveantur,
1157 1095 1244 1149 alii
1273 1093 1693 1149 libidinosissimi
1718 1101 1776 1148 ut
1812 1096 1902 1148 vix

318 1192 534 1248 omnino
560 1197 861 1253 teneantur,
892 1188 981 1242 alii
1018 1189 1157 1242 inter
1184 1194 1436 1260 utrosque
1457 1194 1512 1241 et
1544 1186 1747 1241 moveri
1772 1184 1903 1241 faci-

319 1284 395 1340 les
430 1293 485 1340 et
528 1281 732 1347 teneri;
776 1281 867 1336 alii
897 1278 1240 1346 timidissimi,
1285 1277 1378 1332 alii
1413 1277 1772 1343 audacissimi,
1813 1276 1902 1333 alii

319 1385 592 1441 neutrum;
616 1372 706 1428 alii
733 1372 952 1438 hilares,
980 1369 1070 1425 alii
1105 1370 1304 1433 tristes,
1333 1368 1421 1423 alii
1445 1366 1513 1423 ad
1548 1367 1679 1423 nihil
1709 1367 1901 1423 horum

321 1467 577 1538 proclives
601 1482 615 1518 :
642 1479 742 1521 nec
768 1476 952 1519 eorum
981 1475 1100 1532 quae
1133 1458 1550 1515 commemoravi
1575 1457 1775 1529 aliquid
1814 1456 1901 1512 in-

321 1557 501 1612 stituto
548 1569 611 1610 ac
652 1553 945 1624 proposito,
991 1549 1087 1606 sed
1128 1559 1354 1616 natura;
1399 1548 1539 1604 unde
1572 1547 1766 1604 medici
1802 1563 1900 1603 au-

319 1647 445 1701 dent
472 1646 570 1700 ista
608 1644 844 1700 tribuere
878 1640 1349 1711 temperationibus
1388 1638 1711 1710 corporum?
1748 1637 1901 1707 Quod

319 1740 415 1796 etsi
436 1736 651 1808 probari
671 1738 712 1803 ³,
733 1735 813 1791 vel
839 1734 981 1790 nulla
998 1734 1278 1798 existente,
1308 1731 1393 1787 vel
1413 1731 1558 1786 omni
1585 1730 1732 1786 ﬁnita
1756 1745 1902 1801 qua:-

319 1832 487 1886 stione
514 1830 804 1900 potuisset;
842 1825 1097 1898 numquid
1122 1826 1222 1882 sibi
1242 1825 1467 1897 quisque
1494 1839 1689 1895 corpus
1711 1824 1899 1880 condi-

318 1924 413 1989 dit,
444 1932 498 1978 et
527 1923 629 1978 hoc
656 1921 772 1992 ejus
800 1920 1138 1976 tribuendum
1164 1927 1248 1975 est
1278 1919 1556 1984 voluntati,
1585 1917 1729 1989 quod
1762 1917 1902 1975 mala

318 2016 416 2071 ista
447 2014 706 2069 naturalia
746 2013 916 2083 magis
953 2013 1195 2068 minusve
1222 2011 1556 2082 perpetitur?
1582 2010 1715 2066 Nam
1743 2024 1902 2081 pror—

319 2120 409 2161 sus
436 2120 497 2161 ea
524 2120 630 2160 non
652 2105 856 2176 perpeti
876 2118 996 2158 cum
1028 2103 1112 2158 hic
1132 2102 1347 2169 vivitur,
1376 2102 1522 2157 nullo
1547 2100 1727 2169 modo,
1758 2101 1903 2158 nulla

317 2200 525 2254 ratione
564 2198 842 2268 quisquam
873 2200 1069 2267 potest.
1110 2194 1221 2250 Nec
1257 2202 1433 2251 tamen
1477 2195 1590 2250 sive
1630 2194 1898 2262 maximis,

319 2290 432 2346 sive
475 2289 707 2344 minimis
740 2288 762 2321 ³
785 2296 1067 2360 urgeatur,
1098 2286 1179 2342 fas
1218 2296 1301 2343 est
1345 2296 1403 2342 ut
1440 2286 1584 2343 dicat
1626 2287 1676 2342 ei
1718 2288 1807 2358 qui
1844 2300 1904 2343 se

321 2381 490 2446 ﬁnxit,
536 2381 782 2452 quamvis
824 2379 1197 2449 omnipotenti,
1224 2378 1392 2450 justo,
1443 2389 1498 2434 et
1537 2379 1698 2444 bono,
1735 2379 1904 2445 Quare

318 2473 391 2527 sic
418 2489 497 2526 me
523 2473 685 2544 fecisti
707 2469 857 2543 (Isai.
877 2485 1004 2533 xcv,
1036 2469 1102 2535 9;
1136 2468 1288 2524 Rom.
1316 2484 1394 2534 tx,
1420 2467 1556 2539 20)?
1586 2469 1653 2523 Et
1685 2467 1751 2523 de
1774 2468 1903 2539 jugo

308 2563 462 2634 gravi
484 2562 627 2633 quod
656 2571 738 2617 est
761 2576 920 2632 supra
940 2560 1076 2615 ﬁlios
1102 2560 1258 2632 primi
1290 2558 1461 2614 Adam
1490 2557 1675 2632 (Eccli.
1706 2575 1794 2623 xc,
1822 2558 1900 2629 1),

310 2670 477 2710 nemo
504 2655 692 2710 liberat
717 2653 817 2709 nisi
843 2651 1110 2709 secundus
1141 2650 1331 2707 Adam.
1376 2651 1586 2720 Quanto
1611 2666 1739 2722 ergo
1769 2650 1905 2707 tole-

318 2747 539 2803 rabilius
573 2746 710 2813 illas,
754 2761 885 2819 quas
915 2745 1048 2801 dicis
1087 2744 1141 2799 in
1183 2744 1361 2815 impiis
1390 2758 1510 2800 esse
1543 2743 1789 2809 virtutes,
1814 2741 1902 2798 di—

319 2839 445 2893 vino
479 2837 685 2893 muneri
726 2837 920 2907 potius,
961 2850 1121 2906 quam
1161 2849 1345 2891 eorum
1377 2834 1640 2889 tribueres
1666 2841 1903 2888 tantum-

317 2931 479 2986 modo
510 2928 770 2985 voluntati
796 2946 808 2981 :
840 2929 968 2984 licet
992 2928 1091 2999 ipsi
1122 2927 1225 2983 hoc
1262 2928 1523 2992 nesciant,
1555 2926 1727 2981 donec
1765 2925 1810 2981 si
1836 2941 1902 2981 ex

318 3023 411 3078 illo
436 3031 560 3078 sunt
583 3020 1078 3092 praedestinatorum
1108 3034 1333 3076 numero
1358 3018 1622 3088 accipiant
1657 3017 1902 3088 spiritum

316 3117 409 3186 ιιιιὶ
438 3133 502 3173 ex
531 3117 641 3172 Deo
670 3125 771 3182 est,
804 3125 864 3171 ut
891 3114 1064 3171 sciant
1096 3101 1216 3186 quia
1254 3128 1286 3168 a
1311 3112 1425 3169 Deo
1449 3112 1644 3169 donata
1671 3119 1797 3168 sunt
1825 3112 1904 3168 eis

317 3208 362 3282 (ι
393 3208 511 3265 Cor.
540 3224 599 3275 ιι,
630 3206 758 3280 i2)?

392 3302 480 3355 17.
521 3301 625 3356 Sed
652 3300 790 3356 absit
814 3308 872 3356 ut
905 3301 975 3356 sit
998 3300 1051 3356 in
1081 3300 1261 3372 aliquo
1288 3314 1414 3356 vera
1439 3298 1630 3368 virtus,
1662 3297 1766 3354 nisi
1786 3295 1904 3355 fue—

317 3390 389 3446 rit
413 3390 608 3461 justus.
637 3390 790 3446 Absit
831 3400 1009 3446 autem
1056 3399 1113 3446 ut
1138 3391 1207 3446 sit
1235 3390 1412 3459 justus
1443 3404 1590 3458 vere,
1633 3390 1735 3446 nisi
1766 3389 1907 3445 vivat

308 3497 387 3535 ex
421 3479 563 3537 ﬁde:
592 3481 773 3536 Justus
805 3480 947 3535 enim
978 3497 1041 3535 ea:
1066 3480 1168 3550 ﬁde
1200 3480 1323 3533 vivit
1355 3479 1529 3553 (Rom.
1553 3496 1591 3547 ι,
1623 3480 1735 3551 17).
1768 3478 1900 3547 Quis

312 3587 482 3642 porro
520 3588 704 3628 eorum
734 3573 821 3643 qui
864 3588 923 3628 se
968 3572 1289 3629 christianos
1332 3572 1515 3628 haberi
1542 3572 1752 3640 volunt,
1799 3571 1903 3628 nisi

319 3665 422 3720 soli
452 3664 739 3735 Pelagiani,
787 3674 879 3718 aut
916 3664 969 3718 in
1012 3664 1143 3735 ipsis
1183 3664 1342 3719 etiam
1366 3663 1507 3720 forte
1534 3672 1591 3719 tu
1619 3663 1789 3731 solus,
1813 3663 1904 3735 ju-

308 3764 462 3811 stum
517 3755 711 3810 dixerit
763 3753 1031 3810 inﬁdelem
1060 3797 1076 3822 ,
1127 3755 1330 3824 justum
1381 3754 1576 3810 dixerit
1636 3754 1854 3823 impium
1883 3796 1902 3824 ,

316 3846 520 3916 justum
572 3844 766 3900 dixerit
816 3845 1027 3900 diabolo
1069 3846 1424 3916 mancipatum
1476 3844 1621 3917 (a)?
1660 3845 1731 3900 sit
1782 3845 1906 3901 licet

320 3939 414 3995 ille
442 3938 842 4005 Fabricius,sit
888 3938 1009 3993 licet
1036 3936 1263 4001 Fabius,
1312 3937 1384 3991 sit
1419 3936 1546 3993 licet
1591 3936 1790 4006 Scipio,
1837 3938 1907 3992 sit

317 4030 450 4085 licet
492 4029 747 4100 Regulus,
792 4043 1018 4099 quorum
1065 4043 1152 4082 me
1187 4025 1521 4092 nominibus,
1555 4034 1805 4096 tanquam
1848 4025 1905 4081 in

318 4121 535 4191 antiqua
564 4119 802 4174 Romana
842 4119 990 4173 curia
1022 4117 1382 4186 loqueremur,
1410 4114 1607 4185 putasti
1647 4128 1767 4170 esse
1796 4122 1907 4169 ter-

317 4212 570 4270 rendum.
599 4212 793 4267 Verum
816 4219 873 4265 tu
903 4210 955 4264 in
988 4209 1088 4264 hac
1119 4223 1280 4264 causa
1304 4207 1406 4262 etsi
1435 4206 1503 4261 ad
1535 4206 1775 4262 scholam
1801 4206 1905 4278 Py-

318 4307 559 4377 thagorae
578 4318 844 4376 provoces
869 4303 953 4358 vel
975 4302 1229 4367 Platonis,
1254 4300 1343 4356 ubi
1371 4298 1715 4355 eruditissimi
1744 4306 1905 4369 atque

318 4395 617 4454 doctissimi
656 4394 755 4449 viri
798 4394 965 4449 multo
1008 4392 1385 4447 cxcellentiore
1421 4390 1630 4445 caeteris
1668 4388 1906 4460 philoso-

314 4486 447 4558 phia
487 4484 751 4541 nobilitati
770 4498 936 4540 veras
964 4483 1191 4538 virtutes
1227 4495 1332 4536 non
1360 4495 1479 4535 esse
1504 4479 1771 4545 dicebant,
1802 4478 1903 4534 nisi

318 4592 442 4647 quae
466 4576 628 4631 menti
659 4574 888 4645 quodam
915 4573 1074 4629 modo
1107 4572 1485 4642 imprimuntur
1510 4585 1537 4624 a
1569 4570 1736 4625 forma
1764 4570 1905 4625 illius

318 4677 536 4722 astet-na:
566 4665 1014 4735 immutabilisque
1050 4663 1393 4730 substantiae,
1434 4661 1576 4733 quod
1616 4669 1698 4717 est
1732 4661 1902 4729 Deus;

318 4758 481 4812 etiam
512 4756 621 4811 illic
645 4755 902 4811 adversus
928 4764 1004 4823 te,
1031 4763 1285 4825 quantum
1311 4753 1476 4809 donat
1500 4752 1589 4823 qui
1613 4767 1713 4808 nos
1740 4765 1905 4808 voca-

315 4848 417 4912 vit,
445 4846 655 4917 pietatis
695 4845 939 4900 libertate
972 4845 1254 4899 clamabo:
1286 4842 1395 4899 Nec
1433 4842 1485 4896 in
1526 4842 1642 4898 istis
1672 4849 1754 4897 est
1776 4856 1904 4897 vera

312 4938 541 5010 justitia.
567 4935 783 4992 Justus‘
810 4951 874 4991 ex
900 4935 1004 5006 [ide
1027 4935 1163 4990 civit.
1204 4932 1362 4988 Fides
1394 4950 1459 4989 ex
1474 4932 1678 5000 auditu,
1705 4933 1906 4988 auditus

377 5133 401 5165 "
436 5130 657 5183 Nonnulli
677 5138 811 5194 list,
834 5130 1150 5184 tenacissinw.

379 5197 403 5261 ξ
436 5204 537 5243 Am.
563 5203 635 5244 Er.
664 5203 718 5246 et
735 5188 927 5261 quidam
948 5201 1077 5261 διεδ..
1101 5193 1233 5253 (mod
1254 5193 1295 5261 si
1311 5196 1358 5242 et
1379 5188 1591 5261 probari.

383 5258 405 5289 ³
438 5265 536 5305 Am.
563 5265 614 5318 et
652 5250 770 5318 Er.,'
795 5257 892 5318 sive
935 5250 1193 5318 mimus,
1229 5253 1339 5318 sive
1356 5250 1578 5302 minimus
1607 5250 1902 5318 :mendosg.

309 5325 428 5367 bam
560 5312 807 5427 aégudtt'ad
827 5317 944 5367 illud
968 5315 1298 5376 Horatii,'libro
1323 5315 1343 5362 ’l
1364 5320 1664 5372 sermonum,
1688 5314 1833 5361 satira
1854 5312 1903 5372 '5,

309 5393 447 5427 mem.
511 5408 517 5421 ι
543 5415 557 5427 .
666 5393 678 5427 :

309 5393 447 5429 mem.
477 5381 557 5437 68,
579 5381 643 5427 69
666 5393 678 5427 :

441 5433 554 5491 aaut
576 5441 703 5490 vitiis
724 5453 871 5489 nemo
892 5442 998 5489 sine
1022 5440 1265 5498 nascitur;
1296 5437 1507 5498 optimus
1530 5433 1614 5484 ille
1639 5441 1734 5491 est,

442 5503 764 5567 Qqhntiuitllib"
780 5508 1000 5565 urgetur.
1106 5560 1137 5567 __
1236 5561 1246 5567 _
1372 5560 1383 5567 .
1570 5556 1580 5567 .
1662 5555 1672 5566 ι
1736 5561 1747 5567 Α
1859 5543 1903 5567 _.

377 5564 400 5594 ⁸
435 5565 571 5621 Editi,
611 5576 705 5627 qua
736 5560 945 5627 jitstits._
969 5560 1277 5627 t‘r_.itellensis
1298 5560 1472 5615 codex,
1497 5560 1609 5627 quia
1645 5560 1820 5619 justus.
1858 5560 1907 5605 tt't

306 5625 422 5672 aliis
458 5622 792 5685 umzius'cript’is
823 5622 1131 5681 accingitur,
1167 5636 1297 5684 qua;
1337 5622 1600 5685 numquis.
1717 5640 1733 5685 _‘

377 5685 662 5796 (nat‘xinfer.
688 5676 773 5734 lib.
798 5686 908 5735 ﬁde
929 5676 1128 5733 civitate
1151 5676 1253 5742 Dei,
1277 5676 1414 5745 capp.
1436 5676 1519 5739 lii,
1541 5680 1616 5741 20,
1644 5687 1695 5729 et
1712 5676 1801 5727 lib.
1831 5679 1903 5738 {9,

306 5764 422 5811 cap.
448 5764 521 5796 Ζ).

560 5820 833 5882 ΡΑΤιιοι..
872 5823 1009 5883 XLl
1026 5824 1094 5883 ι’.

1661 341 1864 399 LIBER
1902 339 2244 410 QUARTUS.

3466 348 3591 409 ’⁸146

2009 468 2174 514 autem
2204 476 2293 530 per
2319 460 2519 514 verbum
2548 459 2733 517 Christi
2758 461 2913 532 :finis
2941 463 3063 536 legis
3090 452 3322 522 Christus
3347 466 3415 520 ad
3429 466 3593 537 justi-

2008 547 2127 602 tiam
2149 551 2286 603 omni
2310 550 2532 605 credenti
2557 551 2732 623 (Rom.
2752 568 2806 621 x,
2826 554 2913 623 i7,
2930 554 3006 626 4).
3025 554 3304 623 Quomodo
3319 565 3443 613 sunt
3459 571 3587 614 vero

2001 636 2153 708 justi,
2181 639 2373 710 quibus
2401 640 2522 696 vilis
2562 652 2645 698 est
2671 643 2943 699 humilitas
2971 646 3082 702 veri
3102 646 3231 717 ,Ῑιιδιί
3251 647 3276 702 ‘i
3296 646 3420 717 ‘Quo
3444 648 3588 704 enim

2005 732 2494 803 propinquaverunt
2523 736 2892 809 intelligentia,
2925 739 3049 796 inde
3072 741 3317 811 superbia
3348 750 3586 800 recesse-

2005 829 2131 874 runt
2158 838 2171 874 :
2198 823 2315 891 quia
2333 824 2349 855 ί
2370 834 2718 896 cognoscentes
2747 826 2930 898 Deum,
2959 845 3061 884 non
3079 830 3211 884 sicut
3241 830 3404 885 Deum
3427 833 3591 903 glori-

2006 911 2303 981 ficaverunt,
2332 924 2423 969 aut
2448 918 2638 988 gratias
2659 930 2900 991 egerunt;
2929 921 3019 976 scd
3042 932 3348 979 evanuerunt
3373 925 3427 979 in
3451 926 3594 996 cogi—

2007 1004 2279 1061 tationibus
2302 1007 2428 1076 suis,
2469 1017 2518 1062 et
2552 1008 2876 1066 obscuratum
2900 1022 2973 1067 est
3000 1014 3242 1084 insipiens
3265 1031 3355 1070 cor
3385 1024 3584 1074 eorum.

2005 1093 2242 1153 Dicentes
2272 1101 2407 1155 enim
2435 1117 2487 1156 se
2518 1119 2626 1157 esse
2650 1104 2923 1176 sapientes,
2954 1108 3093 1162 stulti
3120 1108 3244 1179 {acti
3266 1119 3384 1164 sunt
3410 1108 3522 1180 (Id.
3543 1125 3582 1177 t,

2004 1186 2069 1242 21
2093 1196 2139 1241 et
2162 1187 2275 1261 22).
2302 1188 2579 1258 Quomodo
2608 1201 2689 1247 est
2726 1195 2779 1248 in
2810 1195 2889 1250 eis
2916 1211 3042 1251 vera
3065 1197 3289 1267 justitia,
3321 1200 3373 1255 in
3395 1202 3587 1270 quibus

2005 1293 2112 1333 non
2159 1286 2241 1334 est
2287 1294 2414 1335 vera
2459 1282 2754 1352 sapientia?
2793 1283 2963 1353 Quam
3011 1286 3056 1340 si
3103 1287 3181 1343 eis
3222 1288 3583 1354 tribuerimus,

2004 1369 2136 1426 nihil
2165 1371 2281 1427 erit'
2302 1387 2477 1429 causae
2518 1389 2614 1430 cur
2653 1391 2760 1430 non
2802 1392 2897 1433 eos
2923 1376 2990 1433 ad
3030 1378 3156 1434 illud
3204 1394 3425 1450 regnum
3465 1389 3593 1451 per-

2003 1465 2187 1520 venire
2212 1464 2471 1530 dicamus,
2507 1467 2576 1522 de
2600 1483 2707 1537 quo
2736 1470 2992 1539 scriptum
3033 1478 3135 1537 est,
3165 1469 3587 1542 Concupiseentia

1946 1608 1950 1613 ,
2003 1555 2262 1624 sapientia:
2283 1555 2487 1609 deducit
2513 1555 2583 1609 ad
2610 1573 2822 1628 regnum
2851 1557 3007 1629 (Sap.
3030 1575 3104 1627 v1,
3124 1560 3240 1632 21).
3264 1563 3341 1616 Ac
3369 1577 3463 1631 per
3490 1562 3597 1618 hoc.

2003 1642 2247 1699 Christus
2261 1646 2425 1715 gratis
2437 1655 2678 1701 mortuus
2698 1655 2800 1715 est,
2824 1647 2869 1703 si
2886 1650 3128 1705 homines
3142 1651 3260 1706 sine
3276 1650 3377 1706 ﬁde
3394 1651 3594 1708 Christi

2003 1734 2071 1789 ad
2091 1734 2249 1791 ﬁdem
2270 1738 2508 1803 veram',
2530 1737 2595 1792 ad
2621 1739 2870 1794 virtutem
2900 1756 3101 1811 veram,
3124 1742 3188 1797 ad
3214 1742 3472 1813 justitiam
3501 1760 3594 1799 vc-

2004 1841 2140 1892 ram,
2158 1826 2226 1882 ad
2241 1829 2550 1898 sapientiam
2568 1845 2770 1897 veram,
2785 1846 3116 1903 quacumque
3135 1850 3194 1889 re
3206 1835 3330 1899 alia,
3346 1851 3593 1905 quacum-

2004 1932 2109 1987 que
2121 1917 2324 1974 ratione
2346 1920 2673 1989 perveniunt.
2703 1920 2925 1976 Prorsus
2942 1922 3077 1978 sicut
3095 1923 3163 1979 de
3179 1924 3293 1994 lege
3303 1926 3590 1983 verissime

2004 2009 2079 2064 ait
2100 2010 2404 2079 Apostolus,
2423 2008 2487 2067 Si
2502 2027 2593 2081 per
2610 2012 2767 2083 legem
2775 2012 3001 2083 justitia,
3027 2031 3145 2086 ergo
3176 2013 3404 2070 Christus
3432 2017 3594 2087 gratis

2004 2111 2236 2156 mortuus
2250 2110 2323 2157 est
2338 2100 2532 2176 (Galat.
2556 2119 2612 2170 tt,
2629 2102 2722 2178 2i)
2746 2123 2759 2159 :
2779 2105 2849 2159 ita
2869 2107 3148 2162 verissime
3176 2106 3395 2176 dicitur,
3419 2109 3472 2164 Si
3497 2123 3594 2179 per

2006 2202 2248 2249 naturam
2288 2196 2722 2266 voluntatemque
2744 2196 2969 2266 justitia,
3005 2212 3132 2270 ergo
3156 2198 3398 2256 Christus
3428 2201 3596 2271 gratis

2006 2293 2247 2342 mortuus
2265 2296 2367 2342 est.
2395 2287 2451 2343 Si
2483 2303 2577 2357 per
2598 2288 2867 2345 doctrinas
2888 2290 3163 2347 hominum
3192 2293 3592 2364 qualiscumque

2001 2375 2357 2449 justitia,ergo
2369 2378 2614 2435 Christus
2625 2383 2791 2451 gratis
2807 2391 3045 2438 mortuus
3057 2393 3157 2439 est.
3176 2384 3278 2439 Per
3292 2386 3433 2456 quod
3450 2387 3597 2441 enim

2006 2477 2223 2522 estvera
2237 2468 2494 2538 justitia',
2515 2486 2611 2541 per
2623 2471 2722 2527 hoc
2740 2473 2899 2528 etiam
2918 2489 3140 2544 regnum
3158 2476 3272 2531 Dei.
3289 2477 3429 2533 Deus
3444 2493 3596 2532 nam-

2005 2571 2111 2628 que
2134 2557 2268 2627 ipse,
2295 2558 2437 2629 quod
2460 2559 2618 2625 absit,
2650 2561 2753 2616 erit
2783 2562 3032 2633 injustas,
3064 2565 3109 2620 si
3145 2564 3210 2620 ad
3236 2566 3351 2636 ejus
3372 2582 3596 2638 regnum

2006 2662 2165 2703 verus
2206 2663 2313 2704 non
2348 2650 2645 2706 admittitur
2662 2651 2841 2722 justus
2870 2672 2883 2706 :
2916 2670 3038 2709 cum
3068 2664 3124 2711 et
3161 2655 3336 2726 ipsum
3367 2657 3482 2729 ejus
3510 2675 3586 2715 re-

2004 2756 2167 2812 gnum
2188 2742 2392 2812 justitia
2422 2744 2511 2811 sit,
2554 2745 3002 2815 quemadmodum
3034 2748 3289 2818 scriptum
3319 2759 3439 2821 test,
3470 2749 3597 2805 Non

2006 2843 2080 2889 cst
2107 2848 2316 2905 regnum
2356 2833 2452 2888 Dei
2493 2851 2606 2889 esca
2643 2844 2690 2889 et
2724 2845 2889 2906 potus,
2933 2838 3023 2893 sed
3048 2839 3272 2910 justitia,
3313 2850 3360 2895 ct
3393 2857 3515 2910 pax,
3547 2850 3596 2894 et

2004 2924 2247 2996 gaudium
2287 2922 2465 2995 (Rom.
2497 2941 2627 2995 xrv,
2660 2926 2770 2999 l7).
2815 2927 2984 2984 Porro
3029 2930 3074 2984 si
3116 2946 3296 2986 veram
3331 2930 3595 3003 justitiam

2006 3029 2111 3070 non
2134 3014 2335 3073 habent
2362 3015 2544 3087 impii;
2580 3016 2819 3087 profecto
2843 3033 2941 3075 nec
2962 3019 3093 3075 alias
3116 3021 3341 3079 virtutes
3369 3025 3595 3081 comites

2006 3107 2123 3177 ejus
2167 3114 2222 3162 et
2257 3107 2453 3175 socias,
2496 3108 2543 3163 si
2585 3122 2717 3179 quas
2762 3108 2977 3178 habent,
3008 3125 3169 3167 veras
3201 3111 3442 3188 habent[
3473 3116 3596 3185 quia

2007 3214 2130 3254 cum
2147 3213 2252 3254 non
2283 3198 2349 3255 ad
2369 3214 2527 3255 suum
2554 3199 2863 3256 referuntur
2889 3210 3160 3259 auctorem
3185 3202 3324 3260 dona
3350 3206 3465 3272 Dei,
3491 3206 3597 3266 hoc

2008 3288 2125 3360 ipso
2145 3289 2268 3345 mali
2289 3290 2370 3344 his
2399 3299 2611 3347 utentes
2638 3289 2941 3348 efﬁciuntur
2969 3292 3223 3368 injusti‘]
3249 3313 3262 3348 :
3292 3310 3355 3350 ac
3379 3312 3474 3366 per
3493 3296 3597 3352 hoc

2007 3396 2110 3438 nec
2160 3381 2487 3437 continentia
2535 3381 2649 3438 sive
2690 3382 2941 3454 pudicitia
2974 3399 3107 3440 vera
3152 3386 3316 3442 virtus
3363 3398 3446 3443 est
3490 3388 3594 3443 im-

2008 3474 2241 3545 piorum.

2080 3564 2168 3621 18.
2196 3564 2274 3620 Tu
2306 3574 2432 3620 vero
2460 3577 2565 3620 tam
2597 3566 2741 3621 male
2769 3565 2966 3636 accipis
2991 3566 3132 3637 quod
3165 3571 3238 3624 ait
3266 3571 3554 3641 Apostolus
3574 3614 3591 3638 ,

2009 3656 2150 3713 Nam
2196 3658 2284 3728 qui
2321 3658 2374 3712 in
2403 3674 2565 3728 agone
2608 3658 2896 3725 contendit,
2952 3657 3014 3712 ab
3058 3660 3286 3715 omnibus
3332 3662 3593 3718 continens

2008 3759 2082 3806 est
2100 3748 2141 3822 (ι
2157 3746 2274 3804 Cor.
2302 3765 2377 3815 ix,
2395 3748 2509 3822 25);
2530 3760 2581 3805 ut
2601 3749 3003 3818 continentiam,
3025 3758 3130 3804 tam
3156 3767 3400 3822 magnam
3426 3756 3595 3810 virtu-

2009 3854 2148 3911 tem,
2189 3843 2258 3899 de
2291 3852 2393 3913 qua
2423 3843 2676 3913 scriptum
2723 3851 2833 3909 est,
2886 3841 3027 3913 quod
3062 3858 3219 3897 nemo
3256 3859 3375 3900 esse
3419 3855 3595 3917 potest

2008 3938 2291 3993 continens
2315 3937 2415 3991 nisi
2437 3936 2575 3991 Deus
2597 3935 2687 3991 det
2713 3934 2865 4009 (Βίῳ.
2883 3946 3005 4000 'vtu,
3022 3933 3138 4007 21);
3167 3935 3325 3990 etiam
3354 3935 3590 3992 chorau-

2009 4027 2088 4083 las
2109 4036 2166 4084 et
2188 4026 2490 4097 hu‘jusmodi
2524 4036 2705 4097 turpes
2734 4026 3064 4097 infamesque
3100 4041 3356 4096 personas
3394 4028 3592 4086 habere

2008 4117 2323 4175 contendas.
2363 4116 2430 4170 Ili
2466 4116 2606 4170 enim
2629 4116 2863 4186 .quando
2913 4117 2964 4170 in
3001 4129 3172 4187 agone
3198 4118 3489 4186 decertant,
3521 4123 3590 4175 ah

2008 4210 2258 4265 omnibus
2287 4208 2590 4273 continent,
2624 4217 2683 4262 ut
2721 4208 3124 4278 corruptibilem
3159 4224 3411 4266 coronam
3450 4215 3591 4269 acci-

2010 4302 2158 4373 piant
2184 4318 2198 4354 :
2227 4315 2255 4355 a
2283 4300 2435 4369 cujus
2462 4308 2634 4352 tamen
2668 4310 2802 4353 vana
2837 4299 3127 4369 cupiditate
3157 4316 3261 4356 non
3292 4304 3589 4360 continent.

2008 4392 2136 4448 Haec
2163 4392 2304 4447 enim
2332 4376 2592 4459 cupiditas
2622 4404 2754 4443 vana
2786 4404 2849 4445 ac
2874 4405 2967 4458 per
2986 4390 3088 4447 hoc
3118 4407 3275 4463 prava
3296 4435 3309 4461 ,
3342 4396 3507 4452 vincit
3535 4397 3592 4452 in

2009 4485 2088 4541 eis
2123 4493 2177 4539 et
2207 4481 2379 4537 frenat
2406 4481 2536 4536 alias
2568 4494 2757 4550 pravas
2781 4480 3097 4550 cupiditates
3140 4501 3152 4536 :
3184 4482 3402 4557 propter
3446 4487 3588 4558 quod

2008 4574 2136 4630 dicti
2182 4581 2306 4628 sunt
2340 4571 2692 4627 continentes.
2737 4571 2841 4627 Sed
2880 4581 2936 4626 ut
2980 4573 3345 4642 gravissimam
3385 4576 3591 4634 faceres

2010 4668 2258 4741 injuriam
2283 4666 2641 4738 Scipionibus,
2673 4665 3055 4721 continentiam
3084 4682 3242 4737 quam
3265 4670 3317 4724 in
3341 4669 3419 4724 eis
3444 4677 3593 4726 tanto

2010 4762 2227 4833 eloquio
2256 4758 2575 4832 prardicasti,
2606 4758 2799 4813 dedisti
2828 4768 2883 4813 et
2909 4760 3254 4815 histrionibus
3287 4778 3301 4814 :
3340 4761 3594 4832 ignorans

2011 4856 2349 4928 Apostolum,
2375 4870 2496 4910 cum
2527 4854 2912 4909 exhortaretur
2939 4852 3181 4907 homines
3208 4853 3273 4907 ad
3303 4853 3586 4922 virtutem,

2010 4953 2090 5009 sic
2126 4949 2427 5019 exemplum
2458 4946 2525 5001 de
2550 4946 2735 5000 vitiosa
2772 4945 3045 5025 hominum
3074 4944 3354 5000 affectione
3380 4946 3401 4977 '
3445 4962 3593 5002 sum-

2075 5065 2092 5096 ι
2127 5061 2263 5124 Apud
2300 5066 2431 5119 Lov.,
2453 5071 2564 5124 qua.

2073 5125 2094 5156 ³
2128 5114 2275 5172 vatio.
2301 5114 2672 5178 Mssfoinittun‘t,
2696 5117 2761 5167 ad
2782 5114 2930 5181 [idem
2948 5130 3126 5181 verum,

2036 5246 2051 5258 .
2073 5188 2096 5219 δ
2120 5184 2431 5234 Floriacensis
2457 5188 2560 5241 Ms,
2589 5176 2682 5230 Per
2703 5176 2830 5243 quod
2853 5177 2980 5229 crtim
3001 5176 3179 5230 homini
3199 5184 3271 5231 est
3295 5193 3411 5232 uera
3444 5180 3585 5243 iusti-
3674 5190 3691 5201 ί

2009 5253 2095 5339 καί
2130 5308 2176 5357 Id
2240 5308 2377 5360 uncis
2418 5303 2664 5368 inclustttu‘
2698 5311 2840 5368 vetus
2886 5300 3051 5368 codex
3112 5300 3424 5353 Floriacensis
3465 5318 3592 5368 prce-

2012 5373 2143 5421 terit.
2180 5372 2379 5419 Habent
2415 5368 2492 5430 tne
2556 5366 2652 5413 loci
2691 5363 2900 5430 yaticani
2972 5364 3189 5430 quiaque
3263 5363 3596 5430 nIaausdipti.

2012 5442 2069 5482 At
2112 5435 2158 5481 in
2219 5428 2636 5496 editis-locatum
2687 5424 2858 5496 fuerat
2906 5424 3131 5496 superius
3204 5428 3428 5495 proxima
3469 5424 3594 5496 Jicss

2014 5496 2181 5551 verba,
2218 5506 2306 5542 nec
2339 5490 2459 5541 alius
2492 5490 2686 5551 {nautes
2717 5490 3050 5551 comitcs'ejus
3085 5492 3128 5551 et
3163 5490 3360 5551 socius;
3387 5497 3437 5539 et
3464 5490 3596 5551 finita

2011 5546 2273 5606 sententia.
2300 5561 2424 5614 post,
2447 5546 2935 5614 ειῇινεηιιιῃὶηῇιδιὶξ
2957 5546 3273 5614 Sequebatur,
3296 5547 3342 5600 si
3371 5561 3491 5614 quas
3511 5550 3576 5601 ιω

2015 5616 2138 5673 bent,
2166 5629 2229 5664 re
2246 5609 2411 5663 animi
2436 5609 2622 5659 ludunt.
2652 5611 2732 5658 t‘lii
2760 5617 2973 5673 negante
2995 5609 3227 5672 particula
3255 5609 3421 5662 carent
3452 5613 3595 5662 iidem

2014 5672 2205 5726 culices
2231 5675 2429 5725 \ati'JuLti
2460 5681 2508 5721 et
2530 5672 2854 5721 t-‘lut'iaccnsis.
2882 5716 2885 5719 η

2077 5740 2098 5770 ⁸
2134 5739 2442 5785 ιιιιινιέιιιυιιδιδ
2467 5742 2525 5780 ‘t:
2555 5768 2567 5793 ,
2593 5730 2943 5782 ι’δηάεςινετιιιὶηε.

2848 5819 2884 5894 (
2900 5815 3399 5898 i'ingt—guatrc.)
