4038 6182
431 317 538 374 ττι

434 435 640 505 psisse,
682 417 1128 505 quemadmodum
1168 414 1272 469 alio
1320 414 1437 467 loco
1473 408 1765 477 Scriptum,
1796 416 1914 457 cum
1944 397 2011 453 ad

435 489 675 578 amorem
701 489 998 586 sapientia:
1038 506 1282 563 homines
1323 504 1649 563 hortaretur,
1675 489 2017 566 quaerendam

436 614 570 670 dixit
592 624 713 667 esse
738 583 877 662 sicut
898 601 1173 675 pecuniam
1204 593 1384 669 (Prov.
1415 607 1472 657 ιι,
1503 590 1585 661 4).
1606 583 1872 656 Numquid
1896 595 2018 675 pro-

434 714 621 776 pterea
661 708 845 755 sancta
878 672 1152 764 Scriptura
1187 684 1414 744 dicenda
1458 690 1543 739 est
1569 672 2017 736 laudasseuavari-

430 765 565 852 «tiam
588 793 737 851 γεω
763 791 887 863 quia
916 795 1100 844 notum
1124 790 1230 849 est,
1253 787 1520 837 amatores
1544 771 1784 846 pecunia:
1805 765 2020 839 quantis

414 889 704 958 .paticnter
730 857 1005 937 laboribus
1015 874 1396 942 doloribusque
1418 866 1729 928 subdantur,
1752 875 1783 916 a
1811 857 2021 958 quantis

436 944 500 1038 se
543 976 857 1035 contineant
881 965 1276 1040 voluptatibus,
1313 961 1428 1017 sive
1467 954 1754 1028 cupiditate
1795 944 2022 1019 augendi

439 1069 742 1142 pecuniam,
769 1064 884 1121 sive
917 1062 1108 1116 timore
1136 1050 1408 1112 minuendi
1433 1090 1450 1117 ,
1479 1054 1676 1119 quanta
1694 1043 1901 1098 lucrum
1931 1053 2023 1094 sa-

423 1131 669 1233 gacitate
718 1159 1034 1215 sectentur,
1081 1154 1137 1202 et
1180 1142 1472 1215 prudenter
1521 1136 1715 1191 damna
1751 1131 2020 1193 devitcnt,

440 1217 602 1323 quam
626 1249 848 1303 timeant
867 1242 1181 1314 plerumque
1203 1233 1373 1289 aliena
1395 1228 1647 1299 diripere,
1674 1232 1728 1278 et
1743 1217 2027 1291 aliquando

429 1307 541 1397 ~sua
568 1338 668 1394 sibi
689 1307 1259 1392 ablata-contemnant,
1288 1336 1358 1377 ne
1385 1315 1677 1390 repetendo
1699 1320 1755 1368 et
1774 1307 2028 1380 litigando

432 1432 569 1503 mltts
606 1426 830 1500 perdunt
871 1438 886 1477 :
921 1429 1068 1477 recte
1106 1412 1367 1472 admoniti
1406 1422 1589 1464 sumus
1627 1406 1706 1460 sic
1733 1415 1916 1458 amare
1942 1413 2028 1454 sa-

431 1489 725 1592 lpienti'am,
743 1526 804 1571 ut
823 1527 941 1568 eam
967 1509 1124 1565 nobis
1141 1501 1502 1562 thesaurizare
1525 1494 1831 1552 avidissime
1852 1489 2031 1559 cupia-

432 1628 569 1668 mus
592 1652 608 1678 ,
634 1617 795 1680 atque
817 1614 875 1660 ut
898 1601 1054 1659 nobis
1080 1597 1248 1669 magis
1272 1594 1545 1665 magisque
1565 1586 1869 1658 acquiratur
1885 1623 1905 1652 ,
1930 1595 2031 1638 nec

432 1674 621 1775 aliqua
656 1674 722 1757 es
765 1707 917 1771 parte
955 1695 1248 1755 minuatur,
1279 1696 1332 1743 et
1368 1682 1705 1757 perferamus
1733 1674 2028 1737 molestias,

440 1807 506 1855 et
538 1768 801 1852 vlibidine‘s
838 1788 1205 1850 refrenemus,
1244 1788 1303 1833 et
1342 1772 1734 1848 prospiciamus
1762 1768 1816 1822 in
1864 1774 2035 1835 poste-

448 1904 570 1945 rum
596 1928 612 1955 ,
668 1892 722 1940 et
768 1876 1125 1938 innocentiam
1175 1866 1693 1932 beneficentiamque
1734 1870 2029 1914 servemus.

444 1945 610 2047 Quod
626 1989 748 2032 cum
768 1970 1012 2035 facimus,
1040 1966 1162 2021 ideo
1188 1974 1341 2017 veras
1364 1957 1590 2013 virtutes
1609 1952 1889 2015 habemus,
1911 1945 2035 2018 quia
2117 2009 2121 2012 ν

446 2042 641 2133 «rerum
670 2075 752 2123 est
779 2070 995 2136 propter
1020 2054 1160 2129 quod
1187 2052 1407 2108 facimus
1426 2090 1441 2114 ,
1474 2046 1526 2102 id
1551 2053 1633 2101 est
1655 2082 1672 2111 ,
1705 2042 1806 2096 hoc
1834 2047 2037 2095 natura:

449 2171 653 2218 nostra!
671 2128 1087 2213 consentaneum
1111 2153 1195 2202 est
1221 2142 1289 2199 ad
1317 2140 1542 2197 salutem
1572 2143 1628 2192 et
1657 2147 1838 2189 veram
1864 2128 2033 2185 felici-

455 2264 642 2309 tatem.

530 2345 618 2400 l9.
646 2341 761 2399 Non
785 2338 926 2395 enim
946 2328 1370 2406 absurde‘virtus
1392 2320 1612 2378 definita
1658 2324 1742 2372 est
1761 2313 1830 2369 ab
1849 2312 1925 2368 eis
1950 2309 2041 2381 qui

457 2437 726 2499 dixerunt,
754 2427 826 2483 ιη
833 2428 967 2482 irtus
988 2431 1073 2479 est
1098 2403 1261 2475 animi
1292 2413 1523 2477 habitus,
1553 2416 1756 2464 natura:
1782 2403 1940 2458 modo
1954 2409 2040 2456 at-

458 2540 563 2595 que
597 2491 791 2578 rationi
832 2518 1220 2572 consentaneus
1248 2524 1268 2558 ι
1300 2503 1494 2577 (Cicero
1516 2540 1531 2567 ,
1559 2499 1649 2554 lib.
1677 2497 1715 2551 2
1747 2495 1809 2549 de
1857 2491 2043 2547 Inven-

462 2592 641 2688 tionc).
678 2612 879 2668 Verum
904 2607 1188 2668 dixerunt,
1217 2597 1311 2654 sed
1350 2594 1478 2666 quid
1515 2592 1584 2649 sit
1625 2594 2040 2646 consentaneum

452 2676 749 2764 liberanda:
773 2717 838 2758 ac
865 2692 1228 2757 beatificanda:
1254 2699 1458 2745 naturae
1499 2682 1804 2740 mortalium
1836 2676 2046 2732 nescie-

456 2809 606 2856 runt.
634 2796 818 2868 Neque
842 2792 985 2849 enim
1004 2777 1208 2845 'omnes
1237 2781 1480 2837 homines
1512 2774 1745 2833 naturali
1792 2770 2048 2827 instinctu

462 2889 795 2953 immortales
809 2893 864 2941 et
886 2880 1026 2940 beati
1045 2892 1165 2936 esse
1179 2873 1462 2936 vellemus,
1483 2867 1590 2923 nisi
1609 2879 1728 2922 esse
1744 2874 2046 2934 possemus.

464 2986 570 3044 Sed
621 2984 724 3038 hoc
762 2986 1029 3035 summum
1067 2970 1264 3025 bonum
1301 2960 1545 3036 prmstari
1589 2954 1894 3013 hominibus
1941 2966 2049 3006 non

462 3084 678 3148 potest,
706 3068 810 3125 nisi
837 3079 933 3137 per
954 3061 1225 3118 Christum
1250 3063 1307 3110 et
1350 3053 1492 3107 hunc
1528 3047 1837 3125 crucifixum
1854 3083 1872 3110 ,
1900 3042 2053 3112 cujus

464 3140 822 3222 unortemors
844 3156 1111 3215 vincitur,
1137 3146 1288 3217 cujus
1316 3140 1626 3198 vulneribus
1655 3147 1844 3193 natura
1869 3143 2054 3189 nostra

462 3265 710 3314 sanatur.
740 3249 865 3306 Ideo
881 3245 1055 3317 justus
1074 3255 1136 3295 es
1163 3237 1266 3292 [ide
1287 3232 1486 3290 Christi
1513 3230 1659 3285 vivit.
1691 3228 1775 3283 Ex
1795 3226 1894 3280 hac
1911 3225 2055 3280 enim

474 3349 582 3406 ﬁde
604 3342 912 3418 prudenter,
944 3333 1170 3394 fortiter,
1201 3332 1580 3395 temperanter,
1608 3328 1665 3376 et
1685 3318 1849 3390 juste,
1871 3331 1934 3371 ac
1963 3330 2058 3385 per

476 3443 582 3498 hoc
606 3408 691 3494 his
729 3428 977 3488 omnibus
1011 3422 1157 3480 veris
1183 3414 1467 3473 virtutibus
1496 3418 1641 3466 recte
1681 3408 2058 3478 sapienterque

474 3531 639 3596 vivit,
666 3525 790 3598 quia
830 3518 1057 3576 ﬁdeliter
1079 3512 1227 3568 vivit.
1258 3507 1316 3564 Si
1345 3520 1475 3577 ergo
1514 3502 1582 3557 ad
1621 3497 2057 3570 consequendam

476 3586 659 3679 veram
683 3586 1102 3672 beatitudinem,
1141 3614 1300 3674 quam
1333 3596 1487 3653 nobis
1534 3589 1905 3673 immortalem)
1929 3586 2059 3640 lides

691 3670 902 3761 tihristo
926 3705 1012 3756 est
1032 3670 1460 3764 vera—promittit,
1486 3683 1616 3739 nihil
1641 3687 1863 3752 prosunt
1891 3670 2063 3731 homi-

478 3771 538 3860 ni
566 3800 818 3861 virtutes;
855 3790 1004 3847 nullo
1049 3784 1209 3841 modo
1240 3795 1382 3837 verm
1421 3784 1639 3848 possunt
1672 3787 1792 3828 csse
1821 3771 2061 3847 virtutes.

480 3858 567 3950 λιι
603 3892 779 3963 placet
802 3858 898 3939 tibi
926 3886 987 3935 ut
1011 3889 1167 3932 veras
1203 3872 1423 3926 virtutes
1467 3877 1748 3922 avarorum
1770 3876 1889 3915 esse
1913 3858 2062 3913 dicao

486 3953 630 4051 mus,
656 3994 779 4037 cum
819 3976 1087 4031 lucrorum
1109 3966 1221 4019 vias
1256 3960 1544 4034 prudenter
1577 3953 1907 4023 excogitant,
1941 3964 2065 4003 cum

485 4088 583 4148 pro
610 4040 929 4141 acquirendo
954 4055 1174 4131 pecunia
1203 4066 1343 4109 saeva
1369 4056 1526 4119 atque
1545 4059 1732 4116 aspera
1763 4041 1926 4096 multa
1955 4040 2065 4092 for-

484 4133 610 4222 titer
647 4133 904 4221 tolerant,
950 4165 1072 4208 cum
1112 4146 1287 4201 varias
1320 4138 1637 4211 cupiditates
1687 4133 1877 4205 quibus
1924 4145 2070 4186 sum-

406 4312 407 4317 η
487 4269 680 4331 ptuose
696 4251 908 4315 vivitur,
936 4246 1297 4314 temperanter
1329 4232 1613 4300 sobrieque
1639 4225 1916 4295 eaStigant,
1946 4238 2067 4277 cum

486 4318 756 4404 abstinent
779 4340 846 4394 ab
868 4337 1072 4400 alieno,
1102 4328 1244 4386 etde
1267 4340 1365 4380 suo
1393 4336 1535 4392 saepe
1557 4319 1752 4373 amissa
1784 4318 1799 4348 ⁸
1828 4324 2071 4370 contem-

489 4444 657 4502 nunt,
686 4430 827 4504 quod
850 4426 1057 4483 videtur
1080 4421 1147 4476 ad
1181 4416 1440 4491 justitiam
1476 4412 1763 4484 pertinere,
1792 4423 1860 4462 ne
1884 4404 2072 4475 jurgiis

489 4538 547 4584 et
562 4496 778 4598 judiciis
796 4520 946 4593 plura
971 4508 1324 4571 consumant?
1352 4506 1484 4562 Cum
1510 4503 1650 4559 enim
1676 4501 1851 4571 agitur
1873 4496 2071 4568 aliquid

490 4589 819 4695 prudenter,
846 4608 1071 4673 fortiter,
1108 4607 1488 4671 temperanter,
1524 4602 1580 4650 et
1617 4592 1792 4663 iuste,
1824 4589 2074 4644 omnibus

491 4682 725 4787 quatuor
750 4702 1030 4763 virtutibus
1055 4697 1248 4768 agitur,
1264 4706 1384 4763 quae
1402 4686 1696 4745 secundum
1727 4694 1867 4744 tuam
1892 4682 2076 4751 dispu-

493 4772 750 4863 tationem
800 4810 944 4853 vera:
995 4791 1218 4846 virtutes
1267 4788 1413 4848 sunt,
1456 4779 1502 4834 si
1547 4776 1614 4833 ad
1651 4772 2074 4847 cognoscendum

495 4908 679 4956 utrum
704 4906 844 4948 vera:
880 4886 1015 4950 sint,
1051 4881 1153 4936 hoc
1190 4870 1557 4932 tantummodo
1591 4866 1901 4924 intuendum
1931 4863 2074 4936 quod

496 4989 689 5059 agitur,
717 4995 819 5037 nec
844 4990 1002 5034 causa
1030 4965 1313 5043 quarenda
1348 4970 1433 5021 est
1468 4977 1564 5017 cur
1587 4968 1773 5031 agatur
1800 4973 1815 5011 :
1846 4956 2076 5022 undelne

499 5046 593 5132 tibi
630 5046 815 5128 videar
851 5058 1194 5125 calumniari,
1228 5057 1343 5126 ipsa
1378 5062 1468 5108 tua
1503 5051 1669 5106 verba
1707 5046 1819 5118 jam
1857 5060 2069 5117 ponam.

501 5186 523 5220 ι
546 5166 891 5227 (Sanctarum,
916 5174 937 5210 ι
966 5152 1160 5225 inquis,
1193 5167 1214 5201 ι
1237 5147 1387 5217 origo
1411 5144 1662 5198 virtutum
1692 5141 1744 5195 in
1773 5137 2076 5215 rationabili

500 5256 681 5314 animo
722 5252 821 5307 sita
844 5255 960 5314 est,
991 5254 1045 5301 et
1076 5240 1296 5298 affectus
1323 5249 1512 5292 omnes
1550 5247 1645 5303 per
1671 5243 1805 5301 quos
1842 5237 1935 5284 aut
1969 5227 2079 5281 fru-

500 5358 686 5403 ctuose
728 5347 822 5397 aut
868 5334 1119 5394 sterilitcr
1158 5329 1284 5385 boni
1334 5338 1551 5388 sumus,
1598 5322 1651 5376 in
1680 5319 1919 5390 subjecto
1955 5326 2081 5374 sunt

503 5435 701 5494 mentis
723 5442 939 5494 nostras,
953 5421 1260 5492 prudentia,
1282 5417 1510 5491 justitia,
1528 5414 1896 5485 temperantia,
1928 5409 2079 5466 forti-

500 5529 651 5587 tudo.
680 5527 877 5582 llotum
906 5523 955 5592 ig
983 5533 1064 5574 tur
1089 5515 1372 5572 alfcctuum
1392 5511 1474 5567 vis
1502 5524 1623 5568 cum
1660 5508 1729 5564 sit
1754 5507 1807 5562 in
1831 5503 2080 5561 omnibus
2146 5516 2157 5525 '

562 5681 582 5716 ί
619 5688 721 5731 Arn.
745 5682 791 5726 ιι
846 5681 895 5725 ct
918 5684 949 5724 ι
966 5681 1099 5735 iuuat
1122 5675 1252 5728 δὶς..
1269 5661 1458 5712 amisso.

1242 294 1517 355 CONTRA
1553 286 1888 351 JULIANUM
1921 278 2391 347 PELAGIANUM,
2430 278 2489 336 S.
2531 228 2899 336 AlJGUSTINI

3602 267 3707 323 7l8

2125 393 2455 459 naturaliter,
2482 410 2501 444 ι
2535 390 2708 461 inquis
2726 431 2739 454 ,
2777 406 2795 439 ι
2826 400 2932 441 non
2974 391 3152 439 tamen
3180 379 3248 436 ad
3277 392 3438 434 unum
3464 376 3623 433 linem
3651 379 3709 431 in

2123 483 2371 540 omnibus
2396 489 2645 552 properat
2684 494 2697 531 :
2741 477 2838 532 sed
2868 488 2964 546 pro
2986 470 3191 544 judicio
3215 467 3527 532 voluntatis,
3557 468 3713 536 cujus

2123 574 2272 632 nutui
2287 572 2555 635 serviunt,
2585 576 2679 624 aut
2702 567 2769 623 ad
2795 574 3015 632 (eterna,
3034 571 3126 618 aut
3149 559 3217 616 ad
3240 559 3551 630 temporalia
3579 557 3716 613 diri-

2122 676 2336 740 guntur.
2363 663 2516 732 Quod
2554 676 2675 718 cum
2712 660 2805 725 lit,
2831 671 2938 713 non
2972 655 3029 710 in
3052 669 3119 739 eo
3143 652 3288 725 quod
3327 660 3484 720 sunt,
3520 666 3628 707 non
3659 652 3719 708 in

2125 734 2192 814 eo
2214 754 2356 828 quod
2375 761 2557 826 agunt,
2582 751 2678 808 sed
2705 752 2759 806 in
2785 764 2850 805 eo
2875 747 2991 803 solo
3019 734 3225 802 variant
3249 743 3392 816 quod
3415 751 3715 799 merentur.

2126 848 2234 905 Nec
2261 846 2491 903 nominis
2517 845 2600 901 sui
2625 845 2804 916 igitur,
2828 860 2847 894 ι
2865 840 3090 910 ἰη‹ιιιίς,σ
3110 847 3359 910 possunt,
3378 851 3478 891 nec
3500 834 3719 906 generis

2126 940 2390 997 sustinere
2421 936 2788 1008 dispendium,
2831 932 2930 990 sed
2971 931 3137 986 solius
3173 928 3314 1001 quod
3340 927 3717 997 appetiverunt

2126 1030 2333 1104 praemii
2381 1038 2472 1084 aut
2515 1024 2863 1098 amplitudine
2898 1022 3164 1088 ditantur,
3208 1028 3299 1073 aut
3328 1018 3573 1073 exilitate
3603 1014 3724 1070 fru-

2128 1132 2386 1180 strantur.
2411 1141 2429 1175 s
2462 1121 2586 1176 llmc
2605 1119 2694 1174 ubi
2718 1115 2992 1180 didiceris,
3023 1112 3244 1168 nescio:
3263 1111 3374 1181 jam
3393 1120 3571 1164 tamen
3597 1123 3723 1162 cer-

2131 1216 2235 1281 nis,
2273 1220 2332 1268 ut
2367 1210 2617 1273 arbitror,
2646 1219 2983 1277 consequens
3019 1216 3141 1258 esse
3167 1208 3227 1256 ut
3261 1214 3383 1255 vera
3414 1198 3486 1253 sit
3522 1199 3719 1262 virtus,

2129 1319 2411 1361 avarorum
2452 1299 2765 1374 prudentia,
2795 1312 2897 1368 qua
2925 1294 3236 1364 excogitant
3272 1304 3468 1361 genera
3498 1287 3725 1343 lucello-

2131 1412 2250 1452 rum
2277 1397 2318 1462 ¹;
2350 1403 2404 1450 et
2435 1405 2713 1447 avarorum
2738 1387 2942 1459 justitia
2962 1426 2978 1452 ,
3009 1398 3113 1455 qua
3139 1382 3374 1454 gravium
3402 1378 3725 1434 damnorum

2131 1495 2276 1544 metu
2318 1483 2526 1541 facilius
2570 1496 2664 1536 sua
2707 1490 3086 1546 nonnunquam
3132 1478 3510 1533 contemnunt,
3554 1483 3717 1538 quam

2134 1587 2395 1649 usurpant
2416 1574 2614 1646 aliquid
2645 1572 2910 1635 alienum;
2931 1575 2986 1624 et
3012 1579 3295 1621 avarorum
3332 1560 3685 1632 temperantia
3707 1601 3724 1624 ,

2133 1687 2237 1744 qua
2262 1669 2487 1725 luxuria:
2504 1708 2518 1732 ,
2546 1665 2797 1737 quoniam
2820 1669 3131 1732 sumptuosa
3155 1665 3258 1720 est,
3277 1655 3529 1711 cohibent
3554 1668 3725 1723 appe-

2137 1764 2308 1828 titum,
2336 1760 2558 1829 soloque
2572 1753 2875 1811 necessario
2894 1753 3040 1808 victu
3065 1757 3473 1821 tegumentoque
3488 1744 3728 1799 contenti

2136 1864 2294 1922 sunt;
2325 1862 2380 1910 et
2420 1865 2701 1907 avarorum
2745 1847 3036 1913 fortitudo,
3066 1859 3200 1916 qua,
3231 1852 3289 1898 ut
3329 1843 3404 1897 ait
3443 1840 3727 1904 Horatius,

2261 1971 2352 2018 Per
2367 1975 2503 2015 mare
2518 1960 2804 2027 pauperiem
2824 1957 3036 2021 fugiunt,
3058 1968 3149 2020 per
3170 1966 3305 2015 saxa,
3325 1965 3416 2017 per
3437 1951 3600 2016 ignes.

2482 2100 2489 2105 ι
2713 2038 2975 2105 (Horatius,
3002 2036 3085 2088 lib.
3111 2037 3157 2097 1,
3181 2032 3319 2100 epist.
3338 2040 3372 2096 ι,
3410 2046 3536 2084 vers.
3560 2030 3669 2093 ιϐ.)

2139 2170 2245 2226 qua
2268 2151 2499 2223 denique
2520 2145 2864 2219 cognovimus
2899 2141 3158 2214 quosdam
3200 2139 3497 2209 irruptione
3529 2135 3729 2192 barba-

2141 2248 2251 2303 rica
2275 2288 2290 2312 ,
2321 2244 2390 2299 ad
2415 2258 2479 2299 ea
2506 2236 2777 2313 prodenda
2803 2252 2922 2307 qua:
2948 2233 3247 2298 habebant,
3282 2231 3444 2285 nullis
3484 2228 3724 2283 hostium

2144 2336 2430 2395 tormentis
2471 2333 2709 2405 potuisse
2741 2326 3009 2396 compelli.
3052 2324 3194 2394 Ergo
3221 2323 3445 2376 virtutes
3481 2321 3599 2374 ista:
3633 2317 3733 2374 tali

2146 2430 2248 2484 line
2271 2435 2450 2497 turpes
2481 2432 2645 2494 atque
2672 2418 2976 2483 deformes,
3015 2425 3069 2470 et
3099 2415 3222 2470 ideo
3249 2412 3396 2467 nullo
3421 2408 3582 2466 modo
3607 2424 3736 2479 ger-

2146 2534 2320 2576 manae
2349 2530 2598 2586 verasque
2624 2512 2867 2575 virtutes,
2889 2507 2982 2562 tibi
3006 2513 3182 2560 tamen
3208 2504 3279 2558 ita
3317 2517 3459 2557 vera:
3486 2499 3741 2555 videnlur

2148 2619 2204 2667 et
2229 2608 2486 2682 pulchrae,
2519 2624 2539 2657 σ
2561 2612 2623 2659 ut
2648 2616 2749 2658 nec
2776 2598 3007 2656 nominis
3044 2596 3127 2652 sui
3155 2595 3379 2666 possint,
3400 2606 3501 2646 nec
3521 2588 3743 2659 generis

2121 2699 2416 2756 sustinere
2459 2691 2818 2764 dispendium,
2846 2688 2941 2745 sed
2974 2687 3138 2743 solius
3180 2684 3322 2756 quod
3362 2682 3745 2753 appetiverunt

2151 2791 2356 2863 praemii
2373 2788 2609 2845 exilitate
2635 2783 3009 2847 frustrentur,o
3036 2778 3088 2833 id
3113 2787 3212 2843 est,
3234 2787 3566 2832 terrenarum
3591 2788 3745 2828 com.

2152 2862 2436 2939 modorum
2479 2877 2674 2941 fructu,
2725 2888 2831 2928 non
2874 2870 3172 2927 cmlestium
3218 2867 3581 2938 prmmiorum.
3627 2862 3748 2917 Nec

2153 2972 2295 3030 aliud
2313 2971 2417 3027 erit
2433 2984 2591 3040 quam
2614 2980 2738 3022 vera
2764 2963 2967 3035 justitia
2993 2960 3255 3022 Catilinm,
3277 2952 3749 3025 Comprehendere

2156 3064 2355 3122 multos
2381 3059 2642 3125 amicitia,
2685 3056 2820 3112 tueri
2847 3054 3133 3123 obsequio,
3170 3065 3291 3105 cum
3316 3047 3563 3103 ontnibus
3588 3060 3752 3100 com-

2158 3156 2432 3212 municare
2457 3150 2599 3222 quod
2631 3145 2861 3203 habebat
2889 3162 2902 3198 :
2944 3153 2999 3199 et
3028 3138 3286 3197 fortitudo
3310 3155 3436 3194 vera
3463 3137 3567 3191 erit
3589 3136 3749 3207 ejus,

2124 3296 2129 3301 .
2159 3245 2302 3317 quod
2327 3243 2512 3314 frigus,
2543 3238 2763 3305 famem,
2794 3236 2937 3292 sitim
2963 3233 3105 3290 ferre
3124 3240 3336 3302 poterat
3363 3247 3376 3282 :
3404 3240 3458 3285 et
3487 3244 3619 3284 vera
3651 3242 3754 3299 pa-

2162 3336 2368 3402 tientia,
2392 3333 2533 3405 quod
2554 3332 2760 3403 patiens
2784 3336 2900 3384 erat
2927 3325 3138 3390 inedim,
3165 3324 3381 3394 algoris,
3404 3322 3620 3393 vigilim,
3653 3336 3752 3375 su-

2163 3445 2257 3501 pra
2281 3442 2439 3498 quam
2455 3426 2697 3495 cuiquam
2718 3420 2970 3477 credibile
2989 3426 3073 3475 est
3091 3416 3410 3491 (Sallustius,
3428 3415 3490 3469 de
3510 3415 3754 3468 Catilina

2164 3517 2540 3588 Conjuratione,
2571 3530 2688 3585 cap.
2715 3510 2796 3583 5).
2822 3509 2952 3576 Quis
2979 3508 3099 3563 hanc
3131 3507 3320 3577 sapiat,
3349 3505 3451 3559 nisi
3477 3503 3755 3574 desipiat?

2233 3609 2326 3664 20.
2350 3607 2455 3664 Sed
2498 3604 2744 3660 videlicet
2789 3602 2949 3656 homo
2992 3598 3232 3656 eruditus
3273 3612 3457 3652 eorum
3496 3596 3753 3649 vitiorum

2166 3699 2277 3757 veri
2312 3695 2658 3754 similitudine
2708 3693 2941 3757 falleris,
2988 3704 3107 3762 quae
3141 3688 3363 3744 finitima
3408 3687 3663 3742 videntur
3699 3694 3758 3741 et

2167 3789 2462 3863 propinqua
2490 3786 2774 3841 virtutibus
2794 3823 2811 3851 ,
2842 3797 2963 3837 cum
2997 3780 3173 3834 absint
3197 3779 3265 3832 ab
3294 3779 3371 3832 eis
3398 3793 3557 3847 quam
3592 3777 3755 3847 longe

2167 3884 2361 3939 absunt
2397 3896 2427 3935 a
2466 3877 2753 3934 vrrtutibus
2792 3875 2938 3928 vitia.
2982 3871 3113 3927 Nam
3151 3870 3290 3925 sicut
3326 3870 3624 3925 constantia
3672 3877 3757 3923 est

2171 3978 2369 4043 virtus,
2399 3974 2486 4030 cui
2508 3971 2773 4028 contraria
2800 3975 2884 4023 est
2908 3964 3261 4020 inconstantia
3295 3981 3308 4016 :
3333 3962 3517 4016 vitium
3553 3968 3639 4015 est
3668 3970 3758 4014 ta—

2172 4083 2294 4123 men
2324 4067 2374 4121 ei
2404 4062 2555 4135 quasi
2586 4060 2864 4115 ﬁnitimum
2891 4054 3180 4126 pertinacia
3200 4094 3215 4119 ,
3243 4068 3364 4122 qua:
3399 4050 3757 4106 constantiam

2172 4157 2382 4212 videtur
2428 4151 2642 4209 imitari.
2670 4150 2789 4218 Quo
2828 4147 3027 4202 utinam
3064 4144 3193 4199 vitio
3223 4159 3436 4209 careas,
3477 4158 3598 4195 cum
3639 4140 3759 4195 haec

2173 4263 2294 4319 quae
2329 4245 2482 4310 dico,
2508 4258 2635 4298 vera
2664 4256 2784 4297 esse
2812 4236 3158 4307 cognoveris;
3197 4252 3262 4291 ne
3299 4233 3392 4288 tibi
3430 4232 3484 4287 in
3526 4248 3757 4296 errore,

2177 4338 2316 4394 velut
2359 4334 2588 4390 amando
2625 4330 3005 4392 constantiam,
3045 4323 3365 4380 manendum
3412 4322 3763 4394 pertinaciter

2178 4424 2472 4483 arbitreris.
2500 4424 2577 4480 lta
2600 4420 2848 4478 omnibus
2875 4416 3159 4473 virtutibus
3185 4430 3290 4470 non
3317 4414 3487 4468 solum
3521 4422 3643 4467 sunt
3671 4412 3759 4466 viv

2178 4521 2251 4574 tia
2288 4516 2565 4572 manifesta
2594 4512 2914 4568 discretione
2956 4507 3251 4571 contraria,
3285 4506 3424 4564 sicut
3461 4502 3765 4574 prudentiae

2185 4610 2461 4666 temeritas
2498 4623 2512 4660 :
2543 4619 2727 4660 verum
2765 4604 2927 4658 etiam
2959 4599 3132 4654 vicina
3162 4596 3391 4668 quodam
3419 4594 3611 4656 modo,
3656 4607 3764 4648 nec

2178 4702 2400 4760 veritate
2428 4702 2473 4767 ⁸,
2503 4697 2597 4754 sed
2624 4695 2852 4767 quadam
2880 4693 3056 4765 specie
3080 4692 3322 4755 fallente,
3351 4687 3578 4752 similia;
3621 4688 3766 4741 sicut

2181 4795 2279 4866 ipsi
2326 4790 2615 4864 prudentia:
2655 4803 2761 4843 non
2807 4787 3075 4842 temeritas
3110 4784 3197 4840 vel
3237 4780 3611 4853 imprudentia,
3663 4777 3767 4833 sed

2181 4886 2373 4943 asmtia
2404 4902 2419 4940 :
2445 4878 2589 4954 quod
2618 4889 2792 4935 tamen
2820 4879 3002 4933 vitium
3028 4885 3145 4939 est,
3174 4873 3417 4945 quamvis
3437 4872 3489 4925 in
3516 4868 3769 4939 Scriptu-

2181 4979 2257 5034 ris
2299 4975 2496 5031 sanctis
2541 4980 2596 5029 et
2639 4971 2693 5026 in
2723 4970 2864 5025 bono
2891 4967 3180 5038 accipiatur
3215 4963 3355 5035 quod
3392 4962 3593 5018 dictum
3641 4967 3767 5024 est,

2183 5069 2348 5125 Astuti
2370 5076 2424 5121 ut
2449 5073 2699 5137 serpentes
2730 5060 2940 5133 (Matth.
2965 5074 3020 5125 ι,
3049 5055 3162 5130 16);
3180 5066 3236 5113 et
3262 5056 3315 5111 in
3344 5053 3506 5121 malo,
3537 5051 3686 5123 quod
3714 5051 3772 5106 in

2186 5159 2432 5233 paradiso
2472 5165 2578 5211 erat
2612 5169 2815 5227 serpens
2855 5150 3272 5225 prudentissimus
3303 5148 3531 5203 omnium
3580 5144 3774 5200 bestio-

2186 5270 2301 5309 rum
2329 5250 2478 5323 (Gen.
2506 5265 2584 5314 Ill,
2615 5246 2689 5319 l).
2720 5245 2830 5302 Nec
2845 5245 3070 5300 istorum
3093 5242 3365 5309 vitiorum,
3393 5254 3513 5310 quae
3542 5236 3771 5292 ﬁnitima

2186 5343 2472 5401 virtutibus
2509 5338 2779 5403 diximus,
2817 5344 3040 5406 possunt
3079 5333 3317 5389 omnium
3358 5328 3515 5385 facile
3549 5328 3775 5383 nomina

2188 5434 2410 5508 reperiri
2452 5451 2466 5488 :
2496 5438 2679 5486 verum
2731 5428 2834 5485 etsi
2878 5438 2988 5484 non
3020 5425 3286 5489 invenitur
3322 5416 3779 5494 quemadmodum

2255 5595 2270 5634 ε
2305 5597 2354 5641 tn
2376 5596 2467 5638 Mss
2487 5623 2502 5648 ,
2528 5585 2819 5638 locellorttm.

2258 5657 2277 5687 ι
2314 5663 2441 5705 ως..
2466 5663 2557 5701 non
2578 5648 2789 5699 veritate.
