4014 6184
370 351 475 410 749

355 475 744 538 nuncupentur,
766 473 1001 530 cavenda
1026 485 1170 532 sunt.

423 557 514 613 2!.
554 558 777 617 Noveris
801 562 999 636 itaque,
1020 581 1125 622 non
1150 566 1365 637 officiis,
1389 569 1483 626 sed
1512 570 1708 629 ﬁnibus
1734 588 1762 628 a
1793 574 1938 632 vitiis

351 645 734 710 discernendas
770 667 890 711 esse
912 656 1156 714 virtutes.
1185 658 1432 717 Officium
1464 671 1548 719 est
1585 672 1762 720 autem
1790 665 1936 739 quod

350 735 648 796 faciendum
673 751 787 799 est:
817 743 939 801 finis
957 762 1088 803 vero
1113 760 1331 819 propter
1346 752 1485 822 quod
1512 735 1934 815 faciendumve“.

348 829 481 885 Cum
512 832 688 904 itaque
717 834 843 893 facit
872 837 1032 894 homo
1053 840 1253 912 aliquid
1290 843 1376 898 ubi
1405 859 1628 915 peccare
1655 862 1758 903 non
1786 848 1936 907 vide-

348 927 455 989 tur,
477 922 521 977 si
549 939 653 980 non
685 937 903 996 propter
938 928 1041 987 boe
1068 931 1193 987 facit
1223 942 1440 1004 prepter
1476 936 1618 1006 quod
1631 933 1820 995 Tacere
1840 938 1937 996 de-

350 1013 458 1077 bet,
479 1029 701 1084 peccare
722 1018 1076 1076 convincitur.
1103 1022 1233 1088 Quae
1258 1031 1314 1077 tu
1338 1040 1440 1079 non
1468 1029 1767 1095 attendens,
1796 1028 1933 1086 fines

345 1102 415 1158 ab
439 1102 629 1160 officiis
652 1109 935 1177 separasti,
960 1119 1015 1166 et
1036 1112 1263 1169 virtutes
1285 1129 1441 1171 veras
1467 1115 1642 1173 officia
1672 1119 1788 1174 sine
1811 1119 1932 1175 ﬁni-

346 1195 445 1251 bus
468 1197 811 1267 appcllandas
838 1215 959 1257 esse
992 1203 1194 1259 dixisti.
1237 1206 1313 1260 Ex
1341 1222 1447 1278 quo
1490 1216 1542 1264 te
1570 1218 1713 1266 tanta
1741 1211 1930 1267 absur-

338 1283 482 1342 ditas
503 1288 779 1356 sequitur,
801 1298 860 1345 ut
888 1306 1067 1347 veram
1099 1296 1306 1365 cogaris
1329 1298 1601 1367 appellare
1632 1300 1925 1371 justitiam,

341 1375 503 1433 etiam
533 1377 687 1447 cujus
708 1379 978 1436 dominam
1005 1386 1209 1453 reperis
1239 1388 1257 1420 ί
1282 1388 1582 1444 avaritiam.
1628 1390 1687 1447 Si
1707 1391 1924 1463 quidem

340 1481 531 1521 manus
557 1467 828 1526 abstinere
856 1472 925 1528 ab
949 1473 1145 1538 alieno,
1163 1476 1207 1530 si
1236 1477 1468 1534 officium
1497 1481 1719 1553 cogites,
1748 1491 1926 1553 potest

330 1559 507 1615 videri
542 1576 663 1617 esse
698 1563 921 1632 justitiae
954 1583 968 1620 :
999 1566 1093 1622 sed
1134 1582 1255 1624 eum
1284 1572 1560 1641 qumritur,
1606 1589 1773 1644 quare
1807 1574 1919 1644 ﬂat,

336 1660 393 1704 et
431 1652 802 1723 respondetur,
826 1654 907 1712 Ne
933 1656 1050 1726 plus
1074 1660 1311 1727 pecunia:
1328 1662 1508 1719 litibus
1543 1675 1760 1735 pereat;
1781 1681 1923 1738 quo-

336 1742 618 1812 modojam
644 1744 746 1799 hoc
769 1744 965 1800 factum
997 1762 1138 1803 vera:
1168 1752 1364 1822 poterit
1385 1766 1506 1808 esse
1527 1754 1767 1824 justitim,
1796 1771 1920 1813 cum

334 1833 819 1890 serviatavaritite?
838 1827 1037 1904 Quales
1064 1839 1288 1896 virtutes
1308 1841 1570 1912 Epicurus
1599 1844 1809 1901 induxit
1832 1860 1922 1903 vos

334 1922 551 1994 luptatis
573 1927 810 1993 ancillas,
828 1944 949 1999 quae
973 1932 1192 1987 omnino
1220 1933 1474 2004 quidquid
1495 1934 1753 2006 facerent,
1787 1953 1916 2010 pro-

331 2027 453 2087 pter
477 2017 618 2074 illam
652 2019 737 2075 vel
775 2021 1175 2091 adipiscendam
1218 2023 1459 2083 facerent
1496 2029 1577 2085 vel
1605 2031 1911 2087 tenendam.

331 2109 484 2164 Absit
507 2117 683 2166 autem
722 2122 781 2168 ttt
806 2113 1028 2171 virtutes
1063 2130 1205 2172 vera:
1232 2117 1480 2189 cuiquam
1509 2121 1778 2190 serviant,
1807 2124 1913 2181 nisi

327 2198 403 2254 illi
429 2201 513 2254 vel
542 2211 757 2271 propter
781 2203 930 2258 illum
958 2206 1042 2259 cui
1067 2206 1313 2272 dicimus,
1342 2207 1481 2265 Deus
1499 2211 1760 2280 virtutum,
1785 2229 1911 2269 cono

326 2301 464 2346 certe
481 2309 572 2348 nos
597 2292 769 2361 (Ρωι.
801 2312 992 2364 LXXIX,
1028 2298 1106 2369 8),
1133 2299 1367 2356 Proinde
1399 2303 1624 2359 virtutes
1650 2320 1769 2376 qua:
1792 2321 1915 2362 car-

326 2383 539 2439 nalibus
576 2384 1014 2444 delectationibus
1037 2432 1053 2456 ,
1085 2391 1171 2447 vel
1194 2393 1494 2465 quibusque
1520 2396 1821 2452 commodis
1855 2408 1909 2455 et

323 2473 699 2531 emolumentis
745 2479 1127 2549 temporalibus
1165 2484 1444 2548 serviunt,
1500 2501 1641 2541 vera:
1686 2501 1908 2556 prorsus

320 2578 442 2620 esse
466 2581 569 2620 non
603 2579 843 2636 possunt.
870 2570 998 2639 Quae
1023 2580 1197 2628 autem
1215 2575 1345 2630 nulli
1372 2577 1447 2631 rei
1471 2578 1680 2634 servire
1697 2579 1902 2649 volunt,

322 2668 423 2710 nec
441 2656 566 2725 ipsa:
585 2673 725 2714 vera:
751 2672 894 2715 sunt.
916 2661 1067 2718 Verte
1089 2665 1284 2734 quippe
1306 2666 1525 2723 virtutes
1543 2668 1651 2724 Deo
1665 2669 1907 2725 serviunt

321 2746 374 2799 iu
389 2744 712 2815 hominibus,
728 2766 753 2803 a
770 2766 875 2821 quo
896 2752 1159 2809 donantur
1173 2755 1473 2812 hominibus
1494 2776 1508 2813 :
1538 2759 1646 2814 Deo
1665 2759 1906 2816 serviunt

318 2835 372 2889 in
404 2838 661 2907 Angelis,’
680 2855 708 2893 a
740 2855 843 2910 quo
868 2841 1134 2898 donantur
1157 2854 1211 2900 ct
1240 2846 1473 2917 Angelis.
1519 2848 1785 2921 Quidquid
1806 2865 1902 2906 au-

316 2934 423 2981 tem
444 2927 567 2982 buni
593 2929 649 2984 fit
668 2930 736 2985 ab
754 2932 988 3000 homine,
1008 2941 1065 2990 et
1087 2951 1191 2990 non
1217 2947 1432 3006 propter
1452 2937 1553 2993 hoc
1581 2940 1658 3005 fit,
1683 2949 1900 3010 prepter

315 3018 454 3088 quod
490 3022 599 3075 fieri
637 3021 833 3079 debere
863 3042 986 3082 vera
1011 3028 1270 3099 sapientia
1299 3030 1572 3100 praecipit,
1595 3032 1695 3088 etsi
1721 3032 1899 3090 officio

312 3109 556 3165 videatur
583 3113 802 3180 bonum,
842 3116 959 3186 ipso
988 3135 1095 3172 non
1120 3128 1267 3175 recto
1292 3121 1395 3175 fine
1426 3130 1698 3191 peccatum
1720 3132 1821 3179 est.

381 3199 471 3254 εξ.
515 3202 742 3259 Possunt
782 3221 910 3277 ergo
939 3208 1114 3279 aliqua
1150 3208 1288 3265 bona
1329 3211 1442 3267 fieri
1465 3253 1480 3279 ,
1505 3228 1610 3268 non
1645 3215 1781 3269 bene
1819 3213 1896 3269 fa-

310 3290 573 3347 cientibus
614 3308 645 3348 a
683 3296 876 3364 quibus
901 3298 1049 3353 fiunt.
1088 3300 1292 3356 Bonum
1326 3311 1410 3358 cst
1437 3303 1578 3358 enim
1610 3311 1671 3358 ut
1694 3304 1893 3362 subve-

312 3380 489 3435 niatur
518 3383 715 3440 homini
749 3389 1100 3456 periclitanti,
1132 3394 1425 3462 praesertim
1457 3386 1726 3452 innocenti
1753 3412 1769 3451 :
1795 3396 1892 3453 sed

308 3468 400 3526 ille
421 3472 508 3542 qui
536 3473 635 3528 huc
662 3476 802 3541 facit,
826 3479 870 3533 si
900 3481 1129 3535 amando
1158 3483 1379 3553 gloriam
1422 3484 1695 3540 hominum
1721 3486 1891 3557 magis

307 3575 468 3631 quam
498 3564 591 3618 Dei
619 3565 761 3634 facit,
792 3584 896 3623 non
934 3570 1073 3627 bene
1103 3571 1296 3627 bonum
1325 3572 1488 3641 facit;
1513 3575 1634 3647 quia
1661 3591 1769 3632 non
1795 3576 1890 3633 bo-

308 3667 409 3708 nus
429 3653 571 3719 facit,
603 3658 742 3726 quod
782 3675 885 3715 non
918 3661 1053 3717 bona
1079 3664 1352 3722 voluntate
1380 3664 1531 3722 facit.
1562 3668 1716 3725 Absit
1740 3669 1883 3726 enim

306 3750 366 3795 ut
393 3743 462 3797 sit
489 3744 577 3801 vel
616 3747 824 3803 dicatur
846 3751 1088 3808 voluntas
1127 3753 1264 3809 bona
1290 3799 1306 3823 ,
1336 3773 1452 3827 quae
1479 3759 1530 3813 in
1554 3760 1693 3828 aliis,
1719 3758 1804 3816 vel
1833 3761 1887 3818 in

302 3846 369 3887 se
404 3833 685 3903 ipsa,-non
717 3837 768 3892 in
806 3840 1030 3897 Domino
1057 3844 1315 3914 gloriatur
1333 3849 1376 3901 ².
1409 3851 1487 3904 Ac
1511 3863 1608 3919 per
1647 3849 1750 3906 hoc
1783 3867 1886 3908 nec

303 3922 423 3990 ejus
444 3925 644 3982 fructus
683 3929 783 3985 istc
813 3931 1071 3990 dicendus
1099 3944 1219 4002 est;
1246 3938 1406 3994 arbor
1448 3942 1591 3996 enim
1626 3943 1764 3997 mala
1787 3944 1887 3999 bo-

301 4027 402 4069 nos
427 4014 629 4073 fruetus
658 4035 762 4075 non
810 4021 935 4078 facit
964 4042 977 4078 :
1009 4026 1102 4082 sed
1129 4029 1305 4098 potius
1329 4030 1525 4086 bonum
1552 4047 1684 4104 opus
1706 4044 1790 4091 est
1815 4037 1884 4092 il-

301 4105 431 4172 lius,
457 4110 545 4178 qui
568 4112 727 4166 etiam
757 4129 852 4184 per
878 4116 1046 4173 malos
1074 4119 1210 4179 bene
1239 4119 1382 4177 facit.
1418 4124 1754 4197 Quapropter
1777 4127 1883 4184 dici

299 4210 407 4253 non
431 4209 606 4269 petest
636 4216 890 4273 quantum
920 4218 971 4263 te
997 4209 1095 4265 ista
1127 4211 1274 4267 fallat
1299 4215 1500 4284 opinio,
1522 4232 1623 4287 qua
1662 4217 1878 4288 dixisti,

304 4304 327 4340 ι
357 4304 546 4346 omnes
571 4294 793 4350 virtutes
814 4297 1033 4355 affectus
1058 4316 1198 4367 esse,
1217 4319 1318 4373 per
1341 4322 1473 4376 quos
1498 4316 1589 4363 aut
1613 4308 1881 4368 fructuosa

296 4386 391 4433 aut
414 4381 670 4439 sterililer
695 4384 820 4441 boni
840 4402 1046 4445 sumus.
1078 4410 1099 4444 ι
1125 4392 1267 4449 Fieri
1306 4395 1447 4451 enim
1483 4413 1592 4454 non
1619 4408 1797 4472 potest
1822 4412 1881 4459 ut

296 4471 550 4527 steriliter
574 4474 701 4530 boni
745 4478 912 4535 simus
942 4498 955 4534 :
994 4482 1091 4537 sed
1121 4483 1244 4540 boui
1273 4502 1380 4541 non
1411 4504 1595 4547 sumus
1622 4471 1877 4563 quidquid

294 4564 550 4621 steriliter
569 4580 776 4624 sumus.
799 4570 974 4627 Arbor
996 4575 1136 4630 enim
1163 4576 1299 4632 bona
1328 4578 1500 4638 bonos
1528 4581 1729 4640 fruetus
1757 4584 1879 4642 facit

294 4652 508 4724 (Matth.
532 4674 624 4724 vn,
651 4661 738 4726 17,
764 4661 875 4736 18).
904 4664 1057 4722 Absit
1079 4676 1255 4724 autem
1272 4678 1331 4725 ut
1356 4673 1495 4729 Deus
1514 4675 1704 4741 bonus,
1721 4691 1752 4733 a
1769 4692 1877 4749 quo

291 4748 498 4803 securis
544 4761 763 4821 paratur
808 4756 1088 4815 arboribus
1127 4776 1233 4815 non
1280 4760 1595 4821 facientibus
1634 4766 1873 4824 fructum

286 4834 787 4908 bonum,’excidat,
815 4855 870 4901 et
900 4846 958 4902 in
1006 4848 1179 4920 ignem
1219 4851 1393 4909 mittat
1437 4855 1658 4914 arbores
1705 4859 1874 4917 bonas

292 4925 405 4998 (Id.
434 4945 510 4993 tu,
544 4931 655 5006 10).
699 4935 855 4992 Nullo
880 4939 1041 4995 modo
1067 4942 1229 5013 igitur
1249 4943 1502 5004 homines
1524 4961 1649 5007 sunt
1673 4954 1873 5009 sterili-

287 5026 373 5073 ter
415 5019 539 5076 boni
567 5039 583 5077 ε
611 5024 704 5079 sed
738 5029 828 5098 qui
864 5027 990 5086 boni
1021 5048 1127 5089 non
1167 5045 1325 5105 sunt,
1354 5050 1578 5109 possunt
1620 5057 1741 5101 esse
1779 5046 1870 5104 alii

282 5109 466 5167 minus
484 5151 501 5178 ,
532 5112 623 5168 alii
647 5118 814 5187 magis
840 5121 986 5176 mali.

353 5200 446 5257 23.
486 5200 641 5294 Unde
674 5216 728 5263 et
765 5209 841 5264 illi
874 5226 1008 5281 quos
1049 5227 1471 5276 commemorare
1508 5215 1722 5281 velulin
1745 5266 1762 5294 ,
1797 5226 1868 5285 de

274 5289 479 5359 quibus
500 5291 900 5368 aitApostolus,
942 5298 1126 5359 Gentes
1161 5303 1322 5379 legem
1352 5324 1454 5365 non
1493 5289 1868 5388 habentee'ipsi

342 5426 362 5497 ξ
396 5422 536 5497 εξᾶὲιὶε
557 5429 812 5497 τέρενα-ξε.
1863 5489 1873 5497 .

337 5460 869 5580 Lilith
894 5498 1101 5572 excusis.
1127 5500 1339 5580 additum
1360 5506 1727 5580 γεωμέτρης
1758 5490 1865 5580 [ius

259 5547 587 5663 ἔξωκῇξέ
601 5563 695 5662 tanta
714 5551 771 5618 ﬁt
792 5555 982 5619 Imm.
1005 5547 1101 5612 ms

259 5645 355 5682 -.,'
419 5670 430 5681 .
473 5670 492 5682 .
634 5614 1260 5682 νωίζοηιιιηνςφιοεειωη
1286 5639 1442 5682 perm
1575 5632 1629 5682 Iit
1669 5638 1857 5682 bonum-

737 5614 928 5698 928%
950 5607 1260 5698 magna
1275 5607 1633 5698 ἰἷέῗ
1654 5607 1857 5690 Ὕυσῖὧῖ

254 5674 393 5753 ξιεεξι
418 5670 707 5753 ίξζςξιωρξὶξε,
739 5670 928 5753 fructus
1072 5670 1859 5753 άξέὶῐᾱυὲἶῶξΐιιιέἷίηὶἒὶἴῶἶὶ

250 5805 377 5844 cere
408 5807 502 5847 ηυδε
526 5808 684 5858 possit.
711 5802 891 5854 absunt
920 5802 1112 5858 omnino
1141 5808 1248 5859 hac
1275 5808 1304 5860 a
1337 5802 1687 5878 mansti-qus.

1670 373 1882 437 LIBLR
1920 372 2262 444 QUARTUS.

3528 412 3638 475 760

2053 489 2148 586 sibi
2173 496 2417 586 multa,
2444 500 2531 569 qui
2554 502 2742 559 habent
2759 521 2886 577 opus
2913 509 3039 583 (egi:
3058 515 3302 586 scriptum
3324 518 3381 577 in
3402 524 3639 584 cordibus

2050 579 2193 645 suis;
2221 584 2344 654 quid
2389 594 2443 643 te
2469 589 2724 662 adjuvent
2758 579 2979 656 omnino
3016 617 3123 659 non
3157 579 3332 664 video.
3389 579 3635 672 Peritos

2051 670 2195 727 enim
2232 675 2458 746 probare
2494 693 2716 741 conatus
2744 701 2804 743 es
2826 728 2842 756 ,
2872 690 3031 749 etiam
3071 695 3272 755 alienos
3296 713 3326 754 a
3354 701 3457 759 fide
3482 703 3639 764 Chri-

2051 761 2141 828 sti,
2170 779 2349 822 veram
2381 785 2537 840 posse
2564 774 2764 834 babere
2783 781 3046 849 juStitiam
3067 827 3083 850 ,
3112 802 3178 843 eo
3198 792 3336 861 quod
3363 794 3470 862 isti,
3500 805 3637 856 teate

2048 854 2339 929 Apostolo,
2362 867 2661 923 naturaliter
2687 888 2802 940 qua:
2834 873 2959 946 legis
2994 888 3113 933 emit
3137 854 3351 952 faciunt.
3382 854 3482 943 Ubi
3512 854 3636 961 qui;

2047 945 2169 1001 dem
2205 948 2397 1021 dogma
2439 967 2673 1014 vestrum
2695 1002 2710 1027 ,
2736 978 2843 1033 quo
2878 945 3008 1023 estis
3051 945 3247 1028 inimici
3274 977 3469 1045 gratiae
3515 945 3627 1048 fulvi,

2045 1050 2164 1105 qum
2190 1039 2346 1096 datur
2386 1059 2482 1113 per
2513 1046 2694 1105 .lesum
2734 1053 3001 1112 Christum
3041 1039 3319 1119 Dominum
3348 1078 3589 1127 nostrum
3611 1115 3627 1137 ,

2044 1126 2134 1195 qui
2164 1129 2299 1184 tollit
2327 1145 2600 1201 peccatum
2642 1142 2825 1197 mundi
2854 1143 3031 1217 (Joan.
3062 1166 3109 1215 ι,
3141 1154 3239 1217 i7,
3269 1155 3384 1228 29),
3411 1126 3629 1221 eviden;

2042 1217 2149 1271 tius
2169 1223 2479 1290 expressisti
2504 1243 2518 1279 :
2548 1227 2898 1288 introducens
2936 1236 3209 1296 hominum
3244 1217 3414 1315 genus
3441 1292 3454 1314 ,
3483 1257 3623 1324 quod

2041 1306 2153 1364 Deo
2180 1310 2390 1381 placere
2420 1318 2588 1386 possit
2611 1319 2728 1376 sine
2749 1322 2944 1382 Christi
2970 1329 3092 1397 fide,
3122 1332 3238 1404 lege
3267 1306 3626 1401 naturas-Hoc

2038 1408 2121 1455 est
2151 1402 2294 1458 unde
2328 1421 2423 1462 vos
2456 1415 2689 1469 maxime
2715 1414 3003 1475 christiana
3038 1402 3333 1482 detestatur
3362 1430 3620 1490 Ecrlzsia.

2035 1489 2140 1548 Sed
2170 1494 2295 1564 quid
2323 1497 2403 1554 vis
2428 1515 2547 1558 esse
2577 1503 2741 1561 istos?
2762 1507 2949 1565 Utrum
2974 1528 3126 1571 veras
3151 1518 3376 1577 virtutes
3397 1523 3617 1597 labent,

2035 1590 2093 1639 et
2129 1586 2387 1645 steriliter
2425 1591 2553 1649 boni
2592 1610 2750 1665 sunt,
2777 1601 2898 1671 quia
2931 1619 3037 1659 non
3065 1618 3282 1678 propter
3321 1613 3522 1671 Deum?
3548 1586 3619 1674 an

2032 1673 2195 1730 etiam
2225 1677 2334 1734 Deo
2364 1695 2429 1737 ex
2455 1682 2539 1739 his
2568 1684 2805 1754 placent,
2836 1702 2995 1763 atque
3014 1673 3086 1752 ab
3111 1673 3204 1755 illo
3234 1703 3336 1756 vita
3357 1720 3619 1766 remune-

2030 1773 2220 1823 rantur
2263 1774 2501 1828 zeterna?
2550 1775 2609 1832 Si
2661 1782 2873 1839 steriles
2920 1785 3154 1858 dixeris;
3194 1794 3318 1862 quid
3368 1812 3498 1869 ergo
3534 1801 3616 1857 eis

2028 1858 2284 1927 prodest,
2325 1864 2468 1933 quod
2509 1870 2800 1927 secundum
2838 1874 3150 1945 Apostolum
3194 1858 3480 1944 defendent
3517 1906 3614 1949 eos

2025 1949 2378 2020 cogitationes
2402 1971 2534 2026 sua),
2556 1960 2610 2015 in
2633 1961 2717 2016 die
2737 1980 2838 2035 qua
2851 1966 3102 2037 fudit-abit
3126 1970 3266 2029 Deus
3294 1979 3492 2034 occulta
3520 1982 3612 2038 lio—

2025 2038 2221 2095 minum
2245 2038 2423 2112 (Rom.
2452 2063 2490 2103 ll
2513 2089 2529 2115 ,
2573 2050 2791 2125 14-16)?
2816 2054 2869 2111 Si
2914 2067 3091 2114 autem
3122 2063 3212 2131 qui
3254 2064 3614 2127 defenduntur

2025 2132 2440 2202 cogitationibus
2467 2142 2579 2196 suis
2600 2183 2618 2211 ,
2648 2159 2717 2200 eo
2747 2149 2887 2217 quod
2925 2154 3239 2211 naturaliter
3276 2173 3437 2228 opera
3466 2162 3611 2220 fece-

2021 2221 2132 2278 rint
2176 2224 2339 2297 legis,
2370 2244 2475 2286 non
2517 2244 2642 2289 sunt
2675 2239 2932 2296 steriliter
2968 2243 3095 2300 boni
3117 2287 3132 2313 ,
3158 2256 3212 2302 et
3236 2250 3305 2306 ob
3331 2251 3433 2309 hoc
3460 2253 3610 2312 iuve-

2021 2311 2177 2370 niunt
2203 2324 2455 2375 :eternam
2496 2326 2796 2383 mercedem
2835 2332 2974 2400 apud
3001 2311 3203 2402 Deum;
3234 2343 3417 2409 procul
3443 2344 3606 2403 dubio

2018 2415 2301 2477 propterea
2319 2410 2447 2479 justi
2473 2425 2617 2482 sunt,
2645 2413 2767 2488 quia
2796 2436 2860 2476 ex
2889 2422 2993 2481 fide
3014 2427 3218 2484 vivunt.

2088 2497 2182 2552 24.
2210 2497 2342 2555 Nam
2373 2488 2732 2564 testimonium
2768 2512 2897 2568 illud
2934 2516 3076 2586 quod
3114 2535 3179 2575 ex
3206 2522 3466 2593 Apostolo
3501 2544 3602 2601 po-

2015 2586 2120 2655 sui,
2148 2588 2310 2647 Omne
2328 2596 2468 2665 quod
2484 2613 2588 2653 non
2612 2608 2685 2654 est
2707 2618 2772 2657 ea:
2791 2603 2912 2672 ﬁde,
2935 2620 3193 2677 peccatum
3213 2626 3285 2668 est
3305 2632 3326 2672 :
3346 2618 3483 2676 sicut
3503 2586 3598 2679 libi

2012 2675 2185 2733 visum
2215 2690 2297 2736 est
2325 2687 2575 2756 accepisti
2600 2729 2617 2754 ,
2644 2699 2698 2745 et
2723 2675 3047 2766 exposuisti,
3077 2717 3182 2756 non
3215 2715 3272 2760 ut
3297 2710 3473 2778 sapit,
3500 2714 3595 2769 sed

2014 2777 2071 2821 ut
2089 2770 2250 2838 sapis.
2279 2772 2356 2829 De
2378 2774 2514 2833 cibis
2537 2780 2678 2835 enim
2707 2784 2993 2853 Apostolus
3011 2770 3372 2863 loquebatur.-
3395 2770 3594 2858 verum

2006 2871 2130 2913 cum
2160 2859 2414 2931 dixisset,
2446 2868 2547 2931 Qui
2581 2879 2750 2926 autem
2778 2873 3068 2947 discernit,
3093 2859 3141 2936 si
3178 2887 3591 2962 manducauerit,

2004 2947 2280 3009 deuinctus
2302 2964 2394 3022 est,
2419 2961 2544 3028 quia
2569 2977 2671 3017 non
2699 2979 2765 3019 ex
2786 2966 2923 3035 ﬁde;
2952 2969 3091 3028 hanc
3128 2979 3328 3044 peccati
3354 2947 3591 3052 speciem

1990 3038 2077 3095 ‘de
2118 3056 2221 3111 qua
2262 3047 2487 3115 agebat,
2533 3054 2771 3121 generali
2818 3058 2987 3116 voluit
3035 3038 3265 3133 probare
3303 3038 3590 3147 sententia:

2004 3144 2131 3186 mox
2152 3131 2407 3203 inferens,
2438 3137 2601 3197 Omne
2627 3145 2761 3199 enim
2790 3149 2926 3218 quod
2953 3131 3054 3208 non
3079 3165 3151 3210 est
3174 3173 3243 3212 ex
3256 3161 3361 3227 [ide
3377 3203 3393 3230 ,
3417 3131 3593 3233 pecco:

2005 3228 2204 3315 tumeat
2238 3223 2349 3297 (1d.
2378 3244 2495 3298 nv,
2526 3231 2640 3306 25).
2672 3234 2777 3292 Sed
2800 3247 2858 3293 ut
2885 3240 2985 3298 hoc
3013 3245 3104 3300 tibi
3131 3246 3200 3305 de
3222 3223 3356 3309 cibis
3378 3223 3586 3315 tantum

2004 3308 2405 3385 intelligendum
2449 3336 2572 3378 esse
2607 3328 2900 3387 concedam
2927 3351 2940 3387 :
2974 3336 3098 3405 quid
3122 3338 3190 3395 de
3214 3342 3318 3399 alio
3351 3345 3589 3408 dicturus

2002 3414 2063 3457 cs
2091 3405 2432 3479 testimonio,
2456 3416 2597 3483 quod
2644 3418 2933 3479 identidem
2970 3430 3161 3497 posui;
3203 3450 3301 3490 nec
3332 3437 3456 3494 inde
3491 3443 3589 3497 ali-

2000 3495 2126 3563 quid
2154 3496 2459 3569 disputasti,
2489 3507 2611 3575 quia
2644 3525 2750 3565 non
2780 3495 3027 3573 invenisti
3059 3526 3328 3591 quomodo
3355 3529 3405 3584 in
3439 3542 3582 3590 tuam

1999 3599 2187 3657 posses
2206 3590 2524 3663 detorquere
2554 3604 2896 3670 sententiam,
2924 3611 3066 3679 quod
3082 3590 3152 3669 ad
3178 3615 3431 3677 llebraros
3460 3628 3586 3682 scri-

1997 3684 2145 3747 ptum
2194 3691 2307 3749 est,
2353 3685 2482 3742 Sine
2531 3691 2634 3760 [ide
2674 3695 2806 3749 enim
2853 3699 3163 3771 impossibile
3208 3720 3286 3765 est
3341 3715 3567 3784 placere'

1998 3765 2183 3865 ςιιφν.
2212 3789 2296 3842 χι,
2324 3774 2641 3851 6)?Nempe
2674 3794 2731 3840 ut
2755 3785 2856 3844 hoc
2896 3765 3195 3865 diceretur,
3225 3800 3295 3856 de
3332 3765 3571 3865 {una}.

1993 3856 2227 3921 hominis
2261 3869 2549 3939 agebatur,
2576 3877 2628 3930 in
2654 3893 2756 3948 qua
2784 3880 2961 3950 justus
2984 3900 3051 3941 ex
3091 3856 3196 3946 fide
3221 3856 3387 3951 vivit‘:
3415 3906 3468 3952 et
3495 3906 3579 3954 ta-

1994 3971 2116 4012 men
2145 3974 2265 4014 cnm
2313 3963 2431 4019 sine
2467 3965 2573 4022 fide
2599 3969 2926 4041 impossibile
2968 3979 3039 4033 sit
3075 3980 3291 4052 placere
3320 3987 3455 4054 Deo,
3486 3990 3580 4047 tibi

1990 4046 2217 4106 virtutes
2257 4051 2374 4108 sine
2411 4054 2513 4110 fide
2539 4059 2617 4114 sic
2641 4060 2871 4130 placent,
2900 4076 2959 4121 ut
3000 4046 3096 4124 cas
3114 4087 3273 4131 veras
3296 4046 3581 4148 praedices.

1991 4138 2176 4210 eisque
2195 4140 2363 4199 bonos
2388 4160 2507 4202 esse
2531 4147 2809 4221 homines;
2840 4164 2895 4210 et
2919 4173 3126 4228 rursus,
3148 4166 3297 4233 quasi
3331 4174 3382 4224 te
3409 4172 3580 4239 patui-

1991 4232 2154 4287 tuerit
2196 4232 2369 4291 laudis
2412 4237 2659 4309 illarumt,
2688 4245 2900 4302 steriles
2944 4232 3295 4320 pronuntiare
3326 4232 3432 4316 non
3475 4262 3579 4319 du-

1985 4318 2148 4379 bites.

2052 4412 2151 4470 25.
2193 4413 2281 4471 isti
2306 4431 2437 4488 ergo
2456 4421 2543 4489 qui
2581 4425 2808 4482 naturali
2845 4425 2965 4501 lege
3004 4443 3131 4489 sunt
3158 4435 3325 4506 justi,
3347 4449 3439 4498 aut
3460 4445 3568 4515 pla.

1987 4513 2111 4558 cent
2136 4505 2265 4573 Deo,
2298 4515 2352 4563 et
2374 4523 2442 4565 ex
2479 4509 2585 4567 fide
2612 4514 2867 4584 placent;
2894 4522 3016 4592 quia
3048 4505 3173 4582 sine,
3196 4527 3303 4587 ﬁde
3329 4505 3572 4605 impossi-

1977 4593 2482 4686 bileestplacere:
2514 4613 2566 4658 et
2599 4620 2667 4660 ex
2693 4622 2796 4678 qua
2842 4611 2945 4669 fide
2985 4613 3217 4686 placent,
3247 4623 3351 4679 nisi
3373 4593 3437 4680 e-x
3466 4625 3569 4681 fide

1985 4681 2225 4741 Christi?
2265 4693 2515 4759 quoniam
2550 4694 2693 4751 sicut
2731 4696 2923 4770 legitur
2949 4681 3008 4765 in
3038 4681 3272 4764 Actibus
3291 4712 3569 4782 Apostolo-

1983 4789 2124 4844 rum,
2164 4775 2234 4833 In
2269 4779 2360 4835 illo
2399 4781 2535 4839 Deus
2569 4786 2795 4856 deﬁnivit
2823 4791 2976 4860 ﬁdem
3015 4798 3285 4868 omnibus,
3318 4775 3565 4861 suscitans

1981 4881 2096 4921 eum
2124 4884 2158 4922 a
2192 4872 2402 4927 mortuis
2439 4872 2574 4945 (Aet.
2600 4893 2743 4944 xvn,
2775 4881 2890 4954 51).
2922 4882 3152 4957 ideoque
3176 4888 3423 4949 dicuntur
3447 4896 3563 4954 sine

1980 4957 2098 5031 lege
2120 4963 2429 5020 naturaliter
2451 4983 2569 5037 qure
2605 4970 2739 5042 legis
2761 4983 2887 5030 sunt
2914 4974 3111 5049 facere,
3142 4981 3263 5052 quia
3290 4999 3354 5040 ex
3381 4985 3552 5045 Genti-

1977 5049 2081 5106 bus
2106 5065 2369 5111 venerunt
2392 5057 2457 5112 ad
2481 5058 2853 5134 ‘Evangelium,
2882 5082 2987 5123 non
3019 5085 3084 5125 ex
3128 5074 3555 5150 circumcisione,

1976 5142 2063 5198 cui
2106 5142 2193 5201 lex
2234 5145 2355 5203 data
2395 5158 2588 5216 est;et
2624 5165 2906 5226 propterea
2958 5164 3300 5232 naturaliter.
3327 5171 3448 5241 quia
3500 5142 3555 5231 ut

1972 5233 2294 5303 crederent,
2325 5239 2442 5309 ipsa
2475 5241 2528 5298 in
2567 5244 2647 5300 eis
2684 5255 2768 5302 est
2797 5263 2893 5318 per
2919 5250 3017 5307 Dei
3048 5257 3272 5326 gratiam
3319 5233 3554 5323 correcta

1972 5335 2183 5381 natura.
2223 5327 2334 5385 Nec
2368 5346 2463 5403 per
2496 5348 2589 5389 eos
2625 5344 2783 5405 potes
2810 5340 3034 5408 probare
3068 5348 3210 5416 quod
3244 5350 3321 5406 vis
3344 5394 3363 5419 ,
3392 5357 3552 5413 etiam

1971 5418 2215 5477 infideles
2259 5438 2415 5479 veras
2461 5440 2621 5497 posse
2657 5428 2856 5488 habere
2897 5435 3122 5493 virtutes
3149 5456 3164 5495 :
3193 5455 3317 5500 sunt
3357 5450 3555 5520 quippe

1969 5508 2056 5566 isti
2081 5510 2287 5570 fideles.
2314 5517 2421 5572 Aut
2444 5517 2491 5573 si
2522 5517 2681 5575 fidem
2712 5537 2818 5579 non
2845 5524 3045 5584 habent
3069 5530 3289 5602 Christi,
3316 5508 3556 5607 prbfect-J

2342 5655 2443 5723 pec
2461 5648 2671 5723 placere.
2698 5655 2816 5723 alibi
2839 5664 3000 5711 tamen
3023 5670 3123 5714 Am.
3149 5674 3202 5718 et
3233 5673 3307 5719 Er.
3344 5683 3558 5723 consen-

1965 5710 2155 5791 tientes
2175 5710 2754 5791 nmquis-manuscriptis
2782 5710 3202 5791 saepe-Mittunt;
3233 5710 3335 5781 ἶέο
3346 5710 3550 5791 I'Jf'tii;

1964 5766 2264 5882 $.33.”
2294 5766 2351 5824 δε
2382 5773 2464 5838 εει
2490 5766 3545 5855 ιιαιιιέιιᾱίιῖίῑειῖκῖοξιῖῖίρῑδῶῑέ
