4014 6184
410 373 503 430 Ὶῗὶί

415 508 516 548 nec
536 489 664 561 justi
695 493 835 544 sunt.
868 497 966 538 nec
987 481 1099 538 Deo
1127 479 1353 548 placent,
1381 475 1464 531 cui
1500 472 1615 528 sine
1655 469 1756 525 fide
1785 467 1994 538 placere

411 557 745 650 impossibile
769 585 872 630 cst.
899 572 1001 628 Sed
1039 571 1105 625 aa
1131 569 1234 623 hoc
1263 582 1357 624 eos
1394 566 1445 620 in
1471 563 1560 620 die
1589 560 1770 632 judicii
1799 557 2001 626 cogita.

419 647 594 725 tiones
634 682 744 722 sum
769 661 1073 725 defendent,
1103 669 1160 712 ut
1189 655 1519 712 tolerabilius
1543 651 1851 724 puniantur,
1875 647 1999 716 quia

415 758 729 816 naturaliter
771 770 890 826 qua:
919 752 1056 822 legis
1093 758 1216 805 sunt
1255 756 1540 816 utcumque
1575 743 1834 804 fecerunt,
1872 735 2004 792 scri-

418 862 566 922 ptum
592 825 847 902 habentes
864 845 920 899 in
941 841 1192 898 cordibus
1211 851 1345 910 opus
1361 835 1490 906 legis
1511 833 1784 892 hactenus.
1810 836 1866 882 ut
1886 825 2005 880 aliis

412 958 524 996 ιιοιι
572 937 809 994 iacerent
849 933 990 1005 quod
1020 929 1223 1002 perpeti
1266 925 1635 983 nollent:hoc
1659 931 1836 978 tamen
1877 933 2002 988 pec-

403 1029 627 1094 'cantes,
653 1027 792 1101 quod
825 1027 1067 1081 homines
1111 1023 1228 1078 sine
1277 1019 1402 1086 ﬁde,
1429 1032 1539 1072 non
1566 1015 1636 1071 ad
1675 1027 1798 1070 eum
1845 1011 2005 1066 finem

422 1127 524 1180 ista
567 1136 730 1194 opera
771 1119 1084 1180 retulerunt,
1117 1115 1191 1174 ad
1227 1129 1387 1184 quem
1432 1108 1640 1166 referre
1684 1106 2001 1163 debuerunt.

423 1217 601 1272 Minus
645 1215 790 1272 enim
832 1210 1104 1267 Fabricius
1140 1223 1296 1278 quam
1333 1205 1558 1260 Catilina
1595 1201 1864 1272 punietur.
1896 1211 2006 1251 non

425 1309 547 1377 quia
579 1307 681 1361 iste
717 1305 908 1363 bonus.
941 1301 1033 1356 sed
1058 1300 1178 1370 quia
1209 1299 1296 1352 ille
1324 1295 1490 1365 magis
1526 1295 1696 1348 malus
1721 1310 1733 1344 :
1757 1299 1811 1345 et
1833 1288 2007 1342 minus

422 1399 640 1466 impius,
663 1410 820 1466 quam
861 1391 1104 1456 Catilina,
1128 1387 1422 1452 Fabricius,
1459 1401 1564 1438 non
1604 1396 1760 1437 veras
1785 1380 2010 1433 virtutes

425 1488 672 1544 habendo
698 1529 712 1553 ,
743 1486 836 1540 sed
875 1501 906 1538 a
937 1483 1083 1538 veris
1111 1480 1390 1535 virtutibus
1433 1492 1540 1533 non
1582 1474 1870 1546 plurimum
1917 1469 2011 1526 de-

433 1580 651 1635 viamlo.

505 1695 596 1749 26.
639 1693 719 1747 An
750 1691 884 1746 forte
912 1698 966 1744 et
1003 1687 1117 1744 istis
1154 1686 1243 1758 qui
1281 1683 1635 1740 exbibuerunt
1665 1687 1891 1736 terrenae
1918 1693 2015 1748 pa-

414 1789 554 1844 .trize
584 1785 956 1858 Babylonicum
987 1781 1358 1843 dilectionem,
1381 1784 1438 1832 et
1461 1777 1654 1831 virtute
1686 1773 1863 1836 civili,
1905 1785 2014 1824 non

435 1897 560 1935 vera
579 1920 596 1946 ,
631 1877 724 1933 scd
762 1877 875 1932 vrri
913 1873 1072 1929 simili
1102 1869 1429 1926 daemonibus
1453 1868 1539 1922 vel
1563 1865 1810 1920 humanae
1837 1861 2022 1932 gloriae

436 1972 758 2031 servierunt,
785 1963 1042 2020 Fabriciis
1079 1961 1346 2027 videlicet,
1377 1967 1432 2014 et
1478 1953 1714 2028 Regillis.
1741 1961 1796 2010 et
1819 1951 2020 2017 Fabiis,

433 2072 494 2118 ιιι
516 2059 887 2132 Scipionibus,
918 2065 974 2114 et
999 2055 1267 2120 Camillis,
1299 2051 1612 2121 cretei-isque
1641 2047 1832 2103 talibus
1851 2087 1866 2112 ,
1889 2044 2027 2099 sicut

438 2151 734 2210 infantibus
758 2151 849 2220 qui
886 2149 1004 2206 sine
1041 2148 1368 2220 Baptismate
1399 2141 1736 2204 moriuntur,
1762 2135 2024 2209 provisuri

439 2245 572 2300 estis
597 2243 824 2314 aliquem
867 2241 1042 2298 locum
1085 2239 1227 2294 inter
1261 2233 1657 2292 damnationem
1700 2239 2028 2299 regnumque

429 2337 732 2399 .rmlorum;
765 2331 853 2388 ubi
880 2346 988 2388 non
1015 2329 1128 2386 sint
1154 2330 1206 2383 in
1232 2325 1468 2391 miseria,
1494 2322 1590 2380 sed
1616 2322 1668 2377 in
1698 2316 2029 2375 beatitudine

441 2430 765 2502 sempiterna
790 2469 806 2494 ,
855 2425 945 2496 qui
976 2425 1087 2480 Deo
1114 2437 1219 2477 non
1263 2420 1594 2491 placuerunt,
1637 2412 1723 2469 cui
1767 2411 1884 2466 sine
1925 2408 2031 2464 [ldo

445 2524 656 2592 placere
683 2515 1016 2588 impossibile
1043 2523 1147 2580 est,
1167 2526 1325 2583 quam
1353 2525 1453 2565 nec
1477 2509 1529 2562 in
1556 2504 1824 2576 Operibus,
1851 2515 1954 2558 nec
1977 2502 2030 2556 in

435 2615 696 2670 cordibus
716 2608 1057 2668 habuerunt?
1081 2606 1195 2663 Non
1217 2605 1408 2676 opinor
1425 2598 1778 2674 perditionem
1799 2603 2030 2651 vestram

437 2720 616 2778 usque
644 2703 710 2759 ad
741 2703 896 2758 istam
923 2714 1082 2772 posse
1109 2695 1488 2768 impudentiam
1523 2689 1785 2763 prosilire.
1813 2706 1834 2741 ι
1866 2687 2036 2778 Erunt

440 2777 614 2868 ergo,
639 2815 659 2849 ι
695 2794 900 2866 inquis,
937 2811 956 2845 ι
985 2792 1037 2846 in
1066 2787 1409 2846 damnatione
1443 2783 1793 2855 sempiterna,
1823 2778 1878 2834 in
1914 2777 2034 2848 qui-

447 2891 549 2948 bus
569 2898 685 2944 erat
709 2902 834 2944 vera
860 2883 1105 2956 justitia?
1136 2901 1156 2935 ι
1190 2881 1234 2937 0
1258 2894 1444 2936 vocem
1479 2872 1805 2956 impudentia
1834 2870 2037 2941 majore

447 2977 808 3052 prazcipitctnl
837 2976 952 3030 Non
981 2981 1119 3038 erat,
1157 2971 1372 3042 inquam
1394 2969 1434 3037 ί,
1458 2967 1515 3026 in
1539 2966 1618 3022 eis
1641 2979 1766 3021 vera
1793 2961 2035 3034 iustitia;

447 3072 572 3140 quia
603 3084 709 3124 nou
741 3067 969 3132 actibus,
1001 3063 1095 3119 sed
1124 3062 1315 3117 finibus
1343 3067 1635 3132 pensantur
1659 3055 1855 3112 oftlcia.
2033 3053 2041 3060 ’

524 3181 614 3236 27.
647 3178 754 3234 Sed
784 3177 953 3232 facete
993 3189 1058 3230 ac
1101 3173 1277 3244 lepide
1319 3173 1482 3228 homo
1523 3169 1948 3242 elegantissimus
1987 3177 2040 3224 et

453 3269 862 3338 urbanissimus,
884 3284 904 3318 ι
927 3265 986 3321 Si
1001 3263 1228 3328 dicatur,
1261 3282 1281 3318 ι
1299 3261 1495 3333 inquis,
1515 3279 1534 3313 ι
1555 3259 1904 3331 quiacastitas
1930 3258 2042 3314 inii-

452 3363 655 3416 dclium
699 3360 916 3415 castitas
963 3369 1070 3412 non
1113 3366 1227 3422 est;
1273 3354 1459 3410 eadem
1501 3352 1896 3409 frontedicetur
1917 3352 2041 3424 quia

457 3468 652 3525 corpus
676 3453 1008 3524 Paganorum
1024 3462 1220 3520 corpus
1239 3462 1344 3503 non
1367 3447 1454 3512 sit,
1475 3454 1528 3501 et
1545 3443 1684 3500 oculi
1710 3444 2042 3515 Paganorum

458 3562 674 3602 sensum
701 3561 807 3601 non
826 3543 1056 3600 habeant
1085 3539 1416 3605 intuendi,et
1435 3537 1701 3594 frumenta
1723 3552 1842 3608 qua:
1863 3536 1916 3591 in
1936 3535 2043 3590 Pa-

458 3653 716 3708 gauorum
743 3645 1035 3694 nascuntur
1055 3634 1218 3708 agris,
1252 3635 1514 3690 frumenta
1529 3646 1636 3688 non
1663 3631 1771 3687 sint
1789 3637 1874 3686 :et
1904 3629 2044 3684 mul-

461 3744 537 3798 ta,
557 3749 578 3784 ι
601 3729 795 3801 inquis,
819 3746 838 3782 ι
857 3728 958 3784 alia
975 3743 1095 3800 qua!
1110 3733 1269 3782 tanta:
1284 3723 1630 3780 absurditatis
1648 3729 1789 3788 sunt,
1808 3728 1866 3776 ut
1879 3720 2046 3777 risum

462 3825 670 3895 possint
689 3820 1106 3894 iutelligentibus
1121 3831 1481 3876 commovere.
1507 3835 1526 3869 ι
1544 3815 1658 3872 Non
1685 3814 1841 3886 plane
1857 3813 2043 3882 risum,

459 3917 558 3974 sed
605 3915 786 3972 ﬂetum
845 3915 1020 3984 potius
1072 3909 1490 3981 intelligentibus
1532 3917 1712 3963 vester
1747 3913 2050 3962 commovet

459 4009 624 4074 risus,
655 4008 794 4064 sicut
815 4002 1078 4061 mentibus
1107 4001 1400 4058 amicorum
1431 4013 1682 4054 sanorum
1701 3996 1882 4052 ﬂetum
1905 4010 2052 4051 com-

457 4110 645 4158 movet
663 4100 806 4156 risus
837 4097 1288 4170 pbreneticorum.
1308 4091 1458 4148 Itane
1481 4098 1576 4146 aut
1599 4099 1783 4146 contra
1809 4087 2048 4158 Scriptu-

461 4211 554 4251 ras
584 4202 796 4250 sanctas
815 4188 1042 4246 inﬁdelis
1066 4187 1302 4244 animum
1327 4183 1581 4241 fornicari
1608 4193 1789 4254 negas,
1822 4189 1914 4237 aut
1933 4195 2052 4238 esse

457 4289 523 4340 in
551 4286 731 4340 animo
757 4281 1054 4338 fornicante
1070 4294 1252 4336 veram
1276 4277 1571 4334 castitatem
1592 4274 1762 4342 dicis;
1805 4282 1861 4330 et
1890 4273 2052 4337 rides.

471 4389 528 4432 et
555 4391 721 4432 sanus
747 4374 848 4432 es?
876 4372 1054 4440 Unde,
1081 4369 1371 4442 quomodo,
1410 4383 1512 4440 qua
1537 4367 1744 4424 ratione
1765 4364 1907 4422 istud
1934 4365 2052 4422 ﬁeri

469 4465 692 4536 potest?
720 4465 946 4520 Prorsus
971 4477 1074 4518 nec
1098 4461 1187 4516 illa
1207 4468 1290 4516 cst
1315 4459 1534 4515 castitas
1561 4473 1708 4526 vera,
1736 4472 1836 4514 nec
1857 4455 2056 4512 sanitas

461 4574 623 4616 vera.
673 4557 900 4614 Prorsus
921 4595 936 4621 ,
980 4555 1193 4624 inquam
1215 4594 1231 4620 ,
1261 4567 1360 4608 nec
1386 4565 1511 4606 vera
1541 4558 1623 4605 est
1647 4549 1868 4606 castitas
1891 4547 2054 4603 animi

475 4646 814 4714 fornicantis,
844 4655 900 4702 et
922 4659 1045 4700 vera
1067 4645 1269 4699 insania
1297 4652 1380 4698 est
1417 4641 1649 4697 hominis
1687 4640 1914 4696 dicentis
1954 4639 2060 4696 hoc

474 4744 710 4801 dedecus
730 4749 784 4797 et
807 4737 1048 4795 ridentis.
1075 4735 1182 4791 Nos
1201 4743 1378 4791 autem
1405 4733 1547 4790 absit
1571 4741 1629 4789 ut
1652 4731 1893 4788 dicamus
1917 4733 2059 4803 quod

471 4849 668 4906 corpus
681 4833 1028 4902 ‘Paganorum
1075 4839 1270 4896 corpus
1296 4839 1402 4880 non
1429 4825 1528 4892 sit,
1555 4832 1610 4880 et
1651 4832 1845 4880 caatera
1876 4823 2062 4894 hujus-

472 4927 642 4985 modi.
667 4921 851 4994 Neque
878 4920 1018 4976 enim
1041 4928 1123 4975 est
1149 4929 1500 4988 consequens,
1531 4927 1588 4971 ut
1613 4915 1659 4970 si
1683 4931 1790 4971 non
1820 4923 1904 4971 est
1938 4930 2060 4968 vera

473 5021 646 5075 virtus
685 5031 788 5088 qua
828 5011 1082 5086 gloriatur
1123 5011 1335 5081 impius,
1379 5024 1484 5063 non
1525 5009 1596 5064 sit
1642 5024 1825 5064 verum
1869 5023 2063 5077 Corpus

476 5109 618 5182 quod
639 5114 892 5180 operatur
917 5103 1073 5160 Deus.
1103 5101 1206 5158 Sed
1234 5099 1391 5171 plane
1417 5113 1698 5169 possumus
1726 5099 1921 5162 dicere.
1953 5098 1987 5153 h
2006 5117 2062 5153 e-

456 5188 774 5257 ‘reticorum
821 5195 1051 5252 frontem
1082 5207 1186 5248 nou
1231 5206 1354 5248 esse
1383 5190 1636 5252 frontem,
1681 5190 1725 5244 si
1755 5207 1858 5244 non
1891 5207 2060 5244 mom-

473 5292 638 5348 thrnm
667 5287 809 5362 quod
831 5286 957 5343 fecit
983 5287 1144 5352 Deus,
1171 5283 1475 5356 signiﬁcare
1497 5280 1852 5347 intelligantur
1874 5280 2062 5337 frontis

480 5381 704 5436 nomine
725 5420 741 5446 ,
771 5377 867 5436 sed
903 5375 1182 5448 pudorem.
1211 5373 1384 5444 Quid,
1415 5373 1460 5429 si
1489 5387 1594 5428 non
1621 5373 1674 5427 in
1693 5387 1757 5427 co
1785 5373 1900 5442 ipse
1929 5372 2064 5428 libro

483 5485 628 5538 meo,
642 5470 731 5526 cui
747 5467 1088 5540 respondisse
1115 5474 1166 5520 te
1178 5464 1369 5535 jactas,
1394 5473 1517 5519 ante
1539 5472 1936 5534 praestrucrem,
1959 5479 2026 5518 ne
2043 5464 2063 5494 ⁸

485 5564 541 5619 in
573 5560 674 5616 hac
699 5560 982 5621 sententia,
1013 5573 1115 5628 qna
1142 5556 1390 5626 dicimus,
1421 5555 1584 5612 Omne
1611 5556 1748 5627 quod
1772 5573 1872 5611 mm
1909 5567 1978 5609 es!
2004 5574 2067 5612 er

551 5719 568 5750 ι
594 5723 689 5763 stu.
715 5719 767 5761 et
783 5716 914 5766 Mss,
935 5709 1098 5772 igitur.

551 5781 572 5842 ξ
599 5773 730 5848 Apud
748 5779 874 5834 tota,
901 5781 1006 5818 nec.

1219 360 1489 418 CONTRA
1527 349 1864 414 JULlANUii
1904 344 2360 411 PELAGMXUD,
2395 345 2452 402 S.
2497 340 2858 402 AUGUSTI)“

3585 335 3686 394 τῖιξ

2110 461 2232 530 βάς»,
2265 468 2520 529 percolunt
2552 466 2660 519 est;
2686 456 2844 510 etiam
2867 453 2954 508 illa
2987 450 3343 521 intelligantur
3369 449 3685 508 inﬁdelium.

2105 567 2223 622 quae
2261 551 2402 607 dona
2441 558 2568 606 sunt
2594 549 2724 616 Dei,
2763 547 2875 602 sive
2914 545 2966 599 in
3001 545 3192 610 animi,
3235 543 3348 599 sive
3373 544 3428 598 in
3451 544 3692 614 corporis

2109 641 2300 697 bonis?
2328 641 2399 696 lbi
2430 639 2574 696 enim
2597 646 2720 695 sunt
2747 645 2804 692 et
2836 636 2937 690 ista
2964 650 3083 705 qua:
3109 633 3337 688 inaniter
3357 632 3550 704 garris,
3570 646 3694 687 oor-

2107 751 2229 806 pus,
2261 745 2315 790 et
2351 733 2514 801 oculi,
2546 741 2602 788 et
2623 730 2862 786 membra
2892 737 3106 783 cmtcra.
3149 724 3204 778 In
3244 739 3311 780 eo
3346 739 3539 795 genere
3565 732 3694 778 sum

2109 827 2269 882 etiam
2299 840 2418 896 quze
2445 825 2502 878 in
2529 823 2671 893 agris
2697 821 3028 890 Paganorum
3059 815 3322 871 frumenta
3366 823 3694 880 nascuntur,

2111 933 2338 986 quorum
2363 916 2504 971 Deus
2526 922 2739 970 creator
2758 920 2860 978 est,
2897 925 3002 965 non
3032 908 3250 978 Pagani;
3283 907 3472 962 Annon
3501 915 3554 960 tu
3580 906 3700 975 ipso

2112 1009 2253 1064 inter
2279 1015 2474 1064 cratera
2501 1005 2662 1062 etiam
2689 1003 2790 1059 ista
2812 1001 2970 1058 verba
3011 1015 3130 1056 mea
3157 996 3403 1070 posuisti,
3434 996 3524 1052 ubi
3547 995 3660 1050 dixi
3678 1012 3698 1048 :

2121 1119 2140 1153 ι
2171 1100 2358 1154 Anima
2397 1097 2541 1153 enim
2571 1107 2626 1152 et
2659 1109 2854 1166 corpus
2879 1103 2934 1149 ct
2956 1105 3305 1164 quotcumque
3331 1089 3468 1145 bona
3502 1089 3704 1143 animae

2115 1199 2172 1245 et
2189 1188 2430 1260 corporis
2467 1185 2781 1242 naturaliter
2821 1184 2999 1252 insita,
3045 1183 3204 1239 etiam
3243 1183 3296 1237 in
3336 1177 3708 1251 peecatoribm

2119 1279 2258 1336 dona
2286 1279 2382 1334 Dei
2411 1286 2570 1344 sunt;
2599 1277 2850 1348 quoniam
2873 1276 3031 1340 Deus,
3056 1289 3162 1328 non
3187 1272 3285 1344 ipsi
3313 1271 3411 1326 ista
3430 1269 3706 1325 fecerunt:

2117 1370 2185 1426 de
2211 1371 2292 1425 his
2321 1379 2496 1424 autem
2523 1384 2642 1440 qua:
2667 1368 2866 1423 faciunt
2889 1365 3089 1422 dictum
3116 1372 3220 1428 est,
3260 1362 3418 1416 Omne
3443 1359 3580 1432 quod
3607 1375 3710 1412 non

2115 1471 2191 1516 est
2213 1478 2273 1516 ea:
2295 1461 2414 1529 ﬁde,
2445 1468 2702 1532 peccatum
2727 1469 2800 1512 est
2823 1475 2844 1509 ι
2872 1454 2973 1528 (De
2997 1453 3212 1526 Nuptiis
3249 1462 3296 1506 et
3336 1450 3712 1521 Concupiscet:-

2121 1553 2210 1616 n‘a,
2235 1551 2322 1605 lib.
2345 1553 2397 1614 1,
2418 1568 2472 1605 n.
2494 1550 2586 1621 5)?
2604 1549 2751 1604 llanc
2765 1549 3002 1613 brevem,
3016 1545 3112 1600 sed
3131 1545 3312 1614 utique
3329 1552 3568 1613 apertam
3585 1557 3712 1596 sen-

2121 1643 2340 1697 tentiam
2369 1656 2542 1696 meam
2573 1639 2618 1694 si
2646 1647 2825 1694 mente
2846 1637 3128 1701 tenuisses,
3153 1643 3281 1705 puto
3299 1631 3442 1704 quod
3468 1641 3576 1688 tam
3613 1631 3714 1686 im-

2123 1735 2320 1806 probus
2337 1749 2444 1790 non
2463 1732 2676 1801 fuisses,
2698 1740 2759 1788 ut
2779 1746 2874 1786 nos
2904 1745 3062 1801 posse
3081 1729 3259 1784 dicere
3277 1741 3562 1792 assereres,
3587 1725 3713 1797 quia

2131 1846 2150 1880 ι
2180 1841 2381 1897 corpus
2409 1826 2736 1898 Paganorum
2763 1838 2960 1894 corpus
2985 1836 3089 1877 non
3117 1821 3206 1886 sit,
3231 1828 3288 1874 et
3312 1817 3454 1874 oculi
3477 1817 3716 1889 Pagano-

2118 1934 2248 1978 ,rum
2273 1931 2490 1974 sensum
2521 1931 2626 1972 non
2655 1915 2890 1971 habeant
2917 1911 3192 1978 intuendi,
3213 1927 3268 1971 et
3295 1909 3559 1965 frumenta
3595 1921 3716 1977 qua:

2125 2009 2181 2065 in
2207 2008 2541 2080 Paganorum
2582 2015 2875 2062 nascuntur
2899 2003 3073 2075 agris,
3108 2001 3368 2057 frumenta
3395 2014 3500 2054 non
3529 1998 3660 2052 sint.
3691 2015 3711 2048 ι

2130 2099 2197 2156 Ut
2215 2099 2356 2155 enim
2387 2097 2480 2152 tibi
2511 2106 2759 2168 tanquam
2784 2095 2853 2151 de
2877 2107 3067 2150 somno
3090 2094 3324 2149 excitato
3343 2089 3530 2146 eadem
3552 2086 3716 2143 verba

2127 2205 2248 2246 mea
2271 2197 2508 2259 repetam
2527 2228 2545 2256 ,
2570 2203 2690 2258 qua:
2713 2194 2818 2242 ture
2843 2184 3115 2242 memoriae
3143 2181 3384 2238 fortassis
3411 2188 3471 2237 ut
3500 2180 3618 2235 bzec
3638 2179 3716 2234 di-

2129 2295 2282 2338 ceres
2327 2279 2668 2344 exciderunt,
2702 2295 2722 2331 ι
2749 2277 2878 2334 Ηειιο
2915 2275 3078 2332 etiam
3108 2275 3161 2329 in
3187 2271 3552 2344 peccatoribus
3576 2269 3717 2324 dona

2132 2373 2228 2430 Dei
2255 2379 2415 2437 sunt;
2443 2370 2692 2442 quoniam
2723 2369 2882 2434 Deus,
2915 2382 3022 2422 non
3070 2365 3170 2435 ipsi
3206 2364 3304 2418 ista
3335 2363 3623 2418 fecerunt:
3654 2360 3721 2416 de

2137 2463 2220 2518 his
2243 2470 2422 2516 autem
2447 2475 2566 2530 qua:
2593 2457 2796 2514 faciunt
2817 2457 3016 2513 dictum
3048 2463 3150 2519 est,
3178 2453 3340 2508 Omne
3362 2450 3498 2522 quod
3523 2466 3627 2505 non
3649 2458 3722 2506 est

2133 2569 2199 2608 ex
2224 2552 2346 2622 ﬁde,
2376 2559 2636 2622 peccatum
2667 2558 2759 2604 est.
2792 2567 2812 2600 ι
2842 2547 2945 2604 Sed
2977 2562 3096 2601 cum
3119 2545 3302 2600 insana
3328 2543 3461 2598 dicis
3482 2551 3537 2596 et
3557 2541 3720 2604 rides.

2135 2642 2450 2715 phrenetico
2477 2656 2538 2696 es
2565 2639 2754 2695 similis
2787 2657 2803 2694 :
2831 2653 2950 2694 cum
2977 2645 3158 2692 autem
3185 2651 3306 2690 vera
3334 2649 3453 2705 quae
3480 2633 3602 2688 dico
3631 2630 3726 2685 abs

2137 2744 2192 2791 te
2225 2734 2382 2805 paulo
2409 2741 2533 2788 ante
2557 2738 2972 2787 commemorata
2993 2771 3008 2794 ,
3037 2739 3094 2784 ct
3135 2729 3256 2783 huic
3297 2726 3397 2796 ipsi
3444 2727 3592 2795 Operi
3635 2733 3727 2778 tuo

2137 2840 2245 2896 quo
2265 2823 2393 2881 mihi
2421 2823 2746 2894 respondere
2773 2822 2968 2878 videris
2994 2820 3212 2884 inserta,
3239 2819 3316 2875 sic
3342 2833 3448 2874 non
3472 2817 3728 2882 attendis,

2139 2919 2218 2974 sic
2245 2915 2606 2982 Oblivisceris;
2636 2929 2741 2971 non
2765 2913 2876 2986 jam
2903 2912 3232 2986 phreneticis
3250 2953 3264 2979 ,
3286 2911 3382 2968 sed
3421 2910 3731 2984 lethargicis

2138 3005 2482 3076 compararis.

2210 3095 2302 3152 28.
2355 3114 2374 3148 ι
2410 3095 2585 3150 Mirari
2625 3103 2678 3150 te
2717 3113 2737 3148 ι
2781 3094 2915 3152 dicis
2941 3135 2956 3163 ,
3003 3113 3022 3146 ι
3059 3093 3199 3164 quod
3245 3101 3352 3148 tam
3381 3092 3676 3155 excellens.
3707 3111 3728 3144 ι

2142 3204 2320 3245 meum
2347 3187 2614 3254 videlicet,
2640 3187 2777 3243 sicut
2801 3187 3085 3242 irridenter
3121 3185 3378 3256 loqueris,
3411 3203 3433 3238 σ
3465 3200 3571 3240 non
3604 3184 3734 3240 vidit

2144 3280 2432 3351 ingenium,
2461 3287 2715 3350 quantum
2747 3293 2839 3334 vos
2865 3278 2916 3332 in
2950 3278 3053 3332 hoc
3079 3291 3292 3347 quoque
3327 3275 3580 3346 juverim.
3611 3275 3736 3345 quia

2144 3371 2274 3436 dixi,
2302 3371 2432 3426 Aliis
2455 3369 2686 3440 peccatis
2705 3369 2806 3424 alia
2835 3359 3047 3438 peccata
3073 3368 3376 3422 vincuntur.
3412 3384 3432 3418 ι
3465 3365 3737 3420 Continuo

2143 3461 2340 3533 quippe
2363 3459 2588 3516 subditis
2607 3467 2764 3529 atque
2783 3455 3098 3514 concluditis
3119 3455 3390 3511 dicentes:
3415 3472 3434 3506 ι
3469 3454 3739 3510 Perfacile

2147 3552 2307 3623 igitur
2342 3549 2518 3606 studio
2562 3549 2874 3614 sanctitatis,
2917 3547 3059 3619 quod
3105 3547 3245 3602 Deus
3291 3546 3527 3617 adjuvat,
3559 3554 3740 3616 potest

2147 3641 2309 3700 homo
2335 3656 2520 3698 carere
2563 3640 2812 3711 peccatis.
2845 3639 2900 3695 Si
2945 3640 3086 3694 cnim
3116 3638 3418 3705 vincuntur,
3457 3654 3476 3689 ι
3514 3637 3698 3706 inquis
3721 3677 3736 3703 ,

2153 3751 2176 3788 ι
2229 3741 2443 3804 peccata
2485 3731 2752 3804 peccatis,
2800 3737 3000 3801 quanto
3045 3731 3215 3798 magis
3257 3739 3481 3798 possunt
3520 3726 3739 3782 virtuti-

2149 3823 2252 3880 bus
2287 3829 2502 3894 peccata
2548 3821 2838 3891 superari?
2877 3839 2895 3873 ι
2929 3819 3090 3888 Quasi
3135 3833 3234 3876 nos
3273 3833 3550 3888 negemus,
3583 3816 3742 3887 adju-

2151 3916 2344 3972 torium
2377 3913 2468 3970 Dei
2514 3921 2713 3968 tantum
2745 3911 2945 3974 valere,
2993 3911 3037 3966 si
3085 3911 3216 3966 velit
3257 3916 3318 3964 ut
3358 3908 3521 3964 hodie
3563 3907 3744 3963 nullas

2153 4007 2608 4078 concupiscentias
2635 4004 2802 4059 malas
2837 3991 3037 4058 habere
3065 4000 3354 4072 possimus,
3386 4007 3576 4055 contra
3610 4011 3744 4070 quas

2153 4097 2240 4152 vel
2267 4095 2611 4152 invictissime
2653 4093 2968 4149 dimicemus
2995 4110 3008 4146 :
3037 4101 3092 4147 et
3135 4099 3312 4146 tamen
3343 4105 3448 4146 non
3475 4089 3620 4154 ﬁeri,
3646 4105 3743 4144 nec

2156 4197 2214 4244 tu
2255 4202 2436 4259 negas.
2482 4185 2587 4242 Cur
2615 4194 2792 4240 autem
2831 4197 2934 4238 nou
2961 4182 3072 4250 fiat,
3103 4181 3222 4254 quis
3250 4182 3500 4252 cognovit
3521 4176 3740 4236 sensum

2157 4279 2371 4338 Domini
2397 4277 2574 4352 (Rom.
2615 4293 2689 4342 XI,
2731 4274 2863 4348 5i)?
2891 4274 3006 4331 Non
3032 4283 3208 4329 tamen
3239 4287 3426 4344 parum
3453 4271 3594 4336 scio,
3623 4285 3742 4324 cum

2160 4371 2292 4436 scio,
2322 4383 2670 4441 quascumque
2711 4367 2798 4422 illa
2839 4380 2998 4422 causa
3042 4365 3130 4427 sit,
3177 4363 3320 4433 quod
3350 4377 3451 4418 nec
3487 4361 3624 4432 justi
3653 4360 3744 4416 Dei

2159 4461 2230 4516 sit
2257 4460 2527 4532 iniquitas,
2556 4473 2656 4514 nec
2692 4455 3070 4528 omnipotentis
3109 4455 3410 4509 infirmitas.
3449 4453 3545 4507 Est
3589 4451 3747 4522 igitur

2161 4552 2357 4624 aliquid
2397 4553 2448 4607 in
2478 4551 2592 4622 ejus
2630 4549 2808 4606 abdito
2836 4548 3050 4618 altoque
3091 4545 3336 4609 consilio,
3367 4559 3464 4600 cur
3492 4543 3747 4614 quamdiu

2163 4645 2389 4699 vivimus
2431 4643 2482 4697 in
2527 4641 2626 4697 hac
2664 4655 2826 4695 carne
2866 4637 3110 4704 mortali,
3155 4647 3236 4692 est
3275 4637 3328 4691 in
3369 4635 3524 4690 nobis
3560 4643 3749 4688 contra

2166 4734 2306 4804 quod
2350 4749 2500 4788 incus
2532 4732 2752 4786 dimicet
2784 4738 2960 4784 nostra
3001 4746 3015 4782 :
3051 4736 3132 4784 est
3169 4728 3330 4782 etiam
3363 4735 3586 4797 propter
3609 4722 3752 4794 quod

2167 4825 2408 4880 dicnmus
2427 4866 2443 4886 ,
2487 4823 2694 4876 Dimitte
2729 4821 2870 4876 nobis
2893 4821 3055 4874 debita
3081 4829 3254 4874 nostra
3280 4817 3492 4888 (Matth.
3519 4833 3571 4870 vt
3591 4859 3610 4882 ,
3641 4815 3752 4885 1‘2).

2170 4916 2276 4971 Sed
2306 4925 2362 4969 ut
2388 4913 2481 4968 tibi
2506 4917 2583 4970 sic
2607 4915 2794 4983 loquar
2824 4923 3072 4981 tauquam
3098 4910 3294 4966 homini
3323 4910 3518 4974 homo,
3551 4917 3606 4962 et
3641 4907 3758 4960 talis

2169 5011 2330 5063 homo
2385 5007 2535 5076 cuius
2591 5015 2799 5062 terrena
2862 5003 3174 5059 inbabitatio
3227 5002 3472 5072 deprimit
3535 5014 3758 5056 sensum

2171 5101 2334 5152 multa
2361 5100 2680 5168 cogitantem
2707 5096 2859 5168 (δίῳ.
2884 5110 2936 5150 tx
2957 5136 2972 5160 ,
3002 5095 3114 5162 15),
3145 5092 3272 5148 nihil
3294 5101 3376 5147 est
3400 5093 3450 5146 in
3470 5092 3757 5156 creaturis,

2169 5189 2309 5260 quod
2338 5189 2524 5244 attinet
2551 5187 2617 5244 ad
2649 5189 3004 5245 institutarum
3035 5184 3288 5240 divinitus
3317 5185 3504 5238 merita
3537 5194 3760 5236 natura-

2171 5299 2325 5348 rum,
2371 5280 2614 5335 rationali
2661 5289 2840 5335 mente
2883 5275 3238 5348 praastantius.
3284 5274 3434 5332 Unde
3472 5273 3529 5328 fit
3565 5287 3761 5328 conse-

2171 5387 2342 5443 qucus
2372 5380 2428 5424 ut
2457 5385 2608 5425 mens
2636 5371 2774 5425 bona
2803 5370 2968 5439 magis
2995 5369 3093 5424 sibi
3125 5368 3366 5438 placeat,
3394 5365 3676 5434 magisque
3703 5376 3762 5416 se

2174 5465 2286 5532 ipsa
2331 5461 2594 5526 delectet,
2639 5476 2796 5532 quam
2845 5459 3096 5530 qumlibet
3141 5458 3241 5512 alia
3281 5465 3542 5511 creatura.
3581 5453 3759 5522 Quam

2175 5572 2301 5612 vero
2328 5555 2627 5628 periculose
2647 5595 2662 5618 ,
2693 5555 2798 5608 imo
2817 5553 3114 5624 perniciose
3141 5551 3239 5606 sibi
3267 5549 3492 5618 placeat,
3517 5561 3644 5600 cum
3669 5558 3764 5614 per

2177 5651 2278 5703 huc
2321 5649 2572 5706 tumescit
2615 5647 2778 5720 typho
2816 5655 2868 5701 et
2906 5646 3095 5700 uiorbo
3134 5643 3420 5700 inflationis
3448 5637 3760 5703 extollitur,

2181 5740 2430 5814 quamdiu
2476 5757 2578 5795 non
2617 5739 2760 5796 videt
2791 5737 2919 5794 sicut
2957 5736 3151 5793 videbit
3181 5736 3230 5790 in
3263 5734 3366 5791 fine
3395 5746 3664 5790 summum
3694 5727 3764 5782 ila
