4038 6182
397 329 505 388 733

393 442 484 498 lud
515 449 568 496 et
595 431 927 493 immutabile
963 431 1192 498 bonum,
1229 430 1282 484 in
1313 430 1464 502 cujus
1494 437 1889 499 comparabant:
1923 439 1981 479 se

399 540 652 605 spernat,
699 527 906 598 sibique
947 525 1088 580 illius
1133 521 1391 578 cbaritate
1437 521 1680 586 vilescat,
1731 526 1980 605 tantoque

397 604 588 696 spiritu
611 620 727 690 ejus
755 616 1057 687 impleatur,
1082 621 1139 668 ut
1157 612 1210 668 id
1234 613 1333 668 sibi
1361 627 1466 666 non
1496 611 1700 665 ratione
1728 607 1862 670 sola,
1886 604 1980 660 sed

397 725 602 771 uterne
625 725 836 783 quoque
865 721 1051 762 amore
1079 711 1382 778 praponat;
1411 703 1635 758 multum
1673 709 1754 755 est
1795 698 1982 767 dispu-

398 805 564 860 tando
593 803 730 858 velle
764 807 1086 855 monstrare.
1131 795 1278 866 Sapit
1305 795 1416 849 hzec
1444 794 1532 864 qni
1572 791 1818 862 fatigatus
1844 787 1984 842 fame

398 894 688 950 revertitur
715 890 780 945 ad
807 889 1174 958 semetipsum,
1206 893 1260 941 et
1289 885 1438 952 dicit,
1468 883 1714 954 Surgam,
1743 889 1787 935 et
1811 879 1892 934 ibo
1917 879 1985 932 ad

402 995 596 1054 patrem
621 998 785 1036 meum
813 979 966 1051 (Luc.
992 994 1084 1044 xv,
1117 974 1226 1049 18).
1255 975 1409 1031 Unde
1432 974 1608 1043 itaque
1636 973 1834 1028 scimus
1854 1013 1868 1038 ,
1915 985 1985 1024 ne

401 1075 538 1130 forte
564 1073 686 1144 quia
713 1073 814 1126 hoc
839 1069 1104 1140 superbia:
1128 1067 1324 1121 malum
1361 1073 1484 1120 tunc
1515 1065 1747 1118 animum
1777 1069 1985 1118 tentare

401 1181 508 1220 non
535 1162 764 1233 poterit,
795 1170 848 1216 et
871 1168 1058 1214 contra
1081 1157 1221 1228 quod
1263 1156 1596 1211 decertemus
1621 1155 1839 1209 omnino
1869 1151 1986 1206 nul-

403 1255 514 1310 lum
553 1253 656 1308 erit
681 1253 722 1320 ',
753 1249 964 1322 quando
1003 1257 1148 1303 tanta
1187 1247 1461 1302 satiabitur
1500 1246 1738 1312 visione,
1769 1250 1986 1299 ettanta

403 1341 820 1400 inﬂammabitur
858 1340 1117 1394 charitate
1163 1337 1452 1406 superioris
1503 1336 1661 1402 boui,
1709 1342 1767 1388 ut
1820 1333 1885 1387 ad
1928 1348 1986 1387 se

403 1436 578 1505 ipsum
623 1433 723 1488 sibi
765 1430 1054 1503 placendo,
1099 1428 1328 1484 deficere
1370 1427 1436 1482 ab
1475 1427 1615 1481 illius
1655 1426 1938 1481 dilectione
1965 1427 1985 1457 ⁸

403 1541 512 1580 non
539 1523 706 1595 possit
731 1539 746 1588 ;
777 1521 896 1576 ideo
920 1521 1112 1574 factum
1136 1527 1214 1574 est
1240 1518 1290 1571 in
1317 1517 1434 1572 loco
1465 1516 1782 1571 infirmitatis
1809 1515 1985 1584 hujus,

403 1633 474 1670 ne
496 1613 724 1686 su'perbc
753 1615 1074 1678 viveremus,
1107 1620 1164 1666 ut
1192 1611 1290 1666 sub
1321 1609 1624 1682 quotidiana
1649 1617 1986 1680 peccatorum

409 1707 724 1763 remissione
762 1705 1042 1760 vivamus?
1071 1704 1292 1774 Propter
1329 1703 1469 1772 quod
1497 1701 1759 1772 superbire
1791 1701 1986 1754 malum

405 1813 508 1852 nec
531 1795 805 1867 apostolus
841 1795 1034 1849 Paulus
1069 1803 1152 1849 est
1194 1793 1412 1847 arbitrio
1451 1807 1548 1846 suo
1588 1791 1862 1846 creditus:
1894 1791 1988 1846 sed

403 1889 524 1959 quia
555 1887 788 1942 nondum
825 1893 1040 1940 venerat
1069 1883 1135 1938 ad
1167 1893 1368 1939 tantam
1411 1883 1868 1954 participationem
1895 1899 1987 1939 su-

403 1979 631 2050 perioris
665 1979 803 2033 illius
839 1979 965 2033 boni
987 2020 1002 2043 ,
1033 1987 1088 2032 nt
1115 1977 1222 2032 illic
1259 1977 1367 2048 jam
1409 1992 1514 2032 non
1557 1986 1736 2048 posset
1759 1979 1942 2034 extolli
1967 2019 1984 2046 ,

407 2070 494 2125 hic
521 2071 594 2126 illi
641 2079 725 2126 est
764 2071 984 2140 angelus
1025 2077 1223 2125 satana:
1255 2069 1612 2139 colaphizator
1637 2111 1652 2136 ,
1684 2086 1750 2126 ne
1775 2071 1862 2126 hic
1899 2070 1988 2126 ubi

407 2170 614 2232 poterat
637 2160 1000 2224 extolleretur,
1031 2159 1304 2230 appositus
1329 2159 1398 2232 (ll
1429 2159 1544 2214 Cor.
1577 2177 1675 2226 xu,
1706 2161 1782 2232 7).

477 2255 568 2310 29.
594 2254 700 2311 Sed
743 2255 860 2309 sive
903 2254 1003 2308 ista
1041 2268 1200 2308 causa
1241 2254 1344 2318 sit,
1377 2254 1489 2310 sive
1517 2254 1618 2308 alia
1657 2269 1776 2324 qua:
1821 2253 1987 2309 multo

407 2345 638 2416 amplius
663 2361 750 2400 me
775 2345 906 2399 latet
931 2362 943 2397 :
971 2353 1144 2399 tamen
1171 2343 1310 2414 quod
1339 2343 1584 2398 dubitare
1619 2361 1721 2399 non
1745 2359 1983 2414 possum,

407 2435 792 2507 quantumlibet
821 2434 1162 2505 proficiamus
1191 2433 1290 2488 sub
1318 2435 1418 2489 hoc
1441 2449 1604 2490 onere
1627 2434 1988 2504 corruptibilis

409 2527 667 2598 corporis,
694 2527 740 2580 si
761 2527 1036 2580 dixerimus
1059 2527 1178 2596 quia
1199 2535 1454 2596 peccatum
1481 2543 1582 2580 non
1608 2527 1844 2580 habemus
1859 2568 1873 2590 ,
1897 2543 1988 2580 nos

409 2621 545 2690 ipsos
575 2620 850 2691 decipimus
872 2656 892 2686 ,
921 2627 970 2673 et
991 2619 1173 2674 veritas
1201 2620 1253 2672 in
1285 2619 1426 2674 nobis
1459 2636 1560 2674 non
1583 2629 1655 2673 est
1699 2619 1741 2692 (l
1761 2618 1917 2672 Joan.
1947 2635 1985 2681 ι.

411 2710 488 2784 8).
516 2711 737 2780 Propter
761 2709 902 2780 quod
932 2718 986 2764 et
1030 2718 1212 2764 sancta
1244 2709 1479 2764 Ecclesia
1507 2711 1664 2764 etiam
1697 2711 1750 2763 in
1797 2709 1986 2763 talibus

409 2803 523 2857 suis
563 2801 812 2856 membris
832 2843 846 2867 ,
871 2801 962 2856 ubi
1007 2801 1268 2856 maculam
1313 2799 1551 2854 criminis
1589 2811 1642 2854 et
1671 2815 1854 2870 rugam
1881 2814 1987 2854 non

411 2891 574 2946 habet
609 2891 846 2946 falsitatis
883 2890 1100 2962 (Ephes.
1157 2907 1212 2956 v,
1257 2890 1372 2959 27),
1423 2891 1550 2945 licet
1591 2889 1989 2946 contradicente

407 2981 656 3051 superbia
687 2991 882 3046 vestra,
915 2995 1020 3034 non
1049 2979 1245 3035 desinit
1273 2981 1378 3034 Deo
1400 2980 1600 3042 dicere,
1625 2979 1832 3034 Dimitte
1847 2979 1989 3034 nobis

411 3073 576 3127 debita
605 3081 795 3127 nostra.
845 3072 924 3126 Tu
964 3080 1138 3127 autem
1174 3079 1367 3142 quanta
1397 3074 1698 3144 arrogantia
1717 3083 1779 3128 .et
1805 3071 1872 3128 de
1899 3089 1988 3129 ve-

411 3175 536 3220 stra:
575 3166 985 3235 praesumptione
1027 3165 1238 3219 virtutis
1281 3165 1496 3231 dixeris,
1549 3163 1799 3236 Perfacile
1837 3166 1992 3237 igitur

412 3256 575 3311 studio
595 3257 872 3310 sanctitatis
893 3299 906 3322 ,
927 3255 1076 3325 quod
1108 3255 1244 3309 Deus
1271 3257 1478 3326 adiuvat
1502 3299 1516 3322 ,
1541 3265 1700 3326 potest
1729 3257 1878 3310 Itamo
1902 3273 1988 3310 ca-

411 3363 521 3401 rere
559 3347 810 3416 peccatis;
835 3346 924 3401 ille
957 3361 1062 3402 non
1107 3346 1380 3416 agnoscit,
1411 3347 1499 3416 qui
1539 3345 1784 3416 dogmata
1813 3355 1988 3401 vestra

411 3454 516 3494 non
545 3439 710 3494 novit.
737 3438 866 3493 Nam
897 3447 950 3494 et
985 3437 1216 3492 studium
1249 3439 1542 3492 sanctitatis
1579 3439 1692 3492 sine
1729 3439 1992 3508 adjutorio

411 3530 506 3584 Dei
548 3529 705 3583 vultis
729 3523 784 3582 i'n
813 3529 1042 3584 hominis
1071 3529 1343 3583 voluntate
1374 3529 1693 3598 praecedere,
1717 3531 1856 3600 quod
1881 3547 1992 3586 mc-

408 3620 515 3672 rito
555 3619 694 3672 Deus
723 3619 913 3674 debeat
934 3619 1203 3689 adjuvare,
1235 3635 1338 3672 non
1363 3619 1524 3688 gratis
1550 3637 1562 3672 :
1587 3629 1641 3674 et
1670 3621 1746 3675 sic
1773 3621 1989 3676 creditis

409 3709 683 3764 hominem
727 3711 778 3764 in
805 3710 904 3765 hac
931 3725 1230 3764 mrumnosa
1277 3710 1378 3764 vita
1409 3725 1566 3778 posse
1589 3725 1774 3766 carere
1799 3727 1990 3782 pecca-

413 3803 502 3864 tis,
535 3809 591 3854 ut
620 3816 724 3853 non
757 3801 806 3854 in
849 3815 906 3855 se
949 3797 1145 3854 habeat
1171 3813 1336 3869 quare
1373 3799 1548 3866 dicat,
1591 3799 1795 3855 Dimitte
1851 3803 1992 3855 nobis

409 3894 580 3947 debita
609 3903 796 3947 nostra.
823 3892 1074 3960 Quamvis
1101 3892 1368 3962 aliquanto
1403 3892 1642 3946 timidius
1671 3893 1720 3947 id
1749 3895 1993 3964 posuisse

407 3982 670 4048 videaris;
701 3983 822 4052 quia
853 3997 956 4036 non
981 3982 1180 4046 dixisti,
1201 3982 1646 4037 Potestomnibus
1663 3997 1843 4038 carere
1863 3999 1992 4054 pec-

407 4079 570 4133 catis.
599 4076 793 4130 Verum
821 4090 918 4130 nec
958 4074 1270 4144 quibusdam
1297 4075 1474 4129 dicere
1489 4075 1731 4139 voluisti;
1761 4075 1858 4131 sed
1881 4085 1994 4130 tan-

407 4185 571 4240 quam
615 4168 710 4223 tibi
747 4169 858 4237 ipse
901 4167 967 4222 de
1015 4167 1175 4221 nimia
1201 4174 1375 4221 vestra
1419 4167 1828 4236 priesumptione
1867 4183 1993 4224 eru-

411 4265 614 4328 bueris,
659 4263 728 4317 ita
775 4261 1088 4316 sententiam
1145 4261 1474 4330 temperasti,
1533 4269 1591 4314 ut
1634 4272 1686 4316 et
1732 4271 1906 4316 vestra
1943 4270 1996 4317 et

413 4365 593 4411 nostra
623 4363 802 4427 posset
845 4369 976 4409 voce
1014 4353 1240 4408 defendi.
1272 4353 1402 4407 Nam
1435 4353 1477 4406 si
1507 4353 1644 4424 apud
1685 4355 1996 4426 Pelagianos

413 4446 746 4510 discutiatur,
773 4443 1182 4512 respondebitur
1223 4441 1343 4497 ideo
1384 4457 1488 4497 non
1540 4443 1736 4498 dictum
1775 4445 1994 4515 quibus-

413 4537 560 4598 dam,
589 4535 710 4605 quia
753 4534 1004 4588 omnibus
1046 4529 1276 4603 pecca'is
1317 4547 1499 4588 carere
1537 4533 1806 4590 hominem
1839 4551 1996 4606 posse

413 4627 592 4680 dixisti
624 4642 637 4678 :
667 4629 708 4678 si
731 4633 906 4679 autem
934 4623 1070 4692 apud
1102 4637 1220 4688 nos,
1247 4633 1298 4678 et
1327 4623 1412 4677 hic
1437 4625 1843 4693 respondebitur
1875 4628 1996 4682 ideo

411 4733 520 4772 non
551 4717 748 4771 dictum
798 4715 1066 4780 omnibus,
1107 4715 1355 4783 quoniam
1399 4716 1689 4784 quemlibet
1725 4716 1994 4773 hominem

411 4809 646 4864 volueris
667 4807 904 4878 intelligi,
931 4823 1027 4878 pro
1051 4807 1366 4877 quibusdam
1397 4809 1626 4877 peccatis
1647 4823 1865 4864 necesse
1897 4811 1992 4864 ba-

415 4899 546 4953 bere
583 4898 788 4953 veniam
829 4897 1119 4966 postulare.
1152 4895 1258 4952 Sed
1295 4897 1384 4966 qui
1420 4897 1615 4951 scimus
1644 4898 1768 4968 quid
1795 4900 1992 4954 sentia-

415 4993 500 5054 tis,
529 4991 736 5045 nescire
757 5004 862 5044 non
891 5003 1172 5058 possumus
1194 4989 1461 5058 quomodo
1485 4989 1580 5042 ista
1613 4991 1822 5046 dicatis.
1939 5045 1942 5048 .

483 5082 572 5138 50.
630 5101 648 5132 ι
683 5081 738 5137 Si
789 5081 1022 5151 gentilis,
1054 5099 1073 5133 ι
1120 5079 1318 5150 inquis,
1371 5097 1388 5130 ι
1433 5080 1630 5135 nudum
1681 5083 1990 5152 operuerit,

412 5173 666 5241 numquid
698 5173 821 5242 quia
843 5181 1052 5226 nonest
1081 5185 1146 5225 ex
1179 5169 1305 5234 fide,
1341 5173 1753 5239 peccatumest?
1790 5192 1808 5224 ι
1837 5173 1993 5227 Pror-

409 5279 500 5328 sus
537 5265 589 5317 in
633 5273 888 5332 quantum
919 5272 1130 5316 nonest
1165 5277 1228 5316 ex
1267 5261 1388 5328 fide,
1430 5272 1700 5332 peccatum
1733 5273 1844 5324 est;
1883 5281 1990 5320 non

409 5353 530 5422 quia
570 5369 664 5424 per
692 5354 938 5423 seipsum
961 5351 1156 5408 factum
1179 5351 1222 5422 ³,
1250 5355 1388 5424 quod
1414 5363 1494 5410 est
1517 5355 1716 5410 nudum
1738 5357 1946 5426 cpcrire
1973 5399 1986 5424 ,

473 5553 490 5584 ι
517 5551 724 5602 vaticani
749 5541 966 5660 quinque
989 5557 1116 5621 Mss,
1139 5550 1326 5624 οηιιᾰηο
1359 5565 1450 5602 non
1475 5551 1583 5624 erit.
1873 5615 1883 5624 _

473 5615 494 5646 ⁹
518 5621 616 5660 Am.
637 5619 709 5660 Er.
729 5627 758 5660 ιι
781 5626 992 5660 uresuue
1008 5611 1228 5660 Gallicam
1241 5621 1506 5660 ett‘atteant
1519 5621 1644 5660 Mss.
1660 5613 1883 5660 delecta-1:.

471 5615 494 5646 ²
518 5621 616 5662 Am.
637 5619 709 5663 Er.
729 5611 1228 5682 plttt‘esque'Gallimni
1241 5621 1292 5663 et
1303 5616 1506 5662 Vaticani
1519 5621 1644 5670 Mss,
1660 5613 1983 5668 delecta-tione.

410 5681 512 5724 tum
533 5674 613 5723 alii
639 5677 806 5730 vatic.,
835 5675 1104 5734 refectione.

409 5709 444 5724 ν
933 5769 946 5794 ,
971 5709 1198 5798 ἧοιῗίιίιὶ]
1221 5747 1304 5798 per
1323 5734 1475 5798 ipsum
1499 5737 1696 5794 factum.

1737 307 1934 368 ιλιιξέιι
1977 303 2314 367 QUARTUS.

3563 319 3666 374 751

2093 431 2364 491 peccatum
2396 429 2474 476 est
2507 441 2520 478 :
2557 422 2650 478 sed
2677 423 2742 478 de
2771 425 2856 478 tali
2889 433 3050 496 opere
3083 441 3186 482 ιισιι
3217 429 3268 484 in
3301 427 3521 484 Domino
3551 435 3668 503 gin-

2091 513 2235 578 riari,
2271 513 2414 567 solus
2443 514 2636 584 impius
2672 527 2828 586 negat
2857 532 2974 572 esse
3003 527 3294 588 peccatum.
3324 521 3476 588 Quod
3508 533 3564 576 ιιι
3593 525 3674 576 in-

2091 607 2294 678 telligas
2319 649 2333 673 ,
2368 611 2605 677 quamvis
2641 611 2750 680 jam
2797 613 2926 667 satis
2967 614 3089 670 inde
3122 616 3279 670 fuerit
3312 617 3671 689 disputatum,

2092 706 2268 753 tamen
2297 701 2420 769 quia
2465 716 2654 772 magna
2683 719 2770 758 res
2793 713 2895 770 est,
2923 706 3096 762 adhuc
3120 709 3390 780 pauliSper
3415 713 3673 766 ausculta.

2091 788 2230 844 Ecce
2251 789 2436 845 eadem
2457 805 2820 850 commemoro
2843 811 2960 864 qua:
2989 798 3100 866 ipse
3121 801 3371 869 posuisti.
3401 819 3418 852 ‹
3453 801 3508 855 Si
3537 817 3672 872 gen-

2093 881 2198 935 tilis
2235 901 2253 934 ι
2297 884 2382 952 qui
2432 899 2536 938 non
2570 885 2700 939 vivit
2748 900 2814 942 ex
2861 885 2998 955 fide,
3036 907 3054 940 ι
3111 891 3308 946 nudum
3357 893 3670 962 operuerit,

2091 974 2474 1043 periclitantem
2525 976 2844 1044 liberaverit,
2873 979 3000 1048 :cgri
3029 981 3246 1035 vulnera
3285 980 3500 1050 foverit,
3533 983 3671 1036 divi-

2092 1065 2190 1118 tias
2231 1065 2470 1120 honesta:
2508 1067 2754 1121 amicitim
2798 1069 3154 1137 impenderit,
3196 1072 3262 1127 ad
3311 1075 3671 1128 testimonium

2093 1153 2283 1210 falsum
2305 1171 2404 1210 nec
2428 1157 2706 1211 tormentis
2731 1160 2960 1226 potuerit
2981 1159 3215 1230 impelli;
3241 1180 3260 1214 ι
3287 1178 3470 1232 quat-ro
3486 1165 3581 1219 abs
3599 1175 3670 1228 te,

2091 1255 2268 1300 utrum
2299 1246 2413 1302 lucc
2434 1261 2592 1316 opera
2625 1248 2763 1302 bona
2793 1249 2927 1304 bene
2953 1249 3140 1316 faciat,
3171 1268 3238 1306 an
3263 1254 3417 1308 male.
3448 1255 3502 1310 Si
3529 1257 3672 1310 cuittt

2091 1337 2332 1406 quamvis
2352 1337 2517 1406 bona,
2549 1339 2689 1394 male
2729 1346 2908 1394 tamen
2947 1339 3108 1407 facit;
3139 1359 3332 1413 negare
3375 1360 3480 1398 non
3519 1359 3670 1414 potus

2091 1440 2212 1481 cum
2237 1441 2482 1497 peccare,
2509 1429 2599 1498 qui
2637 1429 2776 1484 male
2801 1431 3073 1501 quodlibet
3101 1431 3240 1488 facit.
3270 1433 3374 1490 Sed
3403 1437 3526 1505 quia
3550 1453 3673 1490 cum

2093 1533 2197 1572 non
2227 1520 2308 1572 vis
2329 1561 2342 1586 ,
2373 1535 2492 1574 cum
2535 1521 2657 1576 facit
2696 1519 2794 1576 ista
2820 1563 2835 1588 ,
2867 1539 3122 1593 peccare;
3155 1528 3392 1596 profecto
3437 1529 3675 1584 dicturus

2091 1623 2150 1663 es
2170 1651 2184 1674 ,
2217 1609 2284 1663 Et
2317 1609 2454 1664 bona
2483 1610 2636 1678 facit,
2677 1621 2730 1668 et
2755 1613 2910 1669 bene.
2953 1615 3175 1672 Fructus
3202 1633 3330 1688 ergo
3355 1619 3524 1675 bonos
3555 1622 3677 1676 facit

2092 1700 2251 1755 arbor
2290 1702 2462 1756 mala:
2494 1705 2633 1774 quod
2669 1703 2782 1760 fieri
2811 1722 2916 1761 non
2957 1722 3110 1776 posse
3147 1709 3352 1765 Veritas
3379 1711 3524 1768 dicit.
3555 1711 3674 1767 Noli

2093 1794 2423 1863 prmcipitare
2444 1798 2762 1852 sententiam
2788 1841 2802 1866 ,
2831 1797 3114 1870 diligenter
3153 1802 3429 1858 considera
3464 1806 3588 1874 quid
3621 1817 3674 1860 te

2091 1885 2419 1956 respondere
2457 1890 2756 1944 conveniat.
2797 1891 2878 1946 An
2915 1891 3048 1947 dicis
3093 1893 3364 1950 hominem
3405 1896 3672 1952 infidelem

2091 1977 2335 2032 arborem
2367 1979 2595 2034 bonam?
2625 1981 2803 2037 Placet
2831 1997 2957 2054 ergo
2987 1984 3096 2038 Deo
3123 2002 3135 2038 :
3170 2001 3338 2055 neque
3361 1988 3502 2041 enim
3533 1987 3674 2042 bono

2093 2077 2390 2138 potestnon
2419 2070 2628 2140 placere
2661 2072 2802 2142 quod
2831 2074 3031 2128 bonum
3061 2083 3164 2130 est.
3196 2075 3262 2130 Et
3291 2077 3378 2132 ubi
3405 2078 3506 2133 erit
3531 2079 3671 2147 quod

2091 2160 2348 2229 scriptum
2391 2170 2493 2229 est,
2541 2161 2666 2218 Sine
2705 2165 2808 2234 ﬁde
2859 2165 3169 2237 impossibile
3207 2179 3276 2223 est
3325 2169 3434 2225 Deo
3478 2171 3676 2241 placere

2091 2247 2274 2317 (Hebr.
2305 2267 2378 2318 xl,
2407 2251 2504 2322 6)?
2527 2251 2608 2308 An
2639 2256 2986 2324 respondebis
3011 2301 3026 2327 ,
3056 2259 3170 2315 Non
3197 2259 3249 2316 in
3275 2273 3526 2331 quantum
3558 2264 3676 2318 infi-

2091 2338 2226 2395 delis
2255 2351 2338 2396 est
2360 2385 2374 2410 ,
2398 2343 2493 2398 sed
2519 2344 2570 2397 in
2596 2354 2850 2416 quantum
2881 2347 3043 2404 homo
3069 2359 3152 2406 est
3169 2392 3184 2416 ,
3215 2352 3372 2406 arbor
3399 2353 3532 2406 bona
3555 2365 3634 2408 est
3652 2357 3676 2406 ?

2093 2430 2169 2486 De
2194 2448 2300 2502 quo
2325 2448 2453 2504 ergo
2478 2435 2732 2492 Dominus
2753 2439 2846 2504 ait,
2873 2438 2994 2494 Non
3017 2449 3176 2507 potest
3197 2441 3346 2496 arbor
3369 2443 3502 2496 mala
3521 2443 3676 2500 bonos

2091 2522 2285 2592 fructus
2321 2525 2490 2594 facere
2519 2527 2732 2598 (Matth.
2773 2531 3041 2603 vu,18)?
3085 2533 3510 2603 quandoquidem
3554 2539 3673 2606 qui-

2091 2629 2320 2684 cumque
2339 2617 2462 2683 erit,
2485 2628 2575 2672 aut
2595 2617 2778 2688 homo,
2811 2631 2902 2676 aut
2927 2624 3146 2693 angelus
3168 2625 3288 2680 erit.
3309 2624 3412 2680 Sed
3443 2626 3486 2680 si
3513 2626 3674 2680 homo

2091 2704 2144 2758 in
2175 2713 2428 2774 quantum
2457 2707 2614 2762 homo
2653 2718 2754 2774 est,
2807 2712 2966 2766 arbor
3013 2713 3151 2767 bona
3195 2723 3306 2778 est;
3361 2715 3675 2784 profectae:

2089 2794 2312 2864 angelus
2353 2797 2406 2850 in
2433 2805 2688 2865 quantum
2719 2801 2956 2870 angelus,
3001 2801 3160 2856 arbor
3215 2803 3352 2858 bona
3398 2815 3497 2860 est.
3548 2805 3674 2862 lltcc

2091 2885 2234 2940 enim
2269 2887 2360 2942 Dei
2387 2898 2508 2943 Sunt
2530 2903 2715 2958 opera,
2749 2891 2842 2962 qui
2863 2900 3166 2948 naturarum
3193 2895 3438 2950 conditor
3463 2905 3547 2951 est
3574 2897 3670 2950 bo—

2093 2993 2301 3033 narum.
2341 2981 2418 3035 Ac
2447 2995 2540 3049 per
2565 2982 2664 3037 hoc
2689 2983 2826 3037 nulla
2851 2985 2956 3040 erit
2983 2985 3142 3040 arbor
3165 2987 3322 3050 mala,
3355 2986 3421 3042 de
3461 3003 3564 3058 qua
3593 2987 3676 3042 di-

2097 3078 2240 3124 ctum
2267 3078 2368 3136 est,
2403 3071 2542 3140 quod
2579 3087 2684 3126 non
2719 3075 2886 3142 possit
2911 3074 3084 3130 facere
3105 3077 3308 3132 fructus
3327 3079 3514 3132 bonos.
3543 3077 3675 3146 Quis

2095 3158 2320 3214 infidelis
2346 3159 2412 3214 ita
2447 3161 2728 3218 infideliter
2748 3165 2960 3236 sapiat?
2983 3165 3100 3220 Non
3131 3167 3304 3238 itaque
3332 3169 3382 3223 in
3405 3180 3658 3238 quantum

2095 3250 2255 3305 homo
2283 3259 2383 3319 est,
2402 3253 2541 3324 quod
2594 3263 2676 3309 est
2703 3269 2836 3325 Opus
2866 3258 2960 3313 Dei
2990 3276 3004 3324 ;
3030 3258 3122 3314 sed
3155 3260 3205 3313 in
3235 3273 3486 3330 quantum
3515 3261 3670 3315 mala:

2095 3341 2382 3396 voluntatis
2411 3352 2511 3412 est,
2540 3345 2764 3416 quisque
2786 3347 2946 3402 arbor
2988 3349 3124 3403 mala
3155 3361 3255 3416 est,
3287 3361 3340 3405 et
3366 3351 3534 3406 bonos
3561 3352 3671 3406 fru-

2079 3443 2214 3487 etus
2239 3433 2414 3490 facere
2460 3449 2564 3490 non
2596 3445 2788 3506 potest.
2819 3439 2950 3494 Vide
2989 3440 3166 3511 itaque
3195 3451 3370 3498 utrum
3403 3443 3670 3500 infidelem

2094 3521 2418 3577 voluntatem
2447 3524 2640 3580 audeas
2665 3526 2857 3582 bonam
2885 3527 3061 3584 dicere
3086 3531 3430 3588 voluntatem.

2165 3613 2254 3666 51.
2274 3611 2376 3667 Sed
2408 3613 2543 3668 forte
2559 3614 2796 3670 dicturus
2825 3632 2904 3684 es,
2932 3617 3233 3676 Misericors
3259 3624 3504 3680 voluntas
3531 3620 3670 3680 bona

2095 3711 2196 3758 est.
2219 3703 2382 3758 Recte
2427 3704 2563 3759 istud
2613 3705 2900 3774 diceretur,
2939 3709 2982 3763 si
3037 3713 3480 3780 quemadmodum
3539 3717 3674 3772 fides

2095 3792 2310 3856 Christi,
2351 3793 2400 3847 id
2456 3803 2558 3862 est,
2589 3795 2720 3850 fides
2747 3811 2865 3867 qua:
2905 3813 3001 3868 per
3052 3800 3388 3858 dilectionem
3421 3817 3673 3875 operatur

2101 3884 2293 3954 (Galat.
2311 3902 2364 3952 ν,
2388 3887 2466 3957 6),
2513 3903 2725 3958 semper
2767 3899 2848 3946 est
2873 3891 3031 3956 bona,
3057 3893 3128 3948 ita
3149 3894 3506 3952 misericordia
3533 3913 3676 3953 sem-

2097 3995 2190 4049 per
2210 3989 2350 4036 esset
2381 3982 2539 4036 bona.
2587 3981 2642 4038 Si
2680 3991 2856 4038 autem
2913 3987 3179 4054 reperitur
3206 3997 3260 4042 et
3301 3987 3666 4044 misericordia

2097 4069 2274 4136 mala,
2331 4086 2434 4140 qua
2470 4087 2696 4140 persona
2761 4077 3008 4145 pauperis
3065 4077 3324 4148 accipitur
3373 4078 3428 4133 in
3474 4079 3676 4148 judicio

2103 4159 2294 4230 (Exod.
2323 4177 2472 4226 χχιιι,
2506 4163 2602 4233 5);
2635 4173 2848 4234 propter
2893 4181 3050 4234 quam
3103 4176 3370 4235 postremo
3411 4185 3505 4224 rex
3547 4171 3674 4224 Saitl

2097 4253 2294 4306 meruit
2317 4267 2346 4305 a
2401 4253 2624 4308 Domino
2647 4295 2660 4320 ,
2685 4263 2740 4308 et
2777 4256 2958 4324 utique
2995 4257 3360 4326 misericorde,
3407 4259 3673 4326 damnari,
3747 4283 3752 4286 ·

2097 4342 2220 4412 quia
2244 4351 2430 4398 contra
2455 4345 2570 4414 ejus
2615 4355 2936 4417 praeceptum
2961 4348 3172 4418 captivo
3211 4351 3320 4420 regi
3363 4365 3457 4420 per
3481 4350 3674 4406 huma-

2097 4449 2224 4488 num
2259 4434 2492 4504 pepercit
2519 4435 2764 4490 affectum
2795 4435 2840 4506 (l
2871 4437 3000 4508 Reg.
3021 4437 3115 4509 xv)
3149 4456 3162 4492 :
3195 4441 3447 4497 attentius
3473 4444 3672 4513 cogita,

2098 4541 2168 4580 ne
2197 4525 2332 4582 forte
2359 4527 2720 4582 misericordia
2752 4528 2888 4583 bona
2931 4545 3040 4590 non
3082 4531 3190 4597 sit,
3243 4533 3344 4588 nisi
3371 4549 3490 4604 qua:
3519 4534 3678 4604 hujus

2099 4616 2252 4672 bonas
2283 4617 2402 4671 fidei
2433 4616 2610 4671 fuerit.
2653 4618 2764 4672 lmo
2791 4621 3086 4690 responde,
3119 4631 3176 4677 ut
3201 4622 3305 4678 hoc
3332 4623 3450 4680 sine
3469 4623 3676 4678 dubita-

2101 4710 2245 4764 tione
2271 4710 2582 4778 perspicias,
2624 4719 2798 4764 ulrum
2825 4712 3016 4768 bonam
3043 4715 3464 4770 misericordiae:
3490 4716 3643 4769 exis“

2097 4815 2214 4855 mes
2263 4801 2550 4855 infidelem.
2599 4802 2765 4857 Porro
2802 4803 2848 4856 si
2892 4804 3184 4861 vitiumest
3229 4807 3368 4860 male
3407 4807 3672 4867 misereri.

2100 4891 2467 4959 proculdubio
2508 4893 2690 4947 vitium
2717 4902 2794 4948 est
2837 4894 3119 4950 infideliter
3147 4895 3406 4950 misereri.
3439 4895 3590 4963 Quod
3627 4897 3674 4949 si

2099 4991 2154 5036 et
2183 4982 2294 5051 ipsa
2343 4997 2437 5050 per
2463 4997 2522 5038 se
2560 4984 2724 5052 ipsam
2755 4984 2978 5038 naturali
3024 4987 3391 5054 compassione
3437 5001 3570 5054 opus
3595 4995 3679 5040 cst

2097 5073 2334 5138 bonum;
2381 5073 2540 5126 etiam
2569 5075 2671 5128 isto
2692 5075 2834 5128 bono
2876 5077 3012 5128 male
3055 5075 3217 5129 utitur
3256 5075 3343 5144 qui
3391 5073 3678 5130 infideliter

2099 5167 2282 5230 utitur,
2314 5175 2368 5220 et
2389 5166 2490 5220 hoc
2519 5165 2712 5220 bonum
2743 5167 2881 5222 male
2909 5166 3056 5233 facit,
3085 5167 3170 5236 qui
3202 5167 3482 5222 infideliter
3509 5166 3675 5222 facit:

2097 5256 2187 5325 qui
2213 5267 2390 5310 autem
2413 5255 2552 5310 male
2580 5255 2706 5311 facit
2735 5256 2952 5326 aliquid,
2987 5257 3222 5326 profecto
3247 5267 3448 5326 peccat.

2165 5345 2258 5402 52.
2289 5347 2362 5401 Ex
2390 5359 2495 5416 quo
2519 5345 2788 5417 colligitur
2809 5387 2824 5413 ,
2865 5347 3023 5401 etiam
3049 5345 3162 5416 ipsa
3190 5347 3328 5402 bona
3359 5361 3520 5418 opera
3551 5365 3672 5418 qua:

2097 5437 2296 5492 faciunt
2333 5437 2608 5502 infideles,
2659 5453 2765 5492 non
2809 5437 3042 5507 ipsorum
3069 5453 3224 5504 csso,
3269 5439 3364 5496 sed
3409 5439 3549 5494 illius
3587 5443 3678 5511 qui

2096 5529 2233 5582 bene
2263 5528 2428 5582 utitur
2452 5527 2624 5581 malis.
2655 5527 2895 5596 ipsorum
2921 5536 3100 5582 autem
3125 5543 3242 5584 esse
3277 5541 3490 5598 peccata
3513 5571 3526 5596 ,
3555 5532 3676 5601 qui-

2097 5619 2194 5671 bus
2217 5627 2269 5671 ct
2295 5617 2428 5671 bona
2459 5615 2595 5670 male
2619 5617 2848 5681 faciunt;
2889 5618 3007 5686 quia
3031 5633 3092 5674 ea
3121 5635 3224 5674 non
3260 5618 3399 5674 fideli
3425 5661 3440 5686 ,
3465 5621 3559 5678 sed
3591 5621 3673 5674 iu-

2101 5709 2262 5776 fideli,
2295 5707 2392 5764 hoc
2416 5717 2515 5776 est,
2549 5709 2708 5764 stulta
2731 5719 2788 5765 et
2814 5709 2966 5767 noxia
2995 5710 3192 5768 faciunt
3215 5715 3484 5770 voltmtate
3513 5729 3526 5770 τ
3555 5727 3679 5784 qua-
