4014 6184
414 283 520 341 755

405 404 480 458 tis
519 397 768 458 voluntas
792 436 810 463 ,
834 394 984 451 nullo
1025 390 1314 447 christiano
1356 385 1654 451 dubitante,
1697 385 1859 440 arbor
1901 389 1986 439 est

407 487 552 546 mala
573 530 590 557 ,
622 500 740 559 qua:
766 485 944 541 facere
968 496 1073 536 non
1120 485 1294 550 potest
1319 475 1424 532 nisi
1454 477 1657 531 fructus
1698 474 1866 529 malos
1887 511 1912 538 ,.
1935 471 1988 528 id

364 637 369 642 ,
407 589 516 649 est,
541 578 654 636 sola
678 583 914 648 peccata.
939 572 1102 628 Omne
1119 569 1281 637 enim,
1295 567 1434 624 velis
1451 566 1611 633 nolis,
1633 563 1772 640 quod
1793 580 1897 633 non
1914 571 1990 618 est

407 689 475 728 ea:
511 671 650 742 ﬁde,
674 673 930 739 peccatum
962 671 1036 718 est
1064 663 1244 733 (llam.
1271 656 1543 731 nv,23).
1575 657 1643 714 Et
1681 655 1802 711 ideo
1847 653 1989 710 Deus

409 765 540 819 istas
565 760 786 816 arbores
809 772 916 814 non
937 761 1116 827 potest
1133 753 1356 824 diligere
1373 790 1402 820 ,
1419 758 1478 835 et
1500 749 1547 806 si
1571 747 1705 805 tales
1735 761 1986 818 perman-

405 852 575 908 serint
596 892 612 920 ,
644 847 880 920 disponit
912 843 1197 903 excidere:
1234 841 1358 914 quia
1397 840 1506 896 sine
1541 837 1644 910 fide
1680 835 1992 908 impossibile

406 953 479 1001 est
505 943 725 1015 placere.
755 940 863 998 Sed
889 940 961 996 ita
985 937 1074 994 hic
1097 937 1382 1002 immorer,
1413 933 1565 1006 quasi
1609 932 1740 988 istas
1767 929 1986 986 arbores

407 1053 514 1093 non
555 1036 666 1108 jam
711 1043 770 1090 tu
801 1034 920 1106 ipse
955 1031 1164 1090 steriles
1209 1026 1658 1100 pronuntiaveris.
1707 1022 1988 1094 Quomodo

407 1127 585 1198 igitur,
611 1127 834 1182 obsecro
855 1164 873 1191 ,
899 1138 1006 1180 non
1043 1129 1134 1178 aut
1157 1118 1358 1190 jocaris
1397 1117 1451 1172 in
1491 1116 1574 1172 his
1606 1113 1984 1186 disputationi-

407 1219 528 1284 bus,
557 1225 646 1272 aut
665 1215 862 1272 deliras
884 1255 901 1280 ,
928 1212 1016 1283 qui
1047 1209 1305 1266 sterilium
1347 1207 1551 1263 fructus
1587 1206 1839 1262 arborum
1868 1203 1986 1258 lau-

409 1308 546 1362 das?
569 1307 667 1374 Qui
695 1307 877 1376 utique
898 1311 992 1358 aut
1014 1302 1142 1357 nulli
1169 1309 1312 1363 sunt,
1338 1307 1431 1354 aut
1458 1299 1503 1353 si
1531 1297 1656 1352 mali
1681 1305 1808 1352 sunt
1827 1337 1842 1362 ,
1875 1295 1989 1348 lau-

411 1397 574 1453 dandi
618 1412 723 1452 non
767 1403 1050 1451 suntzaut
1073 1393 1117 1448 si
1144 1391 1349 1446 fructus
1391 1391 1516 1445 boni
1561 1397 1716 1453 sunt,
1749 1384 1987 1457 profecto

403 1490 618 1546 steriles
637 1488 856 1543 arbores
877 1502 980 1542 non
1007 1493 1154 1549 sunt,
1181 1484 1288 1538 imo
1312 1492 1367 1538 et
1404 1483 1558 1538 bona:
1589 1489 1734 1548 sunt,
1761 1493 1984 1550 quarum

405 1579 612 1637 fructus
652 1579 774 1636 boni
811 1585 972 1645 sunt,
999 1586 1054 1632 ct
1077 1577 1274 1632 debent
1305 1576 1416 1630 Deo
1442 1574 1683 1645 placere,
1717 1573 1804 1627 cui
1832 1571 1987 1627 bona:

401 1673 627 1728 arbores
673 1687 780 1727 non
829 1677 1052 1742 possunt
1103 1669 1204 1724 nisi
1250 1667 1490 1738 placere,
1539 1664 1840 1732 falsumque
1885 1663 1988 1718 erit

403 1762 547 1835 quod
575 1762 832 1832 scriptum
855 1769 958 1827 est,
988 1760 1114 1816 Sine
1142 1758 1242 1829 ﬁde
1263 1753 1573 1826 impossibile
1597 1762 1667 1809 est
1697 1753 1940 1824 placere,

477 1853 567 1910 33.
595 1852 702 1910 Sed
729 1867 1078 1922 responsurus
1103 1865 1161 1904 es
1179 1889 1196 1915 ,
1221 1847 1347 1919 quid
1366 1889 1382 1914 ,
1413 1846 1516 1903 nisi
1544 1845 1714 1901 vana?
1747 1862 1768 1896 ι
1794 1844 1927 1914 Ego,
1962 1860 1983 1895 ι

404 1944 604 2015 inquis,
635 1944 918 2001 csteriliter
938 1942 955 1974 ι
975 1941 1145 1998 bonos
1162 1939 1277 1996 disi
1305 1936 1572 2004 homines,
1603 1936 1695 2007 qui
1720 1949 1828 1990 non
1859 1945 1988 2003 pro-

404 2047 527 2107 pter
548 2036 712 2092 Deum
749 2032 990 2090 faciendo
1025 2031 1162 2088 bona
1183 2045 1302 2102 quas
1341 2028 1560 2094 faciunt,
1583 2041 1688 2082 non
1715 2025 1785 2081 ab
1819 2037 1888 2080 eo
1910 2023 1990 2078 vi-

405 2139 518 2184 tam
563 2134 960 2198 consequuntur
1002 2131 1280 2179 :etcrnam.
1315 2139 1336 2174 ι
1361 2119 1544 2176 Justus
1579 2133 1706 2188 ergo
1748 2117 1890 2172 Deus
1933 2121 1990 2171 ct

405 2218 581 2274 bonus
607 2217 775 2272 bonos
797 2224 878 2272 est
905 2215 959 2270 in
988 2221 1214 2270 mortem
1243 2211 1503 2267 missurus
1521 2207 1810 2264 artcruam?
1838 2207 1989 2278 Piget

402 2307 515 2380 jam
559 2307 737 2364 dicere
775 2321 936 2377 «piam
984 2304 1150 2360 multa
1197 2312 1250 2359 te
1293 2309 1583 2372 sequantur
1609 2299 1831 2363 insana,
1862 2297 1988 2352 talia

405 2400 724 2458 sentientem
747 2440 763 2466 ,
791 2399 916 2454 talia
943 2397 1207 2452 dicentem
1228 2436 1243 2458 .
1276 2394 1400 2448 talia
1437 2392 1760 2447 scribentem
1784 2431 1801 2458 ,
1830 2389 1882 2444 in
1911 2397 1991 2444 ta-

406 2490 546 2546 libus
572 2504 658 2544 me
695 2487 838 2560 quod
875 2487 1122 2542 similiter
1157 2499 1264 2540 non
1287 2483 1545 2553 desipiant
1571 2481 1715 2546 velut
1744 2479 1988 2536 censorie

407 2579 906 2652 reprehendentem.
930 2576 1037 2634 Sed
1059 2575 1290 2632 breviter
1307 2573 1510 2644 accipe,
1533 2588 1601 2628 ne
1625 2570 1764 2626 forte
1787 2585 1908 2626 eum
1936 2569 1988 2625 in

405 2673 570 2728 rebus
605 2671 732 2742 ipsis
770 2680 976 2725 tantum
1016 2681 1169 2724 erres
1209 2674 1464 2736 quantum
1493 2663 1662 2718 errari
1703 2661 1988 2732 plurimum

407 2771 602 2834 potest,
625 2762 806 2818 videar
839 2771 1013 2817 tecum
1057 2767 1265 2814 certare
1290 2755 1358 2811 de
1381 2754 1579 2811 verbis.
1617 2753 1725 2808 Aut
1748 2743 1876 2822 ergo
1902 2751 1987 2807 in-

408 2854 585 2925 tellige
608 2853 756 2925 quod
776 2854 853 2908 ait
882 2851 1138 2908 Dominus
1155 2891 1172 2917 ,
1203 2848 1264 2906 Si
1285 2847 1463 2903 oculus
1490 2855 1609 2902 tuus
1639 2861 1852 2916 nequam
1877 2853 1984 2910 est,

407 2953 563 3000 totum
589 2961 774 3013 corpus
813 2953 954 2998 tuum
991 2939 1306 2997 tenebrosum
1339 2937 1472 3002 erit;
1503 2936 1550 2991 si
1595 2943 1762 2989 autent
1812 2934 1989 2990 oculus

406 3045 524 3092 tuus
576 3035 794 3106 simplex
851 3041 951 3101 est,
999 3041 1160 3087 totum
1203 3045 1388 3101 corpus
1433 3038 1576 3084 tuum
1623 3025 1848 3082 lucidum
1895 3027 1989 3082 erit

407 3123 619 3195 (Matth.
650 3139 722 3187 vt,
747 3123 838 3191 25,
866 3120 971 3192 22)
1009 3138 1025 3176 :
1056 3128 1110 3176 ct
1139 3120 1282 3175 hunc
1301 3118 1515 3173 oculum
1547 3131 1779 3188 agnosce
1815 3116 1991 3172 inten-

407 3217 638 3280 tionem,
683 3228 790 3284 qua
827 3213 951 3269 facit
989 3213 1212 3282 quisque
1253 3209 1396 3281 quod
1432 3209 1592 3275 facit;
1645 3219 1699 3266 et
1743 3225 1836 3280 per
1883 3208 1988 3266 hoc

407 3307 556 3364 disce
583 3321 730 3372 eum,
755 3305 846 3376 qui
871 3320 976 3360 non
1011 3303 1136 3358 facit
1161 3317 1324 3373 opera
1358 3303 1496 3358 bona
1539 3301 1834 3357 intentione
1865 3300 1986 3356 ﬁdei

406 3397 583 3462 bona},
611 3395 714 3454 hoc
736 3404 816 3452 cst
836 3436 854 3464 ,
881 3394 1000 3464 ejus
1032 3409 1154 3465 quze
1197 3407 1296 3462 per
1328 3391 1669 3448 dilectionem
1697 3401 1949 3461 cperatur
1967 3433 1984 3460 ,

409 3497 586 3545 totum
603 3490 752 3560 quasi
779 3503 994 3558 corpus,
1024 3485 1165 3558 quod
1191 3486 1332 3553 illis,
1363 3484 1506 3540 velut
1541 3483 1829 3551 membris,
1855 3499 1988 3556 ope-

406 3582 556 3638 ribus
583 3588 809 3645 constat,
844 3578 1180 3635 tenebrosum
1219 3591 1341 3633 esse
1358 3615 1375 3642 ,
1405 3573 1507 3632 hoc
1531 3583 1636 3644 est,
1663 3575 1878 3646 plenum
1902 3575 1986 3631 ni-

406 3672 628 3744 gredine
660 3680 1017 3741 peccatorum.
1055 3669 1160 3726 Aut
1183 3677 1329 3726 certe
1366 3667 1618 3740 quoniam
1645 3667 1832 3724 saltem
1857 3682 1989 3724 con-

406 3763 554 3820 cedis
570 3777 732 3833 opera
759 3761 1070 3827 infidelium,
1091 3776 1210 3832 qua:
1239 3760 1332 3815 tibi
1352 3774 1540 3816 eorum
1558 3759 1802 3816 videntur
1823 3759 1984 3826 bona,

406 3867 514 3909 non
546 3863 732 3909 tamen.
753 3867 846 3908 eos
873 3852 939 3907 ad
973 3853 1200 3910 salutem
1239 3849 1620 3920 sempiternam
1660 3864 1988 3922 regnumque

405 3945 896 4018 perducere;seito
927 3957 1026 3998 nos
1051 3941 1179 3998 illud
1220 3941 1416 3997 bonum
1453 3939 1728 3995 hominum
1768 3939 1947 3996 dicere
1969 3981 1986 4008 ,

405 4040 552 4096 illam
576 4040 902 4096 voluntatem
939 4036 1156 4104 bonam,
1175 4034 1312 4104 illud
1339 4049 1472 4105 Opus
1497 4019 1695 4090 bonum
1711 4075 1728 4098 ,
1753 4033 1871 4090 sine
1895 4033 1987 4088 Dei

405 4133 572 4203 gratia
602 4147 721 4204 qua:
749 4130 908 4187 datur
936 4145 1030 4202 per
1055 4143 1216 4184 uiuum
1247 4127 1594 4184 Mediatorem
1619 4125 1713 4181 Dei
1738 4133 1794 4180 et
1817 4123 1988 4180 homi-

405 4237 556 4288 num,
577 4222 774 4278 nemini
814 4235 972 4292 posse
1003 4219 1262 4286 coulerri;
1290 4231 1389 4292 per
1421 4216 1566 4288 quod
1603 4215 1777 4272 solum
1824 4214 1988 4271 homo

406 4319 584 4381 potest
626 4312 694 4368 ad
736 4321 992 4368 aeternum
1024 4310 1116 4366 Dei
1145 4309 1343 4366 donum
1371 4321 1702 4379 regnumque
1741 4305 1986 4376 perduci.

405 4403 596 4460 Omnia
632 4403 853 4474 proinde
897 4412 1090 4459 castora
1127 4418 1247 4473 qua:
1286 4400 1534 4457 videntur
1573 4399 1712 4454 inter
1740 4397 1987 4455 homines

415 4493 612 4548 habere
647 4493 848 4564 aliquid
880 4493 1050 4549 laudis
1072 4534 1088 4561 ,
1116 4491 1395 4549 videantur
1440 4489 1534 4546 tibi
1568 4489 1792 4545 virtutes
1820 4505 1986 4556 verae,

409 4583 698 4642 videantur
741 4599 900 4655 opera
935 4583 1102 4649 bona,
1149 4593 1205 4640 et
1242 4584 1360 4640 sine
1405 4581 1514 4636 ullo
1561 4579 1698 4636 facta
1741 4588 1984 4652 peccato.

406 4678 560 4748 Quod
587 4678 655 4736 ad
693 4693 780 4735 me
817 4677 1048 4749 pertinet
1065 4679 1110 4746 ⁸,
1131 4677 1234 4733 hoc
1273 4675 1422 4744 scio,
1452 4675 1574 4746 quia
1615 4692 1725 4734 non
1753 4691 1816 4734 ea
1861 4674 1989 4732 facit

408 4769 658 4826 voluntas
679 4769 818 4826 bona
847 4786 862 4823 :
893 4767 1136 4824 voluntas
1163 4766 1358 4839 quippe
1383 4766 1614 4824 inﬁdelis
1638 4775 1798 4839 atque
1823 4767 1986 4840 impia

404 4873 515 4920 non
537 4869 623 4920 est
660 4861 822 4918 bona.
854 4861 1108 4917 Dicuntur
1154 4857 1446 4915 secundum
1473 4866 1525 4914 te
1562 4857 1864 4928 huiusmodi
1887 4873 1985 4914 vo-

405 4954 638 5010 luntates
655 4953 874 5010 arbores
894 4951 1069 5016 bonas,
1091 4947 1288 5005 sufﬁcit
1305 4947 1448 5020 quod
1470 4947 1608 5021 apud
1635 4949 1800 5006 Deum
1829 4949 1988 5006 steri-

405 5047 487 5102 les
509 5053 664 5114 sunt,
689 5058 756 5102 ac
780 5060 876 5115 per
915 5043 1018 5100 hoc
1063 5057 1166 5097 non
1197 5041 1352 5098 bona:
1375 5058 1389 5096 :
1412 5041 1521 5098 sint
1559 5041 1697 5099 inter
1743 5041 1991 5098 homines

406 5134 696 5194 fructuosa:
718 5177 736 5202 ,
758 5135 901 5193 inter
937 5148 1071 5206 quos
1096 5129 1224 5190 sunt
1255 5140 1312 5189 et
1336 5131 1522 5196 boum,
1549 5140 1602 5188 te
1641 5140 1861 5188 auctore
1882 5173 1899 5199 ,
1934 5141 1988 5188 te

404 5226 681 5284 laudatore
701 5265 720 5294 ,
744 5227 788 5282 si
819 5227 899 5282 vis
925 5226 1086 5282 etiam
1118 5225 1416 5297 plantatore
1437 5238 1455 5288 ;
1479 5221 1606 5278 dum
1646 5232 1834 5279 tamen
1855 5222 1984 5278 illud

404 5316 540 5372 velis
559 5315 701 5374 nolis
725 5315 1014 5379 ohtiueam.
1041 5315 1182 5387 quod
1215 5329 1368 5370 amor
1399 5313 1605 5379 mundi.
1630 5329 1740 5385 quo
1763 5314 1986 5386 quisque

411 5408 618 5464 amicus
639 5415 727 5465 est
766 5405 926 5479 hujus
967 5405 1186 5472 mundi,
1217 5421 1323 5462 non
1362 5414 1446 5462 est
1480 5421 1510 5460 s
1551 5405 1703 5470 Deo;
1729 5419 1988 5476 amorque

405 5492 616 5550 fruendi
645 5497 1069 5570 quibuscumque
1085 5497 1343 5553 creaturis
1359 5496 1472 5553 sine
1493 5495 1984 5562 amoreCrcatot-is,

470 5603 488 5638 ν
522 5600 656 5662 Idem
675 5611 777 5662 ιιι,
802 5603 1004 5656 steriles.

470 5664 492 5694 ι
521 5661 823 5714 mea
852 5663 1058 5716 vnum
1075 5672 1203 5725 κει..
1235 5661 1361 5726 οισι
1388 5663 1457 5716 ut
1485 5678 1562 5718 me
1593 5665 1810 5730 pertinet.

1161 274 1436 333 CONTRA
1474 270 1818 330 JULIANUM
1854 265 2330 338 PELAGIANUM,
2357 271 2416 328 S.
2456 269 2820 332 AUGUSTI!“

3565 285 3672 346 τω

2093 397 2203 440 non
2245 393 2328 441 est
2359 400 2391 440 a
2419 385 2531 450 Deo
2561 401 2576 440 :
2604 400 2757 443 amor
2792 395 2972 444 autem
2994 387 3091 464 Dei
3115 403 3224 461 quo
3259 392 3569 464 pervenitur
3602 399 3673 454 ad

2093 474 2286 543 Deum,
2316 493 2423 534 non
2449 486 2534 534 est
2566 476 2667 534 nisi
2695 493 2727 534 a
2771 478 2880 535 Dco
2903 479 3061 537 Patre
3081 496 3177 552 per
3193 480 3376 540 Iesum
3401 485 3670 546 Christum

2087 581 2209 624 cum
2229 569 2431 640 Spiritu
2450 581 2657 628 sancto.
2685 571 2800 628 Per’
2810 571 2955 629 hunc
2965 589 3207 631 amorem
3227 573 3516 646 Creatoris,
3531 579 3673 638 bene

2089 673 2314 731 quisque
2336 661 2503 719 utitur
2527 663 2687 719 etiam
2716 665 2999 721 creaturis.
3029 665 3160 723 Sine
3184 667 3288 726 hoc
3306 684 3492 728 amore
3509 672 3674 730 Creat-

2090 747 2240 816 toris,
2273 752 2432 808 nullis
2455 757 2735 826 quisquam
2757 753 2898 811 bene
2922 754 3088 812 utitur
3107 760 3392 817 creaturis.
3411 759 3525 819 Hoc
3541 779 3672 836 ergo

2090 852 2273 898 amore
2303 856 2438 913 opus
2455 843 2630 901 est’ut
2667 847 2871 902 bonum
2899 845 3202 904 beatiﬁeum
3227 850 3298 906 sit
3320 859 3378 907 et
3415 853 3672 923 pudicitia

2089 929 2412 1002 coniugalis,
2456 943 2516 990 ut
2539 935 2611 992 sit
2646 935 2764 1006 ejus
2791 937 3019 993 intentio
3051 939 3264 1010 quando
3293 944 3456 998 utitur
3481 945 3674 1014 conju-

2088 1019 2174 1092 gis
2197 1036 2379 1089 carne,
2406 1039 2513 1080 non
2541 1025 2594 1081 in
2615 1027 2889 1096 voluptate
2913 1027 3170 1098 libidinis,
3192 1031 3292 1088 sed
3316 1032 3370 1087 in
3395 1033 3675 1092 voluntate

2090 1115 2428 1186 propaginis;
2457 1117 2506 1174 si
2528 1125 2704 1174 autem
2737 1119 2948 1188 vicerit,
2967 1129 3024 1176 et
3045 1130 3264 1192 propter
3281 1137 3342 1178 se
3371 1124 3540 1194 ipsam
3563 1141 3674 1182 non

2089 1212 2312 1275 propter
2357 1203 2493 1262 ﬁlios
2545 1209 2918 1279 propagandos
2962 1209 3076 1266 ﬁeri
3131 1211 3333 1283 aliquid
3385 1215 3674 1272 extorserit

2085 1303 2147 1348 et
2189 1295 2432 1364 voluptas
2459 1297 2500 1364 ³,
2528 1297 2738 1354 veniale
2781 1309 3060 1371 peccatum
3087 1301 3160 1358 sit
3200 1313 3418 1376 propter
3453 1304 3676 1376 nuptias

2085 1383 2424 1442 christianas.

2159 1475 2388 1534 CAPUT
2417 1477 2506 1533 IV.
2534 1509 2603 1520 —
2627 1475 2715 1534 δι.
2743 1479 2860 1534 Νοη
2887 1490 3060 1538 autem
3089 1483 3204 1540 dixi
3224 1527 3241 1553 ,
3262 1485 3401 1557 quod
3430 1487 3675 1558 interpo-

2090 1565 2206 1622 sitis
2234 1566 2353 1622 aliis
2371 1582 2437 1622 ex
2459 1567 2594 1623 libro
2615 1584 2736 1624 meo
2755 1570 2933 1626 verbis
2963 1587 3049 1628 me
3075 1573 3279 1632 dixisse
3301 1575 3481 1632 dixisti
3500 1618 3516 1643 ,
3544 1581 3676 1635 Ideo

2091 1655 2226 1724 ﬁlios
2249 1673 2356 1711 esse
2380 1657 2472 1712 sub
2495 1657 2686 1714 diaboli
2715 1669 2977 1730 potestate,
3005 1664 3122 1732 quia
3141 1664 3207 1720 de
3236 1683 3504 1737 corporum
3529 1686 3676 1724 com-

2089 1747 2331 1801 mixtione
2370 1758 2667 1804 nascuntur.
2716 1751 2881 1810 Aliud
2903 1764 2986 1808 est
3029 1755 3170 1810 enim
3201 1757 3408 1824 dicere,
3450 1761 3536 1828 qui
3563 1762 3585 1793 ’
3609 1761 3676 1815 de

2090 1853 2358 1910 corporum
2380 1841 2732 1898 commixtione
2753 1855 3030 1902 nascuntur
3055 1864 3076 1902 :
3095 1848 3240 1904 aliud
3258 1889 3274 1915 ,
3316 1851 3438 1920 quia
3461 1859 3524 1906 de
3557 1869 3676 1908 cor-

2085 1951 2272 2004 porum
2298 1939 2650 1995 commixtione
2692 1950 2989 1997 nascuntur.
3038 1941 3154 1998 Non
3181 1953 3358 1999 autem
3398 1945 3472 2000 ibi
3511 1960 3672 2001 causa

2091 2028 2216 2083 mali
2242 2037 2344 2096 est,
2385 2031 2505 2101 quia
2533 2030 2601 2087 dc
2625 2047 2908 2104 corporum
2935 2035 3314 2091 commistione
3339 2048 3628 2093 nascuntur
3653 2057 3668 2095 :

2091 2135 2264 2192 neque
2291 2123 2432 2178 enim
2456 2125 2663 2180 etiamsi
2694 2133 2878 2181 natura
2907 2125 3138 2182 humana
3180 2127 3471 2197 primorum
3501 2130 3672 2186 homi-

2091 2228 2219 2268 num
2256 2225 2474 2285 peccato
2509 2216 2690 2272 vitiata
2716 2231 2822 2272 non
2845 2225 3022 2282 esset,
3067 2228 3286 2287 possent
3313 2219 3406 2274 lilii
3457 2219 3557 2274 nisi
3603 2220 3672 2275 de

2091 2317 2372 2374 corporum
2390 2306 2766 2363 commixtione
2784 2307 3160 2378 generari.Sed
3177 2308 3295 2363 ideo
3311 2309 3410 2363 sub
3425 2309 3670 2366 diabolo‘

2091 2403 2236 2462 sunt,
2287 2397 2378 2467 qui
2421 2397 2490 2454 de
2518 2413 2804 2468 corporum
2826 2398 3205 2455 commistione
3230 2411 3553 2465 nascuntur,
3585 2417 3672 2456 an-

2093 2492 2301 2556 tequam
2325 2501 2421 2556 per
2441 2487 2685 2557 spiritum
2712 2496 3090 2553 renascantur;
3119 2490 3242 2559 quia
3269 2505 3368 2560 per
3409 2491 3550 2544 illam
3581 2507 3672 2548 ua-

2091 2585 2314 2633 scuntur
2331 2579 2834 2658 concupiscentiam,
2862 2594 2964 2649 qua
2991 2595 3116 2635 caro
3135 2581 3455 2650 concupiscit
3480 2582 3672 2636 advor-

2091 2683 2184 2724 sus
2211 2669 2476 2740 spiritum,
2505 2679 2562 2726 et
2585 2669 2864 2725 adversum
2892 2685 2953 2726 se
2995 2671 3138 2740 cogit
3162 2673 3540 2742 concupiscere
3565 2674 3672 2740 spi-

2091 2763 2252 2820 ritum
2297 2761 2494 2834 (Galat.
2516 2777 2572 2829 ν,
2603 2763 2716 2834 l7).
2745 2763 2873 2831 Quae
2917 2779 3088 2833 pugna
3121 2762 3243 2816 boni
3273 2772 3328 2818 et
3367 2764 3491 2818 tituli
3532 2766 3668 2818 nulla

2090 2861 2270 2919 esset,
2307 2854 2353 2908 si
2382 2867 2540 2909 nemo
2565 2861 2856 2923 peccasset.
2901 2852 3052 2908 Sicut
3075 2863 3252 2908 autem
3289 2864 3420 2909 ante
3445 2854 3670 2908 hominis

2090 2941 2425 3015 iniquitatem
2463 2942 2606 2998 nulla
2642 2950 2758 2998 erat
2779 2983 2797 3008 ,
2833 2941 2906 2998 ita
2950 2951 3072 3014 post
3098 2941 3456 3000 inﬁrmitatem
3488 2942 3506 2974 ⁸
3529 2946 3670 3000 nulla

2089 3035 2212 3092 erit.

2159 3125 2388 3183 CAPUT
2415 3125 2478 3181 ν.
2506 3155 2580 3168 --
2601 3125 2690 3183 35.
2715 3125 2820 3182 Sed
2849 3125 2952 3181 alia
2989 3140 3176 3182 rursus
3204 3141 3322 3182 mea
3347 3127 3503 3182 verba
3549 3143 3672 3197 pro-

2089 3217 2280 3290 ponis,
2310 3225 2365 3272 et
2389 3217 2754 3287 copiosissime
2791 3216 3032 3286 disputas
3059 3234 3074 3271 :
3107 3215 3359 3281 Quoniam
3379 3233 3442 3271 ea:
3465 3218 3672 3288 impari-

2087 3307 2182 3364 bus
2205 3306 2350 3363 bonis
2367 3307 2632 3379 compositi
2655 3323 2829 3362 smnus
2849 3349 2864 3372 ,
2891 3307 3118 3362 animum
3143 3309 3348 3378 corpori
3369 3308 3544 3363 debere
3579 3308 3672 3364 do-

2089 3401 2276 3456 minari
2300 3417 2321 3456 :
2339 3417 2553 3472 quorum
2579 3400 2796 3456 alterum
2821 3398 2964 3454 nobis
2997 3417 3112 3455 cum
3149 3401 3246 3456 diis
3269 3442 3285 3464 ,
3315 3401 3528 3455 alterum
3556 3418 3670 3455 cum

2091 3491 2272 3546 belluis
2299 3507 2656 3547 commemoras
2683 3507 2791 3547 esse
2807 3506 3089 3545 commune.
3122 3490 3190 3545 Et
3225 3491 3338 3546 ideo
3365 3493 3420 3546 id
3441 3492 3577 3563 quod
3599 3501 3672 3546 est

2090 3582 2268 3638 melius
2285 3622 2302 3652 ,
2330 3582 2387 3636 id
2402 3589 2498 3649 est,
2520 3581 2748 3637 animum
2775 3581 2958 3636 uirtute
2977 3581 3246 3646 praditum
3273 3582 3408 3637 dicis
3433 3591 3482 3636 et
3519 3599 3670 3638 mem-

2091 3671 2194 3728 bris
2211 3673 2433 3744 corporis
2453 3671 2575 3728 bene
2592 3681 2640 3728 et
2665 3672 3022 3744 cupiditatibus
3041 3689 3288 3744 miperare
3307 3674 3402 3746 (a).
3419 3673 3528 3730 Nec
3545 3691 3666 3731 con-

2090 3763 2296 3820 sideras
2319 3763 2462 3835 quod
2481 3763 2858 3834 cupiditatibus
2879 3779 2986 3820 non
3009 3765 3090 3824 sic
3114 3765 3407 3836 imperatur
3431 3778 3490 3821 ut
3514 3783 3674 3823 tinem-

2091 3851 2222 3909 bris.
2243 3852 2574 3924 Cupiditates
2599 3853 2742 3911 enim
2775 3855 2930 3910 malae
2961 3863 3113 3921 sunt,
3142 3870 3279 3927 quas
3319 3857 3527 3912 ratione
3565 3857 3671 3914 frc-

2090 3959 2310 4012 namus,
2337 3952 2522 4002 contra
2560 3961 2692 4017 quas
2715 3955 2895 4002 mente
2919 3962 3214 4018 pugnamus
3244 3967 3258 4004 :
3281 3951 3522 4008 membra
3545 3967 3672 4009 vero

2089 4035 2229 4094 bona
2249 4045 2396 4102 sunt,
2425 4051 2545 4108 quin
2571 4037 2858 4094 voluntatis
2877 4053 3153 4095 movemus
3169 4039 3414 4108 arbitrio,
3437 4044 3672 4113 exceptis

2089 4127 2410 4198 genitalibus
2427 4168 2444 4193 ,
2483 4127 2724 4198 quamvis
2749 4137 2804 4184 et
2829 4127 2940 4199 ipsa
2969 4143 3037 4186 ex
3075 4130 3168 4187 Dei
3195 4145 3356 4200 Opere
3381 4132 3520 4189 bona
3541 4136 3670 4190 sint.

2090 4216 2219 4286 Qua:
2248 4216 2369 4274 ideo
2396 4217 2644 4287 pudenda
2668 4216 2936 4286 dicuntur,
2959 4219 3082 4290 quia
3119 4219 3241 4290 plus
3268 4221 3322 4276 in
3349 4223 3430 4278 eis
3449 4238 3671 4280 moren-

2090 4305 2175 4364 dis
2203 4307 2481 4378 potestatis
2504 4308 2663 4364 habet
2700 4308 2885 4378 libido,
2914 4324 3072 4381 quam
3101 4311 3239 4367 ratio
3267 4330 3282 4367 :
3308 4328 3429 4384 quae
3455 4324 3631 4370 tamen
3649 4315 3675 4349 ⁸

2091 4413 2200 4456 non
2224 4399 2448 4454 sinimus
2467 4409 2776 4471 perpetrare
2803 4416 2909 4472 quo
2937 4411 3191 4472 provocat
3216 4403 3330 4475 ipsa
3351 4407 3638 4464 coinmotio
3654 4447 3670 4474 ,

2091 4504 2213 4546 cum
2242 4490 2480 4546 membra
2499 4499 2693 4548 extera
2721 4491 2860 4548 facili
2885 4503 3158 4551 teneamus
3181 4494 3427 4564 imperio.
3451 4497 3674 4565 Quando

2089 4592 2267 4640 autem
2289 4582 2428 4640 male
2452 4583 2618 4640 utitur
2636 4583 2799 4640 homo
2825 4585 3080 4642 membris
3105 4587 3261 4641 bonis
3276 4627 3293 4652 ,
3329 4587 3430 4642 nisi
3464 4589 3680 4660 quando

2090 4674 2356 4731 consentit
2375 4674 2456 4730 eis
2477 4689 2596 4746 qua:
2619 4673 2674 4730 in
2705 4673 2861 4730 nobis
2885 4673 3128 4731 habitant
3151 4675 3530 4746 cupiditatibus
3566 4693 3680 4733 ma-

2089 4763 2190 4820 lis?
2213 4763 2272 4820 In
2311 4763 2504 4834 quibus
2532 4763 2696 4820 libido
2721 4779 2836 4836 pra:
2858 4763 3068 4820 caeteris
3096 4765 3264 4835 turpis
3302 4773 3417 4834 est,
3443 4767 3532 4822 cui
3575 4769 3676 4824 nisi

2091 4856 2403 4922 resistatur,
2443 4853 2710 4911 horrenda
2734 4854 3006 4910 immunda
3050 4855 3358 4910 committit.
3388 4855 3508 4926 Quo
3533 4856 3681 4914 malo

2092 4943 2229 5001 bene
2276 4959 2383 5000 non
2424 4945 2622 5012 utitur,
2657 4944 2760 5002 nisi
2799 4945 2912 5000 sola
2936 4944 3186 5018 pudicitia
3208 4945 3526 5018 coniugalis.
3551 4947 3684 5005 ﬂare

2091 5046 2268 5095 autem
2293 5035 2608 5106 libido,ideo
2631 5035 2828 5094 malum
2854 5050 2963 5094 non
2982 5036 3144 5095 estin
3172 5035 3364 5096 belluis
3383 5077 3401 5105 ,
3420 5037 3677 5109 quoniam

2153 5298 3182 5374 Etticswlsﬁltttmdaosmwrﬁs

2156 5362 2179 5426 _'
2198 5363 2272 5426 εἰς
2293 5369 2399 5413 Diss-
2424 5370 2480 5414 Αι
2501 5360 2641 5426 editi;
2655 5360 2746 5426 *ιφ
2762 5360 2946 5426 diaboli

2155 5423 2276 5497 χω
2297 5435 2432 5497 orasti
2451 5422 2630 5497 codicis
2647 5423 2895 5487 cujusdam
2915 5422 3274 5475 semunciam
3299 5424 3538 5486 scriptum
3563 5431 3635 5473 est
3664 5431 3681 5472 :

2099 5501 2122 5531 ι
2145 5483 2286 5544 Alias,
2307 5483 2574 5536 sanitatem.
2599 5499 2624 5530 s
2705 5483 2723 5487 ⁷
3398 5483 3416 5486 “

2153 5548 2176 5580 ⁸
2207 5546 2500 5618 temeratae
2520 5544 3152 5618 βιστίξοθιιειξειεεοειτίυθ
3166 5545 3411 5598 ιάωιινίι
3423 5545 3684 5612 vim

2094 5619 2209 5658 ese
2232 5607 2308 5658 hic
2329 5603 2454 5658 fofte
2476 5605 2764 5665 addendum,
2785 5603 3000 5670 difficile.
3084 5603 3089 5611 ’

2158 5667 2230 5729 (a)
2261 5665 2508 5720 sallustius
2551 5668 2601 5718 in
2638 5667 2840 5730 prologo
2859 5673 3089 5719 Catilina.
