4014 6184
325 307 435 367 757

329 436 436 479 non
462 426 721 492 repugnat
747 419 960 488 rationi,
983 436 1086 494 qua
1108 431 1310 479 carent.
1333 419 1440 480 Cur
1463 429 1640 479 autem
1666 437 1770 477 non
1791 437 1912 478 cre-

326 515 474 582 ditis,
497 514 802 570 hominibus
827 514 882 569 in
906 513 1152 585 paradiso
1172 515 1472 571 constitutis
1495 523 1621 571 ante
1639 525 1916 586 peccatum

321 605 584 668 divinitus
611 606 850 675 potuisse
891 606 1150 672 concedi,
1183 616 1240 661 ut
1270 605 1548 677 tranquilla
1589 606 1824 661 motione
1866 613 1920 661 et

329 695 704 766 conjunctione
745 697 828 752 vel
853 698 1232 753 commistione
1259 699 1618 754 membrorum
1660 697 1777 752 sine
1813 697 1918 752 ulla

327 785 552 842 libidine
577 786 717 842 ﬁlios
757 796 1140 856 procrearent;
1169 797 1263 843 ant
1303 789 1355 843 in
1401 787 1481 843 eis
1521 787 1708 842 saltem
1755 787 1919 843 libido

331 879 450 933 talis
469 889 633 946 esset,
669 877 822 949 cujus
847 887 1024 934 motus
1049 895 1150 936 nec
1185 879 1530 950 prmcederct,
1557 893 1658 934 nec
1683 879 1918 935 excede-

331 979 417 1025 ret
451 971 815 1027 voluntatem?
853 971 934 1026 An
961 972 1114 1028 vobis
1139 972 1302 1027 libido
1329 987 1516 1041 parum
1547 979 1629 1026 est
1655 972 1776 1042 quia
1809 972 1920 1041 pla-

331 1069 450 1129 cet,
495 1063 596 1117 nisi
635 1071 690 1118 et
731 1063 850 1118 talis
885 1063 1126 1133 placeat,
1155 1078 1273 1134 qua:
1299 1063 1542 1118 nolentes
1571 1063 1731 1118 etiam
1759 1077 1918 1132 repu-

331 1161 659 1223 gnantesque
680 1154 964 1209 sollicitet?
995 1154 1072 1208 De
1098 1169 1200 1224 qua
1228 1152 1494 1224 Pelagiani
1525 1153 1735 1222 quidem
1757 1154 1918 1208 etiam
1955 1233 1964 1242 .

333 1245 512 1300 litibus
537 1245 860 1315 gloriantur,
890 1254 1136 1314 tanquam
1159 1245 1226 1300 de
1258 1246 1434 1315 aliquo
1459 1245 1600 1299 bono
1631 1263 1643 1299 :
1677 1245 1770 1299 sed
1801 1259 1919 1298 eam

335 1337 504 1390 sancti
547 1335 831 1406 gemitibus
867 1335 1219 1400 conﬁtentur,
1273 1344 1330 1390 ut
1373 1335 1662 1390 liberentur
1698 1351 1726 1388 a
1757 1335 1918 1388 malo.

406 1427 630 1483 CAPUT
651 1427 738 1483 Vl.
772 1457 842 1468 --
870 1427 961 1483 56.
987 1425 1224 1481 Ridenda
1248 1426 1598 1480 contrarietate
1621 1441 1701 1478 me
1736 1423 1922 1480 dixisse

334 1515 706 1584 calumniaris,
737 1517 866 1572 alios
889 1533 1000 1572 reos
1039 1533 1101 1572 ea:
1125 1516 1254 1571 bona
1273 1557 1287 1582 ,
1315 1515 1443 1569 alios
1471 1524 1670 1570 sanctos
1697 1532 1760 1568 ea:
1785 1515 1920 1569 male

339 1625 487 1678 opere
506 1623 526 1662 :
557 1607 804 1678 quoniam
847 1609 988 1676 dixi,
1019 1610 1313 1680 nuptiarum
1339 1608 1522 1662 bonum
1552 1607 1774 1662 homines
1797 1607 1920 1678 inﬁ-

337 1701 472 1755 deles
496 1701 768 1770 inﬁdeliter
795 1701 978 1755 utendo
999 1744 1014 1768 ,
1045 1701 1312 1756 inmatum
1336 1711 1693 1771 peccatumque
1715 1716 1923 1755 conver-

339 1801 469 1857 tere;
497 1807 650 1861 eoque
674 1791 823 1845 modo
861 1791 1278 1863 concupiscentia:
1317 1791 1508 1846 malum
1531 1799 1815 1845 convertere
1852 1791 1920 1860 ﬁ-

338 1881 524 1934 delium
547 1882 752 1950 nuptias
787 1881 840 1935 in
867 1897 1012 1936 usum
1043 1882 1262 1950 iustitia:
1289 1881 1390 1953 (De
1417 1879 1626 1952 Nuptiis
1655 1889 1710 1935 et
1736 1897 1920 1934 concu-

337 1973 600 2045 piscentia,
629 1974 715 2028 tib.
743 1975 798 2040 1,
827 1991 882 2028 η.
916 1974 996 2044 5).
1019 1975 1097 2029 Ac
1115 1989 1212 2044 per
1239 1972 1340 2029 hoc
1370 1989 1474 2028 non
1495 1973 1625 2038 dixi,
1649 1973 1781 2028 alios
1801 1987 1920 2028 reos

335 2079 400 2118 ex
428 2078 590 2133 opere
615 2063 756 2119 bono
776 2105 790 2130 ,
821 2063 917 2120 sed
946 2079 1010 2118 ex
1039 2079 1202 2134 opere
1217 2064 1378 2131 malo,
1407 2078 1514 2134 quo
1533 2063 1674 2118 male
1701 2070 1922 2118 utuntur

337 2153 523 2218 bonis;
551 2169 647 2209 nec
671 2153 804 2210 alios
827 2162 1038 2209 sanctos
1060 2169 1126 2210 ex
1153 2169 1314 2226 opere
1338 2155 1477 2209 malo
1492 2195 1506 2221 ,
1545 2154 1638 2209 sed
1667 2169 1734 2209 ex
1757 2167 1920 2222 opere

335 2243 498 2310 bono,
531 2259 637 2315 quo
665 2245 802 2301 bene
831 2253 1051 2300 utuntur
1077 2246 1250 2301 malis.
1279 2246 1335 2302 Si
1363 2261 1468 2300 non
1498 2245 1576 2300 vis
1601 2245 1916 2314 inteligere,

333 2343 429 2387 aut
454 2333 500 2388 si
525 2341 577 2389 te
603 2335 755 2404 lingis
783 2349 886 2389 non
909 2335 1234 2405 intelligere;
1267 2335 1375 2390 noli
1401 2335 1709 2406 obstrepere
1733 2333 1917 2390 volen-

334 2420 476 2476 tibus
520 2430 573 2476 et
598 2423 896 2478 valentibus
925 2424 1240 2494 intelligere.

402 2513 630 2569 CAPUT
659 2514 765 2568 γη.
791 2543 866 2554 -—
889 2515 974 2569 57.
1011 2515 1070 2569 Si
1108 2515 1292 2583 aliquis
1331 2516 1498 2569 malus
1530 2515 1678 2569 condi
1721 2521 1914 2584 posset,

331 2602 526 2672 inquis,
549 2619 808 2672 nunquam
827 2603 880 2658 in
905 2603 1089 2657 bonum
1109 2603 1364 2658 ablatione
1385 2605 1636 2658 transiret.
1660 2604 1738 2658 Eo
1759 2603 1918 2658 modo

334 2689 562 2756 diceres,
589 2707 782 2761 corpus
807 2693 949 2764 quod
975 2695 1200 2749 mortale
1224 2694 1492 2749 conditum
1519 2703 1629 2760 est,
1663 2694 1778 2748 ﬁeri
1813 2695 1918 2748 im-

329 2783 558 2838 mortale
585 2799 688 2838 non
721 2799 876 2854 posse
909 2802 922 2838 :
951 2793 1006 2839 et
1041 2793 1215 2839 tamen
1237 2795 1290 2839 ut
1315 2785 1446 2840 illud
1465 2827 1478 2850 ,
1512 2786 1582 2839 ita
1607 2792 1664 2839 et
1689 2784 1792 2839 hoc
1819 2784 1915 2838 fal-

332 2886 452 2925 sum
481 2872 704 2929 diceres.
731 2873 845 2929 Non
876 2875 1019 2930 enim
1060 2875 1204 2930 Deus
1241 2873 1438 2956 malum
1480 2875 1752 2938 condidit,
1795 2888 1914 2929 cum

334 2962 602 3019 hominem
633 2965 904 3020 condidit:
936 2966 1028 3022 sed
1059 2967 1254 3021 bonum
1303 2967 1444 3035 quod
1485 2967 1600 3037 ipse
1641 2965 1913 3033 condidit,

329 3053 528 3108 malum
559 3056 717 3108 trahit
743 3071 810 3110 ex
836 3065 1052 3126 peccato
1075 3096 1090 3123 ,
1119 3057 1260 3126 quod
1292 3057 1402 3124 ipse
1433 3072 1537 3110 non
1567 3055 1834 3120 condidit;
1862 3061 1917 3109 et

328 3154 482 3200 sanat
517 3145 616 3201 hoc
653 3148 846 3202 malum
869 3190 883 3215 ,
923 3149 1064 3220 quod
1105 3149 1220 3219 ipse
1259 3165 1365 3204 non
1391 3149 1662 3216 condidit,
1694 3149 1746 3204 in
1773 3149 1914 3204 bono

325 3236 472 3306 quod
499 3237 756 3292 condidit.

229 3307 234 3312 ’
401 3327 490 3382 58.
515 3329 646 3382 Cum
687 3337 868 3384 autem
906 3344 1003 3386 nos
1031 3344 1138 3384 non
1168 3329 1436 3396 dicamus,
1481 3329 1730 3384 attentoues
1767 3329 1913 3384 insti-

326 3419 480 3472 tuisse
505 3419 805 3473 connubium
824 3462 839 3487 ,
882 3436 980 3476 nec
1009 3422 1302 3476 seminalem
1339 3438 1486 3476 sexus
1511 3421 1768 3492 utriusque
1791 3421 1916 3474 mia:-

335 3510 542 3577 tionem,
571 3527 672 3566 nec
695 3513 999 3566 diabolicnm
1024 3529 1154 3584 opus
1181 3530 1286 3568 esse
1309 3529 1460 3568 causa
1486 3513 1762 3583 generandi
1785 3529 1912 3567 con-

275 3613 284 3622 ’
327 3601 544 3655 cubitum
569 3605 864 3676 conjugum;
891 3607 1140 3675 quoniam
1167 3606 1281 3662 lucc
1299 3605 1477 3661 omnia
1501 3606 1638 3661 Deus
1663 3605 1909 3674 instituit,

324 3700 382 3746 et
409 3704 625 3760 possent
653 3709 774 3748 esse
810 3696 986 3749 omnia
1015 3696 1130 3750 sine
1175 3695 1620 3766 concupiscentia:
1651 3697 1822 3764 malo,
1863 3698 1910 3751 si

323 3781 519 3836 vulnus
563 3784 1048 3852 przevaricationis,
1101 3785 1242 3840 unde
1291 3794 1604 3855 sequeretur
1647 3785 1910 3842 discordia

323 3873 502 3926 carnis
528 3881 584 3927 et
619 3875 832 3943 spiritus
857 3916 872 3940 ,
913 3875 1168 3928 inllictum
1213 3889 1318 3929 non
1361 3875 1548 3930 fuisset
1575 3891 1604 3929 a
1649 3875 1861 3932 diabolo
1892 3896 1908 3932 :

322 3979 502 4019 nonne
531 3974 586 4020 te
611 3968 868 4035 respicis,
899 3977 954 4022 et
977 3968 1044 4023 de
1073 3977 1160 4022 tua
1181 3967 1386 4038 garrula
1418 3970 1766 4038 loquacitate,
1807 3985 1909 4042 qua

321 4055 496 4110 inania
527 4057 542 4088 ι
573 4056 834 4112 fabulatus
873 4073 932 4113 es
951 4099 968 4124 ,
997 4059 1303 4125 erubescis;
1335 4059 1471 4130 quod
1497 4061 1700 4117 scilicet
1723 4063 1907 4134 deprec

321 4145 545 4199 hendant
570 4147 820 4201 darmones
845 4148 900 4201 in
935 4149 1200 4201 concubitu
1227 4151 1523 4223 conjugatos
1543 4192 1558 4216 ,
1590 4159 1638 4205 et
1667 4160 1908 4223 tanquam

319 4233 372 4288 in
401 4251 492 4288 sua
516 4237 804 4304 operatione
826 4236 1178 4308 deprehensos,
1207 4253 1308 4292 non
1328 4221 1754 4308 sinaut'generare
1771 4243 1907 4310 ﬁlias

317 4326 692 4395 regeneratione
716 4327 1037 4382 liberandos?
1060 4327 1220 4395 Quasi
1243 4329 1487 4384 diabolus
1506 4372 1520 4396 ,
1547 4331 1591 4384 si
1621 4333 1760 4401 quod
1789 4334 1903 4388 vel-

317 4413 392 4469 let
421 4415 637 4482 faceret,
669 4433 774 4472 non
816 4419 960 4487 ipsos
987 4419 1219 4488 majores
1248 4403 1440 4490 impios
1476 4421 1652 4476 adhuc
1677 4422 1727 4476 in
1757 4423 1905 4492 ejus-

316 4504 440 4561 dem
492 4507 686 4563 diaboli
729 4511 930 4578 positos
977 4517 1271 4578 potestate,
1319 4511 1531 4580 quando
1559 4523 1908 4582 cognosceret

316 4595 601 4665 disponere
631 4598 742 4653 ﬁeri
783 4600 1134 4668 christianos,
1161 4605 1416 4657 continuo
1453 4604 1754 4660 suﬁ'ocaret.
1785 4606 1902 4663 Non

315 4697 399 4740 est
425 4701 554 4756 ergo
577 4703 910 4758 consequens
949 4699 1007 4745 ut
1039 4693 1344 4761 parentibus
1383 4695 1773 4764 regenerandos
1807 4712 1906 4768 ge-

315 4779 648 4847 nerantibus,
673 4789 728 4834 et
754 4790 971 4852 propter
989 4781 1094 4837 hoc
1113 4785 1604 4853 concumbentibus,
1632 4787 1904 4844 daemones

313 4867 593 4924 minaciter
621 4879 674 4924 et
715 4871 1022 4926 terribiliter
1045 4874 1444 4942 contradicunt,
1485 4877 1624 4932 sicut
1665 4879 1756 4933 tibi
1789 4879 1900 4950 ipse

310 4960 590 5029 contingis;
625 4961 746 5031 quia
773 4977 868 5032 per
895 4963 1086 5019 vulnus
1113 4979 1140 5017 a
1164 4964 1374 5020 diabolo
1401 4966 1656 5023 inﬁictum
1676 5011 1690 5034 ,
1722 4970 1773 5024 in
1795 4987 1901 5042 quo

310 5050 578 5108 claudicat
617 5068 784 5135 genus
826 5055 1146 5122 humanum,
1195 5057 1392 5127 aliquid
1430 5071 1647 5117 creante
1679 5062 1784 5118 Deo
1822 5064 1900 5135 gi-

308 5143 510 5208 gnitur,
541 5133 679 5213 quod
702 5160 768 5198 ex
789 5144 958 5200 Adam
981 5145 1328 5202 transferatur
1348 5147 1415 5203 ad
1441 5149 1706 5206 Cbristmn
1731 5161 1741 5174 '
1775 5133 1895 5208 cum

307 5233 450 5302 legio
478 5234 780 5290 daemonum
819 5253 918 5293 nec
951 5253 1147 5309 porcos
1182 5240 1236 5295 in
1273 5248 1534 5311 potestate
1580 5243 1772 5298 habere
1797 5259 1894 5314 po-

245 5363 256 5370 .
307 5325 501 5390 tuerit,
551 5325 652 5378 nisi
697 5328 998 5395 petentibus
1042 5332 1370 5399 permitteret
1411 5331 1652 5388 Christus
1679 5333 1892 5406 (Matth.

305 5428 398 5468 vnt
417 5453 434 5478 ,
461 5409 521 5468 5|
539 5455 552 5476 ,
575 5413 700 5486 3'2);
726 5427 780 5471 et
804 5419 1012 5476 noverit
1035 5420 1195 5475 etiam
1224 5421 1289 5476 de
1317 5421 1475 5492 ipsis,
1502 5440 1632 5493 quas
1657 5439 1778 5480 eum
1810 5423 1894 5479 fa-

301 5520 428 5560 cere
457 5506 736 5575 permittit,
769 5508 965 5564 diaboli
1001 5513 1456 5580 persccutionibus
1475 5530 1698 5573 coronas
1723 5518 1892 5576 susei-

303 5607 418 5650 tare
466 5597 818 5668 martyribus,
853 5609 1006 5656 utens
1039 5602 1176 5658 bene
1213 5605 1354 5661 omni
1395 5621 1588 5676 genere
1633 5609 1888 5666 malorum

371 5728 394 5768 ι
415 5728 622 5779 vsticsni
643 5735 730 5780 stss
753 5765 768 5790 ,
794 5743 934 5794 qutun
960 5731 1136 5784 inania.

1673 307 1872 364 LIBER
1910 309 2252 378 QUARTUS.

3498 327 3606 384 758

2023 421 2090 512 ad
2131 423 2408 481 utilitatem
2452 426 2734 486 bonorum.
2763 431 2872 490 Sed
2897 432 2952 490 in
2997 433 3099 490 Illis
3127 451 3338 509 quoque
3366 438 3608 512 conjungi.

2021 511 2158 581 bus,
2207 515 2297 585 qui
2329 516 2554 574 ﬁliorum
2601 527 3052 593 regenerationem
3095 528 3178 584 vel
3205 544 3309 586 non
3336 511 3610 604 cogitant,

2023 603 2108 659 vel
2137 605 2296 660 etiam
2326 607 2684 679 detestantur,
2733 613 2928 670 bonum
2973 631 3108 688 Opus
3135 628 3221 676 est
3262 603 3611 692 nuptiarum,

2021 697 2314 766 generandi
2338 714 2498 756 causa
2523 705 2830 762 commixtio
2875 709 3104 779 legitima
3149 725 3412 776 sexuum.
3456 710 3610 785 cujus

2023 789 2200 858 operis
2229 788 2432 850 fructus
2459 803 2540 850 est
2563 797 2804 853 ordinata
2833 802 3100 870 susceptio
3127 801 3352 858 ﬁliorum
3377 822 3393 860 :
3419 819 3608 874 quam-

2027 882 2110 937 vis
2134 898 2200 940 eo
2220 885 2358 943 bono
2385 889 2521 944 male
2551 899 2764 946 utantur
2783 935 2797 959 ,
2829 901 2884 948 et
2909 895 2962 949 in
2989 911 3052 950 ce
3085 908 3338 966 peccent,
3371 898 3510 968 quod
3539 899 3609 955 de

2025 973 2186 1044 impia
2211 977 2292 1032 vel
2323 983 2657 1051 propaganda
2698 985 2778 1038 vel
2802 997 3086 1058 propagata
3119 989 3265 1058 prole
3289 989 3608 1060 gloriantur;

2026 1063 2281 1120 llomines
2305 1069 2444 1124 enim
2468 1072 2700 1140 qualibet
2729 1077 2932 1144 peccaui
2955 1079 3267 1148 contagione
3295 1081 3378 1135 vel
3411 1097 3608 1152 perpe-

2021 1155 2258 1213 trationo
2295 1159 2515 1226 polluti,
2545 1163 2595 1216 in
2635 1175 2888 1234 quantum
2935 1167 3179 1224 homines
3203 1179 3362 1236 sunt,
3409 1172 3605 1230 bonum

2025 1257 2148 1303 sunt
2180 1268 2192 1303 :
2219 1259 2272 1305 et
2315 1252 2434 1309 ideo
2461 1255 2656 1312 bonum
2685 1267 2768 1313 est
2811 1268 2866 1314 ut
2900 1271 3219 1330 nascantur,
3252 1264 3375 1332 quia
3408 1265 3608 1322 bonum

2025 1348 2166 1393 δυηι.

2095 1429 2185 1484 59.
2215 1429 2320 1487 Nec
2351 1442 2526 1491 tamen
2553 1444 2608 1490 ut
2627 1439 2901 1508 gignantur
2923 1483 2938 1508 ,
2967 1440 3078 1496 ideo
3106 1442 3356 1500 adulteria
3381 1447 3458 1502 rel
3481 1465 3610 1518 quas-

2023 1534 2120 1588 que
2141 1531 2320 1592 stupra
2356 1526 2589 1594 facienda
2623 1538 2740 1583 sunt
2765 1545 2787 1583 .'
2810 1529 2875 1584 ad
2915 1546 3073 1600 quam
3103 1547 3201 1588 nos
3227 1535 3612 1594 absurditatem

2023 1617 2178 1678 putas
2200 1626 2355 1679 posse
2391 1617 2667 1684 compelli,
2699 1619 3060 1690 quia'nuptias
3086 1622 3153 1678 de
3191 1624 3335 1680 malo
3375 1625 3610 1686 libidinis

2021 1698 2220 1754 bonum
2244 1703 2406 1770 prolis
2425 1703 2650 1761 dicimus
2675 1711 2902 1778 operari.
2934 1711 3038 1767 Sed
3063 1714 3206 1770 nullo
3235 1715 3394 1772 modo
3419 1734 3480 1774 ex
3510 1719 3608 1778 hac

2024 1800 2204 1845 nostra
2235 1807 2356 1846 vera
2400 1805 2650 1867 rectaque
2678 1799 2940 1855 sententia
2981 1801 3109 1858 illud
3153 1819 3459 1875 perversum
3505 1808 3607 1866 fal-

2023 1893 2250 1949 sumque
2278 1882 2574 1940 conﬁcitur.
2619 1886 2802 1958 Neque
2837 1890 2980 1945 enim
3031 1892 3152 1961 quia
3197 1895 3451 1953 Dominus
3495 1900 3612 1966 ait,

2025 1967 2202 2024 Facite
2229 1972 2366 2028 vobis
2392 1976 2581 2032 amicos
2599 1977 2663 2032 de
2683 1996 2968 2035 mammona
2991 1983 3270 2054 iniquitatis
3297 1987 3445 2058 (Luc.
3479 2005 3607 2058 xvt,

2023 2059 2104 2131 9);
2137 2061 2258 2118 ideo
2284 2064 2457 2121 adhuc
2475 2067 2674 2124 addere
2709 2070 3039 2142 iniquitatem
3064 2075 3322 2134 debemus
3343 2122 3358 2148 ,
3391 2089 3446 2137 et
3469 2081 3608 2140 furta

2021 2153 2338 2224 rapinasque
2375 2159 2711 2218 committere
2733 2204 2748 2230 ,
2780 2172 2838 2218 ut
2881 2163 3060 2234 plures
3099 2183 3358 2240 pauperes
3395 2183 3609 2231 sanctos

2021 2242 2384 2300 misericordia
2419 2247 2645 2318 largiore
2669 2267 2968 2321 pascamus.
3012 2255 3158 2313 Sicut
3184 2275 3311 2331 ergo
3339 2261 3408 2318 de
3437 2279 3610 2320 main-

2020 2345 2178 2385 mona
2207 2332 2499 2402 iniquitatis
2526 2337 2754 2395 faciendi
2775 2351 2900 2398 sunt
2926 2346 3082 2400 amici
3107 2389 3122 2413 ,
3153 2349 3241 2420 qui
3269 2351 3624 2420 recipiantin-

2022 2422 2358 2480 tabernacula
2387 2436 2582 2484 mterna
2615 2448 2628 2484 :
2660 2430 2732 2486 ita
2758 2434 3074 2506 conjugibus
3110 2438 3178 2496 de
3223 2441 3372 2511 plaga
3402 2445 3614 2512 peccati

2021 2512 2292 2583 originalis
2319 2515 2570 2586 gignendi
2597 2531 2724 2576 sunt
2752 2523 2870 2591 ﬁlii,
2899 2527 2990 2595 qui
3014 2527 3066 2582 in
3095 2527 3254 2586 vitam
3285 2545 3610 2602 regeneren-

2021 2609 2107 2656 tur
2133 2611 2406 2660 teternam.
2437 2608 2504 2662 Et
2547 2611 2994 2679 quemadmodum
3021 2615 3159 2673 furta
3179 2660 3193 2684 ,
3225 2619 3471 2686 fraudes,
3507 2621 3606 2678 de-

2020 2693 2373 2760 prtedationes
2409 2697 2723 2766 adjiciendae
2750 2718 2856 2758 non
2883 2713 3041 2772 sunt,
3083 2715 3142 2760 ut
3167 2723 3264 2778 per
3300 2710 3620 2780 iniquitates-

2018 2791 2172 2837 aucta
2199 2786 2416 2852 pecunia
2439 2789 2620 2857 plures
2645 2792 2802 2846 amici
2817 2793 2946 2862 justi
2971 2795 3157 2866 inopes
3181 2812 3558 2870 comparentur
3585 2821 3603 2856 :

2017 2871 2095 2926 sic
2123 2873 2409 2940 adulteria,
2452 2887 2668 2949 stupra,
2709 2881 3090 2941 fornicationes
3113 2927 3126 2951 ,
3169 2889 3310 2944 malo
3338 2904 3457 2946 cum
3496 2907 3624 2962 quo

2019 2962 2124 3015 nati
2154 2976 2336 3020 sumus
2361 3011 2374 3030 ,
2397 2967 2638 3024 addenda
2666 2986 2771 3027 non
2799 2983 2924 3029 sunt
2950 2976 2966 3008 ³
2986 3017 3002 3044 ,
3046 2977 3184 3033 unde
3221 2979 3310 3036 ﬁlii
3349 2997 3570 3038 numero
3583 3011 3612 3024 ~-

2015 3048 2159 3106 siore
2197 3053 2362 3122 stirpe
2390 3068 2694 3114 nascantur.
2739 3063 2896 3117 Aliud
2935 3065 3131 3138 quippe
3169 3078 3248 3123 est
3288 3071 3428 3126 malo
3465 3073 3614 3130 bene-

2016 3141 2123 3206 uti,
2151 3142 2420 3214 quodjam
2443 3147 2648 3216 inerat;
2671 3159 2728 3206 et
2753 3152 2898 3208 aliud
2924 3163 3010 3211 est
3035 3157 3231 3214 malum
3258 3169 3563 3230 perpetrare
3580 3205 3612 3231 ι.

2015 3231 2156 3301 quod
2181 3248 2285 3288 non
2317 3245 2432 3292 erat
2462 3256 2476 3293 :
2503 3239 2634 3296 illud
2662 3243 2804 3298 enim
2826 3253 2909 3300 est
2943 3245 3012 3302 de
3040 3248 3182 3304 malo
3221 3257 3389 3306 tracto
3415 3267 3482 3308 ex
3507 3269 3602 3324 pa-

2014 3323 2256 3379 rentibus
2275 3326 2632 3384 voluntarium
2660 3329 2855 3390 bonum
2881 3335 3092 3404 facere;
3122 3338 3226 3395 hoc
3253 3355 3381 3397 vero
3403 3323 3614 3398 malum.

2014 3426 2043 3466 a
2073 3415 2380 3484 parentibus
2407 3427 2634 3476 tractum
2674 3423 2792 3480 aliis
2837 3426 2996 3481 malis
3017 3427 3125 3497 jam
3157 3431 3386 3502 propriis
3410 3442 3464 3490 et
3505 3449 3601 3490 vo.

2015 3505 2258 3565 luntariis
2299 3525 2575 3582 aggerare.
2631 3514 2771 3572 Sane
2814 3516 3066 3586 interest,
3109 3521 3249 3590 quod
3296 3537 3610 3580 mammona

2013 3598 2306 3668 iniquitatis
2339 3617 2460 3659 cum
2493 3605 2648 3660 laude
2675 3605 3031 3678 indigentibus
3060 3621 3341 3683 erogatur;
3369 3617 3614 3676 carnalis

2011 3703 2190 3750 autem
2225 3698 2654 3768 concupiscentia
2685 3700 3000 3758 laudabilius
3040 3707 3380 3762 continentia:
3406 3710 3611 3766 virtute

2011 3782 2281 3853 frenatur,
2309 3803 2466 3858 quam
2495 3789 2750 3848 fructibus
2773 3793 3096 3864 impenditur
3115 3797 3436 3868 nuptiarum.
3465 3800 3604 3862 Tam

2011 3888 2260 3944 magnum
2289 3885 2373 3932 est
2403 3880 2544 3934 enim
2575 3881 2772 3938 malum
2803 3883 2918 3954 ejus
2937 3924 2954 3951 ,
2980 3893 3038 3940 ut
3061 3899 3125 3942 eo
3151 3901 3256 3942 non
3295 3887 3372 3942 uti
3393 3930 3410 3958 ,
3435 3903 3604 3960 quam

2011 3962 2149 4020 bene
2173 3966 2248 4020 uti
2276 3969 2348 4021 sit
2371 3969 2581 4026 melius.

2081 4052 2306 4112 CAPUT
2333 4057 2468 4114 Vlll.
2499 4091 2567 4100 --
2591 4062 2681 4118 40.
2704 4063 2820 4118 Alia
2847 4065 3040 4122 deinde
3063 4083 3182 4124 mea
3211 4070 3372 4125 verba
3397 4083 3595 4142 propo-

2009 4145 2094 4199 nis
2115 4186 2132 4214 ,
2164 4155 2218 4202 et
2262 4149 2486 4206 multum
2524 4152 2780 4210 adversus
2811 4171 2876 4210 ea
2901 4158 2921 4188 '
2953 4157 3082 4212 nihil
3112 4158 3248 4214 dicis
3269 4200 3284 4227 ,
3329 4161 3596 4230 replicans

2009 4235 2248 4306 quaedam
2271 4253 2388 4306 qua.-
2413 4242 2692 4310 superiore
2719 4243 3073 4312 disputatione
3093 4258 3404 4319 consumpta
3429 4261 3590 4326 sunt:

2009 4339 2128 4396 qua:
2165 4327 2208 4382 si
2237 4335 2294 4382 et
2337 4344 2434 4399 ego
2474 4339 2719 4400 repetere
2752 4334 2940 4402 velim,
2972 4336 3092 4406 quis
3129 4339 3234 4393 crit
3267 4339 3422 4396 ﬁnis?
3453 4341 3596 4399 lnter

2007 4431 2127 4487 qua:
2151 4416 2286 4472 dicis
2313 4420 2472 4476 etiam
2495 4421 2626 4476 illud
2658 4432 2892 4479 vestrum
2919 4435 3102 4482 contra
3123 4428 3318 4486 Christi
3345 4433 3591 4502 gratiam,

2007 4523 2150 4577 saepe
2173 4523 2202 4562 a
2231 4511 2381 4566 vobis
2425 4511 2655 4568 inaniter
2685 4514 2924 4583 dictum;
2953 4518 3091 4587 quod
3121 4520 3325 4578 scilicet
3360 4523 3592 4594 appella-

2007 4600 2141 4654 tione
2163 4602 2360 4672 gratim,
2390 4601 2544 4659 bonas
2575 4606 2688 4673 ﬁeri
2709 4608 2934 4663 [tantines
2963 4610 3110 4682 fatali
3137 4614 3430 4670 necessitate
3451 4615 3592 4668 dica-

2007 4706 2118 4743 mus
2147 4705 2168 4746 ε
2193 4705 2314 4746 cum
2344 4693 2495 4749 vobis
2520 4710 2611 4750 ora
2650 4697 2928 4754 obstruant
2949 4741 2965 4767 ,
2993 4710 3049 4756 et
3083 4701 3286 4773 linguas
3311 4714 3553 4774 premant
3573 4746 3589 4768 ,

2005 4781 2094 4850 qui
2124 4781 2267 4850 loqui
2299 4785 2532 4840 nondum
2553 4788 2748 4844 valent.
2777 4791 2912 4846 Cum
2941 4793 3082 4848 enim
3109 4794 3476 4865 loquacissime
3507 4797 3586 4850 la-

2005 4871 2206 4929 borctis
2226 4887 2465 4932 astruere
2488 4891 2552 4932 ac
2581 4881 2902 4950 persuadere
2921 4923 2936 4948 ,
2963 4883 3105 4954 quod
3131 4883 3376 4954 Pelagius
3403 4886 3456 4942 in
3490 4887 3590 4942 Pa-

2005 4961 2333 5021 laestinorum
2350 4968 2718 5040 episcoporum
2737 4975 3038 5044 cognitione
3057 4975 3346 5043 damnavit,
3369 4979 3586 5050 gratiam

2003 5051 2104 5109 Dei
2129 5058 2400 5112 secundum
2425 5061 2602 5116 merita
2626 5073 2800 5118 nostra
2840 5066 2954 5119 dari
2977 5083 2999 5132 ;
3025 5067 3167 5122 nulla
3201 5076 3374 5124 tamen
3402 5076 3585 5131 merita

2002 5147 2225 5214 potestis
2253 5163 2495 5206 asserere
2522 5156 2862 5222 parvulorum
2885 5195 2908 5219 ,.
2937 5170 3031 5224 per
3068 5171 3184 5227 quae
3217 5158 3588 5215 discernantur

2000 5235 2088 5304 qui
2119 5251 2302 5292 eorum
2325 5240 2378 5294 in
2405 5242 2494 5297 Dei
2517 5243 2656 5298 ﬁlios
2673 5244 3014 5314 adoptantur,
3041 5248 3109 5302 ab
3134 5249 3213 5306 eis
3237 5249 3328 5320 qui
3349 5251 3463 5308 sine
3485 5255 3586 5309 liu-

1995 5324 2083 5394 jus
2109 5329 2292 5397 gratiae
2317 5333 2688 5388 consecutione
2707 5334 3023 5392 moriuntur.

2073 5420 2160 5474 Η.
2194 5419 2550 5478 Calumniaris
2597 5439 2684 5479 me
2709 5425 2914 5494 dicere,
2948 5447 2966 5482 ι
3004 5429 3143 5486 Nihil
3194 5431 3355 5488 studii
3399 5449 3586 5506 exspe-

1997 5509 2126 5564 ctari
2154 5511 2220 5566 ab
2249 5511 2473 5566 humana
2497 5515 2765 5574 VDIUlllale
2789 5517 3006 5588 debere,
3031 5531 3216 5580 contra
3265 5524 3392 5580 illud
3425 5543 3578 5582 evan-

2063 5621 2076 5652 ι
2115 5629 2238 5676 uss,
2271 5621 2515 5674 addenda»:
2536 5639 2630 5676 non
2649 5636 2773 5678 sunt.

1999 5683 2542 5808 dini-’lot'iaccttsis
2573 5698 2652 5740 ita.
2678 5692 2828 5753 addit,
2863 5691 3320 5748 dicmdon’atlcant
3344 5699 3582 5778 quinque.
