4014 6184
457 263 566 323 ⁸151)

459 380 686 452 gelicum
707 397 814 454 quo
835 381 907 436 ait
937 377 1239 438 Dominus:
1267 380 1452 451 Petite,
1495 391 1550 437 et
1577 381 1865 453 accipietis;
1900 395 2042 454 quc-

458 474 573 538 rite,
602 481 650 528 et
675 473 936 529 invenietis
951 487 974 538 ;
1001 472 1200 545 pulsate
1221 515 1238 541 ,
1283 483 1333 532 et
1371 475 1627 546 aperietur
1668 474 1808 529 vobis
1835 489 1855 528 :
1881 473 2043 528 omnis

457 563 600 618 enim
613 566 703 634 qui
727 564 874 636 petit,
904 565 1088 636 accipit
1107 583 1127 632 ;
1147 575 1194 622 et
1221 567 1521 638 quiquerit,
1549 566 1736 621 invenit
1752 580 1772 631 ,'
1819 573 1869 620 et
1918 564 2038 636 pui-

461 655 597 712 santi
624 654 879 726 aperietur
911 675 932 710 »
962 656 1192 729 (Matth.
1223 675 1314 726 vn,
1349 659 1486 730 7-8).
1533 658 1611 714 lbi
1659 657 1804 714 enim
1833 671 1950 724 vos,
1983 664 2042 713 ut

454 746 634 814 video,
659 763 859 819 ponere
875 749 984 820 jam
1010 750 1248 820 empistis
1278 751 1464 806 merita
1483 751 1708 822 gratiam
1731 747 2042 820 praeceden-

443 839 548 908 tia,
577 840 719 911 quod
745 847 828 896 est
847 851 1048 911 petere,
1077 857 1340 913 qumrere,
1364 841 1599 912 pulsare;
1627 849 1688 897 ut
1723 839 1809 897 his
1833 839 2040 896 meritis

454 931 632 988 debita
656 931 746 988 illa
773 933 1045 1000 reddatur,
1075 949 1138 990 ac
1165 935 1243 990 sic
1268 935 1438 1005 gratia
1481 935 1714 991 inaniter
1758 949 2039 1005 nuncupe-

453 1033 543 1076 tnr
575 1041 590 1078 :
621 1031 866 1094 tanquam
896 1026 1064 1096 gratia
1089 1026 1231 1081 nulla
1259 1028 1610 1096 praecesserit.
1633 1036 1686 1083 et
1711 1041 1806 1083 cor
1845 1027 2034 1098 tetige-

451 1115 541 1178 rit,
576 1123 635 1172 ut
659 1115 962 1171 beatiiicum
992 1118 1188 1172 bonum
1209 1125 1478 1188 peteretur
1505 1133 1537 1172 a
1569 1118 1698 1184 Deo,
1727 1126 1786 1173 ut
1827 1133 2038 1189 quaere.

417 1206 604 1263 'retur
627 1207 790 1273 Deus,
819 1216 880 1263 ut
920 1208 1222 1278 pulsaretur
1259 1208 1325 1264 ad
1363 1209 1565 1275 Deum;
1612 1207 1914 1280 frustraque
1966 1207 2038 1266 sit
2080 1196 2086 1202 ’

450 1296 733 1366 scriptum,
761 1296 1114 1352 Misericordia
1139 1299 1250 1368 ejus
1269 1299 1539 1369 proveniet
1562 1314 1642 1352 me
1669 1296 1690 1368 (
1703 1297 1848 1353 Psat.
1888 1313 2031 1364 cvm,

450 1386 814 1458 ﬂ);frustra
835 1389 996 1444 etiam
1040 1402 1140 1443 nos
1189 1402 1286 1458 pro
1329 1387 1562 1443 inimicis
1609 1388 1808 1444 nostris
1847 1389 2034 1459 jubeat

448 1490 609 1534 orare
630 1477 842 1548 (Matth.
873 1493 924 1543 v,
952 1478 1068 1550 44),
1095 1477 1140 1533 si
1169 1492 1275 1534 non
1297 1485 1383 1534 est
1399 1477 1516 1548 ejus
1534 1491 1736 1534 aversa-
1757 1485 1812 1536 et
1837 1477 2032 1536 adver-

447 1582 518 1624 sa
539 1567 699 1624 corda
725 1576 1060 1624 convertere.
1190 1576 1202 1586 '

426 1665 434 1678 '
519 1659 609 1715 42.
638 1659 743 1717 Sed
771 1661 924 1732 ponis
943 1662 1292 1732 apostolicum
1320 1661 1681 1719 testimonium
1712 1703 1728 1730 ,
1774 1671 1830 1718 et
1869 1663 1938 1720 ab
1963 1677 2029 1720 eo

443 1750 581 1810 dicis
607 1751 942 1820 pulsantibus
981 1753 1196 1823 aperiri,
1229 1755 1315 1824 qui
1343 1769 1514 1809 omnes
1539 1754 1766 1810 homines
1791 1754 1896 1809 vult
1919 1754 2028 1808 sal-

443 1859 534 1900 vos
553 1844 684 1914 ﬁeri,
709 1853 758 1898 et
803 1844 858 1898 in
885 1845 1193 1916 agnitionem
1245 1845 1470 1900 veritatis
1516 1846 1685 1900 venire
1728 1844 1770 1918 (I
1795 1843 1932 1900 Tim.
1964 1861 2022 1913 n,

441 1932 523 2004 ι)
555 1951 571 1988 :
602 1942 662 1989 ut
688 1933 935 1990 videlicet
959 1935 1336 2008 intelligamus,
1365 1933 1688 1990 docentibus
1712 1935 1884 2003 vobis,
1905 1934 2027 1991 ideo

441 2037 554 2079 non
579 2038 768 2080 omnes
795 2025 973 2081 salvos
1013 2024 1148 2093 ﬁeri,
1198 2034 1254 2082 et
1295 2025 1350 2081 in
1407 2026 1733 2098 agnitionem
1785 2025 2026 2082 veritatis

439 2115 645 2182 venire,
672 2117 796 2188 quia
821 2117 920 2188 ipsi
947 2117 1136 2174 nolunt
1162 2126 1364 2188 petere,
1384 2133 1508 2175 cum
1532 2119 1675 2175 Deus
1699 2117 1831 2174 velit
1853 2117 2025 2188 dare;

439 2206 631 2264 nolunt
655 2223 920 2279 querere,
951 2223 1072 2266 cum
1097 2210 1237 2266 Deus
1279 2210 1408 2266 velit
1457 2209 1786 2278 ostendere;
1839 2211 2028 2268 nolunt

438 2296 676 2366 pulsare,
705 2313 828 2355 cum
856 2301 998 2356 Deus
1024 2301 1154 2358 velit
1176 2301 1406 2372 aperire.
1460 2301 1568 2358 Sed
1623 2301 1766 2358 hunc
1806 2317 2025 2360 sensum

439 2395 675 2444 vestrum
707 2388 938 2446 infantes
979 2390 1054 2446 illi
1085 2391 1199 2462 ipsa
1248 2406 1344 2448 sua
1393 2394 1754 2450 taciturnitate
1799 2395 2023 2452 convin-

438 2487 590 2547 cunt,
617 2480 706 2552 qui
736 2496 835 2537 nec
859 2490 1065 2553 petunt,
1088 2498 1188 2540 nec
1216 2494 1482 2555 quaerunt,
1513 2501 1614 2542 nec
1653 2486 1888 2556 pulsant;
1915 2487 2022 2546 imo

438 2570 604 2626 etiam
631 2585 754 2628 cum
785 2571 1123 2644 baptizantur
1144 2615 1160 2642 ,
1188 2575 1486 2631 reclamant
1506 2617 1521 2642 ,
1551 2584 1846 2646 respuunt,
1875 2579 2020 2636 relu-

438 2670 654 2720 ctantur
677 2681 692 2719 :
719 2673 774 2720 et
793 2665 1060 2736 accipiunt
1091 2674 1292 2733 tamen,
1317 2675 1380 2723 et-
1400 2667 1677 2724 inveniunt
1695 2709 1710 2735 ,
1738 2677 1794 2724 et
1839 2671 2020 2740 aperi-

436 2761 528 2810 tur
553 2753 651 2820 eis,
683 2763 744 2810 et
765 2755 1044 2812 intrant-in
1062 2771 1290 2828 regnum
1315 2757 1431 2824 Dei,
1463 2757 1552 2813 ubi
1576 2758 1648 2814 sit
1689 2757 1770 2814 eis
1799 2761 2020 2816 aeterni-

434 2848 564 2905 tatis
603 2847 792 2904 salus“
815 2857 871 2906 et
901 2849 1100 2920 agnitio
1126 2849 1413 2918 veritatis;
1461 2849 1616 2921 iunge
1658 2850 1900 2921 pluribus
1938 2852 2022 2908 in-

433 2938 668 2996 fantibus
693 2939 746 2994 in
779 2939 936 2995 istam
977 2940 1200 3012 gratiam
1227 2957 1335 2997 non
1367 2940 1630 3012 adoptatis
1667 2941 1736 2996 ab
1787 2957 1852 2996 eo
1875 2983 1892 3008 ,
1933 2943 2020 3014 qui

433 3028 542 3083 nuit
565 3045 736 3084 omnes
755 3027 984 3084 homines
1001 3031 1168 3086 salvos
1187 3031 1300 3100 ﬁeri
1320 3041 1368 3086 et
1409 3033 1464 3086 in
1491 3032 1794 3104 agnitionem
1835 3032 2007 3088 verita-

432 3119 498 3174 tis
521 3119 707 3174 venire.
737 3119 944 3186 Quibus
967 3119 1148 3176 dicere
1185 3135 1295 3176 non
1322 3128 1536 3191 potest,
1579 3119 1752 3190 Volui,
1773 3131 1823 3178 et
1850 3123 2017 3178 nolui-

430 3210 522 3265 stis
548 3207 770 3284 (Matth.
797 3225 948 3276 κείω,
979 3207 1070 3282 37)
1097 3211 1248 3281 :quia
1275 3211 1322 3266 si
1343 3211 1596 3267 voluisset
1619 3253 1635 3280 ,
1666 3213 1788 3284 quis
1829 3228 2017 3269 eorum

429 3299 522 3370 qui
549 3299 787 3356 nondum
811 3299 1012 3356 habent
1036 3301 1322 3356 voluntatis
1356 3315 1464 3356 sua:
1491 3302 1788 3370 arbitrium,
1818 3303 2016 3360 volun-

428 3393 526 3447 tati
547 3391 666 3462 ejus
690 3391 1226 3462 omnipotentissimre
1254 3392 1578 3448 restitisset?
1604 3391 1714 3448 Cur
1743 3409 1870 3466 ergo
1907 3409 2015 3451 non

429 3485 510 3540 sic
536 3485 825 3556 accipimus
849 3485 990 3556 quod
1011 3485 1208 3542 dictum
1232 3494 1332 3553 est,
1364 3485 1466 3552 Qui
1493 3503 1666 3543 omnes
1709 3488 1814 3542 vult
1845 3489 2014 3544 homi-

427 3593 520 3632 nes
541 3576 708 3632 salvos
738 3577 872 3648 ﬁeri,
893 3587 939 3634 et
962 3578 1018 3633 in
1042 3579 1348 3651 agnitionem
1395 3579 1618 3635 veritatis
1643 3581 1813 3636 uenire
1827 3598 1848 3648 ,°
1877 3595 2014 3652 quo-

427 3666 591 3724 modo
615 3676 668 3723 et
687 3667 824 3724 illud
855 3669 1168 3740 accipimus,
1200 3669 1343 3740 quod
1372 3669 1515 3725 idem
1541 3670 1676 3726 dixit
1698 3671 1972 3742 apostolus
1994 3713 2010 3740 ,

425 3756 533 3814 Per
550 3759 700 3814 unius
719 3761 1138 3831 justi/irationem
1161 3762 1215 3814 in
1236 3775 1409 3815 omnes
1433 3760 1660 3823 homines
1675 3761 2016 3832 adjusti/ica-

426 3851 615 3907 tionem
649 3852 764 3907 vita
813 3851 834 3924 (
857 3851 1008 3906 Rom.
1041 3868 1094 3920 v,
1119 3852 1188 3908 i8
1205 3849 1270 3924 )7
1321 3852 1341 3924 (
1365 3851 1464 3906 hos
1491 3853 1633 3908 enim
1655 3868 1844 3910 omnes
1872 3855 2013 3910 Deus

421 3941 539 3997 vult
565 3941 742 3997 salvos
793 3941 931 4010 ﬁeri,
962 3949 1018 3998 ct
1067 3941 1120 3997 in
1156 3941 1485 4014 agnitionem
1518 3945 1759 4000 veritatis
1783 3945 1967 4002 venire
1993 3989 2009 4014 ,

421 4034 478 4090 in
504 4049 640 4106 quos
665 4048 852 4090 omnes
877 4049 972 4106 per
994 4034 1151 4090 unius
1169 4033 1604 4105 iustiﬁcationem
1628 4036 1798 4107 gratia
1819 4051 2012 4106 perve-

423 4125 506 4181 nit
532 4125 600 4182 ad
637 4126 1072 4198 justiilcati'onem
1123 4124 1286 4197 vitae)
1368 4141 1437 4182 ne
1464 4125 1672 4182 dicatur
1717 4127 1906 4195 nobis,
1953 4127 2011 4186 Si

423 4216 570 4272 Deus
597 4217 710 4272 vult
731 4231 920 4273 omnes
944 4216 1188 4272 homines
1214 4217 1392 4274 salvos
1438 4217 1553 4273 iieri
1573 4259 1587 4284 ,
1620 4225 1675 4273 et
1701 4219 1758 4274 in
1787 4218 2014 4290 agnitio-

422 4323 550 4363 nem
575 4309 817 4365 veritatis
841 4308 1049 4378 venire,
1079 4308 1182 4364 sed
1203 4307 1323 4364 ideo
1349 4323 1454 4366 non
1495 4309 1736 4378 veniunt,
1767 4312 1888 4382 quia
1910 4311 2010 4383 ipsi

426 4397 635 4463 nolunt;
659 4412 755 4454 cur
779 4407 858 4454 tot
886 4399 1052 4454 millia
1075 4397 1440 4469 parvulorum,
1471 4399 1562 4470 qui
1600 4414 1704 4456 non
1755 4409 2010 4473 percepto

423 4489 750 4562 Baptismate
778 4490 1098 4556 moriuntur,
1144 4505 1249 4546 non
1287 4491 1508 4546 veniunt
1549 4490 1604 4547 in
1627 4507 1850 4564 regnum
1877 4494 2004 4561 Dei,

421 4579 514 4636 ubi
538 4588 684 4636 certa
709 4589 794 4636 est
821 4579 1022 4652 agnitio
1047 4579 1290 4636 veritatis
1312 4580 1624 4653 ‘i'Numquid
1648 4574 1750 4638 aut
1765 4582 2009 4642 homines

425 4689 534 4732 non
560 4680 705 4740 sunt,
731 4681 790 4730 ut
812 4685 919 4728 non
939 4671 1244 4744 pertineant
1270 4671 1337 4727 ad
1389 4669 1441 4728 id
1471 4673 1614 4744 quod
1655 4673 1852 4731 dictum
1882 4686 1964 4733 est
1990 4719 2006 4744 ,

418 4780 594 4822 omnes
621 4764 887 4820 homines?
913 4769 1007 4819 aut
1029 4763 1222 4834 aliquis
1240 4763 1440 4835 poterit
1463 4763 1661 4831 dicere,
1696 4765 1838 4823 Deus
1885 4767 2010 4838 qui-

419 4855 543 4912 tiem
571 4855 704 4921 vult,
732 4853 828 4911 sed
855 4853 955 4927 ipsi
986 4853 1192 4922 nolunt;
1217 4853 1305 4926 qui
1323 4853 1559 4910 nondum
1587 4855 1726 4913 velle
1746 4871 1842 4914 seu
1863 4858 2008 4915 nolle

417 4950 518 5003 ista
551 4955 845 5014 noverunt,
866 4947 1081 5018 quando
1109 4961 1210 5002 nec
1235 4945 1296 5013 ii,
1319 4945 1408 5017 qui
1441 4947 1640 5018 parvuli
1672 4947 2006 5018 baptizantur

421 5047 584 5110 atque
607 5036 932 5105 moriuntur,
957 5045 1011 5092 et
1031 5052 1128 5108 per
1152 5037 1298 5092 illam
1328 5036 1554 5108 gratiam
1583 5037 1650 5094 ad
1679 5039 2005 5110 agnitionem

419 5127 661 5185 veritatis
685 5142 807 5199 qua:
833 5127 885 5182 in
912 5143 1080 5199 regno
1135 5127 1229 5183 Dei
1273 5135 1356 5182 est
1398 5129 1700 5185 certissima
1745 5130 2003 5199 veniunt,

420 5220 544 5278 ideo
562 5222 807 5288 veniunt,
829 5221 952 5292 quia
987 5220 1088 5290 ipsi
1129 5221 1375 5277 renovari
1429 5219 1624 5278 Christi
1679 5221 2006 5292 Baptismate

417 5311 728 5368 voluerunt?
747 5312 880 5367 Cum
913 5325 1042 5381 ergo
1071 5325 1170 5367 nec
1197 5313 1271 5366 illi
1301 5320 1578 5383 propterea
1606 5326 1710 5366 non
1735 5312 2008 5383 baptizan-

419 5411 508 5456 tur
529 5403 651 5474 quia
679 5403 888 5466 nolunt,
921 5417 1020 5456 nec
1047 5402 1130 5457 isti
1166 5413 1446 5474 proiiterea
1489 5403 1828 5472 baptizentur
1879 5406 2004 5476 quia

422 5492 796 5554 volunt‘;cur
819 5493 959 5546 Deus
1004 5494 1090 5562 qui
1143 5493 1260 5547 vult
1310 5509 1495 5548 omnes
1544 5494 1788 5550 homines
1829 5495 2008 5552 salvos

482 5603 504 5635 ι
538 5597 766 5659 Plerique
785 5605 911 5656 Mss,
934 5600 1174 5651 mtemitas
1196 5600 1379 5652 sat-"tie.

482 5661 508 5691 ο
529 5660 604 5731 sic
639 5665 765 5731 ipsi
787 5657 993 5731 sterling
1019 5659 1132 5720 quin
1155 5662 1420 5721 notuerunt,
1445 5677 1530 5715 nec
1552 5665 1632 5716 isti
1653 5673 1905 5731 propterea
1926 5667 2007 5731 ba-

423 5721 662 5778 rlttt‘nittr
685 5713 798 5776 quia
821 5713 997 5765 nolunt,
1034 5713 1044 5720 '
1408 5713 1419 5721 ι
1509 5713 1518 5715 ~
1653 5713 1664 5730 ι
1690 5713 1694 5715 -
1716 5713 1937 5748 τπ---νπε

735 5609 766 5646 e
785 5605 911 5656 Mss,
934 5600 1174 5651 mtemitas
1196 5600 1379 5652 sat-"tie.

1238 265 1513 325 CONTRA
1551 267 1895 327 JULMNUM
1929 264 2389 348 PDLAGIANUM,
2429 265 2485 320 S.
2527 259 2926 359 A'UGUSTINI'

3638 270 3742 330 780

2151 377 2287 444 iieri,
2313 387 2369 435 et
2387 379 2446 434 in
2463 378 2786 450 agnitionem
2823 379 3062 438 veritatis
3093 380 3307 450 venire,
3322 389 3433 438 tam
3453 383 3656 440 multos
3685 387 3736 440 in

2148 482 2371 538 regnum
2415 483 2595 537 suum,
2651 469 2742 526 ubi
2789 480 2872 526 est
2919 481 3064 528 certa
3095 473 3344 530 veritatis
3390 475 3614 546 agnitio,
3641 477 3734 547 qui

2148 556 2298 613 nullo
2321 559 2374 614 ei
2401 558 2660 616 resistunt
2684 557 2973 619 voluntatis
2989 561 3234 632 arbitrio,
3263 561 3462 635 patitur
3488 581 3596 622 non
3631 582 3730 642 ve:

2147 651 2299 709 nire?

2217 743 2310 802 45.
2330 743 2443 802 Nisi
2467 745 2606 803 forte
2633 747 2874 804 dicturus
2899 763 2998 817 es,
3045 749 3166 806 ideo
3218 751 3470 821 parvulos
3517 767 3625 808 non
3677 753 3732 808 in

2145 847 2331 889 eorum
2355 849 2581 892 numero
2605 838 2955 909 deputandos,
3002 855 3140 911 quos
3188 840 3331 898 Deus
3375 856 3565 900 omnes
3616 844 3735 900 vult

2145 925 2322 982 salvos
2349 925 2488 994 fieri,
2517 927 2638 998 quia
2665 943 2729 984 ea
2759 929 2951 997 salute,
2981 945 3104 1002 quae
3132 930 3219 986 hic
3246 931 3584 1004 intelligenda
3605 945 3690 990 est
3711 977 3730 1003 ,

2143 1017 2277 1074 salvi
2305 1027 2432 1074 sunt
2447 1017 2570 1090 ipsi,
2599 1020 2732 1076 nihil
2754 1021 3026 1078 trahentes
3053 1023 3272 1080 omnino
3299 1025 3524 1096 peccati.
3553 1027 3732 1097 Atque

2143 1108 2214 1164 ita
2241 1119 2293 1166 te
2321 1111 2706 1168 intolerabilior
2750 1122 3008 1185 sequetur
3056 1115 3378 1172 absurditas.
3426 1117 3535 1175 Isto
3583 1121 3730 1176 enim

2141 1197 2304 1255 modo
2330 1199 2818 1260 benevolentiorem
2844 1203 2973 1260 facis
3001 1205 3168 1262 Deum
3194 1207 3440 1264 omnibus
3475 1211 3735 1280 impiissi-

2139 1288 2243 1344 mis
2267 1298 2324 1346 et
2345 1291 2772 1351 sceleratissimis
2799 1293 3127 1359 hominibus.
3157 1311 3315 1368 quam
3343 1299 3728 1361 innocentissi-

2139 1384 2243 1440 mis
2267 1394 2321 1442 et
2349 1387 2652 1457 purissimis
2674 1387 2743 1444 ab
2767 1389 2913 1445 omni
2954 1389 3076 1446 labe
3123 1390 3367 1461 peccati:
3393 1391 3731 1464 quandoqui-

2137 1472 2260 1532 dem
2281 1474 2423 1545 ilios,
2451 1477 2573 1548 quia
2593 1478 2707 1534 vult
2734 1492 2829 1534 eos
2854 1492 3042 1536 omnes
3069 1479 3248 1536 salvos
3276 1479 3412 1546 ﬁeri,
3429 1483 3546 1538 vult
3564 1483 3728 1538 etiam

2138 1566 2340 1624 intrare
2367 1567 2422 1624 in
2441 1585 2664 1640 regnum
2693 1584 2850 1627 suum
2880 1587 2893 1626 :
2927 1571 3030 1627 hoc
3053 1579 3138 1628 est
3190 1573 3332 1628 enim
3379 1573 3486 1628 illis
3532 1589 3726 1632 conse-

2136 1673 2328 1730 quens,
2359 1659 2405 1715 si
2429 1659 2561 1715 salvi
2601 1658 2800 1718 iuerint
2831 1678 2844 1715 :
2871 1661 2967 1718 sed
3006 1661 3098 1733 qui
3131 1662 3340 1729 nolunt,
3372 1663 3472 1734 ipsi
3498 1664 3600 1719 sibi
3622 1665 3724 1720 ob-

2135 1755 2279 1804 sunt.
2322 1747 2648 1805 immensum
2693 1765 2823 1806 vero
2871 1766 3153 1808 numerum
3207 1752 3574 1822 parvulorum,
3630 1741 3724 1824 qui

2134 1839 2252 1895 sine
2290 1839 2618 1910 Baptismate
2658 1841 3001 1911 moriuntur,
3043 1857 3143 1898 suo
3185 1857 3352 1915 regno
3399 1845 3560 1912 adjici
3613 1862 3725 1902 non

2133 1929 2267 1998 vult,
2297 1944 2434 2002 quos
2458 1946 2633 2004 neque
2659 1932 2766 1988 ulla
2794 1942 3032 2004 peccata,
3073 1933 3211 1989 sicut
3265 1934 3463 2004 putatis
3488 1976 3505 2002 ,
3553 1935 3726 2006 impe-

2131 2009 2303 2090 diunt;
2331 2031 2406 2088 et,
2433 2024 2576 2094 quod
2601 2025 2778 2081 nullus
2797 2025 3038 2097 ambigit,
3061 2024 3181 2096 ejus
3224 2026 3480 2082 resistere
3523 2027 3716 2083 volun-

2131 2115 2228 2170 tati
2251 2115 2518 2172 contraria
2557 2115 2826 2173 voluntate
2867 2130 2974 2172 non
3003 2124 3244 2186 possunt.
3293 2115 3382 2172 Sic
3433 2115 3491 2172 iit
3519 2126 3717 2174 utesse

2129 2203 2450 2263 christianos
2467 2221 2656 2264 omnes
2670 2207 2816 2275 velit,
2833 2193 3060 2278 quorum
3076 2207 3232 2263 multi
3249 2196 3458 2273 nélunt;
3475 2223 3582 2264 non
3597 2223 3714 2264 om.

2129 2311 2228 2353 nes
2249 2297 2396 2362 velit.
2423 2313 2650 2369 quorum
2677 2306 2762 2354 est
2774 2312 2932 2355 nemo
2946 2297 3219 2370 quinolit:
3243 2297 3386 2370 quod
3412 2297 3712 2355 abhorreta

2127 2402 2278 2444 vero.
2299 2388 2458 2446 Novit
2477 2391 2732 2446 Dominus
2751 2391 2842 2462 qui
2859 2399 2982 2447 sunt
3002 2390 3120 2462 ejus
3149 2389 3215 2464 (Il
3240 2389 3376 2448 Tim.
3398 2407 3458 2457 ιι,
3489 2391 3579 2464 i9)
3613 2410 3627 2446 :
3656 2401 3713 2448 et

2127 2477 2182 2534 in
2201 2495 2387 2538 eorum
2420 2483 2592 2540 salute
2614 2489 2773 2554 atque
2798 2483 2853 2539 in
2879 2498 3035 2538 suum
3063 2498 3288 2555 regnum
3318 2483 3711 2541 introductione

2125 2580 2271 2628 certa
2295 2581 2378 2629 est
2405 2573 2652 2630 voluntas
2691 2573 2830 2644 ejus.
2858 2572 2949 2630 Sic
2975 2587 3103 2644 ergo
3133 2573 3295 2630 debet
3320 2574 3538 2646 intelligi
3565 2574 3710 2647 quod

2125 2661 2328 2718 dictum
2352 2671 2454 2730 est,
2487 2663 2674 2720 Omnes
2689 2663 2918 2720 homines
2945 2663 3050 2718 uult
3068 2663 3233 2720 salvos
3252 2665 3385 2734 ﬁeri,
3408 2675 3453 2720 et
3479 2666 3531 2721 in
3557 2667 3710 2738 agni-

2127 2752 2312 2807 tionem
2350 2753 2573 2809 ceritatis
2618 2753 2786 2809 uenire
2810 2755 2869 2822 ‘;
2901 2753 3350 2825 quemadmodum
3399 2755 3712 2827 intelligitur

2125 2842 2266 2912 quod
2286 2841 2487 2900 dictum
2503 2851 2607 2910 est,
2627 2843 2733 2899 Per
2757 2845 2906 2901 unius
2917 2844 3335 2917 justiﬁeationem
3349 2845 3404 2900 in
3421 2861 3592 2901 omnes
3614 2847 3710 2902 ho-

2123 2934 2284 2990 mines
2301 2934 2370 2990 att
2384 2936 2802 3008 justiﬁeationem
2825 2937 2959 2993 vim.

2194 3025 2287 3084 ιι.
2317 3026 2470 3094 Quod
2488 3027 2842 3099 apostolicum
2871 3028 3234 3086 testimonium
3256 3029 3304 3085 si
3339 3043 3407 3086 eo
3434 3029 3596 3086 modo
3623 3031 3711 3086 in-

2123 3117 2467 3190 telligendum
2505 3127 2682 3189 putas,
2713 3127 2774 3176 ut
2791 3119 2940 3176 dicas
2989 3136 3160 3175 omnes
3207 3120 3411 3192 positos
3453 3135 3578 3177 esse
3614 3137 3713 3192 pro

2122 3207 2320 3275 Multis,
2346 3209 2434 3278 qui
2453 3209 2814 3280 justiiicantur
2839 3211 2892 3266 in
2921 3209 3137 3266 Christo
3168 3207 3364 3284 (multi
3394 3212 3592 3283 quippe
3619 3213 3711 3268 alii

2123 3315 2230 3356 non
2260 3300 2597 3356 viviﬁcantur
2642 3301 2699 3358 in
2745 3301 2962 3359 Christo
2991 3301 3050 3375 ')
3078 3320 3092 3358 :
3117 3303 3528 3374 respondebitur
3567 3305 3660 3360 tibi
3691 3347 3708 3371 ,

2121 3390 2204 3446 sic
2229 3391 2391 3446 etiam
2421 3391 2529 3447 illic
2555 3391 2647 3448 ubi
2667 3391 2868 3448 dictum
2892 3400 2996 3458 est,
3015 3391 3211 3449 Omnes
3227 3394 3454 3450 homines
3473 3395 3579 3450 vult
3599 3396 3712 3451 sat-

2121 3495 2208 3534 vos
2229 3481 2365 3551 ﬁeri,
2388 3482 2509 3537 etin
2535 3482 2842 3552 agnitionem
2863 3484 3087 3539 ueritatis
3113 3484 3280 3540 uenire
3301 3501 3322 3550 ;
3349 3483 3534 3540 Omnes
3564 3487 3712 3555 posi-

2121 3579 2206 3625 tos
2225 3586 2345 3627 esse
2372 3587 2468 3642 pro
2495 3572 2690 3640 Multis,
2723 3588 2859 3644 quos
2883 3573 2952 3630 ad
3001 3575 3162 3630 istam
3201 3575 3430 3646 gratiam
3465 3577 3582 3632 vult
3621 3592 3712 3632 ve.

2121 3660 2255 3716 nire.
2285 3660 2439 3730 Quod
2458 3663 2628 3719 multo
2655 3664 3058 3721 convenientius
3087 3674 3307 3737 propter
3330 3666 3434 3722 hoc
3459 3667 3714 3736 intelligi-

2122 3759 2209 3805 tur
2234 3750 2458 3820 dictum,
2487 3753 2612 3824 quia
2639 3769 2800 3810 nemo
2827 3755 3005 3822 venit,
3036 3755 3140 3810 nisi
3177 3770 3338 3826 quem
3367 3757 3545 3812 veniae
3593 3757 3714 3826 ipse

2119 3841 2364 3898 voluerit.
2394 3841 2563 3898 Nemo
2588 3853 2745 3916 potest
2769 3845 2940 3901 pertire
2965 3845 3036 3900 ad
3061 3861 3160 3913 me,
3187 3845 3359 3916 inquit
3383 3846 3550 3902 Filius
3573 3847 3712 3914 ,τιἰεί

2127 3929 2302 4001 Pater,
2327 3933 2416 4005 qui
2433 3935 2570 3990 misit
2593 3951 2694 4005 me,
2719 3937 2932 3992 traxerit
2956 3953 3094 4004 sunt;
3123 3946 3198 4005 et,
3231 3937 3399 3993 Nemo
3431 3947 3592 4010 potest
3616 3955 3710 3994 ue-

2118 4023 2228 4077 nire
2251 4023 2320 4078 ad
2344 4040 2442 4090 me,
2463 4025 2562 4080 nisi
2585 4025 2740 4095 fuerit
2759 4026 2806 4081 ei
2825 4026 3001 4081 datum
3021 4043 3054 4081 a
3078 4025 3232 4082 Patre
3275 4045 3388 4084 meo
3412 4029 3590 4099 (locis.
3623 4045 3708 4093 vr,

2117 4111 2372 4184 uet66).
2400 4112 2600 4170 Omnes
2627 4129 2754 4185 ergo
2781 4115 2872 4186 qui
2891 4115 3202 4182 salvillunt,
3231 4125 3288 4173 et
3313 4118 3710 4189 inagnltionesn

2118 4202 2340 4258 veniunt
2367 4203 2626 4271 veritatis,
2658 4219 2725 4260 eo
2747 4206 2962 4262 volente
3006 4206 3141 4264 salvi
3191 4207 3344 4275 ﬁunt,
3377 4225 3444 4265 eo
3495 4210 3710 4265 volente

2116 4292 2358 4349 veniunt.
2381 4293 2516 4362 Quia
2542 4304 2598 4351 et
2624 4295 2714 4367 qui
2745 4296 2981 4353 nondum
3010 4297 3054 4364 ³,
3082 4299 3222 4354 sicut
3269 4300 3512 4369 parvuli,
3540 4311 3709 4355 utan-

2117 4391 2206 4440 tur
2230 4385 2520 4441 voluntatis
2543 4385 2788 4456 arbitrio,
2815 4402 2882 4444 eo
2909 4387 3124 4445 volente
3146 4399 3531 4460 regenerantur
3557 4432 3573 4457 ,
3595 4405 3708 4460 quo

2115 4484 2336 4532 creante
2375 4484 2698 4548 generantur
2729 4495 2742 4532 :
2775 4485 2832 4535 et
2876 4478 2966 4549 qui
2997 4477 3106 4548 jam
3148 4488 3370 4535 utuntur
3415 4480 3708 4552 voluntatis

2115 4564 2360 4635 arbitrio,
2389 4566 2494 4622 nisi
2513 4581 2580 4623 eo
2599 4567 2813 4624 volente
2833 4582 2898 4624 ac
2915 4569 3268 4625 subveniente
3285 4584 3318 4624 a
3339 4585 3450 4641 quo
3489 4586 3706 4642 prama—

2115 4667 2265 4714 ratur
2288 4659 2539 4716 voluntas
2559 4657 2746 4732 (Prov.
2769 4676 2879 4727 vin,
2902 4677 3006 4716 sec.
3045 4659 3241 4732 LXX),
3284 4663 3426 4720 velle
3449 4678 3557 4720 non
3579 4679 3709 4736 pos.

2186 4841 2282 4898 45.
2308 4841 2410 4899 Ubi
2436 4842 2480 4898 si
2503 4842 2704 4900 dixeris
2725 4843 2876 4911 mihi,
2900 4844 3008 4900 Cur
3023 4859 3152 4916 ergo
3172 4859 3278 4900 non
3299 4847 3705 4902 convertitom-

2115 4932 2260 4988 nium
2288 4931 2584 4989 nolentium
2613 4931 2636 4966 ³
2660 4934 2992 4990 voluntates?
3033 4934 3368 5005 respondebo
3386 4975 3404 5003 ,
3437 4935 3550 4991 Cur
3597 4953 3706 4992 non

2113 5039 2300 5081 omnes
2326 5023 2616 5080 morituros
2641 5023 2858 5095 adoptat
2881 5026 3094 5081 lavacro
3146 5026 3574 5096 regenerationis
3625 5045 3708 5084 tn-

2113 5114 2308 5184 iantes,
2329 5130 2559 5186 quorum
2581 5113 2757 5170 adhuc
2777 5115 2947 5170 nullas
2965 5156 2980 5182 ,
3011 5122 3068 5171 et
3119 5115 3240 5171 ideo
3280 5131 3382 5172 nec
3405 5119 3709 5173 contrarias

2113 5207 2317 5264 invenit
2341 5206 2678 5284 voluntates?
2704 5207 2762 5264 Si
2790 5207 2893 5264 hoc
2923 5207 3236 5280 profundius
3255 5224 3378 5266 esse
3415 5211 3703 5281 perspicis,

2178 5423 2196 5456 ι
2233 5431 2334 5487 Am.
2354 5429 2430 5474 Er.
2450 5433 2504 5476 et
2517 5431 2652 5487 nam,
2673 5433 2844 5476 Omnes
2863 5424 3074 5477 homines
3091 5424 3188 5476 vult
3209 5437 3369 5475 ventre
3385 5439 3404 5486 ;
3427 5428 3620 5476 omissis
3637 5431 3700 5476 iu-

2115 5485 2368 5535 termediis
2387 5489 2570 5538 verbis.

2177 5548 2198 5578 '
2231 5553 2324 5596 llac
2345 5549 2591 5611 sententia
2619 5556 2782 5598 carent
2816 5546 2999 5611 aliquot
3030 5548 3340 5611 manuscrirti
3367 5562 3379 5596 :
3410 5555 3458 5600 et
3487 5549 3702 5598 nonnulli

2113 5605 2356 5678 loc_o,lnon
2388 5607 2700 5678 viviﬁcemtur,
2725 5605 2912 5678 tierunt,
2934 5605 3387 5678 nouitati/ﬁgantur.

2178 5670 2198 5701 ³
2231 5671 2302 5716 sic
2325 5669 2648 5733 manuScripti.
2676 5671 2789 5720 Fillll
2819 5685 2950 5733 vero,
2975 5669 3091 5728 Quir:
3113 5669 3204 5720 etei
3225 5672 3455 5733 nondum.

2179 5735 2199 5760 δ
2238 5733 2439 5780 κ’ςιῑὶωιιὶ
2465 5730 2714 5782 innumeri:
2737 5735 2830 5784 tiet
2849 5732 2952 5784 fere
2982 5745 3151 5782 uulnus
3171 5730 3412 5796 militaui,
3431 5733 3712 5786 roitntium.
