4014 6184
417 335 516 392 76!

405 463 566 520 quam
579 445 744 502 utabs
767 453 820 500 te
841 442 1016 498 valeat
1045 437 1292 504 inveniri;
1325 445 1608 504 utrumque
1651 432 1864 501 utrique
1887 447 1988 486 no-

404 549 572 598 stt-um
598 536 924 609 profundum
945 535 1036 600 sit,
1060 548 1157 587 cur
1177 540 1230 586 et
1257 531 1309 584 in
1361 526 1652 597 majoribus
1687 533 1743 579 et
1788 521 1994 577 in-mio

405 631 628 686 noribus
647 631 790 683 Deus
813 627 944 682 velit
970 625 1124 679 alteri
1166 631 1221 677 et
1273 621 1407 676 nolit
1459 618 1611 672 alteri
1664 614 1986 670 subvenire:

402 727 529 783 dum
559 735 736 780 tamen
781 731 984 778 certum
1007 729 1060 775 et
1089 716 1360 772 immobile
1399 723 1695 776 teneamus,
1738 725 1844 763 non
1869 721 1992 762 esse

409 818 742 888 iniquitatem
764 813 902 883 apud
926 813 1093 867 Deum
1127 808 1300 880 (Rom.
1319 821 1394 872 ιχ,
1419 806 1526 876 14),
1544 817 1647 873 qua
1668 813 1986 871 quemquam

402 912 524 966 sine
551 908 706 964 malis
723 905 928 960 meritis
949 903 1201 965 damnet;
1243 908 1297 954 et
1334 913 1454 952 esse
1501 895 1791 974 bonitatem
1847 890 1987 961 apud

399 1002 590 1062 Deum,
621 1011 726 1067 qua
755 995 951 1050 multos
971 994 1086 1048 sine
1111 991 1264 1046 bonis
1294 986 1738 1043 meritisliberet:
1763 983 1987 1036 demou-

397 1101 574 1148 strans
603 1090 656 1144 in
686 1089 764 1143 eis
789 1101 923 1158 quos
943 1085 1158 1140 damnat
1186 1081 1311 1154 quid
1338 1080 1586 1136 omnibus
1614 1077 1890 1140 debeatur;
1925 1083 1986 1128 ut

399 1183 528 1240 hinc
557 1181 767 1237 discant
794 1193 927 1250 quos
947 1177 1159 1243 liberat,
1188 1189 1304 1244 qum
1331 1172 1432 1227 sibi
1481 1184 1636 1240 paena
1666 1167 1844 1222 debita
1889 1179 1982 1220 re-

399 1275 628 1340 laxetur,
657 1281 852 1342 etquae
873 1268 1106 1324 indebita
1132 1265 1298 1337 gratia
1325 1262 1674 1318 condonetur.

465 1364 553 1420 46.
582 1339 708 1419 limo
733 1339 788 1418 ut
814 1358 1118 1416 christiauis
1143 1355 1395 1412 cordibus
1447 1339 1720 1408 convenit
1746 1341 1981 1419 cegitare

393 1455 631 1522 nescitis,
659 1461 714 1509 et
731 1468 826 1508 vos
847 1451 1022 1524 potius
1054 1446 1348 1504 secundum
1401 1452 1633 1500 vestram
1661 1439 1979 1496 sententiam

393 1547 502 1604 fato
522 1548 618 1602 ista
644 1545 820 1601 dicitis
849 1543 986 1598 ﬁeri.
1015 1541 1204 1596 Vestra
1233 1539 1448 1608 quippe,
1481 1547 1588 1590 non
1620 1539 1798 1586 nostra
1849 1544 1978 1583 sen-

393 1640 556 1693 tentia
578 1646 682 1703 est,
715 1655 734 1688 ‹
779 1635 888 1690 lato
919 1633 1032 1689 ﬁeri
1071 1629 1213 1702 quod
1265 1628 1460 1684 merito
1495 1640 1602 1680 non
1648 1622 1723 1676 ﬁt.
1764 1639 1783 1673 ι
1815 1620 1882 1674 Ει
1910 1632 1978 1672 ne

391 1730 681 1786 secundum
711 1729 870 1784 istam
895 1723 1260 1781 deﬁnitionem
1299 1720 1410 1774 fato
1454 1717 1582 1773 ﬁant
1626 1712 1935 1770 hominibus
1957 1747 1976 1776 ,

389 1823 434 1877 si
465 1821 670 1876 meritis
692 1835 796 1874 non
843 1817 992 1882 ﬁant,
1024 1825 1372 1886 quaecumque
1403 1811 1569 1874 ﬁunt;
1623 1807 1742 1861 ideo
1785 1803 1975 1858 merita

387 1913 470 1968 vel
488 1912 624 1967 bona
653 1910 736 1964 vel
760 1907 918 1971 mala,
949 1915 1202 1976 quantum
1235 1901 1479 1972 potestis,
1505 1897 1744 1953 asseritis
1769 1937 1783 1960 ,
1811 1909 1879 1948 ne
1900 1893 1977 1946 fa-

389 2016 500 2061 tum
544 2003 614 2058 sit
649 2015 1013 2071 consequens,
1061 1997 1106 2052 si
1147 1995 1336 2049 merita
1374 1989 1718 2062 negaveritis.
1753 1988 1830 2040 Ac
1877 1977 1976 2052 per

387 2094 492 2151 hoc
515 2094 709 2148 dicitur
731 2090 904 2158 vobis,
926 2089 984 2146 Si
1015 2103 1075 2144 ea
1097 2103 1215 2158 qua:
1239 2085 1399 2140 nullis
1421 2081 1626 2138 meritis
1649 2085 1974 2150 p'rmstautur

384 2185 708 2252 hominibus,
744 2184 852 2239 fato
880 2183 992 2238 ﬁeri
1019 2182 1129 2252 jam
1161 2193 1382 2235 necesse
1407 2183 1510 2244 est,
1540 2184 1597 2230 et
1622 2172 1754 2228 ideo
1783 2169 1971 2224 merita

385 2275 670 2334 astruenda
697 2283 840 2342 sunt,
872 2290 940 2329 ne
967 2273 1130 2328 fatum
1165 2272 1230 2326 sit
1259 2281 1594 2340 consequens
1622 2306 1637 2332 ,
1683 2264 1728 2318 si
1780 2260 1971 2316 merita

385 2382 494 2422 non
515 2375 638 2422 sunt
669 2385 682 2421 :
712 2365 822 2420 fato
849 2364 1205 2434 baptizantur,
1240 2360 1348 2415 fato
1400 2361 1600 2414 intrant
1651 2356 1704 2410 in
1746 2365 1968 2421 regnum

383 2456 480 2513 Dei
507 2455 732 2526 parvuli,
763 2470 987 2525 quorum
1007 2454 1144 2508 bona
1171 2452 1360 2506 merita
1387 2449 1531 2504 nulla
1559 2455 1715 2511 sunt;
1749 2453 1802 2498 et
1849 2457 1970 2496 rur-

380 2560 493 2611 sus,
524 2545 629 2600 fato
655 2559 760 2599 non
781 2543 1136 2612 baptizantur,
1159 2541 1267 2596 fato
1297 2553 1404 2595 non
1435 2539 1634 2592 intrant
1661 2535 1712 2590 in
1741 2545 1962 2602 regnum

379 2635 725 2706 Dei'parvnli,
749 2648 974 2704 quorum
1015 2633 1156 2687 mala
1205 2631 1393 2686 merita
1449 2627 1592 2682 nulla
1647 2632 1790 2680 sunt.
1826 2622 1967 2676 Ecce

383 2727 563 2798 pusilli
589 2725 680 2796 qui
705 2725 802 2779 fari
837 2733 1126 2796 nequeunt,
1177 2737 1271 2778 vos
1317 2724 1492 2792 potius
1534 2727 1827 2773 assertores
1871 2714 1966 2768 fati

377 2815 862 2872 esse-convincunt.
891 2814 999 2869 Nos
1027 2822 1204 2869 autem
1232 2828 1354 2868 cum
1381 2812 1578 2866 vitiatm
1603 2807 1824 2878 originis
1851 2821 1964 2860 ma-

376 2908 429 2964 la
457 2905 644 2962 merita
667 2922 787 2962 esse
815 2905 1076 2972 dicamus,
1105 2905 1274 2975 gratia
1295 2903 1522 2957 dicimus
1549 2901 1748 2954 intrare
1773 2911 1964 2966 parvu-

377 2999 488 3054 lum
513 2999 566 3052 in
593 3011 816 3067 regnum
868 2997 986 3062 Dei,
1033 2995 1284 3066 quoniam
1330 2993 1504 3047 bonus
1547 2997 1630 3044 est
1676 2989 1854 3050 Deus;
1911 2993 1966 3040 et

376 3089 540 3145 alium
567 3089 760 3144 merito
781 3103 885 3143 non
909 3089 1131 3153 intrare,
1163 3085 1414 3156 quoniam
1447 3083 1624 3152 justus
1649 3087 1731 3134 est
1783 3079 1958 3142 Deus;

377 3184 505 3239 etin
541 3189 736 3237 neutro
783 3195 904 3236 esse
953 3178 1159 3242 fatum,
1209 3175 1458 3246 quoniam
1511 3172 1653 3242 quod
1687 3170 1800 3224 vult
1841 3169 1963 3222 facit

377 3275 539 3330 Deus.
570 3271 676 3328 Sed
698 3287 818 3326 cum
843 3269 1075 3326 sciamus
1123 3266 1296 3333 abeo,
1326 3266 1412 3320 cui
1463 3261 1882 3319 misericordiam
1910 3267 1963 3314 et

375 3364 627 3437 iudicium
646 3362 786 3416 fideli
817 3376 948 3417 voce
995 3367 1274 3412 cantamus
1303 3354 1473 3429 (Psal.
1503 3370 1553 3420 c,
1586 3354 1665 3424 1),
1693 3353 1852 3406 istum
1872 3364 1962 3404 se-

377 3454 608 3510 cundum
630 3451 888 3523 judicium
919 3449 1182 3514 damnari,
1213 3447 1362 3502 illum
1407 3443 1704 3500 secundum
1749 3439 1960 3495 miseri-

377 3545 612 3602 cordiam
649 3543 903 3608 liberari;
935 3557 1034 3597 cur
1065 3543 1228 3597 istum
1261 3539 1437 3610 potius
1476 3551 1634 3607 quam
1682 3535 1827 3588 illum
1869 3532 1962 3587 da-

377 3646 518 3692 mnet
536 3643 626 3690 aut
641 3635 852 3698 liberet,
869 3647 967 3688 nos
983 3632 1071 3704 qui
1089 3646 1272 3688 sumus
1285 3630 1372 3700 qui
1395 3627 1810 3698 respondeamus
1831 3621 1966 3678 Deo?

376 3725 642 3796 Numquid
671 3724 803 3779 dicit
831 3722 1141 3793 ﬁgmentum
1172 3723 1221 3776 ei
1243 3720 1332 3792 qui
1357 3734 1418 3774 se
1449 3710 1599 3772 ﬁnxit
1623 3760 1636 3782 ,
1665 3717 1841 3784 Quare
1885 3713 1963 3769 sic

377 3833 465 3873 me
481 3817 886 3872 fecistii'Annon
918 3813 1077 3870 habet
1103 3821 1420 3883 potestatem
1453 3811 1645 3881 ﬁgulus
1669 3809 1763 3863 ltiti
1787 3824 1854 3863 ex
1867 3821 1962 3862 ea-

377 3909 502 3967 dem
552 3924 728 3964 massa
782 3908 1001 3979 originis
1047 3907 1241 3963 vitiatae
1281 3915 1441 3976 atque
1483 3904 1748 3958 damnatte
1791 3901 1964 3956 facere

376 4001 518 4056 aliud
539 4015 631 4054 vas
662 4000 713 4054 in
759 3999 1020 4054 honorem
1069 3997 1359 4053 secundum
1403 3992 1860 4060 misericordiam,
1911 4002 1965 4047 et

377 4089 522 4145 aliud
555 4090 606 4144 in
636 4089 1012 4145 contumeliam
1043 4087 1334 4144 secundum
1357 4085 1615 4156 judicium
1663 4083 1854 4158 (Rom.
1879 4099 1960 4150 ιι,

313 4193 318 4196 ·
376 4180 470 4248 ﬂ),
495 4179 623 4253 2|)?
651 4180 775 4236 Ideo
801 4195 906 4235 non
932 4189 1212 4250 utrumque
1241 4178 1295 4233 in
1321 4177 1602 4242 honorem,
1633 4191 1699 4230 ne
1723 4176 1824 4230 hoc
1845 4189 1960 4230 me-

378 4275 552 4330 ruisse
577 4289 637 4329 se
662 4273 926 4328 existimet
965 4279 1214 4341 tanquam
1259 4269 1526 4338 inculpata
1581 4276 1768 4322 natura
1801 4284 1814 4318 :
1843 4265 1964 4321 ideo

287 4385 296 4390 ·
379 4379 486 4422 non
519 4374 802 4435 utrumque
831 4364 883 4417 in
911 4362 1308 4428 contumeliam,
1351 4371 1406 4424 ut
1457 4359 1659 4429 judicio
1703 4373 1962 4427 superex-

377 4458 542 4513 sultet
573 4457 588 4488 ¹
615 4453 976 4510 misericordia
1008 4452 1210 4522 (Jacobi
1238 4469 1294 4518 ιι,
1328 4449 1440 4522 l5).
1489 4450 1567 4505 Ac
1590 4464 1686 4520 per
1719 4449 1822 4504 hoc
1865 4463 1965 4504 nec

379 4548 662 4604 damnatus
687 4563 754 4602 ex
781 4546 962 4601 debito
990 4545 1056 4600 de
1084 4545 1344 4614 supplicio
1377 4544 1518 4614 juste
1562 4543 1822 4612 queritur,
1865 4557 1965 4596 nec

379 4637 638 4692 liberatus
666 4635 830 4706 gratis
859 4634 926 4689 de
955 4634 1150 4690 merito
1176 4633 1407 4703 superbe
1430 4632 1708 4704 gloriatur;
1739 4631 1833 4685 sed
1864 4645 1964 4699 po-

379 4729 488 4784 ti’us
513 4729 788 4784 humiliter
801 4727 1004 4800 gratias
1023 4725 1149 4796 agit,
1179 4725 1392 4796 quando
1431 4724 1483 4777 in
1512 4723 1602 4777 illo
1626 4737 1654 4774 a
1678 4735 1783 4790 quo
1810 4719 1964 4774 debi-

377 4829 492 4876 tum
518 4820 768 4892 exigitur,
799 4819 926 4892 quid
954 4819 1010 4874 in
1035 4817 1222 4874 eadem
1262 4831 1422 4871 causa
1472 4815 1574 4871 sibi
1612 4813 1840 4868 donetur
1868 4827 1964 4881 ag-

378 4913 570 4968 noscit.

447 5006 537 5060 47’.
561 5003 772 5061 Asseris
799 5017 884 5058 me
907 5002 960 5057 in
985 5001 1091 5056 alio
1116 5000 1254 5055 libro
1278 5013 1406 5068 meo
1432 4997 1631 5053 dixisse
1657 5037 1671 5062 ,
1707 5013 1726 5047 ς
1773 4993 1964 5063 Negari

377 5097 608 5152 liberum
630 5096 930 5162 arbitrium,
955 5097 1000 5149 si
1023 5093 1190 5164 gratia
1218 5090 1622 5148 commendetur
1646 5104 1660 5154 ;
1692 5096 1748 5144 et
1773 5087 1966 5141 iterum

377 5187 558 5258 negari
579 5186 827 5260 gratiam,
859 5184 1149 5239 siliberum
1168 5181 1574 5238 commendetur
1598 5177 1900 5232 arbitrium.
1941 5193 1961 5228 ι

377 5277 732 5334 Calumniaris
765 5295 778 5331 :
809 5293 916 5332 non
941 5276 1042 5331 hoc
1071 5291 1102 5330 a
1129 5291 1214 5331 me
1230 5275 1428 5329 dictum
1453 5280 1554 5338 est,
1588 5271 1683 5326 sed
1737 5279 1970 5342 propter

377 5371 545 5442 ipsius
569 5370 880 5442 qumstionis
907 5367 1269 5424 difﬁcultatem
1321 5363 1488 5420 videri
1540 5361 1642 5418 hoc
1681 5377 1840 5432 posse
1885 5361 1966 5416 di-

375 5471 526 5520 ctum
553 5473 640 5520 est
661 5471 716 5519 et
741 5463 932 5532 putari.
957 5461 1074 5518 Non
1115 5469 1198 5518 est
1247 5458 1474 5516 multum
1527 5465 1584 5512 ut
1641 5457 1752 5527 ipsa
1805 5456 1964 5511 verba

446 5726 458 5754 ι
495 5728 580 5778 ,t:~..-
625 5735 672 5780 et
706 5737 784 5778 uss
809 5765 819 5788 ,
847 5725 1182 5786 ςτερενσπηηετν

1745 313 1948 368 LIBER
1989 311 2332 379 QUARTUS.

3585 327 3688 384 761

2103 444 2219 484 mea
2250 443 2462 499 ponam,
2487 430 2628 488 unde
2669 433 2884 490 videant
2911 435 3002 506 qui
3046 435 3160 492 haec
3185 437 3392 508 legunt,
3424 443 3684 510 quemad-

2100 522 2320 578 modum
2345 523 2559 610 scriptis
2585 525 2720 580 meis
2750 526 3016 583 insidieris
3038 569 3054 594 ,
3099 536 3156 584 et
3207 545 3308 600 qua
3355 530 3682 588 conscientia

2099 615 2180 669 vel
2209 613 2392 680 tardis,
2419 613 2506 670 vel
2537 616 2734 686 ignaris
2761 619 3011 675 cordibus
3049 621 3284 676 abutaris
3305 665 3318 689 ,
3357 631 3414 677 ut
3463 624 3583 678 ideo
3631 637 3684 683 te

2098 704 2404 760 existiment
2423 708 2771 776 respondere,
2799 711 2920 780 quia
2947 725 3053 765 non
3082 713 3159 766 vis
3189 721 3384 768 tacere.
3417 713 3472 767 ln
3501 715 3682 770 novis-

2096 797 2246 851 simis
2266 799 2408 853 euim
2437 801 2674 868 partibus
2706 803 2860 871 primi
2891 803 3008 858 libri
3051 805 3172 858 mci’
3199 805 3266 858 ad
3313 817 3550 859 sanctum
3588 807 3678 860 Pi-

2095 887 2330 954 nianum,
2363 890 2516 960 cujus
2566 899 2648 946 est
2693 893 2910 959 titulus,
2957 895 3033 949 De
3074 896 3241 965 gratia
3285 905 3468 950 contra
3519 897 3676 951 Pela-

2091 979 2234 1047 gium
2259 981 2276 1012 ¹
2311 997 2324 1033 :
2363 998 2382 1031 ε
2421 981 2543 1047 Ista,
2570 1001 2594 1034 ι
2618 984 2852 1053 inquam,
2884 1003 2902 1036 ι
2935 987 3158 1054 qumstio
3205 987 3296 1040 ubi
3349 987 3416 1042 de
3455 987 3676 1043 arbitrio

2091 1067 2378 1123 voluntatis
2408 1080 2460 1124 et
2491 1072 2582 1126 Dei
2613 1073 2776 1142 gratia
2803 1073 3122 1142 disputatur,
3147 1076 3214 1128 ita
3246 1085 3327 1130 est
3365 1077 3432 1130 "ad
3468 1077 3669 1133 discer-

2091 1157 2322 1213 nendum
2345 1159 2597 1225 difﬁcilis,
2625 1171 2684 1216 ut
2709 1163 2919 1230 quando
2953 1163 3256 1219 defenditur
3283 1167 3506 1221 liberum
3533 1168 3672 1223 arbi-

2089 1249 2268 1313 trium,
2299 1250 2476 1318 negari
2506 1250 2597 1305 Dei
2624 1254 2792 1321 gratia
2816 1254 3090 1320 videatur;
3121 1257 3332 1324 quando
3385 1269 3558 1312 autem
3585 1275 3672 1314 as-

2087 1339 2282 1395 seritur
2311 1340 2403 1394 Dei
2425 1344 2612 1410 gratia,
2643 1343 2870 1398 libermn
2901 1346 3176 1400 arbitrium
3209 1357 3421 1416 putetur
3443 1347 3664 1413 auferri,

2087 1439 2140 1484 et
2164 1439 2357 1485 cratera
2381 1449 2401 1482 ι
2435 1431 2534 1504 (De
2565 1431 2742 1486 Gratia
2762 1433 2987 1502 Christi,
3013 1453 3066 1489 η.
3098 1435 3214 1506 52).
3240 1437 3316 1490 Tu
3366 1445 3541 1492 autem
3589 1440 3670 1492 vir

2085 1520 2341 1577 honestus
2373 1531 2425 1577 et
2446 1537 2628 1590 verax,
2655 1525 2920 1580 abstulisti
2947 1527 3106 1580 verba
3141 1543 3260 1596 quae
3302 1527 3432 1592 dixi,
3479 1537 3532 1582 et
3581 1529 3668 1582 di-

2083 1613 2204 1667 xisti
2226 1614 2366 1684 quod
2385 1615 2500 1685 ipse
2517 1615 2732 1671 ﬁnxisti.
2761 1617 2876 1687 Ego
2896 1619 3036 1672 enim
3063 1619 3194 1685 dixi,
3221 1619 3374 1673 istam
3414 1620 3666 1689 quaestio-

2083 1719 2205 1758 nem
2233 1704 2299 1758 ad
2321 1704 2731 1760 discernendum
2776 1722 2895 1762 esse
2921 1708 3188 1762 difﬁcilem
3219 1725 3357 1762 :non
3384 1719 3560 1764 autem
3587 1709 3668 1768 di-

2079 1797 2156 1862 xi,
2187 1811 2292 1850 non
2321 1811 2476 1866 posse
2505 1797 2757 1852 discerni.
2786 1799 2948 1852 Multo
2997 1801 3174 1854 minus
3221 1814 3348 1869 ergo
3392 1800 3661 1866 dicerem,

2079 1886 2220 1957 quod
2238 1902 2324 1941 me
2348 1887 2546 1942 dixisse
2573 1888 2837 1954 mentiris,
2865 1907 2883 1940 ‹
2917 1890 3098 1959 negari
3115 1889 3338 1943 liberum
3361 1890 3659 1956 arbitrium,

2081 1977 2127 2030 si
2139 1976 2328 2046 gratia
2355 1978 2780 2044 commendetur;
2811 1988 2867 2033 et
2889 1979 3067 2049 negari
3095 1980 3338 2048 gratiam,
3371 1979 3416 2032 si
3437 1979 3662 2034 liberum

2078 2067 2479 2122 commendetur
2501 2069 2800 2123 arbitrium.
2823 2088 2842 2120 ι
2867 2069 3050 2124 Redde
3087 2071 3248 2124 verba
3287 2086 3402 2125 mea
3430 2113 3444 2135 ,
3475 2079 3528 2125 et
3566 2086 3662 2123 va-

2077 2164 2261 2211 nescet
2281 2157 2544 2212 calumnia
2564 2167 2682 2212 tua.
2699 2159 2919 2227 llepone
2945 2159 3058 2214 suis
3087 2159 3246 2225 locis,
3273 2159 3359 2214 ubi
3387 2159 3517 2226 dixi,
3536 2178 3556 2211 ι
3581 2162 3664 2213 νὶ-

2076 2245 2298 2313 deatur;
2337 2265 2357 2299 ι
2393 2247 2482 2302 ubi
2509 2248 2640 2315 dixi,
2679 2267 2698 2300 ε
2733 2257 2983 2318 putetur:
3021 2268 3040 2302 ι
3077 2257 3134 2304 ut
3179 2259 3440 2320 appareat
3477 2249 3544 2322 de
3597 2266 3660 2305 re

2076 2346 2218 2392 tanta
2240 2339 2430 2407 quibus
2457 2340 2550 2394 abs
2577 2349 2627 2394 te
2657 2341 2932 2397 fraudibus
2977 2343 3297 2412 disputetur.
3339 2342 3454 2397 Non
3499 2343 3650 2411 dixi,

2081 2448 2100 2482 ‹
2130 2431 2308 2500 negari
2335 2432 2590 2501 gratiam;
2623 2451 2644 2484 ι
2662 2433 2776 2497 sed,
2805 2451 2826 2484 ι
2858 2443 2917 2488 ut
2943 2435 3122 2502 negari
3148 2435 3313 2504 gratia
3341 2433 3604 2490 videatur.
3629 2453 3648 2487 ι

2071 2520 2187 2576 Non
2212 2522 2342 2589 dixi,
2381 2540 2401 2575 ι
2433 2525 2612 2594 negari
2639 2525 2915 2580 arbitrium
2937 2525 3163 2581 liberum
3189 2568 3203 2592 ,
3229 2526 3314 2581 vel
3356 2525 3591 2590 auferri;
3633 2545 3652 2578 ι

2071 2612 2166 2666 sed
2195 2613 2323 2677 dixi,
2353 2630 2372 2664 ‹
2403 2621 2460 2667 ut
2491 2623 2706 2682 putetur
2753 2614 2971 2670 auferri.
3001 2634 3022 2667 ι
3057 2617 3123 2670 Et
3154 2615 3454 2686 promittis,
3485 2635 3502 2667 ι
3534 2632 3658 2671 cum

2071 2701 2191 2756 libri
2219 2702 2316 2772 ipsi
2343 2703 2590 2757 ventilari
2617 2706 2895 2773 cmperinl,
2929 2705 3074 2773 quod
3104 2707 3198 2758 abs
3246 2715 3297 2758 te
3319 2706 3402 2758 illa
3434 2715 3656 2760 senten-

2071 2792 2260 2845 tiarum
2293 2807 2532 2846 mearum
2571 2801 2626 2846 et
2662 2792 2946 2847 nudabitur
2986 2801 3040 2847 et
3085 2792 3418 2847 confodietur
3463 2794 3656 2862 impie-

2069 2890 2170 2936 tas.
2204 2902 2223 2936 ι
2254 2883 2384 2950 Quis
2433 2899 2541 2938 non
2573 2886 2594 2916 ³
2623 2894 2896 2955 exspectet
2944 2884 3258 2953 sapientiam
3307 2883 3616 2940 disserentis
3637 2927 3652 2952 ,

2067 2975 2156 3045 qui
2179 2975 2337 3030 ﬁdem
2368 2977 2677 3045 cognoverit
2705 2976 3057 3032 mentientis?

2136 3065 2223 3120 48.
2247 3066 2386 3134 Quid
2407 3075 2490 3121 est
2510 3076 2683 3121 autem
2705 3067 2846 3137 quod
2875 3067 3108 3136 loqueris
3126 3107 3141 3128 ,
3173 3085 3194 3118 α
3229 3065 3370 3120 Nihil
3393 3067 3656 3136 pertinere

2067 3154 2132 3210 ad
2165 3155 2374 3210 laudem
2415 3157 2637 3224 gratim,
2689 3157 2732 3210 si
2765 3156 2815 3210 id
2866 3156 3028 3210 donet
3068 3156 3211 3222 suis,
3259 3155 3399 3226 quod
3443 3166 3654 3226 peccata

2067 3247 2242 3316 impiis
2269 3248 2602 3318 largiuntur?
2639 3267 2657 3300 ι
2694 3249 2916 3317 Propter
2943 3247 3250 3318 pudicitiam
3281 3247 3481 3302 scilicet
3523 3261 3656 3302 con-

2062 3337 2326 3409 iugalem,
2356 3355 2515 3410 quam
2564 3340 2656 3394 tibi
2703 3339 2902 3394 habere
2938 3339 3184 3394 videntur
3207 3347 3261 3393 et
3291 3339 3458 3408 impii.
3489 3338 3656 3392 Homo

2065 3430 2435 3494 contentiose,
2465 3431 2634 3484 virtus
2681 3429 2911 3484 donatur
2937 3443 3062 3483 vera
3105 3443 3200 3497 per
3241 3429 3504 3497 gratiam,
3551 3443 3654 3481 non

2066 3536 2184 3590 quae
2211 3529 2460 3586 vocatur,
2493 3529 2546 3574 et
2569 3535 2672 3573 non
2704 3529 2804 3573 est.
2831 3517 3032 3588 thuid
3053 3527 3228 3572 autem
3271 3517 3574 3586 pudicitiam
3605 3529 3656 3570 rt

2065 3611 2421 3680 virginitatem
2447 3611 2599 3680 quasi
2639 3609 2880 3678 ejusdem
2909 3609 3124 3679 generis
3149 3609 3366 3678 jungis?
3399 3608 3658 3662 Pudicitia

2067 3715 2153 3756 res
2177 3710 2260 3756 est
2300 3701 2496 3766 animi;
2527 3699 2800 3770 virginitas
2823 3740 2838 3764 ,
2883 3683 3150 3767 ιθοι-ρονίε.
3207 3699 3442 3766 Denique
3489 3707 3536 3751 et
3569 3697 3654 3750 illa

2068 3792 2270 3862 integra
2298 3791 2349 3844 in
2373 3791 2552 3844 animo
2575 3797 2922 3859 permanente
2945 3830 2960 3856 ,
2992 3795 3166 3857 potest
3195 3788 3294 3840 ista
3338 3787 3405 3840 de
3435 3802 3660 3856 corpore

2067 3882 2330 3937 violenter
2351 3883 2542 3936 auferri
2569 3898 2582 3948 ;
2609 3891 2662 3935 et
2690 3897 2810 3936 cum
2837 3881 2936 3935 ista
2967 3881 3170 3950 integra
3200 3887 3380 3932 manet
3405 3881 3611 3947 corpori
3637 3919 3654 3944 ,

2067 3981 2244 4044 potest
2271 3974 2358 4028 illa
2386 3973 2440 4027 in
2478 3973 2656 4027 animo
2697 3973 2889 4026 lasciva
2915 3971 3186 4024 voluntate
3208 3969 3494 4037 corrumpi.
3525 3969 3658 4022 Pro-

2069 4075 2188 4135 pter
2216 4065 2358 4136 quod
2388 4081 2486 4135 ego
2516 4079 2620 4118 non
2674 4065 2806 4133 dixi,
2839 4064 3030 4119 Verum
3059 4063 3360 4132 conjugium
3381 4103 3394 4126 ,
3435 4062 3548 4117 sive
3575 4064 3658 4116 vi-

2067 4155 2276 4220 duitas,
2314 4156 2430 4210 sive
2459 4154 2762 4226 virginitas;
2809 4153 2938 4221 scd,
2993 4172 3012 4205 ‹
3047 4152 3182 4207 Vera
3233 4152 3514 4221 pudicitia,
3546 4153 3660 4208 sive

2067 4244 2358 4314 conjugalis
2377 4284 2392 4310 ,
2419 4245 2530 4299 sive
2555 4243 2780 4298 vidualis
2799 4284 2814 4310 ,
2843 4245 2958 4299 sive
2983 4243 3276 4313 virginalis,
3303 4243 3526 4298 dicenda
3553 4259 3656 4298 non

2069 4343 2152 4391 est
2171 4377 2186 4404 ,
2217 4335 2318 4389 nisi
2343 4349 2463 4404 qua:
2493 4350 2632 4390 vera}
2674 4335 2794 4390 ﬁdei
2825 4335 3160 4405 mancipatur
3196 4355 3214 4387 ι
3251 4335 3352 4406 (De
3380 4333 3587 4406 Nuptiis
3611 4345 3661 4390 ct

2070 4427 2521 4498 Concupisceutia,
2566 4427 2652 4481 lib.
2688 4429 2750 4492 1,
2783 4444 2835 4482 u.
2866 4428 2944 4498 5).
2997 4426 3264 4498 Conjngcs
3302 4429 3442 4482 enim
3478 4438 3532 4483 et
3577 4429 3660 4482 via

2069 4517 2186 4572 duae
2214 4526 2270 4572 et
2294 4517 2527 4588 virgines
2557 4527 2779 4588 possunt
2807 4533 2926 4573 esse
2952 4561 2966 4584 ,
2997 4527 3051 4574 et
3073 4520 3278 4588 pudica:
3309 4537 3412 4574 non
3435 4533 3552 4574 esse
3571 4561 3584 4584 ,
3614 4518 3660 4572 si

2069 4608 2427 4664 contaminata
2457 4611 2727 4664 voluntate
2754 4609 3092 4664 maechantur
3111 4652 3126 4677 ,
3161 4612 3204 4664 si
3233 4611 3420 4680 spiritu
3453 4612 3661 4678 impuro

2069 4709 2250 4771 stupra
2280 4701 2628 4770 perpetranda
2682 4701 2970 4756 decernunt
3003 4719 3018 4753 :
3069 4703 3120 4755 in
3149 4703 3338 4770 quibus
3369 4709 3542 4753 tamen
3569 4714 3660 4752 ve-

2070 4807 2183 4848 ram
2209 4793 2514 4862 pudicitiam
2537 4793 2671 4848 dicis
2687 4807 2805 4846 csse
2826 4833 2840 4856 ,
2871 4793 3078 4847 etiamsi
3100 4793 3278 4846 animo
3295 4789 3656 4852 fornicentur;

2071 4883 2212 4953 quod
2243 4881 2418 4936 facere
2459 4898 2646 4937 omnes
2687 4881 2879 4952 impios
2915 4882 3124 4951 eloquia
3167 4881 3344 4935 divina
3377 4887 3658 4934 testantur.

2141 4973 2233 5028 49.
2260 4973 2390 5039 Quis
2407 4979 2583 5027 autem
2605 4983 2845 5028 nostrum
2867 4973 3022 5038 dicit,
3051 4991 3070 5023 ι
3104 4974 3460 5041 conjugulium
3489 4985 3662 5024 mem.-

2072 5065 2292 5120 brorum
2321 5065 2520 5119 malum
2543 5081 2662 5120 esse
2681 5073 2985 5120 consertum
3006 5107 3022 5131 ,
3063 5083 3082 5115 ι
3110 5065 3162 5117 in
3187 5079 3290 5132 quo
3311 5063 3506 5132 nuptiae
3525 5062 3662 5116 bene

2074 5167 2292 5213 utuntur
2315 5157 2382 5212 ad
2412 5158 2777 5228 propagandos
2809 5157 2942 5211 ﬁlios
2974 5155 3420 5226 concupiscentia:
3473 5155 3660 5208 malo?

2075 5250 2202 5318 Quae
2228 5251 2650 5320 concupiscentia
2681 5249 2876 5302 malum
2907 5264 3010 5301 non
3039 5257 3222 5314 esset,
3265 5247 3310 5302 si
3355 5247 3466 5302 sola
3492 5263 3659 5318 gene-

2075 5341 2225 5397 randi
2251 5355 2409 5394 causa
2435 5339 2501 5394 ad
2545 5341 2742 5394 licitum
2771 5339 3110 5394 concubitum
3157 5347 3479 5394 moveretur.
3514 5339 3660 5393 Nuue

2138 5539 2154 5570 ί
2183 5538 2368 5603 Αιῖίιιιοι
2391 5545 2514 5599 Mss.,
2531 5545 2634 5603 pro
2649 5537 2806 5598 gratia
2824 5545 2988 5586 contra
3013 5535 3274 5603 Pelagium.
3290 5537 3428 5596 mliti,
3463 5546 3523 5586 re
3545 5549 3658 5592 om-

2075 5600 2142 5650 Iia
2171 5598 2252 5648 Dei
2271 5597 2439 5649 contra
2461 5597 2719 5662 magna".

2138 5663 2157 5692 ³
2189 5664 2270 5710 llic
2294 5671 2554 5732 negantem
2573 5660 2606 5724 "1
2623 5660 2872 5712 articulant
2913 5669 3214 5723 [metet-eunt
3235 5661 3331 5713 duo
3365 5673 3392 5711 (ε
3429 5661 3660 5708 intremus

2077 5731 2326 5774 manttscrtt
2348 5731 2422 5773 tis.
