4038 6182
357 291 468 350 765

363 403 660 464 molestiam
715 400 892 464 rivus,
941 399 1017 454 sic
1060 398 1282 452 fetorem
1336 403 1554 466 prtestat
1595 395 1806 448 attritus
1845 411 1858 447 :
1922 410 1942 444 ι

365 495 516 564 quasi
552 513 571 547 ι
609 491 1018 552 verecunderis,
1065 507 1088 541 ›
1119 497 1176 542 ιιι
1199 487 1432 556 loqueris
1455 527 1473 553 ,
1526 504 1545 537 ι
1575 483 1834 539 vincendo
1862 497 1950 538 me

363 595 628 650 atterere;
665 601 685 636 ι
712 583 798 636 vel
833 599 851 632 ι
885 589 1136 656 tanquam
1167 578 1337 634 vietus
1361 577 1428 632 ad
1453 577 1605 641 loca,
1641 594 1660 628 ι
1695 584 1753 630 ιιι
1785 575 1948 642 dicis,

371 694 390 727 ι
422 675 636 729 ctenosa
667 669 1017 742 confugerim,
1041 667 1340 726 exhorreas
1365 665 1618 736 consequi
1646 673 1805 734 atque
1825 679 1946 735 per-

365 768 533 822 imere
563 783 578 818 :
606 765 726 836 quia
755 762 1004 818 videlicet
1047 770 1226 832 partes
1264 758 1636 829 disputationis
1668 765 1805 824 tute,
1837 756 1956 828 qui-

363 857 468 913 bus
502 855 812 912 atterendus
837 854 924 908 vel
949 851 1288 924 perimendus
1313 865 1430 905 sum
1451 891 1464 916 ,
1495 848 1744 918 quoniam
1771 848 1838 903 de
1867 864 1957 918 pu-

365 948 559 1004 dendis
577 947 720 1018 loqui
748 945 976 1017 cogeris,
994 944 1138 999 velut
1157 942 1368 1014 quidam
1395 942 1620 996 ardituus
1635 941 1804 1011 pudor
1834 949 1955 998 tuus

368 1056 398 1096 η
423 1041 728 1106 verborum,
765 1035 939 1093 rsicut
965 1035 1214 1108 perhibes
1238 1075 1254 1100 ,
1287 1053 1306 1086 ι
1333 1033 1574 1088 libertate
1613 1032 1897 1088 submovit.
1929 1050 1949 1086 ι

369 1133 546 1198 Quare
573 1147 678 1186 non
709 1129 883 1200 potius
911 1127 980 1183 de
1007 1126 1162 1180 bonis
1189 1140 1306 1194 quae
1327 1123 1512 1178 laudas
1533 1163 1550 1190 ,
1582 1123 1748 1178 libere
1773 1122 1956 1191 loque-

370 1221 484 1277 ris?
512 1236 676 1290 quare
707 1237 812 1274 non
843 1230 924 1273 est
949 1217 1016 1272 de
1040 1231 1203 1286 opere
1251 1215 1346 1268 Dei
1386 1215 1670 1269 verborum
1703 1214 1952 1280 libertas,

371 1314 414 1366 si
440 1314 556 1380 ejus
595 1312 906 1366 intemerata
927 1315 1204 1377 permanet
1227 1303 1488 1376 dignitas,
1516 1321 1616 1360 nec
1661 1305 1858 1374 aliquid
1883 1304 1956 1358 ibi

370 1403 478 1472 egit
507 1411 813 1471 peccatum,
857 1399 999 1453 unde
1035 1398 1213 1466 potius
1269 1397 1530 1450 incuteret
1559 1394 1810 1465 pudorem
1833 1434 1850 1460 ,
1903 1403 1958 1448 et

374 1493 658 1548 verborum
687 1489 1060 1560 comprimeret
1083 1485 1414 1542 libertatem?

442 1580 667 1637 CAPUT
696 1580 762 1634 X.
802 1607 876 1620 ——
901 1578 992 1633 56.
1022 1596 1041 1629 ι
1079 1577 1134 1631 Si
1157 1591 1260 1630 non
1291 1583 1448 1642 sunt,
1488 1593 1507 1627 ι
1533 1574 1736 1644 inquis,
1769 1591 1789 1625 ι
1823 1587 1960 1642 nup-

375 1673 459 1725 om
485 1673 602 1726 sine
633 1670 883 1736 libidine,
912 1677 966 1723 et
1002 1666 1323 1738 generaliter
1351 1681 1380 1718 a
1419 1665 1568 1719 vobis
1598 1664 1762 1717 libido
1806 1663 1960 1716 dam-

370 1771 562 1828 natur,
615 1761 882 1814 damnatis
908 1767 960 1814 et
1011 1758 1242 1828 nuptias.
1299 1775 1319 1810 ι
1353 1756 1546 1811 Posses
1586 1755 1764 1810 dicere
1787 1795 1801 1820 ,
1833 1754 1956 1824 quia

372 1853 711 1908 damnabitur
739 1866 920 1918 mors,
948 1865 1133 1905 omnes
1162 1847 1490 1902 damnandos
1515 1861 1636 1901 esse
1679 1846 1954 1900 mortales.

371 1943 426 2000 Si
452 1954 631 1998 autem
679 1942 843 1998 libido
887 1941 954 1996 de
1002 1939 1269 1994 connubio
1319 1945 1493 2000 esset,
1551 1935 1790 2006 profecto
1833 1944 1957 1988 ante

371 2035 693 2089 connubinm
731 2031 816 2087 vel
844 2045 1040 2102 ιιςιειθι·
1067 2028 1389 2084 connubium
1418 2025 1560 2081 nulla
1589 2034 1753 2080 esset.
1791 2042 1808 2075 ι
1838 2023 1956 2078 Non

373 2133 574 2192 potest,
615 2142 635 2176 ι
679 2123 890 2192 inquis,
941 2139 960 2173 ι
996 2119 1101 2174 dici
1149 2117 1400 2184 morbus,
1450 2115 1564 2170 sine
1589 2129 1693 2184 quo
1741 2129 1846 2167 non
1875 2121 1958 2168 est

371 2215 691 2270 connubium
728 2231 742 2268 :
768 2215 889 2284 quia
908 2219 1082 2282 potest
1106 2225 1225 2266 csse
1253 2207 1576 2263 connubium
1605 2214 1798 2275 praeter
1833 2220 1959 2275 pec-

371 2317 586 2372 catum;
613 2305 828 2360 morbus
849 2311 1024 2358 autem
1043 2343 1056 2368 ,
1094 2321 1112 2354 ι
1140 2301 1338 2369 inquis,
1369 2317 1390 2350 (
1421 2299 1490 2353 ab
1518 2297 1773 2366 Apostolo
1827 2311 1954 2366 pec-

369 2409 549 2450 caurm
580 2395 795 2448 dicitur.
841 2411 860 2446 ι
917 2391 1022 2448 Sed
1069 2389 1423 2460 respondetur
1465 2386 1560 2442 tibi
1593 2403 1606 2440 :
1639 2385 1754 2440 Non
1783 2385 1956 2440 omnis

371 2487 590 2540 morbus
614 2489 885 2556 peccatum
933 2483 1146 2538 dicitur.
1181 2482 1282 2536 lstc
1324 2487 1502 2532 autem
1553 2478 1773 2532 morbus
1799 2489 1956 2546 pmua

369 2577 571 2647 peccati
600 2585 684 2630 est
705 2617 720 2642 ,
752 2576 868 2630 sine
894 2589 994 2644 qua
1025 2589 1129 2628 non
1151 2581 1324 2642 potest
1352 2585 1470 2624 esse
1495 2567 1724 2623 humana
1743 2579 1954 2634 natura,

375 2667 605 2720 nondum
637 2683 702 2720 ex
731 2667 874 2718 omni
899 2673 1044 2734 parte
1070 2671 1272 2718 sanata.
1301 2661 1355 2716 Si
1385 2669 1562 2713 autem
1590 2667 1868 2730 propterea
1894 2659 1956 2714 li-

371 2756 494 2810 bido
522 2757 714 2810 utalum
745 2771 850 2809 non
883 2764 994 2820 est,
1022 2753 1144 2823 quia
1167 2753 1283 2810 sine
1305 2753 1391 2805 illa
1423 2765 1532 2806 non
1565 2749 1624 2803 fit
1652 2751 1953 2820 nuptiarum

369 2845 566 2900 bonum
601 2863 612 2898 :
638 2861 668 2901 e
694 2843 962 2899 contrario
991 2859 1088 2898 nec
1113 2857 1305 2912 corpus
1325 2841 1522 2896 bonum
1540 2849 1622 2895 est
1642 2882 1656 2906 ,
1689 2839 1811 2910 quia
1840 2841 1956 2894 sine

369 2937 461 2990 illo
484 2952 586 2990 non
614 2939 670 2989 Iit
699 2935 943 2989 adulterii
977 2933 1195 2988 malum.
1227 2933 1340 2986 lloc
1383 2941 1558 2985 autem
1603 2930 1795 2984 falsum
1823 2937 1906 2986 est
1939 2946 1952 2982 :

367 3029 444 3083 sic
475 3043 601 3100 ergo
627 3037 682 3084 et
709 3027 854 3082 illud.
887 3026 1018 3094 Quis
1067 3034 1244 3080 autem
1275 3023 1444 3078 nescit
1487 3023 1782 3092 conjugatis
1811 3023 1955 3091 Apo-

367 3120 564 3173 stolum
597 3120 932 3189 praecepisse,
949 3127 1004 3172 ut
1019 3117 1182 3172 sciret
1208 3115 1571 3186 unusquisque
1591 3129 1776 3167 eorum
1799 3128 1955 3168 suum

367 3229 463 3268 vas
488 3214 759 3282 possidere
778 3254 793 3279 ,
819 3213 920 3267 hoc
944 3223 1020 3266 est
1043 3253 1059 3280 ,
1092 3225 1310 3264 uxorem
1337 3223 1485 3263 suam
1505 3249 1519 3272 ,
1553 3221 1659 3261 non
1699 3206 1750 3260 in
1769 3205 1958 3260 morbo

368 3305 650 3370 desiderii,
680 3306 814 3360 sicut
841 3313 1027 3375 gentes
1069 3318 1190 3372 qua:
1229 3302 1474 3372 ignorant
1511 3299 1675 3353 Deum
1704 3297 1746 3371 (l
1780 3297 1954 3352 Thess.

371 3414 426 3453 tv
448 3441 463 3463 ,
504 3400 572 3463 4,
599 3399 675 3468 5).
709 3397 806 3466 Qui
835 3412 960 3468 ergo
1004 3397 1070 3450 dc
1102 3395 1200 3450 hac
1247 3408 1305 3448 re
1335 3391 1647 3462 Apostolum
1691 3391 1854 3460 legit,
1907 3399 1958 3446 te

371 3491 606 3561 negligit.
638 3491 703 3545 Et
728 3505 830 3543 non
872 3487 1144 3543 erubescis
1172 3487 1330 3540 istum
1358 3483 1604 3538 morbum
1625 3523 1638 3546 ,
1680 3482 1766 3536 vel
1816 3481 1958 3552 quod

373 3589 428 3636 tu
457 3596 577 3636 esse
599 3623 614 3646 ,
643 3581 882 3652 quamvis
911 3581 930 3614 ί
961 3577 1298 3650 pudibundus
1321 3620 1335 3644 ,
1360 3575 1539 3631 fateris
1563 3613 1579 3640 ,
1626 3573 1778 3628 istam
1835 3573 1958 3629 libi-

373 3673 550 3728 dinem
582 3671 919 3728 introducere
943 3673 996 3727 in
1036 3671 1336 3741 paradisum
1361 3709 1376 3734 ,
1407 3677 1461 3723 et
1503 3666 1736 3721 tribucre
1771 3665 1960 3735 conju-

371 3765 524 3834 gibus
540 3774 662 3820 ante
699 3764 1012 3835 peccatum?
1059 3761 1252 3818 ldeone
1273 3768 1328 3814 tu
1355 3775 1460 3814 non
1487 3758 1539 3813 in
1557 3771 1713 3812 coeno
1737 3756 1960 3811 abscon-

371 3853 516 3909 ditus
543 3856 750 3920 latitas,
774 3855 896 3926 quia
917 3857 938 3887 '
967 3854 1186 3909 libidine
1211 3852 1387 3906 carnis
1411 3859 1465 3906 et
1499 3848 1770 3920 sanguinis
1808 3848 1958 3917 quasi

371 3945 600 4016 paradisi
626 3946 760 4001 florc'
775 3961 930 4001 roseo
955 3953 1004 3999 te
1028 3958 1256 3999 coronas
1279 3983 1296 4010 ,
1335 3949 1390 3996 et
1437 3949 1687 4010 tanquam
1733 3939 1960 3994 libenter

372 4038 466 4093 tali
485 4039 662 4094 colore
699 4037 940 4108 perfusus
956 4077 978 4105 ,
1004 4045 1058 4092 et
1085 4036 1354 4092 erubescis
1377 4042 1433 4107 et
1458 4031 1679 4088 laudas?

442 4128 667 4186 CAPUT
685 4129 774 4184 XI.
794 4157 868 4170 —-
890 4130 978 4184 57.
1006 4127 1164 4195 Quid,
1179 4125 1318 4197 quod
1337 4134 1388 4180 te
1409 4133 1606 4180 tantum
1626 4123 1854 4179 delectat
1870 4123 1958 4178 lo-

373 4219 488 4289 qui,
518 4228 578 4274 ut
605 4219 744 4290 quod
775 4218 1093 4274 confitemur
1125 4226 1182 4272 et
1207 4213 1480 4279 docemus,
1512 4224 1762 4284 tanquam
1785 4229 1951 4282 nege-

371 4323 513 4375 mus,
537 4307 803 4379 superflua
831 4308 1135 4378 prolixitate
1160 4306 1425 4368 sermonis
1452 4306 1678 4374 probare
1707 4303 1918 4359 coneris
1935 4303 1976 4388 i-

373 4397 505 4466 Quis
531 4400 672 4454 enim
701 4407 858 4470 negat
885 4398 1122 4453 futurum
1160 4396 1324 4451 fuisse
1352 4394 1713 4460 concubitum,
1744 4394 1953 4449 etiarnsi

373 4497 650 4558 peccatum
673 4505 778 4543 non
807 4486 1207 4558 praecessisset?
1236 4485 1340 4541 Sed
1363 4484 1570 4540 futurus
1590 4483 1785 4552 fuerat,
1815 4485 1954 4539 sicut

373 4579 495 4632 aliis
517 4578 794 4645 membris,
834 4580 903 4634 ita
929 4580 1087 4635 etiam
1115 4577 1434 4650 genitalibus
1468 4577 1734 4631 voluntate
1770 4577 1950 4642 motis,

375 4684 488 4724 non.
512 4668 728 4724 libidine
753 4669 1058 4734 concitatis;
1106 4677 1199 4723 aut
1221 4677 1366 4724 certe
1404 4668 1563 4722 etiam
1601 4667 1712 4736 ipsa
1738 4666 1956 4722 libidine

380 4761 473 4832 (ut
499 4775 606 4815 non
627 4775 725 4816 vos
753 4760 820 4815 de
845 4761 933 4815 illa
963 4761 1184 4814 nimium
1212 4759 1590 4814 contristemus
1605 4758 1648 4829 ),
1687 4773 1792 4812 non
1821 4759 1954 4828 qlia-

374 4851 442 4907 lis
468 4867 610 4907 nunc
632 4861 736 4918 est,
765 4851 860 4908 sed
907 4851 974 4906 ad
1022 4861 1206 4906 nutum
1262 4849 1620 4905 voluntarium
1665 4849 1952 4905 serviente.

377 4943 576 4999 Verum
602 4960 696 4999 vos
717 4960 815 5014 pro
838 4955 1082 5014 suscepta
1103 4953 1278 4999 vestra
1301 4952 1408 4998 tam
1427 4943 1656 4998 ﬁdeliter
1676 4943 1964 5011 laboratis,

373 5043 434 5088 ut
459 5035 566 5090 vim
592 5035 884 5105 patiamini,
921 5035 1024 5090 nisi
1043 5051 1160 5090 eam
1187 5035 1358 5106 qualis
1395 5050 1536 5091 nunc
1564 5045 1676 5102 est,
1703 5035 1864 5091 etiam
1906 5036 1958 5091 in

378 5125 948 5194 paradisocollocetis;
974 5141 1080 5181 non
1110 5126 1180 5181 ibi
1202 5128 1270 5182 de
1300 5136 1518 5196 peccato
1541 5127 1779 5182 dicentes
1799 5127 1958 5183 talem

377 5214 592 5284 factam,
631 5217 724 5274 sed
766 5219 926 5274 talem
951 5219 1098 5274 nullo
1123 5228 1380 5290 peccante
1427 5219 1590 5276 fuisse
1630 5234 1957 5287 mansuram,

377 5327 504 5366 cum
521 5327 622 5382 qua
649 5313 702 5368 in
736 5313 820 5368 illa
847 5327 980 5384 pace
1004 5313 1368 5380 dimicaretur,
1387 5321 1478 5369 aut
1500 5329 1570 5368 ne
1593 5313 1957 5382 dimicaretur,

377 5401 818 5474 quotiescumque
854 5413 1096 5474 surgeret
1132 5405 1453 5474 expleretur.
1481 5401 1526 5458 0
1557 5411 1770 5459 sanctas
1800 5418 1960 5474 para-

377 5491 482 5550 disi
537 5493 786 5551 delicias!
813 5495 862 5552 ὓ
900 5494 1130 5553 frontem
1181 5497 1646 5568 qualiumcumque
1683 5496 1961 5568 episcopo-

442 5649 460 5716 ξ
489 5655 560 5700 ει.
583 5657 635 5703 et
655 5657 764 5716 Iov.
792 5685 808 5712 ,
857 5651 928 5716 vel
948 5652 1092 5716 quod
1142 5656 1194 5716 tu
1230 5649 1477 5716 cicatricis;
1518 5652 1722 5716 omisso,
1747 5664 1864 5704 esse.

442 5711 464 5742 ³
481 5718 614 5768 ων..
632 5711 729 5772 qui.
755 5711 924 5764 caeteri
947 5711 1078 5772 libri,
1102 5712 1232 5772 quia.

1667 276 1868 334 LIBER
1904 276 1996 344 QU
2009 276 2092 330 Ali
2103 273 2254 332 TUS.

3529 279 3638 338 766

2061 390 2212 444 ruml
2244 389 2288 444 Ο
2317 388 2473 444 fidem
2503 389 2967 461 qualiumcumque
2993 398 3260 448 castorum
3284 391 3336 448 ⁸1

2126 479 2350 537 CAPUT
2389 479 2502 535 Xll.
2534 511 2604 522 —
2644 481 2732 537 58.
2785 481 2892 538 Sed
2939 483 3127 538 volens
3172 483 3482 553 ostendere,
3533 501 3642 544 non

2055 573 2234 629 omnia
2258 590 2376 646 quae
2419 583 2686 645 teguntur,
2718 590 2784 630 ex
2820 585 3042 647 peccato
3077 576 3438 632 erubescenda
3469 583 3642 648 putari

2055 677 2332 738 oportere,
2363 667 2586 722 multum
2616 667 2845 722 inaniter
2872 667 3034 722 multa
3079 683 3493 736 commemoras,
3521 687 3644 741 qua:

2055 760 2110 816 in
2137 769 2322 815 nostro
2345 773 2570 830 corpore
2597 759 2908 814 naturaliter
2951 768 3091 814 tecta
3130 769 3284 826 sunt;
3325 761 3476 830 quasi
3521 773 3644 833 post

2056 861 2330 921 peccaturo
2361 861 2495 906 tecta
2521 852 2646 918 sint,
2677 851 2908 906 sicutilli
2932 849 3192 916 homines,
3227 851 3520 907 undeinter
3546 869 3646 908 nos

2056 944 2280 1014 quaestio
2295 953 2396 1010 est,
2425 960 2542 1014 qua:
2585 953 2707 998 ante
2727 951 2999 1012 peccatum
3017 957 3115 996 nec
3134 942 3402 1012 pudenda,
3432 959 3530 999 nec
3561 955 3646 1000 te.

2057 1044 2142 1089 cta
2170 1035 2402 1098 fuerant.
2437 1043 2557 1106 post
2587 1043 2860 1104 peccatum
2894 1035 3136 1102 pudenda
3169 1043 3434 1092 texerunt.
3471 1055 3491 1088 ι
3519 1038 3644 1092 Bal-

2057 1123 2176 1190 bus,
2209 1143 2227 1176 ›
2261 1124 2450 1193 inquis,
2491 1143 2508 1174 ι
2547 1123 2686 1192 apud
2708 1123 2935 1177 Tullium
2959 1139 3078 1177 cum
3102 1123 3250 1178 Cotta
3268 1142 3394 1182 vere
3417 1126 3642 1195 diligen-

2059 1223 2242 1284 terque
2265 1214 2514 1268 disseruit
2551 1233 2569 1266 ι
2605 1213 2706 1286 (De
2733 1213 2934 1266 Natura
2951 1214 3179 1280 deorum,
3209 1217 3298 1269 lib.
3318 1216 3404 1284 2).
3435 1236 3452 1268 ι
3489 1217 3642 1274 Unde

2058 1304 2127 1359 ob
2155 1305 2256 1358 hoc
2286 1320 2452 1372 pauca
2483 1306 2656 1374 ponis,
2707 1323 2724 1356 ι
2757 1314 2814 1358 ut
2838 1303 2994 1370 dicis,
3029 1323 3047 1355 (
3087 1313 3142 1358 ιιι
3167 1321 3359 1360 oneres
3387 1307 3642 1375 pudorem

2057 1411 2257 1464 meum,
2293 1411 2396 1450 non
2437 1411 2496 1450 ea
2545 1413 2630 1450 me
2661 1395 2983 1450 intellexisse
3009 1395 3109 1449 sub
3136 1396 3439 1464 magisterio
3477 1413 3644 1451 sacrae
3703 1393 3716 1406 '

2059 1487 2211 1556 legis,
2239 1487 2303 1541 ad
2333 1503 2556 1556 quorum
2584 1487 2852 1542 notionem
2885 1485 3122 1541 Gentiles
3150 1487 3270 1540 solo
3300 1487 3517 1541 rationis
3543 1487 3642 1540 du-

2058 1586 2144 1630 ctu
2175 1578 2456 1646 pervenire
2495 1587 2820 1648 potuerunt:
2862 1596 2880 1629 ι
2917 1586 2970 1632 et
3001 1577 3153 1646 ponis
3181 1579 3328 1632 Balbi
3371 1580 3531 1632 verba
3575 1594 3644 1633 ex

2041 1661 2332 1721 Ciceronis
2361 1667 2519 1734 libro,
2553 1682 2650 1736 per
2672 1683 2790 1736 quae
2816 1682 2914 1722 nos
2948 1667 3164 1734 doceas,
3212 1667 3336 1738 quid
3381 1668 3646 1722 senserint

2057 1755 2218 1810 Stoici
2244 1757 2311 1812 de
2340 1758 2643 1824 animalium
2673 1765 2939 1811 mutorum
2963 1757 3265 1812 masmtlinis
3281 1773 3342 1810 ac
3373 1756 3646 1813 femininis

2059 1849 2472 1916 diversitalibus,
2524 1852 2590 1906 de
2637 1851 2876 1921 partibus
2919 1850 3160 1920 corporis
3201 1851 3544 1919 genitalibus.
3575 1861 3636 1908 et

2059 1939 2209 1993 miris
2258 1941 2774 1995 commiscendorum
2819 1956 3101 2009 corporum
3148 1940 3473 1995 libidinibus.
3513 1941 3646 2008 Quae

2061 2037 2239 2085 tamen
2290 2031 2472 2096 verba,
2524 2031 2608 2086 vel
2657 2031 2922 2095 Tulliana,
2966 2030 3051 2083 vel
3093 2029 3375 2100 cujuslibet
3401 2031 3662 2098 alterius,_

2059 2130 2344 2192 antequam
2395 2123 2785 2191 interponeres,
2831 2121 3140 2176 cautissime
3193 2121 3510 2190 praelocutus
3561 2137 3644 2186 es,

2065 2231 2083 2264 ι
2121 2214 2260 2283 quod
2291 2213 2409 2269 ideo
2435 2214 2535 2269 sub
2558 2214 2844 2268 bestiarum
2873 2212 3156 2267 occasione
3203 2227 3426 2267 sexuum
3467 2221 3646 2284 tangat

2059 2301 2336 2370 effectum,
2377 2305 2498 2374 quia
2539 2313 2754 2374 propter
2795 2303 3130 2358 honestatem
3171 2303 3274 2356 hoc
3319 2303 3371 2356 in
3413 2302 3644 2358 hominis

2058 2393 2414 2464 descriptione
2443 2393 2718 2463 przeteriit.
2754 2413 2774 2446 ›
2801 2393 2934 2460 Quid
2961 2402 3064 2458 est,
3091 2412 3108 2445 ι
3147 2403 3364 2462 propter
3394 2393 3646 2446 honesta-

2058 2485 2204 2540 tem?
2235 2507 2252 2538 ι
2280 2488 2358 2540 An
2386 2485 2438 2540 in
2466 2501 2599 2540 sexu
2622 2484 2855 2540 hominis
2880 2485 3134 2540 honestas
3167 2483 3529 2551 confunditur,
3559 2485 3648 2539 ubi

2059 2579 2201 2632 Deus
2232 2588 2482 2648 tanquam
2513 2579 2566 2632 in
2596 2577 2972 2634 excellentiore
3002 2587 3188 2630 natura
3217 2577 3425 2646 dignius
3453 2591 3646 2646 cpera-

2061 2672 2184 2726 tur?
2231 2670 2335 2726 Sed
2377 2671 2672 2726 docuerunt
2715 2680 2768 2724 te
2815 2669 2978 2722 Stoici
3009 2669 3281 2737 diSputare
3309 2668 3376 2722 de
3401 2669 3644 2732 occultis,

2058 2776 2158 2815 nec
2209 2761 2504 2815 docuerunt
2561 2759 2878 2814 erubescere
2941 2757 3007 2811 de
3055 2757 3336 2826 pudendis.
3387 2757 3646 2826 Adjungis

2058 2851 2274 2917 deinde,
2312 2871 2330 2904 ι
2369 2852 2636 2922 quomodo
2677 2851 2848 2920 ipsum
2887 2849 3158 2904 hominem
3188 2850 3428 2904 oratione
3460 2849 3648 2918 depino

2058 2955 2166 3014 gat,
2207 2964 2224 2998 ι
2263 2954 2319 2999 ιιι
2345 2945 2498 3010 dicis,
2547 2962 2567 2995 ι
2615 2951 2668 2996 et
2697 2941 2965 3012 quomodo
3009 2941 3236 2996 disserat
3263 2940 3364 2994 alvi
3404 2950 3644 2994 naturam

2058 3034 2333 3090 stomacho
2360 3049 2478 3088 esse
2503 3033 2815 3103 subiectam,
2847 3030 2987 3102 quod
3034 3030 3137 3085 cibi
3167 3040 3218 3086 et
3264 3031 3499 3100 potionis
3547 3030 3637 3096 sit,

2058 3127 2452 3194 receptaculum
2494 3126 2812 3195 :pulmones
2849 3131 3025 3176 autem
3073 3130 3128 3176 et
3173 3137 3268 3176 cor
3316 3122 3648 3178 extrinsecus

2059 3220 2301 3289 spiritum
2330 3218 2596 3272 adducant
2628 3235 2640 3270 :
2669 3217 2833 3272 multa
2867 3217 2916 3270 in
2945 3216 3064 3270 alvo
3093 3215 3407 3270 mirabiliter
3433 3215 3644 3282 effecta,

2060 3325 2178 3380 quae
2195 3318 2501 3365 constarent
2526 3324 2588 3364 ex
2615 3309 2822 3374 nervis;
2843 3316 2897 3364 et
2917 3307 3054 3378 quod
3077 3308 3144 3361 sit
3171 3307 3443 3377 multiplex
3466 3317 3518 3362 et
3539 3316 3648 3362 tor-

2061 3410 2232 3466 tuosa,
2264 3408 2546 3470 arceatque
2588 3407 2644 3454 et
2685 3399 2982 3464 contineat,
3014 3398 3125 3452 sive
3162 3398 3289 3454 illud
3317 3399 3522 3453 aridum
3551 3399 3642 3464 sit,

2059 3491 2173 3546 sive
2219 3491 2492 3546 humidum
2550 3490 2694 3560 quod
2747 3491 3050 3560 receperit'
3099 3507 3112 3542 :
3177 3510 3196 3543 ι
3231 3499 3284 3546 et
3330 3503 3521 3546 caetera
3551 3491 3650 3545 lut-

2055 3581 2288 3651 jusmodi
2314 3596 2480 3650 usque
2523 3581 2590 3635 ad
2629 3579 2782 3647 illud,
2840 3599 2860 3632 ι
2911 3581 3358 3650 quemadmodum
3411 3583 3656 3654 reliquim-

2061 3673 2164 3728 cibi
2211 3672 2564 3742 depellantur,
2609 3679 2721 3726 tum
2774 3673 3192 3744 astringentibus
3247 3690 3306 3730 se
3359 3676 3648 3739 intestinis.

2062 3771 2174 3818 tum
2201 3763 2582 3818 relaxantibus.
2621 3782 2641 3816 ι
2670 3762 2801 3819 Cum
2827 3779 2956 3833 ergo
2981 3773 3165 3834 posset
3193 3765 3356 3821 etiam
3383 3767 3435 3820 in
3463 3768 3650 3824 bestiis

2062 3853 2162 3908 ista
2193 3854 2519 3922 describere,
2541 3871 2640 3910 cur
2661 3855 2782 3912 inde
2802 3856 2868 3910 ad
2893 3856 3162 3912 hominem
3193 3858 3470 3912 transitum
3497 3857 3646 3926 fecit,

2062 3945 2165 4001 nisi
2195 3945 2315 4014 quia
2345 3946 2444 4000 ista
2475 3945 2718 4016 pudenda
2750 3961 2858 4001 non
2892 3958 3048 4014 sunt;
3091 3947 3232 4002 sicut
3261 3963 3358 4004 nec
3383 3949 3434 4003 in
3462 3948 3650 4004 bestiis

2065 4037 2155 4091 illa
2179 4037 2249 4092 de
2279 4053 2507 4091 sexuum
2539 4037 2860 4107 genitalibus
2889 4048 3047 4108 atque
3082 4039 3306 4106 naturis,
3332 4025 3449 4109 qua:
3478 4048 3651 4095 tamen

2064 4125 2121 4181 in
2154 4125 2369 4181 homine
2393 4126 2636 4197 pudenda
2667 4128 2830 4182 sunt?
2869 4143 2931 4182 ea
2961 4143 3118 4182 causa
3149 4128 3331 4197 utique
3351 4169 3368 4196 ,
3398 4144 3500 4199 qua
3543 4129 3652 4199 pri-

2061 4219 2220 4272 mitus
2267 4226 2383 4288 post
2424 4227 2696 4288 peccatum
2729 4219 2867 4273 foliis
2911 4219 3151 4274 ficulneis
3192 4218 3447 4290 adoperta
3490 4230 3640 4276 sunt.

2061 4306 2192 4362 Nam
2231 4322 2351 4361 cum
2389 4307 2440 4362 in
2480 4307 2836 4376 descriptione
2865 4307 3081 4362 humani
3109 4310 3353 4378 corporis
3380 4326 3548 4382 usque
3580 4312 3647 4366 ad

2063 4399 2152 4454 illa
2178 4407 2415 4454 extrema
2442 4399 2698 4464 venisset,
2729 4414 2830 4469 qua
2859 4398 2964 4455 cibi
2993 4401 3228 4472 reliquiae
3257 4401 3600 4472 depelluntur
3631 4420 3649 4455 ε

2068 4507 2088 4542 ι
2124 4488 2600 4557 Quemadmodum,
2640 4509 2660 4542 ι
2691 4491 2878 4559 inquit,
2919 4510 2939 4543 ι
2973 4493 3085 4556 fiat,
3119 4492 3255 4548 haud
3284 4509 3414 4549 sane
3441 4493 3658 4549 difﬁcile

2061 4581 2205 4638 dictu
2231 4591 2311 4636 est
2340 4599 2354 4636 :
2385 4581 2479 4637 sed
2511 4590 2688 4636 tamen
2716 4583 3140 4651 prmtereundum
3160 4627 3174 4649 ,
3215 4599 3285 4638 ne
3308 4585 3434 4656 quid
3466 4585 3658 4640 habeat

2061 4673 2463 4744 iniucunditatis
2497 4675 2687 4728 oratio.
2728 4693 2748 4727 ι
2782 4675 2898 4730 Non
2940 4675 3094 4744 dixit,
3141 4677 3509 4742 Coufusionis;
3543 4679 3652 4743 vel,

2062 4763 2140 4820 Ne
2168 4763 2292 4834 quid
2324 4763 2625 4834 pudendum
2655 4764 2848 4821 habeat
2867 4767 3043 4821 oratio
3070 4785 3083 4821 :
3111 4767 3226 4835 sed,
3261 4785 3280 4819 ι
3323 4782 3390 4822 ne
3415 4766 3539 4837 quid
3567 4767 3652 4820 in-

2058 4853 2426 4925 iucunditatis.
2465 4873 2488 4906 ι
2515 4855 2630 4909 Alia
2653 4863 2779 4910 sunt
2796 4857 2938 4911 enim
2960 4871 3080 4926 qua:
3103 4857 3375 4912 horrorem
3407 4857 3654 4928 ingerunt

2063 4945 2330 5011 sensibus,
2379 4945 2520 5015 quod
2567 4945 2822 5000 deformia
2876 4946 3018 5012 sint;
3069 4947 3172 5001 alia
3222 4961 3341 5016 qua:
3393 4945 3651 5016 pudorem

2065 5035 2350 5099 mentibus,
2395 5033 2996 5091 etiamsiformosa-sint
3035 5051 3050 5088 :
3097 5035 3218 5106 quia
3259 5035 3345 5089 illa
3373 5034 3650 5090 offendunt

2065 5127 2472 5184 delectationem
2493 5169 2520 5194 ,.
2546 5135 2886 5185 commovent
2906 5137 3083 5184 autem
3113 5128 3212 5183 ista
3241 5127 3536 5195 libidinem,
3564 5127 3650 5182 vel

2065 5219 2284 5275 libidine
2305 5227 2726 5274 commoventur.

2137 5309 2229 5366 59.
2275 5309 2410 5378 Quid
2453 5309 2613 5380 igitur
2653 5319 2708 5366 te
2743 5307 2997 5379 adjuvant
3034 5307 3187 5365 haec?
3221 5327 3240 5362 ι
3271 5309 3408 5377 Quia
3453 5309 3594 5380 ipse,
3633 5329 3651 5362 ι

2143 5529 2160 5560 ί
2180 5526 2492 5578 Michaellnus
2524 5527 2701 5586 codex,
2725 5535 2780 5592 et
2816 5528 2864 5592 in
2895 5527 3005 5577 aliis
3042 5528 3105 5592 ad,
3135 5526 3662 5592 marginem_plm'_tbt_u

2067 5597 2196 5659 tuas,
2219 5595 2509 5659 castrorum.
2524 5586 2761 5659 —atorel,
2779 5587 3015 5639 Elemeut.
3038 5591 3216 5650 Critia,
3241 5586 3386 5654 pagg.
3411 5586 3523 5650 8'36,
3539 5589 3654 5647 Et”,

2067 5649 2210 5743 legit,
2235 5649 2626 5722 christimgonpn.
2691 5657 2759 5720 Μ..
3205 5649 3208 5650 ⁷
3243 5649 3256 5654 ⁷
3308 5649 3363 5653 "
3513 5709 3522 5718 _

2181 5718 2226 5743 In
2249 5719 2337 5743 \lcc
2421 5726 2514 5743 eum
2537 5711 2660 5743 ιΙΙηΑ
2683 5709 2876 5743 nan-Anon
2919 5722 3008 5743 «sua;
3028 5711 3274 5743 [nu-nidum
3311 5723 3520 5743 νοιδίων·

2181 5718 2228 5760 tn
2249 5719 2355 5762 atss.
2371 5745 2386 5772 ,
2419 5709 2518 5774 sire,
2537 5711 2660 5764 illud
2683 5709 2896 5770 aridum,
2915 5722 3008 5763 me
3025 5711 3276 5766 humidum
3310 5709 3559 5763 remrem.
