4038 6182
345 305 452 362 767

345 424 544 487 inquis,
575 441 594 474 ι
619 419 798 491 cpifex
820 428 1000 473 noster
1022 410 1226 468 nullum
1256 425 1368 464 suae
1389 406 1516 462 artis
1537 405 1742 460 crimen
1764 415 1929 471 agno-

345 519 444 578 vit,
479 527 536 570 ιιι
563 513 742 570 vitalia
766 517 952 564 nostra.
972 515 1078 560 tam
1107 502 1391 574 diligenter
1415 498 1702 555 occuleret.
1730 512 1749 546 ι
1782 491 1936 547 Absit

350 611 527 678 plane,
561 614 616 658 ut
637 601 766 656 artis
795 613 905 652 suae
929 604 1104 651 tantus
1123 591 1310 648 artifex
1332 589 1500 646 ullum
1531 582 1806 658 agnoverit
1824 581 1932 636 cri-

351 672 496 753 inen.
545 693 653 750 Sed
690 707 785 746 cur
810 689 910 744 ista
957 685 1182 751 texerit,
1208 683 1317 754 jam
1347 679 1506 752 paulo
1534 676 1778 747 superius
1823 672 1938 742 ipse

351 787 553 852 dixisti,
587 803 606 836 ι
635 798 701 838 ne
729 781 936 836 scilicet
963 797 980 830 ι
1012 777 1094 832 vel
1122 777 1408 840 intereant,
1437 769 1520 826 vel
1555 768 1807 823 horreant
1832 777 1938 834 pu-

352 879 566 933 blicata.
607 893 627 927 ι
660 873 751 928 illa
777 885 908 926 vero
933 885 1052 940 qua:
1091 866 1234 922 foliis
1262 862 1504 919 ﬁculneis
1530 865 1782 915 texerunt
1805 868 1937 910 con-

349 967 509 1036 juges
536 961 689 1034 primi
716 958 888 1035 (Gen.
917 973 995 1023 ιιι,
1021 958 1052 1010 7
1073 956 1090 1026 )
1115 996 1131 1022 ,
1167 968 1268 1009 nec
1299 950 1585 1008 interibant
1610 947 1815 1036 utique,
1841 955 1941 997 nec

356 1035 680 1117 horrebant,
708 1047 922 1120 quando
949 1046 1076 1102 nudi
1104 1052 1288 1108 erant,
1315 1051 1369 1098 et
1395 1055 1499 1096 non
1535 1035 1939 1094 confundeban-

357 1155 441 1198 tur
469 1141 578 1214 (ιό.
614 1158 672 1208 ιι,
702 1139 816 1210 25).
864 1139 932 1194 Ει
958 1151 1098 1192 nunc
1134 1133 1400 1206 pudicitia:
1437 1130 1640 1196 cautio,
1671 1127 1848 1198 potius
1876 1138 1944 1179 ne

354 1233 538 1300 libeat,
567 1247 724 1304 quam
752 1247 820 1286 ne
844 1230 1058 1284 horreat
1085 1227 1173 1282 illa
1193 1225 1419 1296 species,
1442 1219 1751 1278 eorumdem
1773 1231 1947 1272 mem-

355 1325 572 1380 brorum
613 1323 812 1379 devitat
847 1329 1139 1392 aspectum.
1171 1317 1390 1372 Frustra
1433 1314 1593 1384 igitur
1637 1307 1944 1366 testimonio

356 1415 658 1472 Stoicorum
704 1411 992 1483 iuvandam
1039 1407 1236 1481 putasti
1282 1414 1424 1460 tuam
1463 1418 1582 1459 esse
1619 1406 1944 1469 susceptam,

359 1522 468 1563 non
499 1522 626 1562 sane
661 1505 764 1560 illis
801 1503 1048 1568 amicam,
1090 1499 1179 1570 qui
1220 1497 1422 1553 nullam
1464 1492 1776 1565 particulam
1821 1487 1948 1545 boni

360 1598 580 1656 humani
610 1599 661 1652 in
692 1595 932 1667 corporis
951 1593 1218 1664 voluptate
1241 1595 1549 1660 posuerunt.
1584 1584 1818 1655 Denique
1843 1581 1983 1636 ele-.

360 1699 554 1762 gerunt
579 1689 634 1744 in
662 1687 940 1759 pecoribus
985 1685 1162 1756 potius
1189 1698 1346 1754 quam
1377 1681 1429 1736 in
1459 1677 1780 1740 hominibus,
1808 1672 1952 1750 quod

363 1790 424 1836 ιιι
467 1779 625 1846 facis,
656 1777 874 1832 laudare
914 1775 1180 1831 libidines.
1228 1773 1426 1828 Eorum
1472 1769 1670 1840 quippe
1713 1764 1950 1838 Opinioni

363 1869 751 1926 convenienter
778 1869 852 1924 ait
880 1867 1110 1939 quodam
1151 1866 1270 1920 loco
1293 1863 1520 1929 Tullius,
1551 1876 1610 1916 se
1635 1875 1738 1914 non
1765 1867 1953 1928 putare

363 1963 507 2020 idem
535 1977 654 2018 esse
691 1961 870 2016 arietis
899 1969 952 2014 et
977 1958 1149 2014 Publii
1177 1955 1410 2010 Africani
1441 1953 1659 2009 bonum.
1689 1949 1806 2020 Qua
1831 1961 1950 2003 ma-

365 2053 448 2124 gis
475 2051 738 2108 sententia
771 2059 822 2107 te
849 2047 1082 2120 oportuit
1105 2044 1382 2103 admoneri
1402 2085 1420 2112 ,
1468 2041 1594 2115 quid
1629 2041 1696 2098 de
1724 2041 1954 2096 humana

365 2144 588 2202 libidine
613 2142 814 2200 sentire
841 2142 1090 2198 deberes.

440 2235 528 2290 60.
549 2233 657 2291 Sed
682 2234 727 2289 si
757 2226 950 2288 talibus
975 2229 1166 2287 litteris
1191 2237 1249 2284 ut
1270 2225 1470 2298 aliquid
1496 2240 1738 2299 agamus,
1759 2223 1953 2295 placet,

367 2327 490 2398 quia
515 2337 566 2381 et
593 2327 646 2380 in
674 2325 803 2396 ipsis
820 2323 1158 2394 reperiuntur
1171 2319 1428 2377 nonnulla
1444 2318 1668 2389 vestigia
1683 2315 1919 2372 veritatis
1937 2330 1953 2381 ;

368 2415 584 2472 interim
609 2431 726 2486 qua:
755 2415 869 2484 ipse
900 2413 1141 2482 posuisti,
1168 2411 1300 2466 nihil
1325 2411 1582 2466 adversus
1617 2421 1719 2463 nos
1751 2405 1955 2468 valere,

370 2517 501 2580 puto
529 2506 669 2578 quod
695 2507 804 2576 jam
829 2504 1028 2560 debeas
1046 2503 1309 2563 conﬁteri.
1329 2501 1462 2558 Vide
1487 2514 1627 2555 nunc
1651 2507 1828 2554 utrum
1859 2497 1958 2552 ista

369 2615 490 2670 qua:
517 2598 688 2654 dicam
709 2637 724 2662 ,
756 2611 862 2652 non
890 2603 1130 2650 evertant
1156 2591 1506 2648 assertionem
1543 2599 1708 2646 tuam.
1733 2588 1790 2642 ln
1822 2585 1960 2642 libro

369 2690 530 2744 tertio
571 2687 638 2743 de
681 2686 1000 2758 Republica,
1043 2683 1184 2739 idem
1229 2681 1434 2737 Tullius
1482 2679 1753 2734 hominem
1799 2675 1958 2742 dicit,

376 2800 396 2832 ι
434 2795 539 2834 non
567 2786 624 2834 ut
655 2795 686 2833 a
717 2785 905 2840 matre,
936 2775 1030 2830 sed
1060 2783 1168 2829 uta
1197 2787 1427 2828 noverca
1455 2780 1643 2826 natura
1665 2768 1868 2824 editum
1905 2766 1960 2821 in

373 2871 564 2937 vitam,
586 2885 811 2942 corpore
836 2867 1000 2934 nudo,
1025 2866 1216 2937 fragili,
1243 2873 1297 2920 et
1322 2863 1538 2920 infirmo
1556 2879 1571 2929 ;
1589 2862 1768 2917 animo
1782 2869 1962 2916 autem

371 2961 532 3016 anxio
557 2960 624 3015 ad
645 2959 938 3023 molestias,
973 2955 1158 3011 humili
1185 2953 1254 3009 ad
1279 2954 1518 3018 timores,
1549 2951 1696 3007 molli
1719 2949 1786 3004 ad
1809 2949 1962 3004 labo-

374 3067 487 3119 res,
519 3065 690 3122 prono
733 3049 798 3104 ad
828 3047 1078 3103 libidines
1107 3065 1120 3099 :
1154 3045 1207 3100 in
1234 3059 1342 3116 quo
1388 3053 1568 3099 tamen
1616 3043 1815 3097 inesset
1847 3047 1964 3093 tan-

375 3157 536 3210 quam
557 3139 778 3196 obrutus
797 3135 1008 3207 quidam
1029 3135 1242 3190 divinus
1263 3134 1396 3204 ignis
1413 3131 1608 3202 ingenii
1624 3139 1677 3186 et
1693 3128 1908 3184 mentis.
1937 3145 1957 3179 ο

375 3231 513 3300 Quid
538 3228 604 3284 ad
639 3229 753 3283 ham
781 3225 951 3282 dicis?
978 3224 1094 3280 Non
1124 3223 1225 3279 hoc
1257 3234 1444 3278 auctor
1473 3222 1574 3277 iste
1601 3221 1744 3275 male
1779 3219 1964 3273 viven-

379 3325 510 3380 tium
543 3320 779 3376 moribus
805 3317 940 3373 dixit
979 3314 1248 3379 effectum,
1275 3313 1370 3369 sed
1401 3321 1641 3367 naturam
1666 3309 1842 3380 potius
1869 3321 1964 3362 ae-

377 3411 602 3468 cusavit.
630 3409 763 3466 Rem
791 3407 956 3476 vidit,
999 3420 1216 3462 causam
1256 3402 1503 3460 uescivit.
1556 3401 1780 3456 Latebat
1820 3397 1964 3455 enim

381 3519 504 3562 eum
549 3517 648 3558 cur
687 3511 828 3557 esset
861 3514 1012 3571 graue
1041 3499 1229 3569 jugum
1271 3511 1422 3566 super
1457 3495 1592 3566 ﬁlios
1617 3492 1804 3558 Adam,
1833 3507 1864 3543 a
1886 3489 1970 3545 die

383 3597 548 3652 exitus
575 3594 640 3648 de
661 3601 827 3648 ventre
863 3591 1042 3646 matris
1071 3607 1263 3658 eorum,
1294 3603 1450 3660 usque
1483 3588 1536 3642 in
1563 3587 1696 3640 diem
1737 3583 1970 3655 sepultu-

381 3703 460 3743 ra:
477 3687 528 3741 in
549 3693 755 3740 matrem
774 3684 997 3739 omnium
1023 3679 1212 3754 (Eccli.
1237 3696 1328 3746 xu,
1359 3679 1436 3748 l);
1465 3678 1588 3749 quia
1613 3675 1780 3732 sacris
1799 3674 1968 3730 Litte-

385 3777 462 3832 ris
490 3789 594 3831 non
623 3773 892 3840 eruditus,
947 3770 1228 3843 ignorabat
1270 3769 1528 3840 originale
1568 3773 1864 3837 peceatum.
1907 3760 1966 3818 Si

386 3875 562 3922 autem
584 3863 652 3920 de
670 3863 913 3932 libidine,
939 3877 1100 3934 quam
1131 3859 1394 3926 defendis,
1428 3859 1564 3914 bene
1583 3855 1828 3918 sentiret,
1863 3866 1970 3908 non

385 3957 437 4012 ei
467 3971 666 4027 pronus
689 3955 740 4010 in
763 3952 1010 4009 libidines
1035 3953 1242 4007 animus
1267 3949 1589 4021 displiceret.

457 4068 548 4125 ﬁl.
589 4066 692 4124 Sed
717 4065 902 4122 si’haae
930 4075 1178 4135 tanquam
1214 4063 1420 4118 minora
1453 4061 1594 4118 bona
1627 4055 1890 4122 defendis,
1919 4055 1973 4110 in

389 4173 510 4228 qua:
539 4173 646 4212 non
667 4155 825 4211 debet
850 4170 881 4211 a
907 4155 1154 4225 supernis
1178 4153 1387 4208 animus
1417 4149 1685 4219 inclinari,
1718 4163 1823 4204 non
1849 4146 1974 4218 quia

389 4246 555 4303 libido
577 4247 762 4302 vitium
784 4253 886 4309 est,
910 4243 1005 4299 sed
1035 4243 1158 4314 quia
1179 4241 1422 4298 inﬁmum
1449 4241 1683 4304 bonum;
1711 4236 1833 4291 audi
1863 4250 1977 4290 ma-

397 4337 673 4393 nifestiora
700 4352 818 4406 qua:
840 4335 980 4390 dicat
1003 4335 1056 4388 in
1081 4333 1268 4390 eodem
1295 4332 1412 4404 ipso
1431 4331 1568 4386 libro
1591 4329 1659 4384 de
1687 4325 1978 4397 Republica

393 4429 575 4495 tertio,
605 4443 726 4482 cum
761 4435 943 4498 ageret
979 4427 1048 4482 de
1073 4441 1231 4482 causa
1260 4423 1577 4496 imperandi.
1614 4440 1632 4473 ι
1657 4422 1754 4476 ΔΑιι
1784 4435 1910 4483 non,
1950 4436 1973 4471 ι

393 4527 590 4598 inquit,
621 4543 641 4577 ι
677 4524 945 4580 cernimus
966 4525 1168 4594 optimo
1191 4524 1384 4593 cuique
1406 4521 1736 4576 dominatum
1767 4517 1836 4572 ab
1863 4519 1979 4586 ipsa

395 4631 586 4678 natura
614 4636 736 4677 cum
765 4634 972 4674 summa
1001 4619 1229 4675 utilitate
1269 4617 1577 4672 inﬁmorum
1605 4614 1830 4670 datum?
1871 4613 1981 4668 Cur

397 4713 558 4783 igitur
586 4713 603 4744 ί
637 4712 777 4766 Deus
806 4709 1008 4766 homini
1033 4751 1049 4776 ,
1077 4710 1286 4764 animus
1315 4709 1542 4777 imperat
1568 4705 1779 4776 corpori
1801 4743 1815 4769 ,
1845 4704 1982 4759 ratio

397 4803 607 4859 libidini
637 4802 1031 4873 iracundiaeque
1059 4809 1114 4857 et
1135 4799 1344 4856 caeteris
1364 4797 1568 4852 vitiosis
1594 4795 1832 4866 ejusdem
1863 4794 1984 4848 ani-

400 4897 474 4952 mi
507 4896 788 4967 partibus?
831 4915 850 4948 ι
881 4893 1070 4951 Jamne
1094 4893 1282 4949 saltem
1311 4891 1539 4947 docente
1570 4889 1672 4944 isto
1703 4888 1819 4952 bas,
1850 4901 1985 4957 quas

397 4989 568 5045 bonas
591 5002 712 5044 esse
737 4986 998 5053 defendis,
1029 4985 1248 5041 vitiosas
1271 4991 1450 5054 partes
1477 4981 1641 5037 animi
1669 4977 1986 5034 conﬁteris?

403 5079 598 5135 Adhuc
615 5078 761 5134 audi.
785 5077 951 5134 Paulo
974 5089 1096 5148 post
1115 5075 1258 5132 enim
1285 5091 1299 5131 :
1329 5093 1348 5126 ι
1379 5072 1484 5130 Sed
1505 5081 1560 5128 et
1586 5068 1907 5142 imperandi,
1931 5077 1989 5124 et

401 5171 670 5227 serviendi
707 5189 726 5223 ι
763 5171 950 5242 inquit,
980 5188 1000 5222 ι
1028 5177 1153 5224 sunt
1175 5165 1638 5223 dissimilitudines
1657 5175 1988 5234 cognoscen-

403 5264 507 5319 dae.
538 5263 668 5318 Nam
697 5273 755 5318 ut
782 5263 992 5317 animus
1014 5261 1226 5332 corpori
1252 5259 1448 5314 dicitur
1475 5257 1758 5326 imperare,
1789 5253 1985 5308 dicitur

403 5353 566 5408 etiam
595 5353 802 5408 libidini
837 5371 851 5408 :
882 5353 978 5409 sed
1007 5351 1254 5422 corpori,
1285 5358 1344 5406 ut
1371 5365 1464 5406 rex
1498 5346 1702 5403 civibus
1731 5344 1865 5408 suis,
1897 5350 1990 5398 aut

406 5457 602 5514 parens
640 5443 860 5508 liberis;
900 5442 1105 5499 libidini
1151 5449 1327 5496 autem
1353 5483 1370 5508 ,
1407 5448 1466 5494 ut
1491 5436 1658 5495 servis
1703 5433 1986 5500 dominus,

410 5530 552 5604 quod
577 5547 694 5588 eam
721 5542 934 5590 coercet
965 5545 1021 5590 et
1063 5529 1274 5603 frangit.
1309 5531 1398 5588 Sic
1423 5544 1625 5601 regum,
1654 5530 1734 5583 sic
1761 5525 1992 5596 impera-

474 5668 492 5730 ξ
519 5662 790 5730 Caglensis
811 5674 912 5730 Ms”
928 5675 1046 5730 Cum
1069 5665 1234 5730 igitur.

473 5728 496 5758 ⁸
517 5727 661 5790 Editi,
683 5739 792 5784 quo.
819 5721 1060 5776 Sie'ctiam
1085 5721 1304 5776 Gallicani
1337 5733 1442 5776 Mss.
1473 5733 1522 5775 at
1549 5734 1562 5754 ι
1581 5723 1772 5788 alicani,
1798 5721 1941 5786 quod.

1131 291 1406 350 CONTRA
1444 284 1782 346 JULIANIlM
1821 276 2283 342 PELAGIANUM,
2323 275 2383 332 S.
2423 270 2786 330 AUGUSTI.“

3514 270 3618 325 768

2044 405 2215 450 lorum
2241 391 2259 458 ,‘
2285 391 2364 446 sic
2401 390 2800 460 magistratuum
2826 425 2842 454 ,
2889 373 2967 441 sic
3013 395 3220 457 patrum
3247 427 3260 450 ,
3291 385 3367 440 sic
3399 386 3627 455 populo-

2039 501 2158 542 rum
2186 482 2407 554 imperia
2432 481 2636 537 civibus
2661 477 2924 548 sociisque
2955 489 3206 546 pratsunt,
3233 485 3291 530 ut
3310 474 3626 542 corporibus

2039 577 2286 632 aninms:
2316 569 2516 628 domini
2545 577 2722 624 autem
2753 581 2938 623 servos
2963 567 3033 620 ita
3065 565 3306 636 fatigant,
3336 573 3394 619 ut
3421 565 3622 634 Optima

2043 679 2164 738 pars
2187 661 2372 728 animi,
2405 661 2456 716 id
2481 668 2562 715 est
2585 699 2602 726 ,
2632 657 2888 728 sapientia
2913 696 2924 718 ,
2955 655 3190 726 ejusdem
3217 654 3380 709 animi
3411 655 3630 708 vitiasas

2043 755 2440 822 imbecillasque
2471 758 2648 820 partes
2670 791 2686 816 ,
2717 755 2775 803 ut
2804 745 3052 802 libidines
3071 787 3088 813 ,
3117 754 3178 800 ut
3215 743 3536 802 iracundias.
3569 749 3629 797 ιιι

2043 842 2470 915 perturbationes
2489 848 2728 894 exteras.
2765 855 2785 889 ι
2815 835 3062 891 llabcsne
3085 834 3258 889 adhuc
3278 831 3420 904 quod
3440 841 3628 888 contra

2045 949 2145 989 nos
2185 933 2253 987 de
2299 929 2635 984 sascularium
2685 925 2979 982 litterarum
3030 923 3338 980 auctoribus
3379 921 3633 993 garrias?

2047 1022 2153 1080 Sed
2193 1023 2236 1076 si
2265 1029 2448 1076 contra
2487 1019 2766 1088 episcopos
2789 1016 3118 1086 eloquiorum
3139 1013 3440 1070 divinorum
3483 1022 3627 1080 prm-

2047 1111 2370 1168 elarissimos
2415 1113 2728 1164 tractatores
2750 1148 2766 1172 ,
2825 1120 2925 1177 pro
2967 1105 3070 1160 isto
3101 1105 3298 1177 (quem
3325 1119 3356 1158 a
3389 1113 3442 1158 te
3487 1103 3634 1158 Deus

2049 1198 2292 1270 avertat)
2319 1212 2502 1254 errore
2529 1195 2850 1268 quaesiturus
2875 1208 2935 1250 es
2962 1194 3088 1266 quid
3114 1194 3282 1260 dicas,
3312 1207 3486 1264 quove
3511 1207 3632 1247 mo-

2049 1293 2120 1348 do
2141 1293 2348 1347 illorum
2371 1289 2638 1345 sanctitati
2659 1287 2912 1354 resistas;
2937 1285 3065 1356 quid
3092 1286 3185 1342 tibi
3205 1285 3306 1341 erit
3325 1284 3552 1352 Tullius,
3577 1293 3636 1339 ut

2051 1397 2158 1440 non
2179 1398 2299 1439 eum
2325 1381 2380 1450 in
2401 1380 2505 1436 hac
2531 1379 2796 1435 sententia
2819 1377 3116 1448 desipuisse
3143 1391 3206 1431 ae
3225 1375 3480 1431 delirasse
3502 1390 3634 1429 eon-

2054 1472 2267 1530 tendas?
2284 1472 2422 1528 Tace
2435 1485 2563 1542 ergo
2577 1469 2646 1526 de
2661 1469 2800 1526 illius
2811 1465 3201 1540 generislibris,
3215 1473 3271 1522 et
3281 1465 3387 1520 noli
3403 1479 3500 1520 nos
3512 1464 3637 1519 inde

2052 1563 2248 1634 aliquid
2275 1561 2661 1619 contumeliose
2685 1559 2882 1615 docere
2901 1559 3104 1624 conari,
3121 1573 3191 1612 ne
3205 1571 3428 1627 quorum
3453 1565 3505 1612 te
3525 1556 3635 1610 ina.

2053 1658 2192 1712 niter
2209 1655 2476 1712 sublevari
2494 1653 2690 1720 credis,
2707 1667 2891 1708 eorum
2913 1649 3230 1706 testimoniis
3245 1649 3637 1718 comprimaris.

2123 1745 2348 1804 CAPUT
2367 1744 2584 1802 Xlll.—
2599 1745 2688 1802 62.
2707 1743 2842 1812 Quid
2857 1750 3032 1799 autem
3053 1741 3121 1798 de
3131 1752 3276 1796 motu
3290 1739 3520 1806 feminae,
3539 1755 3604 1795 cu
3617 1770 3638 1780 -

2051 1837 2138 1908 jus
2157 1845 2212 1893 et
2234 1837 2404 1907 ipsam
2433 1835 2636 1907 puduit,
2661 1835 2888 1890 inaniter
2907 1831 3385 1903 argumentandum
3408 1829 3644 1900 putasti?

2055 1929 2173 1984 Non
2201 1928 2386 1999 utique
2413 1927 2606 1984 femina
2647 1935 2850 1982 motum
2886 1925 3150 1981 visibilem
3186 1922 3360 1979 texit:
3392 1920 3486 1978 sed
3515 1936 3640 1976 cum

2057 2021 2112 2078 in
2161 2021 2363 2077 eisdem
2402 2021 2656 2076 membris
2706 2019 2812 2074 tale
2835 2017 3034 2089 aliquid
3081 2016 3305 2073 sentiret
3353 2015 3638 2080 occultius,

2057 2110 2216 2182 quale
2241 2111 2322 2166 vir
2347 2117 2623 2175 senserat;
2655 2108 2812 2164 ambo
2850 2115 3119 2174 texerunt,
3147 2105 3289 2177 quod
3324 2106 3641 2162 alterutrum

2058 2203 2290 2276 videndo
2315 2203 2368 2258 in
2408 2203 2724 2258 alterutrum
2751 2200 3004 2256 commoti
3031 2201 3191 2256 ambo
3228 2205 3534 2263 senserunt,
3588 2208 3645 2252 et

2059 2295 2142 2352 vel
2167 2295 2531 2366 unusquisque
2559 2293 2658 2348 sibi
2689 2293 2774 2349 vel
2809 2292 2947 2348 alter
2971 2290 3125 2348 alteri
3151 2291 3500 2346 erubuerunt.
3533 2287 3639 2344 Sed

2061 2385 2286 2455 loquens
2314 2399 2470 2450 vana,
2501 2401 2520 2436 ι
2559 2383 2696 2454 petis
2723 2389 2784 2438 ut
2813 2384 3091 2453 ignoscant
3113 2380 3430 2436 verecunda:
3456 2393 3639 2442 aures,

2062 2485 2117 2532 et
2139 2476 2533 2546 congemiscant
2561 2475 2754 2544 potius,
2785 2489 2945 2545 quam
2975 2473 3312 2544 indignentur
3334 2471 3641 2528 necessitati

2063 2574 2186 2622 tuas.
2219 2585 2238 2620 ›
2272 2565 2448 2634 Quare
2475 2564 2817 2622 confunderis
2839 2564 2910 2621 de
2937 2564 3033 2620 Dei
3060 2563 3312 2634 operibus
3334 2561 3650 2632 disputare?

2064 2661 2241 2730 Quare
2261 2659 2398 2730 petis
2425 2667 2483 2714 ut
2527 2659 2831 2730 ignoscatur
2873 2657 3006 2714 tibi?
3043 2656 3232 2713 Nonne
3267 2656 3363 2712 abs
3397 2663 3454 2712 te
3477 2655 3652 2710 venia:

2061 2751 2351 2824 postulatio
2399 2751 2558 2806 etiam
2598 2749 2710 2821 ipsa
2747 2757 2830 2804 est
2858 2747 3092 2804 libidinis
3119 2746 3432 2802 accusatio?
3475 2763 3497 2798 ι
3542 2743 3652 2800 Sed

2063 2844 2110 2900 si
2139 2851 2364 2916 poterat,
2395 2861 2415 2895 ι
2446 2841 2642 2913 inquis,
2674 2859 2694 2894 ι
2740 2840 2897 2895 virile
2923 2837 3221 2895 membrum
3249 2845 3306 2892 et
3335 2845 3491 2891 antea
3534 2849 3657 2889 mo-

2065 2932 2207 2996 veri,
2239 2931 2371 2987 nihil
2407 2945 2536 3002 ergo
2567 2929 2816 2986 novitatis
2846 2928 3046 2984 invexit
3075 2927 3346 2984 delictum.
3383 2942 3402 2978 ι
3429 2924 3656 2980 Poterat

2065 3025 2222 3098 plane
2249 3025 2412 3082 etiam
2440 3033 2594 3078 antea
2634 3023 2858 3088 moveri,
2890 3021 2986 3078 sed
3014 3037 3120 3077 non
3146 3027 3263 3077 erat
3285 3019 3560 3086 indecens,
3593 3029 3653 3072 ut

2067 3119 2292 3190 puderet
2316 3118 2357 3183 ¹;
2383 3116 2634 3188 quoniam
2664 3115 2718 3171 id
2744 3115 2992 3170 movebat
3027 3113 3319 3170 voluntatis
3344 3111 3648 3182 imperium,

2067 3223 2175 3264 non
2214 3221 2341 3264 caro
2382 3207 2770 3276 concupiscens
2814 3204 3072 3261 adversus
3119 3203 3386 3274 spiritum.
3441 3201 3505 3270 ln
3548 3200 3656 3254 hoc

2067 3298 2208 3354 enim
2237 3295 2441 3352 exstitit
2478 3297 2690 3350 novitas
2719 3293 2993 3364 pudenda,
3024 3308 3184 3364 quam
3213 3290 3449 3348 defendit
3475 3291 3654 3360 impu-

2068 3389 2258 3446 denter
2287 3386 2494 3443 novitas
2513 3398 2711 3444 vestra.
2733 3385 3024 3465 [Nunquam
3053 3400 3182 3440 vero
3209 3400 3308 3456 ego
3334 3394 3534 3439 motum
3561 3398 3658 3454 ge-

2072 3481 2309 3538 nitalium
2336 3477 2654 3550 reprehendi
2677 3478 3030 3549 generaliter,
3049 3476 3192 3548 quod
3233 3485 3287 3531 tu
3309 3475 3442 3531 dicis
3460 3515 3476 3540 ,
3505 3493 3524 3526 ι
3555 3475 3658 3529 de-

2071 3571 2298 3628 dicative
2331 3588 2342 3624 :
2379 3587 2400 3622 ι
2431 3569 2527 3624 sed
2565 3569 2710 3626 illum
2735 3578 2938 3624 motum
2969 3565 3322 3638 reprehendi,
3347 3581 3506 3636 quem
3533 3563 3661 3620 facit

2072 3661 2533 3734 concupiscentia,
2564 3677 2670 3732 qua
2703 3676 2830 3717 caro
2859 3659 3190 3743 eopcupiscit
3215 3657 3471 3713 adversus
3499 3657 3662 3727 spiri-

2075 3762 2188 3810 tum
2219 3770 2232 3806 :
2265 3767 2422 3824 quam
2473 3752 2618 3808 velut
2655 3750 2854 3806 bonum
2876 3765 3000 3806 eum
3033 3747 3284 3806 defendat
3315 3761 3468 3803 error
3509 3754 3652 3809 tuus,

2075 3846 2256 3904 nescio
2294 3843 2738 3916 quemadmodum
2767 3843 3022 3900 adversus
3056 3842 3200 3898 illam
3234 3841 3377 3922 velut
3395 3839 3656 3896 adversus

2076 3939 2276 3995 malum
2302 3938 2642 4008 concupiscat
2668 3936 2884 4006 spiritus
2912 3944 3053 3990 tuus.

2149 4030 2240 4086 65.
2278 4047 2296 4082 ι
2318 4028 2376 4086 Si
2405 4027 2459 4082 in
2488 4026 2664 4083 fructu
2688 4027 2816 4098 ligni
2854 4027 3024 4094 illius,
3055 4044 3076 4079 ι
3111 4024 3316 4095 inquis,
3349 4041 3370 4076 ι
3416 4022 3533 4078 haec
3565 4020 3666 4076 fuit

2080 4121 2274 4189 libido;
2316 4137 2346 4176 a
2371 4121 2484 4178 Deo
2509 4117 2648 4174 facta
2674 4126 3018 4184 monstratur,
3042 4125 3095 4172 et
3121 4131 3218 4187 per
3241 4113 3344 4170 hoc
3370 4114 3507 4169 bona
3532 4127 3668 4183 quo-

2079 4227 2184 4284 que
2208 4212 2324 4283 ipsa
2360 4209 2684 4267 defenditur.
2717 4227 2736 4261 ι
2767 4207 2877 4264 Sed
2905 4207 3258 4278 respondetur
3287 4203 3382 4259 tibi
3409 4220 3423 4257 :
3453 4201 3568 4256 Non
3609 4203 3664 4255 in

2069 4303 2256 4360 .fruclu
2283 4301 2410 4373 ligni
2452 4299 2552 4356 fuit
2579 4298 2744 4354 libido
2765 4339 2782 4366 ,
2813 4307 2868 4354 et
2905 4297 3026 4353 ideo
3054 4297 3254 4352 bonum
3281 4303 3396 4350 erat
3423 4293 3620 4363 lignum
3648 4308 3662 4356 ;

2082 4395 2178 4453 sed
2217 4395 2354 4450 mala
2384 4401 2476 4449 est
2517 4389 2876 4447 inobedientia
2925 4387 3198 4456 libidinis,
3244 4401 3364 4456 quae
3407 4383 3668 4439 adversus

2085 4485 2316 4544 hominis
2354 4483 2768 4540 inobedientiam
2803 4495 2960 4554 quam
2991 4480 3044 4534 in
3089 4479 3233 4550 ligno
3260 4475 3508 4542 admisit,
3553 4473 3670 4528 Deo

2085 4581 2364 4636 deserente
2391 4575 2648 4632 surrexit.
2671 4573 2828 4630 Absit
2854 4573 2996 4628 enim
3019 4579 3074 4625 ut
3101 4571 3242 4625 Deus
3266 4567 3334 4624 de
3358 4567 3501 4638 ligno
3527 4563 3671 4619 bono

2086 4672 2402 4741 cuicumque
2438 4667 2580 4724 aetati
2613 4666 2824 4720 illorum
2865 4662 3138 4718 hominum
3169 4671 3502 4731 quocumque
3539 4665 3674 4710 tem.

2085 4775 2218 4833 pore
2244 4758 2558 4816 beneﬁcium
2584 4757 2688 4812 tale
2715 4753 3014 4818 conferret,
3041 4762 3098 4808 ut
3126 4751 3382 4806 haberent
3413 4749 3465 4803 in
3502 4762 3673 4801 mem-

2087 4855 2202 4910 bris
2227 4851 2584 4907 adversariam
2615 4851 2636 4882 ²
2661 4855 2846 4903 contra
2885 4841 3042 4917 quam
3077 4843 3328 4916 pudicitia
3373 4840 3672 4896 dimicaret.

2161 4945 2250 5000 οι.
2289 4941 2546 4998 Novimus
2591 4947 2770 4994 autem
2817 4956 2837 4990 ι
2877 4937 3138 4993 Joannem
3185 4932 3483 5005 apostolum
3507 4971 3525 4998 ,
3567 4946 3676 4984 non

2091 5035 2348 5092 mmtdum
2378 5035 2536 5089 istum
2557 5073 2573 5100 ,
2606 5031 2659 5086 id
2685 5039 2767 5086 est
2787 5069 2802 5089 .
2833 5029 3033 5085 coelum
3057 5035 3115 5082 et
3143 5035 3370 5090 terram,
3406 5031 3461 5077 et
3496 5021 3678 5076 omnia

2091 5143 2210 5198 quae
2237 5126 2290 5180 in
2314 5139 2380 5180 eo
2405 5123 2426 5156 ³
2457 5121 2874 5178 substantialiter
2911 5127 3066 5182 sunt,
3106 5116 3198 5187 qui
3239 5113 3472 5170 mundus
3512 5113 3680 5166 factus

2093 5226 2176 5275 est
2213 5233 2244 5272 a
2272 5216 2429 5272 Patre
2457 5229 2553 5285 per
2577 5211 2769 5268 Filium
2791 5253 2806 5275 ,
2833 5207 3242 5280 reprehendisse
3259 5247 3275 5273 ,
3303 5220 3424 5260 cum
3451 5202 3678 5264 diceret.

2097 5309 2282 5366 Omnia
2305 5321 2418 5379 qua:
2440 5307 2493 5360 in
2520 5303 2709 5360 mundo
2735 5312 2850 5358 sunt
2866 5343 2880 5368 ,
2906 5297 3308 5370 concupiscentia
3319 5296 3486 5351 carnis
3512 5303 3606 5360 est,
3637 5301 3682 5346 τι

2159 5472 2176 5502 ί
2187 5524 2190 5527 ,
2202 5467 2525 5519 lmanienses
2545 5473 2802 5527 perperam
2821 5463 3166 5527 correxerunt,
3182 5465 3358 5527 decens
3377 5455 3432 5504 ut
3442 5449 3679 5527 puderet.

2096 5511 2940 5592 noxTQanfahah‘pﬁ,'quonnm,
2971 5511 3259 5584 posuerunt,
3291 5511 3504 5580 quando,
3523 5514 3573 5564 in
3590 5511 3684 5562 hcc

2097 5601 2254 5644 secuti
2277 5599 2392 5641 sunt
2413 5599 2515 5654 Ain.
2533 5595 2594 5654 ct
2614 5592 2689 5654 Er.
2827 5643 2838 5654 .

2163 5658 2184 5688 ι
2207 5656 2278 5704 sic
2301 5659 2406 5700 Mss.
2427 5650 2564 5708 Fditi,
2586 5645 2950 5713 adversariam.

2169 5719 2188 5749 ⁸
2210 5723 2416 5776 Quatuor
2439 5722 2562 5773 5335.,
2590 5708 2640 5762 in
2658 5707 2742 5760 cis.
2765 5715 2909 5760 t'uus.
2932 5707 2982 5756 in
3004 5716 3080 5754 ea.
