4038 6182
401 284 507 343 769

397 399 800 471 concupiscentia
817 401 1101 465 oculorum,
1116 408 1160 455 et
1176 399 1380 454 ambitio
1396 399 1570 454 δινευιὶ
1588 416 1606 464 ;
1622 414 1735 470 qua:
1754 416 1854 453 non
1874 410 1949 453 est
1962 417 1992 452 α

406 491 678 556 l'atre,scd
703 509 766 546 ea:
785 491 1057 546 mundoest
1084 509 1103 543 ι
1127 491 1170 563 (1
1190 490 1347 546 Joan.
1369 507 1425 558 tt,
1447 490 1558 561 16).
1583 490 1838 545 Novimus
1853 490 1989 557 haec,

400 585 524 639 nolo
551 598 648 638 nos
687 582 904 638 doceas.
931 582 1036 639 Sed
1062 598 1219 653 quam
1248 602 1267 634 ι
1310 582 1794 655 concupiscentiam
1816 584 1992 638 carnis

398 673 593 728 dixerit
617 687 646 727 a
668 672 824 728 Patre
852 687 959 727 non
981 687 1153 739 esse,»
1178 683 1230 727 tu
1258 673 1442 729 volens
1466 688 1756 744 exponere,
1782 691 1801 724 ι
1835 673 1992 728 luxu-

399 766 532 823 riam
560 764 952 838 intelligendam
974 765 1350 821 esseidixisti.
1380 764 1483 820 Sed
1513 781 1633 820 cum
1662 765 1757 820 abs
1776 772 1825 819 te
1841 780 1992 835 qua:—

401 874 494 924 ro,
523 856 609 913 cui
632 856 997 912 consentiatur
1024 867 1080 912 ut
1103 856 1173 911 sit
1198 857 1423 920 luxuria,
1447 857 1529 912 vel
1559 856 1643 911 cui
1671 868 1993 927 repugnetur

400 959 581 1003 utnon
607 948 698 1013 sit,
727 956 813 1002 tua
841 948 934 1003 libi
957 957 1206 1017 suscepta
1220 947 1452 1003 occurrit
1477 948 1530 1001 in
1566 946 1787 1012 faciem;
1812 956 1989 1002 utrum

403 1039 575 1094 adhuc
616 1038 909 1106 laudanda,
959 1048 1014 1095 tu
1052 1039 1278 1103 videris,
1329 1040 1413 1094 cui
1444 1040 1749 1096 consentire
1786 1040 1992 1095 luxuria

399 1140 503 1195 est,
528 1130 610 1186 cui
630 1145 927 1202 repugnare
950 1130 1273 1187 continentia
1305 1140 1407 1187 est.
1428 1132 1524 1189 Ubi
1549 1133 1713 1186 miror
1740 1132 1783 1187 si
1799 1132 1995 1187 delibe-

400 1239 506 1287 ras,
530 1232 704 1279 utrum
722 1238 839 1279 eam
861 1225 1029 1294 magis
1048 1224 1245 1280 debeas
1259 1241 1376 1280 cum
1402 1226 1611 1280 luxuria
1641 1227 1944 1296 vituperare
1972 1266 1988 1293 ,

400 1330 520 1386 qure
544 1314 599 1369 lit
628 1330 724 1386 per
747 1316 863 1385 ejus
876 1330 1152 1372 assensum
1182 1332 1198 1383 ;
1228 1333 1294 1373 an
1312 1333 1428 1373 eam
1450 1318 1663 1374 laudare
1682 1334 1803 1373 cum
1817 1320 1991 1375 conti-

401 1407 603 1474 nentia,
622 1422 739 1477 qua:
753 1407 830 1461 illi
850 1407 1041 1478 ingerit
1057 1408 1276 1474 bellum;
1299 1410 1351 1464 in
1366 1426 1472 1481 quo
1489 1410 1631 1466 bello
1646 1410 1896 1480 pudicitia
1912 1420 1994 1467 est

401 1498 618 1552 victoria
650 1499 1011 1565 continentiaz,
1031 1500 1233 1555 luxuria
1263 1503 1484 1558 victoria
1520 1504 1989 1574 concupiscentiae.

402 1588 482 1643 Tu
503 1597 679 1644 autem
697 1589 861 1658 jndex
891 1590 1228 1662 incorruptus
1248 1602 1408 1663 atque
1438 1594 1643 1665 integer
1663 1611 1785 1651 cum
1810 1596 1992 1652 laudes

405 1678 802 1745 continentiam,
830 1681 1202 1753 vituperesque
1227 1682 1521 1750 luxuriam;
1544 1685 1622 1740 sic
1648 1693 1824 1741 tamen
1849 1686 1992 1740 acci-

404 1771 486 1841 pis
532 1786 813 1840 personam
854 1773 1298 1842 concupiscentia:
1332 1774 1526 1846 (quam
1559 1785 1613 1831 tu
1655 1777 1853 1849 videris
1897 1793 1993 1833 cur

404 1860 672 1917 offendere
704 1861 975 1935 timeas),
1008 1872 1065 1919 ut
1108 1879 1227 1919 eam
1273 1880 1377 1921 non
1421 1867 1707 1923 erubescas
1735 1883 1857 1924 cum
1895 1885 1990 1924 sua

404 1951 618 2007 laudare
644 1951 967 2020 adversaria,
988 1968 1088 2008 nec
1111 1954 1310 2012 audeas
1331 1970 1452 2011 cum
1480 1972 1578 2013 sua
1595 1958 1900 2030 vituperare
1916 1961 1995 2014 vi-

405 2043 589 2099 ctoria.
615 2041 720 2099 Sed
744 2043 883 2099 absit
912 2055 968 2099 ut
994 2046 1216 2116 quilibet
1237 2048 1397 2104 homo
1426 2049 1516 2106 Dei
1540 2050 1619 2106 sic
1644 2060 1695 2106 te
1719 2051 1897 2108 audiat
1917 2052 1993 2108 vi-

404 2143 761 2204 tuperatorem
788 2134 1029 2202 luxuriae,
1059 2147 1115 2191 ut
1137 2138 1396 2208 approbet
1415 2140 1857 2211 concupiscentiae
1878 2144 1991 2199 lau-

400 2226 665 2292 datorem;
685 2235 815 2299 etex
838 2236 930 2282 tuo
953 2243 1200 2284 sermone
1225 2231 1513 2287 arbitretur
1537 2233 1755 2299 bonum,
1778 2235 1919 2306 quod
1937 2236 1990 2290 in

402 2332 463 2373 se
497 2317 615 2387 ipso
647 2318 914 2387 experitur
946 2319 1163 2374 malum.
1205 2320 1445 2391 Denique
1479 2324 1568 2393 qui
1602 2326 1990 2395 concupiscen-

400 2406 529 2461 tiam
551 2446 565 2470 ,
597 2422 754 2477 quam
785 2422 943 2479 prave
970 2409 1188 2477 laudas,
1220 2411 1555 2483 confligendo
1583 2415 1801 2482 vicerit;
1834 2417 1987 2473 luxu-

399 2497 555 2561 riam,
574 2513 731 2567 quam
754 2508 897 2553 recte
913 2500 1019 2554 vitu
1026 2515 1201 2570 peras,
1222 2516 1325 2556 non
1348 2501 1583 2560 habebit.
1602 2504 1882 2571 Quomodo
1897 2523 1992 2563 au-

401 2597 505 2642 tem
535 2588 723 2644 Joanni
758 2589 1001 2659 apostolo
1029 2592 1460 2663 obtemperamus
1479 2638 1494 2663 ,
1528 2596 1576 2652 si
1605 2600 1989 2670 concupiscen-

401 2680 524 2734 tiam
548 2681 728 2736 carnis
741 2681 1043 2753 diligimus?
1061 2684 1450 2756 Respondebis,
1473 2687 1524 2741 Ν
1529 2705 1592 2744 ou
1618 2699 1689 2744 est
1711 2691 1822 2761 ipsa
1837 2708 1989 2759 quam

399 2773 574 2829 laudo.
616 2774 683 2830 Et
721 2791 839 2846 qua:
869 2776 959 2832 illa
1001 2787 1084 2834 est
1107 2819 1122 2844 ,
1152 2794 1311 2848 quam
1353 2780 1587 2837 Joannes
1614 2781 1743 2838 dicit
1770 2798 1800 2837 a
1832 2783 1988 2839 Patre

400 2879 504 2919 non
559 2867 731 2922 esse?
784 2866 1014 2923 Luxuria
1046 2910 1060 2935 ,
1119 2869 1347 2940 inquies.
1405 2870 1512 2927 Sed
1565 2872 1825 2928 luxuriosi
1880 2888 1985 2929 non

399 2956 617 3021 erimus,
648 2958 749 3012 nisi
771 2958 923 3014 istam
950 2975 1108 3031 quam
1141 2961 1326 3016 laudas
1351 2960 1832 3033 concupiscentiam
1866 2966 1989 3020 dili-

397 3062 604 3115 gamus.
642 3046 719 3102 Ac
757 3063 854 3119 per
888 3048 1011 3116 hoc,
1056 3051 1227 3107 Nolite
1270 3051 1491 3122 diligere
1531 3056 1708 3109 carnis
1734 3057 1988 3126 concupi-

398 3140 656 3195 sccntiam
693 3155 812 3196 cum
840 3141 1083 3211 dicebat,
1112 3142 1416 3201 luxuriosos
1446 3161 1552 3201 non
1591 3162 1711 3202 esse
1749 3148 1982 3206 nolebat.

400 3230 485 3284 Ab
525 3231 621 3285 hac
666 3233 826 3303 igitur
861 3234 957 3289 abs
998 3245 1050 3290 te
1092 3235 1301 3292 laudata
1332 3238 1511 3292 carnis
1553 3240 1985 3310 concupiscentia

398 3320 661 3392 diligenda
706 3323 1090 3393 prohibemur,
1120 3326 1333 3397 quando
1390 3343 1420 3382 a
1468 3329 1676 3385 luxuria
1728 3331 1984 3401 prohibe-

402 3430 521 3468 mur
545 3432 559 3468 :
588 3413 703 3470 haec
723 3420 901 3495 autem
930 3430 1090 3488 quam
1119 3417 1340 3490 diligere
1365 3420 1747 3489 prohibemur,
1771 3439 1879 3479 non
1903 3434 1987 3480 est

398 3519 427 3558 a
457 3504 645 3560 Patre:
674 3506 789 3562 haec
819 3508 976 3579 igitur
1003 3511 1430 3580 concupiscentia
1459 3528 1618 3583 quam
1644 3514 1848 3583 laudas,
1878 3532 1982 3573 non

399 3606 480 3651 cst
506 3610 536 3649 a
570 3596 744 3653 Patre.
769 3598 883 3654 Duo
920 3601 1062 3655 enim
1097 3600 1234 3657 bona
1264 3618 1384 3673 qua:
1409 3619 1438 3657 a
1459 3603 1620 3660 Patre
1654 3616 1813 3673 sunt,
1845 3608 1984 3665 inter

397 3708 457 3748 se
482 3709 713 3764 pugnare
734 3708 840 3749 non
861 3704 1082 3764 possunt
1107 3714 1120 3748 :
1151 3705 1385 3768 pugnant
1407 3708 1585 3754 autem
1611 3701 1751 3756 inter
1771 3716 1830 3757 se
1857 3719 1984 3758 con-

400 3785 617 3840 liuentia
638 3796 691 3840 et
716 3786 1142 3855 concupiscentia
1168 3806 1181 3841 :
1211 3788 1333 3858 quid
1362 3788 1551 3844 horum
1576 3807 1606 3845 a
1635 3788 1793 3849 Patr’e
1817 3795 1984 3865 magis

396 3875 533 3931 velis
567 3890 686 3931 esse
726 3876 1010 3948 responde.
1043 3877 1212 3934 Video
1247 3895 1377 3950 quas
1411 3882 1630 3949 patiaris
1667 3887 1979 3955 angustias:

398 3966 546 4021 faves
584 3966 798 4038 quidem
842 3968 1308 4038 concupiscentiae.
1355 3971 1451 4028 sed
1496 3974 1769 4031 erubescis
1807 3978 1983 4033 conti-

396 4058 609 4113 nentiae.
635 4058 821 4113 Vincat
845 4058 1013 4128 pudor
1035 4068 1174 4129 tuus,
1201 4076 1372 4132 eoque
1402 4063 1641 4121 vincatur
1663 4081 1815 4123 error
1836 4077 1979 4125 tuus.

396 4148 529 4203 Cum
556 4149 712 4219 igitur
734 4165 764 4203 a
786 4149 944 4206 Patre
963 4150 1033 4205 sit
1056 4153 1402 4222 centinentia,
1430 4170 1534 4226 qua
1554 4156 1849 4215 debellatur
1868 4176 1984 4216 car-

395 4243 481 4297 nis
505 4245 930 4314 concupiscentia
958 4262 975 4310 ;
1010 4260 1162 4303 sume
1194 4264 1226 4304 a
1253 4249 1408 4304 Patre
1435 4252 1817 4308 continentiam
1842 4296 1857 4321 ,
1896 4257 1982 4311 cui

395 4342 541 4389 recta
592 4332 768 4391 fronte
814 4336 1115 4393 erubuisti:
1161 4349 1217 4395 et
1263 4342 1419 4397 vince
1456 4345 1937 4415 concupiscentiam
1962 4390 1976 4416 ,

394 4439 554 4494 quam
582 4439 832 4493 perverso
860 4424 956 4484 ere
985 4428 1236 4485 laudasti.

467 4516 690 4572 CAPUT
720 4517 858 4573 XIV.
881 4550 954 4560 —
981 4521 1071 4577 65.
1105 4522 1241 4588 Quin
1280 4522 1441 4580 etiam
1477 4528 1710 4595 putasti,
1743 4530 1979 4586 omnium

382 4592 649 4665 ‘scnsuum
679 4612 1001 4683 voluptatem
1034 4616 1089 4670 in
1117 4618 1370 4672 auxilium
1400 4625 1794 4680 convocandam
1821 4668 1836 4691 ,
1867 4636 1980 4682 tan-

395 4715 553 4769 quam
583 4703 827 4773 voluptas
855 4707 1161 4776 genitalium
1190 4724 1289 4764 nec
1316 4718 1463 4767 tanto
1489 4721 1714 4784 patrono
1739 4718 1838 4771 sibi
1867 4718 1978 4773 sola

396 4790 665 4848 sufﬁceret
688 4834 703 4860 ,
733 4794 836 4850 nisi
857 4796 1120 4852 sociarum
1143 4813 1345 4854 cuneus
1370 4802 1695 4861 subveniret.
1728 4825 1746 4858 ι
1775 4807 1978 4863 Conse-

393 4898 566 4952 quens
590 4885 733 4939 euim
759 4900 879 4942 esse
905 4906 927 4940 )
970 4888 1249 4946 existimas
1272 4933 1289 4958 ,
1336 4911 1356 4946 ι
1379 4902 1438 4949 ιιι
1477 4910 1692 4952 sensum
1734 4898 1977 4965 videndi,

393 4973 683 5039 audiendi,
708 4977 996 5047 gustandi,
1028 4979 1312 5037 olfacieudi
1332 5024 1348 5051 ,
1372 4993 1530 5054 atque
1559 4988 1802 5058 tangendi
1829 5031 1843 5054 ,
1873 5004 1979 5044 non

392 5080 422 5116 a
453 5064 590 5131 Deo,
618 5067 713 5122 sed
740 5084 771 5123 a
798 5069 1011 5125 diabolo
1030 5072 1183 5127 nobis
1214 5074 1471 5131 fateamur
1490 5092 1610 5133 esse
1630 5079 1909 5146 collatum;
1934 5082 1979 5136 si

390 5158 818 5214 concesserimus
844 5175 963 5217 eam
1005 5165 1489 5235 concupiscentiam
1533 5171 1737 5232 carnis,
1770 5173 1853 5226 cui
1886 5188 1980 5242 per

392 5247 770 5305 continentiam
818 5267 1211 5323 repugnamus,
1258 5272 1364 5312 non
1426 5259 1587 5315 fuisse
1633 5262 1682 5314 in
1734 5262 1980 5333 paradiso

390 5349 517 5392 ante
543 5350 816 5408 peceatum
838 5384 855 5408 ,
876 5353 930 5407 et
950 5361 1013 5398 ex
1038 5345 1127 5399 illo
1153 5348 1412 5405 accidisse
1435 5362 1656 5421 peccato
1673 5394 1687 5418 ,
1711 5354 1849 5423 quod
1875 5356 1982 5425 pri-

390 5444 539 5482 tuum
562 5431 578 5462 ¹
608 5432 781 5501 primo
808 5434 1008 5489 homini
1031 5436 1275 5493 diabolus
1296 5442 1575 5511 persuasit.
1611 5462 1628 5495 ι
1654 5444 1741 5499 Sic
1768 5447 1977 5515 ignoras

393 5520 479 5575 vel
505 5520 751 5592 ignorare
773 5535 823 5579 te
849 5524 1002 5596 lingis
1024 5568 1041 5593 ,
1076 5544 1169 5597 per
1190 5531 1483 5600 quemlibet
1502 5534 1740 5603 corporis
1759 5551 1974 5593 sensum

456 5726 470 5756 ¹
499 5724 808 5777 Florircensis
832 5735 909 5776 \ts.
939 5727 1131 5788 omittit,
1152 5710 1378 5793 primum.

1753 282 1955 338 LIBER
1993 281 2334 349 QUARTUS.

3585 300 3690 357 770

2099 400 2237 454 aliud
2276 417 2393 457 esse
2436 404 2695 459 sentiendi
2724 406 3057 462 vivacitatem
3079 448 3094 476 ,
3125 408 3210 464 vel
3252 407 3532 465 utilitatem
3552 451 3568 476 ,
3599 417 3687 468 vel

2100 493 2511 558 necessitatem,
2570 495 2711 550 aliud
2761 496 3028 552 scntiendt
3077 498 3369 554 libidinem.
3419 499 3686 556 Vivacitas

2098 581 2358 636 sentiendi
2390 592 2502 648 est,
2533 600 2636 654 qua
2680 587 2846 656 magis
2888 588 3058 656 alius,
3093 589 3229 644 alius
3259 590 3436 645 minus
3462 591 3514 645 in
3560 591 3691 662 ipsis

2097 676 2462 744 corporalibus
2510 677 2671 733 rebus
2714 694 2809 748 pro
2861 696 3043 735 earum
3090 681 3249 736 modo
3290 693 3448 753 atque
3497 696 3687 739 natura

2097 766 2238 835 quod
2268 782 2449 823 verum
2474 779 2555 824 est
2582 770 2836 839 percipit,
2863 781 3022 841 atque
3058 771 3108 826 id
3145 787 3173 825 a
3214 770 3346 827 faiso
3376 774 3543 845 magis
3582 775 3688 829 mi-

2100 870 2266 911 nusve
2303 858 2574 914 discernit.
2597 861 2806 916 Utilitas
2832 862 3093 917 sentiendi
3119 872 3233 926 est,
3260 878 3355 932 per
3383 880 3540 935 quam
3567 882 3692 921 cor-

2100 948 2217 1016 pori
2246 948 2474 1019 vitaeque
2503 967 2659 1021 quam
2687 953 2940 1023 gerimus,
2968 952 3035 1008 ad
3064 954 3258 1026 aliquid
3283 957 3685 1025 approbaudum

2096 1038 2181 1092 vel
2213 1038 2643 1107 improbandum,
2666 1042 2983 1096 sumendum
3013 1043 3095 1097 vel
3124 1043 3491 1114 rejieiendum,
3525 1063 3689 1116 appe-

2099 1126 2317 1182 tendum
2342 1129 2616 1183 vitandum
2627 1145 2689 1185 ve
2704 1132 3085 1187 consulimus‘.
3109 1131 3411 1188 Necessitas
3427 1136 3693 1191 sentiendi

2098 1225 2210 1282 est,
2243 1217 2457 1287 quando
2484 1220 2729 1275 sensibus
2759 1222 2956 1275 noStris
2980 1222 3139 1277 etiam
3185 1239 3301 1293 quae
3326 1226 3574 1280 nolumus
3604 1227 3692 1280 in-

2090 1318 2376 1383 geruntur.
2409 1308 2599 1365 Libido
2628 1321 2803 1365 autem
2848 1312 3112 1367 sentiendi
3139 1323 3255 1380 est,
3298 1313 3366 1370 de
3406 1331 3508 1386 qua
3550 1333 3692 1373 nunc

2097 1400 2303 1469 agimus
2326 1441 2341 1466 ,
2374 1417 2492 1472 quae
2516 1416 2614 1456 nos
2658 1402 2724 1457 ad
2752 1403 3086 1458 sentiendum
3108 1445 3124 1472 ,
3157 1405 3269 1461 sive
3293 1408 3692 1464 consentientes

2097 1500 2276 1546 mente
2298 1534 2312 1559 ,
2346 1493 2457 1547 sive
2485 1506 2870 1564 repugnantes,
2895 1496 3129 1565 appetitu
3154 1498 3383 1552 carnalis
3407 1499 3693 1568 voluptatis

2098 1582 2344 1653 impellit.
2376 1582 2502 1637 Haec
2545 1592 2627 1637 est
2676 1586 2942 1640 contraria
2992 1586 3262 1641 dilectioni
3310 1588 3583 1657 sapientia:
3630 1591 3692 1653 ⁸,

2097 1669 2213 1725 lucc
2233 1670 2518 1726 virtutibus
2540 1671 2774 1727 inimica.
2807 1674 2918 1728 lloe
2940 1675 3097 1739 malo,
3133 1687 3386 1746 quantum
3411 1680 3598 1734 attinet
3622 1681 3690 1735 ad

2097 1761 2212 1831 ejus
2234 1777 2352 1816 eam
2378 1760 2634 1831 a‘partem
2680 1778 2785 1834 qua
2833 1764 2933 1818 sibi
2970 1780 3129 1820 sexus
3177 1776 3398 1838 uterque
3416 1769 3690 1834 miscetur,

2086 1833 2232 1906 bene
2259 1859 2476 1905 utuntur
2505 1833 2734 1923 nuptiae,
2779 1869 2900 1908 cum
2930 1857 3186 1927 conjuges
3226 1833 3506 1928 procreant
3553 1859 3691 1914 filios

2094 1956 2192 2012 per
2222 1942 2382 2008 illam,
2439 1942 2677 2014 nihilque
2719 1943 2919 2001 faciunt
2961 1957 3181 2018 propter
3233 1949 3377 2003 illam
3398 1948 3440 2003 ⁸.
3472 1950 3620 2006 lianc
3645 1952 3691 2006 si

2095 2033 2358 2090 voluisses
2381 2035 2460 2090 vel
2491 2036 2754 2092 valuisses
2778 2053 2808 2093 a
2825 2039 3088 2095 sentiendi
3108 2041 3408 2106 vivacitate,
3439 2043 3687 2106 utilitate,

2096 2125 2410 2179 necessitate
2433 2125 2764 2195 discernere,
2800 2129 3013 2185 videres
3061 2147 3220 2201 quam
3263 2132 3534 2200 superﬂuo
3577 2144 3686 2189 tam

2094 2214 2259 2267 multa
2291 2214 2538 2272 dixisses.
2583 2218 2698 2273 Non
2722 2221 2865 2274 enim
2916 2222 2990 2276 ait
3020 2223 3297 2291 Dominus,
3343 2224 3444 2293 Qui
3487 2225 3680 2280 videt-it

2094 2304 2395 2372 mulierem,
2451 2306 2566 2374 sed,
2614 2309 2701 2378 qui
2752 2310 2928 2363 viderit
2956 2310 3025 2363 ad
3064 2314 3534 2380 concupiscendum,
3571 2317 3688 2386 jam

2094 2394 2368 2450 moechatus
2401 2406 2473 2450 est
2515 2414 2625 2451 eam
2650 2400 2704 2453 in
2742 2400 2891 2454 corde
2932 2417 3025 2455 suo
3066 2401 3278 2475 (Matth.
3310 2421 3361 2469 v,
3403 2404 3516 2476 9.8).
3552 2406 3694 2461 Ecce

2092 2499 2312 2541 sensum
2346 2487 2558 2544 videndi
2584 2505 2614 2544 a
2644 2490 2862 2546 libidine
2881 2492 3165 2557 sentiendi,
3198 2494 3240 2551 si
3290 2497 3535 2564 pervicax
3580 2514 3688 2553 nou

2093 2575 2185 2641 sis,
2220 2576 2454 2632 breviter
2495 2588 2787 2651 aperteque
2812 2581 3079 2637 discrevit.
3106 2583 3237 2638 illud
3268 2586 3406 2640 Deus
3426 2588 3682 2655 condidit,

2092 2665 2405 2722 instruendo
2434 2684 2630 2740 corpus
2660 2672 2952 2727 humanum
2986 2691 2999 2726 :
3032 2674 3162 2729 illud
3186 2676 3431 2733 diabolus
3457 2683 3689 2736 semina-

2092 2756 2186 2823 vit,
2214 2758 2584 2826 persuadendo
2622 2773 2921 2831 peccatum.

2162 2847 2252 2901 £6.
2283 2847 2524 2904 Laudent
2554 2865 2685 2921 ergo
2725 2853 2920 2908 cadum
2947 2862 3002 2909 et
3031 2862 3226 2910 terram
3271 2866 3326 2911 et
3356 2858 3533 2913 omnia
3564 2875 3684 2931 quzn

2090 2936 2145 2993 in
2195 2937 2276 2993 eis
2321 2948 2444 2994 sunt
2483 2940 2729 2998 homines
2770 2944 2862 3015 pii,
2913 2955 2967 3000 et
2998 2962 3062 3003 ex
3104 2947 3187 3002 his
3234 2951 3481 3007 omnibus
3519 2953 3685 3010 Deum

2087 3029 2514 3087 consideratione
2563 3034 2987 3106 pulchritudinis,
3038 3055 3144 3095 non
3191 3042 3384 3100 ardore
3422 3044 3681 3101 libidinis.

2089 3116 2236 3175 Sicut
2260 3121 2373 3175 auri
2389 3121 2555 3179 decus
2576 3125 2731 3182 aliter
2751 3127 2930 3183 laudat
2948 3130 3244 3201 religiosus,
3271 3133 3431 3189 aliter
3456 3151 3645 3192 avarus
3668 3155 3683 3193 :

2088 3209 2214 3275 iste,
2238 3226 2359 3266 cum
2390 3212 2584 3282 pietate
2619 3218 2906 3274 venerandi
2930 3219 3242 3277 Creatorem
3261 3224 3426 3291 ,ille,
3460 3241 3582 3281 cum
3614 3227 3684 3283 li—

2091 3298 2275 3358 bidine
2290 3304 2595 3373 possidendi
2617 3316 2938 3365 creaturam.
2959 3311 3197 3369 Movetur
3217 3326 3362 3371 certe
3386 3317 3594 3373 animus
3614 3320 3684 3375 ad

2088 3392 2304 3460 pietatis
2326 3395 2596 3466 allectum,
2621 3400 2803 3456 divino
2826 3405 3037 3459 cantico
3061 3406 3242 3462 audito
3271 3425 3285 3462 :
3317 3417 3493 3466 tamen
3520 3411 3681 3468 etiam

2088 3482 2196 3538 illic
2219 3485 2264 3539 si
2293 3500 2503 3555 sonum,
2535 3506 2642 3545 non
2673 3507 2888 3548 sensum
2910 3495 3076 3551 libido
3103 3498 3354 3555 audiendi
3384 3501 3678 3570 desideret,

2087 3573 2445 3643 improbatur;
2501 3589 2699 3650 quanto
2748 3585 2917 3654 magis
2966 3587 3011 3641 si
3050 3591 3405 3648 cantiunculis
3435 3596 3679 3652 inanibus

2085 3664 2170 3718 vel
2197 3665 2358 3721 etiam
2389 3670 2629 3739 turpibus
2644 3672 2977 3730 delectetur?
3011 3677 3200 3734 Caeteri
3220 3693 3328 3736 tres
3352 3700 3542 3740 sensus
3563 3701 3683 3742 cor-

2087 3754 2449 3825 pulentiores,
2478 3769 2532 3815 et
2559 3762 2791 3832 quodam
2818 3765 2979 3821 modo
3004 3769 3300 3838 grossiores
3345 3784 3471 3828 sunt
3511 3776 3553 3841 ³,
3585 3795 3682 3832 nec

2087 3860 2146 3902 se
2172 3845 2315 3903 foras
2345 3851 2649 3922 projiciunt,
2678 3855 2778 3910 sed
2812 3856 3034 3914 interius
3059 3860 3201 3931 quod
3227 3861 3293 3916 ad
3320 3877 3413 3918 eos
3446 3867 3684 3935 pertinet

2086 3948 2266 4008 agunt.
2296 3940 2440 3996 Odor
2486 3942 2554 3999 ab
2593 3944 2882 4003 olfaciente
2927 3948 3268 4018 discernitur,
3317 3966 3477 4023 sapor
3520 3970 3549 4008 a
3579 3972 3680 4027 gu-

2086 4038 2281 4098 stante,
2316 4040 2483 4088 tactus
2512 4052 2542 4089 a
2574 4042 2821 4108 tangente
2857 4039 3108 4111 plurima.
3132 4042 3246 4097 Non
3285 4043 3426 4098 enim
3473 4046 3573 4101 hoc
3597 4058 3682 4102 est

2085 4122 2314 4178 calidum
2341 4134 2394 4180 et
2420 4125 2689 4196 frigidum,
2717 4130 2857 4200 quod
2889 4132 3009 4187 lene
3030 4132 3051 4163 ⁸
3076 4144 3130 4188 et
3157 4150 3405 4205 asperum
3425 4178 3439 4202 ,
3465 4149 3556 4193 aut
3578 4140 3678 4195 ista

2087 4211 2189 4267 hoc
2212 4223 2335 4268 sunt
2353 4215 2500 4285 quod
2522 4218 2681 4273 molle
2709 4234 2771 4273 ae
2798 4219 3025 4288 durum;
3057 4232 3111 4277 et
3129 4223 3196 4278 ab
3218 4224 3300 4280 his
3324 4229 3572 4284 omnibus
3598 4230 3680 4287 di-

2086 4312 2191 4358 Stat
2238 4305 2378 4375 quod
2425 4306 2617 4362 dicitur
2670 4309 2784 4365 leve
2835 4328 2930 4367 seu
2976 4329 3156 4383 grave.
3193 4315 3249 4371 ln
3302 4317 3385 4372 his
3425 4321 3673 4378 omnibus

2084 4395 2297 4466 quando
2324 4396 2548 4452 molesta
2574 4402 2834 4467 vitantur,
2867 4412 2926 4457 ut
2969 4412 3218 4473 putores,
3259 4410 3641 4469 amaritudincs
3661 4456 3677 4482 ,

2085 4494 2269 4551 testus,
2296 4486 2508 4557 frigora,
2537 4499 2591 4544 et
2614 4507 2838 4562 qumque
2869 4508 3059 4564 aspera
3078 4538 3093 4563 ,
3117 4505 3170 4551 et
3190 4497 3321 4554 dura
3343 4542 3357 4565 ,
3385 4510 3436 4556 et
3457 4505 3637 4573 gravia
3661 4548 3676 4571 ,

2084 4576 2476 4632 commoditatis
2505 4581 2768 4648 provisio,
2811 4598 2916 4639 non
2948 4585 3112 4641 libido
3140 4597 3222 4644 est
3262 4592 3564 4663 voluptatis.
3607 4595 3678 4651 Ea

2085 4682 2213 4722 vero
2242 4684 2361 4739 quas
2392 4668 2474 4724 his
2516 4674 2782 4727 contraria
2809 4678 3090 4734 commode
3116 4681 3375 4737 sumimus
3398 4726 3413 4747 ,
3457 4685 3500 4741 si
3543 4685 3676 4741 nihil

2085 4773 2268 4814 eorum
2294 4761 2516 4817 interest
2543 4762 2612 4817 ad
2635 4765 2858 4821 salutem
2881 4809 2897 4833 ,
2930 4770 3014 4824 vel
3039 4769 3105 4825 ad
3131 4771 3495 4827 declinandam
3522 4774 3681 4831 dolo-

2084 4847 2159 4902 ris
2186 4849 2448 4906 laborisve
2474 4852 2795 4923 molestiam,
2819 4859 3026 4913 etiamsi
3051 4874 3171 4914 cum
3196 4861 3371 4932 aliqua
3390 4875 3676 4923 sumuntur

2086 4938 2440 5000 delectatione
2488 4961 2610 5001 eum
2656 4958 2853 5017 prtesto
2901 4960 3062 5018 sunt,
3099 4961 3274 5008 tamen
3320 4969 3440 5010 cum
3484 4958 3681 5015 absunt

2086 5032 2230 5087 nulla
2253 5030 2377 5089 sunt
2403 5034 2756 5094 desideranda
2781 5041 3022 5098 libidine.
3054 5043 3109 5099 Si
3149 5053 3325 5100 autem
3365 5046 3676 5106 desideran-

2123 5189 2573 5267 tgonnullitttss“
2605 5185 2795 5267 t‘lilitas
2834 5194 3068 5267 squicndi
3101 5203 3172 5267 est
3187 5237 3200 5257 .
3243 5213 3357 5267 fr!!!
3376 5202 3537 5253 πούς
3560 5205 3677 5267 νάξ-

2085 5250 2270 5332 ciendis
2307 5260 2354 5302 et
2398 5253 2592 5306 utilibus
2636 5259 2919 5319 appetendis
2960 5261 3163 5311 consulit
3190 5250 3325 5313 'ti'tu:
3355 5250 3506 5326 quem
3524 5250 3680 5332 'géii.

2085 5324 2302 5485 ῃῗῖίῐρὲῃη.
2323 5380 2396 5424 Er.
2424 5381 2477 5425 et
2498 5383 2604 5444 Mss.
2643 5376 2867 5429 Gallicani
2913 5393 2969 5430 ac
3006 5384 3230 5443 Vaticani,
3279 5382 3585 5442 datam-ttth
3608 5405 3699 5441 san

2085 5447 2177 5485 me:
2281 5469 2293 5483 .

2358 5503 2430 5546 Er.
2472 5499 2600 5575 ψει]
2648 5507 2700 5549 et
2732 5503 3013 5554 \‘en.deest
3056 5520 3312 5567 vox,eam.
3338 5515 3449 5560 ιον.
3474 5520 3679 5575 praete»

2086 5565 2225 5616 οιιιιι,
2248 5565 2371 5619 eius.
2472 5568 2525 5608 Μ.

2154 5624 2169 5693 ζ
2192 5619 2503 5693 Floriaeeusis
2526 5628 2628 5681 513.,
2642 5622 2746 5693 nisi
2761 5619 2942 5686 [iu't'mtt
2966 5635 3158 5693 propter
3178 5629 3332 5683 ἱίιαηι.

2148 5682 2169 5712 ⁸
2193 5683 2318 5743 ,ηςιιίΙ
2345 5688 2434 5743 I,ov
2460 5718 2474 5742 ,
2500 5682 2769 5734 crassiores
2786 5696 2909 5737 sunt.

2149 5746 2170 5774 ο
2196 5742 2331 5804 είιίιί,
2356 5742 2469 5794 lere.
2500 5754 2547 5795 At
2571 5754 2695 5805 Mss,
2715 5748 2857 5799 lene.
