4038 6182
393 362 494 423 TI!

403 486 508 544 tur,
536 488 641 527 non
682 479 762 525 est
786 469 1001 525 bonum.
1052 466 1107 520 ln
1146 463 1464 535 quibuslibet
1503 463 1645 516 enim
1670 460 1829 515 rebus
1851 459 1970 513 talis

399 564 695 624 domandus
720 571 773 617 ct
792 559 1058 616 sanandus
1075 567 1155 613 est
1172 557 1452 625 appetitus.
1474 553 1604 622 Quis
1628 553 1793 619 enim,
1815 564 1997 620 quanv

398 667 710 725 tuscumque
751 653 820 707 sit
852 650 1079 706 carnalis
1106 644 1561 717 concupiscentia:
1586 642 1895 712 castigator,
1927 640 1974 695 si

400 748 576 803 locum
603 743 944 815 thymiamate
960 738 1232 795 intraverit
1249 736 1552 800 odoratum,
1580 732 1748 804 possit
1761 731 1976 787 efficere

401 847 459 892 ut
486 836 534 891 ei
557 851 660 889 non
691 833 923 887 suaviter
943 832 1103 896 oleat,
1129 827 1232 883 nisi
1250 840 1406 882 nares
1427 824 1656 891 claudat,
1683 831 1774 877 aut
1798 822 1976 891 inten-

402 929 542 982 tione
579 923 880 980 vchemeuti
914 923 1176 977 alienetur
1208 934 1246 974 ta
1286 917 1527 987 corporis
1555 912 1831 970 sensibus?
1868 908 1977 966 Sed

402 1014 658 1086 numquid
703 1030 823 1069 eum
866 1012 990 1067 inde
1033 1010 1189 1065 fuerit
1231 1021 1512 1079 egressus,
1544 1004 1596 1059 id
1621 1002 1766 1058 domi
1794 1003 1811 1034 ¹
1842 1015 1973 1068 suae,

401 1107 483 1161 vel
512 1119 843 1175 quacumque
872 1101 1076 1172 pergit,
1117 1096 1474 1183 desiderabit?
1498 1104 1588 1149 aut
1614 1094 1661 1150 si
1701 1090 1975 1150 desidera-

405 1194 565 1256 verit,
593 1194 786 1267 satiare
815 1190 974 1245 debet
1017 1180 1170 1243 istam
1210 1186 1481 1242 libidinem
1501 1225 1517 1249 ,
1549 1198 1654 1238 non
1684 1180 1895 1236 frenare
1922 1188 1978 1237 et

402 1293 587 1340 contra
607 1281 1067 1351 concupiscentem
1093 1293 1308 1333 carnem
1345 1275 1535 1349 spiritu
1576 1273 1974 1343 concupiscere,

404 1375 575 1431 donec
601 1373 666 1427 ad
689 1373 831 1426 illam
854 1369 1349 1430 redeatsanitatem,
1368 1381 1471 1436 qua
1492 1363 1622 1418 nihil
1646 1365 1747 1417 tale
1768 1360 1978 1417 deside-

405 1466 524 1521 ret?
553 1463 825 1518 Minimum
864 1460 966 1515 hoc
990 1457 1203 1529 quidem
1237 1473 1250 1509 :
1284 1455 1376 1510 sed
1417 1455 1503 1526 qui
1530 1453 1736 1507 minima
1762 1450 1971 1521 spernit,

402 1557 539 1613 sicut
565 1556 817 1624 scriptum
843 1561 943 1615 est,
972 1549 1217 1621 paulatim
1239 1545 1421 1601 decidit
1447 1545 1466 1618 (
1488 1544 1648 1598 Eccli.
1680 1556 1794 1609 six,
1825 1542 1903 1610 l).

476 1644 564 1700 67.
608 1644 995 1699 Alimentorum
1022 1637 1392 1694 sustentaculis
1423 1635 1717 1706 indigemus
1747 1651 1761 1688 :
1788 1632 1831 1686 si
1857 1646 1979 1685 sua-

408 1738 492 1791 via
521 1752 625 1791 non
646 1736 752 1790 sint
780 1749 899 1805 quae
923 1748 1016 1788 ore
1036 1738 1338 1797 sumuntur,
1365 1742 1464 1782 nec
1491 1726 1629 1811 sumi
1656 1732 1902 1795 possunt,
1923 1731 1979 1778 et

405 1828 709 1885 nauseando
738 1841 880 1896 smpe
921 1832 1276 1895 respuuntur;
1317 1829 1372 1876 et
1411 1818 1706 1890 perniciosa
1734 1825 1858 1871 sunt
1884 1830 1977 1869 ca-

405 1920 573 1974 venda
600 1918 808 1973 fastidia
836 1936 849 1972 :
884 1932 990 1971 non
1020 1915 1193 1970 solum
1222 1927 1351 1984 ergo
1376 1912 1517 1976 cibo,
1547 1910 1642 1966 sed
1686 1909 1844 1964 etiam
1873 1907 1976 1963 cibi

403 2024 593 2080 sapore
623 2008 821 2078 indiget
849 2006 1130 2062 infirmitas
1143 2003 1383 2073 corporis
1409 2002 1605 2067 nostri;
1633 2015 1739 2054 non
1764 2006 1980 2069 propter

405 2097 816 2154 exsaturandam
846 2096 1139 2163 libidinem,
1168 2093 1263 2150 sed
1304 2101 1522 2163 propter
1554 2090 1802 2145 tuendam
1829 2089 1978 2143 salu-

405 2199 532 2243 tem.
560 2188 695 2243 Cum
735 2202 864 2258 ergo
903 2195 1088 2241 natura
1128 2183 1357 2255 quodam
1385 2180 1544 2237 modo
1572 2181 1740 2252 poscit
1766 2180 1981 2250 supple—

403 2289 581 2335 menta
602 2295 723 2351 qua:
750 2278 962 2346 desunt,
993 2292 1101 2333 non
1115 2285 1333 2332 vocatur
1352 2273 1533 2339 libido,
1566 2271 1661 2327 sed
1698 2270 1865 2325 fames
1890 2277 1983 2324 aut

402 2370 551 2426 sitis:
574 2386 694 2425 cum
719 2384 847 2424 vero
872 2368 1112 2438 suppleta
1138 2365 1456 2421 necessitate
1471 2377 1622 2417 amor
1642 2360 1834 2417 edendi
1859 2360 1980 2415 ani-

403 2478 548 2517 mum
591 2460 857 2525 sollicitat,
897 2459 1006 2530 jam
1037 2456 1200 2512 libido
1218 2464 1321 2523 est,
1345 2454 1457 2525 jam
1497 2454 1696 2508 malum
1742 2460 1844 2513 est,
1891 2451 1977 2506 cui

388 2538 699 2609 .cedendum
721 2565 826 2604 non
852 2558 954 2614 est,
974 2546 1067 2602 sed
1089 2545 1465 2601 resistendum.
1488 2543 1613 2597 llzec
1637 2541 1763 2607 duo,
1791 2541 1844 2596 id
1873 2550 1975 2608 est,

405 2643 603 2699 famem
637 2648 692 2695 et
717 2637 910 2695 edendi
946 2651 1183 2692 amorem
1212 2636 1369 2690 etiam
1398 2642 1555 2704 poeta
1589 2632 1865 2696 discrevit,
1889 2630 1980 2701 qui

402 2741 524 2805 post
539 2731 699 2786 maris
714 2730 1078 2800 jactationem,
1108 2726 1269 2781 sociis
1297 2723 1488 2780 Eneze
1509 2722 1777 2793 naufragis
1805 2732 1861 2777 et
1883 2736 1978 2791 pe-

400 2822 631 2895 regrinis
655 2821 785 2878 satis
804 2833 925 2875 esse
942 2818 1188 2889 judicans
1215 2824 1417 2871 tantum
1445 2830 1657 2871 sumere
1691 2815 1976 2868 alimento-

403 2930 557 2982 rum,
606 2920 862 2985 quantum
907 2909 1213 2966 refectionis
1258 2909 1279 2941 ³
1318 2908 1604 2979 indigentia
1635 2906 1975 2979 postularet,

398 3005 515 3071 ait,

464 3100 714 3158 mm
731 3096 962 3155 “mp”
984 3088 1918 3215 δῗιξῗξόῗῗιίὲῗιῗῖεῗῗπὲθυὲἓὲῗίέἧ)

404 3238 539 3294 Cum
560 3251 691 3293 vero
714 3235 915 3293 Encas
941 3235 1054 3305 ipse
1078 3235 1146 3289 ab
1177 3234 1421 3289 Evandro
1441 3249 1566 3303 rege
1593 3243 1870 3303 susceptus
1896 3243 1980 3289 est

400 3328 626 3398 hospes,
651 3326 927 3381 decentius
942 3325 1231 3378 arbitratus
1258 3324 1545 3394 ampliores
1574 3322 1814 3378 exhiberi
1843 3337 1979 3393 epu-

392 3416 486 3473 das
512 3416 705 3486 regias,
730 3429 890 3485 quam
918 3413 1206 3469 necessitas
1233 3419 1493 3483 posceret,
1522 3428 1629 3469 non
1646 3414 1774 3470 satis
1803 3412 1900 3469 fuit
1921 3422 1981 3469 ut

390 3508 607 3564 adiceret
623 3549 639 3574 ,

529 3599 1230 3664 Ροειφωιιεπεηψιαθυηιαε

392 3680 503 3738 sed
522 3681 744 3750 addidit,

978 3777 1031 3821 et
1050 3783 1183 3821 amor
1205 3781 1513 3832 compressus
1528 3768 1732 3832 edendi.

1523 3827 1609 3880 lib.
1629 3829 1679 3890 8,
1702 3841 1823 3881 vers.
1848 3828 1980 3893 184.)

392 3914 619 3983 Quanto
641 3912 807 3983 magis
834 3927 931 3967 nos
954 3912 1258 3967 discernere
1280 3926 1342 3966 ac
1371 3925 1528 3965 nosse
1554 3910 1832 3975 debemus,
1855 3911 1982 3982 quid

413 4005 706 4063 necessitas
730 4002 1055 4069 refectionis,
1084 4001 1211 4072 quid
1240 4000 1403 4056 libido
1421 4000 1694 4056 edacitatis
1705 4009 1974 4070 exposcat,

396 4115 633 4169 quorum
658 4097 921 4168 negotium
949 4104 1031 4151 est
1058 4104 1240 4151 contra
1262 4093 1728 4165 concupiscentem
1761 4108 1982 4150 carnem

402 4189 597 4260 spiritu
641 4188 1036 4258 concupiscere,
1066 4196 1121 4242 et
1154 4185 1508 4243 condclectari
1537 4185 1641 4258 legi
1671 4187 1761 4242 Dei
1790 4202 1981 4242 secun-

398 4284 536 4339 dum
564 4285 868 4340 interiorem
898 4282 1199 4349 hominem,
1229 4284 1449 4352 ejusque
1488 4281 1855 4337 delectationis
1893 4295 1983 4335 sc-

398 4376 694 4430 :renitatem
720 4372 878 4429 nullis
916 4372 1217 4429 libidinosis
1242 4372 1685 4429 delectationibus
1706 4372 1983 4428 nubilare?

403 4462 545 4518 Nam
589 4463 689 4517 iste
723 4477 875 4517 amor
912 4462 1103 4517 edendi
1144 4478 1251 4518 non
1279 4461 1507 4530 edendo,
1535 4462 1630 4518 sed
1661 4461 1984 4518 continendo

398 4562 495 4610 test
512 4550 962 4622 comprinieudus.

480 4642 569 4700 68.
609 4641 739 4711 Quis
766 4649 941 4696 autem
971 4650 1149 4697 mente
1191 4640 1401 4697 sobrius
1423 4655 1530 4697 non
1558 4641 1758 4708 mallet,
1789 4643 1835 4698 si
1865 4643 1982 4699 fieri

400 4746 613 4806 posset,
642 4734 759 4789 sine
783 4732 885 4788 ulla
911 4732 1144 4790 mordaci
1170 4733 1436 4802 voluptate
1454 4734 1662 4789 carnali
1683 4773 1700 4799 ,
1727 4734 1810 4791 vel
1834 4735 1983 4791 arida

398 4841 623 4881 sumere
648 4823 899 4880 alimenta
925 4865 942 4892 ,
968 4824 1053 4879 vel
1095 4822 1307 4878 humida
1329 4864 1343 4889 ,
1386 4823 1524 4892 sicut
1569 4824 1831 4881 sumimus
1868 4825 1985 4882 haec

398 4917 574 4980 aeria,
596 4931 713 4987 qua:
732 4912 1149 4970 decircumfusis
1169 4914 1314 4969 auris
1333 4915 1643 4985 respirando
1662 4925 1715 4971 et
1734 4916 1984 4988 spirando

396 5008 687 5062 .«sorbemus
714 5014 767 5060 et
806 5003 1117 5060 fundimus?
1159 5004 1310 5072 Quod
1346 5004 1693 5075 alimentum,
1722 5022 1852 5063 cum
1889 5021 1986 5065 ore

398 5112 475 5152 ac
514 5095 743 5152 naribus
776 5096 897 5151 sine
947 5095 1247 5152 cessatione
1298 5108 1599 5162 sumamus,
1649 5111 1751 5153 nec
1812 5098 1981 5168 sapit,

402 5201 515 5244 nec
550 5188 659 5244 olet
689 5187 976 5259 quidquam
1032 5204 1047 5242 :
1093 5202 1193 5244 nec
1232 5197 1409 5243 tamen
1449 5188 1566 5244 sine
1608 5188 1700 5245 illo
1735 5190 1821 5246 vel
1868 5199 1987 5246 tan-

409 5278 529 5334 tillo
573 5279 743 5350 spatio
781 5280 1080 5350 temporis,
1124 5281 1264 5335 sicut
1290 5286 1407 5334 tam
1459 5280 1664 5350 prolixe
1712 5280 1828 5336 sine
1864 5281 1986 5340 cibo

412 5377 472 5425 et
489 5377 640 5442 potu,
670 5384 954 5441 possumus
985 5370 1165 5427 vivere
1192 5389 1210 5427 :
1238 5385 1338 5427 nec
1364 5371 1480 5442 ejus
1508 5371 1793 5444 indigentia
1819 5377 1988 5431 senti-

408 5468 536 5527 tur,
575 5460 679 5515 nisi
717 5461 959 5516 molestia
984 5503 1000 5529 ,
1042 5462 1088 5517 si
1115 5477 1208 5516 ora
1237 5477 1500 5533 naresque
1526 5462 1838 5520 claudantur
1858 5508 1876 5534 ,
1902 5468 1989 5524 vel

408 5560 545 5611 nutu
572 5550 860 5607 voluntatis
881 5594 898 5621 ,
941 5563 1198 5625 quantum
1224 5555 1351 5610 sinit
1387 5555 1499 5626 ipsa
1525 5556 1787 5624 molestia,
1822 5560 1989 5631 pauli-

479 5681 496 5714 ⁸
526 5686 625 5730 Ain.
649 5685 723 5728 Er.
749 5687 801 5729 et
824 5687 952 5740 uss...
978 5680 1158 5733 daturi.

479 5745 501 5775 ³
521 5749 651 5802 ων..
673 5740 928 5805 refectione
953 5755 970 5791 .'
998 5747 1248 5792 mendose.

1167 352 1439 410 CONTRA
1477 348 1814 409 JULIASUM
1852 345 2308 433 Ρειλριλςςωι,
2339 346 2396 402 S.
2437 340 2801 404 AUGUSTINI

3549 349 3656 417 772

2077 473 2203 528 sper
2245 459 2548 529 pulmonum
2592 458 2925 514 inhibeamns
2963 457 3197 514 ol'lleium
3221 502 3235 523 ,
3283 460 3474 531 quibus
3511 466 3659 521 velut

2076 548 2290 604 follibus
2329 549 2624 605 alternante
2662 557 2807 603 motu
2843 548 3029 605 vitales
3072 548 3232 605 ﬂatus
3277 550 3552 607 haurimus
3598 563 3657 610 et

2076 641 2368 697 reddimus.
2398 640 2606 709 Quanto
2629 652 2772 698 esset
2801 642 3043 710 felicius,
3068 642 3113 698 si
3144 643 3394 714 spatiosis
3438 645 3657 715 quidem

2078 730 2389 798 intervallis,
2403 731 2540 786 sicut
2554 732 2713 787 etiam
2729 747 2888 799 nunc,
2906 732 2989 787 vel
3008 716 3495 803 quantumcumque
3528 748 3657 804 spa-

2078 820 2403 889 tiosioribus,
2439 822 2556 878 sine
2582 823 2686 877 ulla
2713 823 2921 892 saporis
2946 823 3256 878 illecebrosa
3296 822 3556 878 suavitate
3579 823 3660 879 ci-

2076 911 2200 966 bum
2229 913 2620 982 perciperemus
2641 921 2695 968 et
2718 922 2923 983 potum,
2946 928 3052 984 quo
3079 923 3280 969 tantam
3308 915 3612 970 molestiam
3638 918 3656 949 ⁸

2077 1003 2163 1057 vel
2190 1004 2475 1072 perniciem
2506 1004 2825 1073 pelleremus
2849 1004 2916 1058 ’Τ
2944 1005 3076 1059 Nam
3113 1005 3158 1060 si
3189 1006 3240 1059 in
3272 1006 3522 1075 prtesenti
3549 1008 3660 1061 vita

2085 1100 2445 1161 temperanter
2471 1092 2720 1147 alimenta
2749 1103 3054 1160 sumentes,
3083 1094 3419 1150 continentes
3457 1111 3664 1150 vocan-

2079 1189 2165 1237 tur
2191 1189 2246 1237 et
2273 1181 2459 1246 sobrii,
2490 1182 2784 1253 meritoque
2809 1182 2949 1238 laudi
2978 1183 3239 1238 habentur
3264 1183 3306 1252 ⁸,
3336 1198 3436 1239 nec
3462 1184 3660 1239 desunt

2080 1271 2405 1342 hujusmodi,
2436 1273 2525 1343 qui
2552 1282 2803 1343 quantum
2832 1281 3020 1328 natura
3052 1282 3216 1344 petat,
3247 1284 3341 1330 aut
3367 1275 3544 1329 minus
3570 1289 3661 1329 re-

2080 1365 2321 1421 fectionis
2364 1374 2676 1432 assumant,
2723 1366 3020 1431 malentes,
3066 1366 3112 1420 si
3152 1365 3313 1420 modo
3352 1366 3660 1423 necessitati

2078 1469 2314 1525 congruo
2340 1454 2363 1486 ⁸
2404 1454 2689 1521 falluntur,
2732 1456 2913 1510 minus
2941 1455 3313 1525 idsumpsisse
3340 1471 3497 1526 quam
3537 1471 3662 1510 am-

2079 1544 2219 1615 plius
2247 1561 2261 1597 :
2290 1555 2489 1615 quanto
2516 1545 2682 1616 magis
2720 1545 2772 1599 in
2812 1544 2904 1600 illa
2934 1545 3190 1614 dignitate
3218 1544 3503 1600 honestum
3534 1561 3659 1600 mo-

2080 1633 2207 1688 dum
2256 1633 2419 1690 fuisse
2464 1634 2789 1691 credendum
2834 1643 2917 1690 est
2957 1633 3339 1690 sumendorum
3383 1637 3663 1693 alimento-

2080 1737 2221 1790 rum,
2248 1738 2354 1792 quo
2380 1732 2433 1778 et
2456 1723 2669 1778 animali
2695 1723 2905 1793 corpori
2933 1725 3233 1779 necessaria
3262 1726 3655 1796 prazberentur,

2079 1822 2137 1868 et
2160 1813 2347 1868 modus
2373 1813 2628 1868 naturalis
2664 1814 2966 1868 nullatenus
2992 1814 3377 1880 cxcederetur;
3423 1816 3562 1871 sicut
3600 1817 3661 1872 in

2082 1903 2328 1974 paradiso
2365 1902 2567 1972 primos
2595 1904 2837 1959 homines
2868 1905 3067 1959 vixisse
3092 1905 3420 1960 credendum
3456 1907 3588 1961 est?

2152 1993 2241 2048 b9.
2270 1991 2522 2060 Quamvis
2537 1994 2798 2061 nonnulli,
2817 2008 2987 2064 neque
3012 1995 3066 2048 hi
3090 1996 3542 2065 contemptibiles,
3565 1996 3657 2053 dl-

2081 2086 2191 2140 viui
2216 2085 2414 2156 eloquii
2445 2094 2789 2153 tractatores,
2826 2087 2971 2142 nullo
2998 2084 3365 2156 hujuscemodi
3389 2086 3533 2142 victu
3560 2102 3660 2144 eos

2086 2176 2379 2246 indiguisse
2405 2176 2582 2247 potius
2608 2176 2894 2247 opinentur
2918 2217 2935 2244 ,
2977 2187 3035 2231 ut
3080 2192 3142 2231 ea
3169 2177 3280 2232 sola
3318 2176 3372 2232 in
3412 2179 3661 2248 paradiso

2081 2267 2325 2337 voluptas
2351 2267 2437 2322 vel
2468 2267 2717 2321 alimonia
2760 2267 3099 2322 existimetur
3129 2265 3324 2334 fuisse,
3370 2282 3473 2337 qua
3512 2268 3661 2322 dele-

2080 2366 2292 2413 ctantur
2314 2368 2369 2414 et
2394 2359 2609 2414 aluntur
2626 2358 2786 2416 corda
2811 2359 3148 2429 sapientium.
3173 2359 3280 2415 Sed
3306 2374 3405 2429 ego
3430 2374 3551 2414 eum
3578 2359 3660 2416 eis

2082 2452 2274 2516 sentio,
2306 2451 2397 2522 qui
2423 2452 2558 2507 sicut
2584 2451 2712 2507 illud
2742 2450 2883 2522 quod
2920 2451 3117 2506 dictum
3149 2461 3252 2519 est,
3287 2450 3576 2506 Masculum
3611 2459 3661 2506 et

2083 2541 2321 2613 feminam
2347 2543 2466 2612 fecit
2488 2557 2595 2609 eos,
2624 2552 2671 2595 et
2694 2540 2945 2596 benedixit
2972 2541 3090 2595 illos
3121 2539 3277 2607 Deus,
3305 2540 3475 2595 dicens
3493 2582 3510 2608 ,
3540 2539 3658 2597 Cre-

2080 2634 2202 2687 scite
2226 2641 2274 2687 et
2311 2632 2755 2703 multiplicamini,
2790 2643 2837 2689 et
2872 2633 3071 2704 implete
3106 2642 3291 2687 terram
3312 2674 3327 2697 ,
3366 2634 3659 2690 secundum

2081 2737 2267 2777 sexum
2309 2724 2642 2793 corporalem
2683 2734 2844 2794 atque
2877 2724 3223 2794 conspicuum
3262 2724 3559 2792 intelligunt
3586 2726 3663 2781 di-

2082 2822 2226 2867 ctum
2258 2828 2272 2866 :
2308 2813 2376 2866 ita
2405 2814 2564 2867 etiam
2590 2812 2731 2882 quod
2772 2812 2928 2883 paulo
2967 2821 3088 2883 post
3122 2814 3393 2884 sequitur,
3436 2813 3503 2868 Et
3528 2815 3662 2869 dixit

2081 2901 2242 2967 Deus,
2266 2902 2399 2957 Ecce
2414 2903 2527 2957 dedi
2553 2902 2686 2958 vobis
2702 2919 2847 2957 omne
2865 2906 3035 2975 fenum
3056 2905 3271 2959 salinum
3293 2907 3548 2962 seminans
3574 2924 3661 2961 se-

2082 3010 2194 3048 men
2217 3032 2235 3061 ,
2260 2994 2398 3063 quod
2423 3003 2496 3048 est
2528 3011 2678 3065 super
2714 3012 2909 3050 omnem
2937 3006 3121 3051 terram
3141 3038 3155 3062 ,
3199 3006 3247 3051 et
3281 3013 3427 3051 omne
3462 2999 3662 3069 lignum

2082 3084 2217 3155 quod
2254 3084 2401 3141 habet
2433 3086 2487 3140 in
2527 3102 2581 3140 se
2606 3090 2827 3157 fructum
2851 3088 3057 3141 seminis
3094 3088 3268 3153 sativi;
3308 3089 3445 3143 vobis
3486 3090 3580 3143 erit
3605 3091 3662 3145 in

2081 3190 2248 3228 escam
2267 3217 2281 3241 ,
2310 3183 2359 3228 et
2386 3174 2614 3229 omnibus
2641 3176 2807 3232 bestiis
2832 3186 2993 3243 terra,
3033 3187 3080 3232 et
3108 3177 3336 3232 omnibus
3372 3178 3662 3235 volatilibus

2082 3268 2214 3335 caeli,
2245 3278 2294 3322 et
2315 3269 2452 3323 omni
2474 3271 2693 3341 serpenti
2719 3273 2912 3340 repenti
2937 3272 2959 3304 ⁸
2983 3288 3135 3341 super
3161 3281 3365 3338 terram,
3395 3277 3531 3346 quod
3559 3278 3660 3332 Ita-

2082 3355 2161 3411 bet
2187 3357 2241 3411 in
2277 3373 2333 3412 se
2358 3359 2581 3413 animam
2605 3360 2717 3415 uiue
2733 3378 2753 3427 ;
2777 3371 2825 3416 et
2854 3379 2999 3417 omne
3022 3364 3193 3432 fenum
3221 3366 3380 3420 viride
3411 3367 3464 3421 in
3492 3384 3659 3423 escam

2083 3445 2234 3518 (Gen.
2261 3464 2317 3516 ι,
2346 3447 2572 3523 27-50);
2605 3466 2709 3506 non
2750 3453 2905 3509 aliter
2943 3455 3236 3524 accipiunt,
3277 3457 3377 3512 nisi
3420 3460 3541 3528 quia
3570 3461 3661 3517 ille

2082 3547 2308 3611 uterque
2335 3555 2495 3597 sexus
2520 3542 2604 3597 his
2632 3543 2900 3599 alimentis
2921 3546 3110 3615 quibus
3130 3556 3183 3601 et
3201 3546 3445 3602 animalia
3465 3558 3658 3606 cmtera

2082 3633 2433 3703 corporaliter
2460 3635 2723 3699 utebatur,
2754 3643 2809 3691 et
2834 3635 3063 3692 habebat
3081 3653 3145 3692 ex
3166 3638 3268 3693 hoc
3287 3640 3426 3694 victu
3448 3650 3660 3697 susten-

2084 3723 2317 3779 taculum
2343 3737 2636 3794 congruum
2657 3766 2674 3792 ,
2714 3725 2839 3780 licet
2875 3726 3035 3781 modo
3063 3728 3292 3797 quodam
3332 3730 3656 3798 immortali,

2083 3819 2263 3867 tamen
2283 3812 2498 3867 animali
2524 3813 2736 3883 corpori
2761 3816 3144 3883 necessarium,
3168 3831 3235 3871 ne
3254 3816 3538 3888 indigentia
3561 3820 3661 3876 lae-

2083 3901 2330 3969 deretur;
2360 3902 2430 3958 de
2457 3902 2600 3973 ligno
2624 3913 2803 3959 autem
2831 3904 2971 3970 vitae,
3005 3920 3074 3960 ne
3099 3915 3374 3963 senectute
3401 3907 3660 3977 perduce-

2083 4001 2232 4048 retur
2267 3993 2336 4048 ad
2364 4003 2614 4050 mortem.
2663 3994 2771 4051 Sed
2800 3994 2942 4050 nulla
2971 3996 3178 4053 ratione
3213 3997 3567 4064 crediderim,
3603 4000 3657 4054 in

2083 4084 2177 4139 illo
2201 4092 2361 4140 tanta:
2394 4084 2659 4140 felicitatis
2700 4085 2856 4152 loco,
2901 4094 2994 4142 aut
3034 4101 3251 4143 carnem
3289 4089 3657 4159 concupivisse

2084 4172 2338 4229 adversus
2357 4174 2598 4243 spiritum
2622 4183 2677 4228 et
2694 4175 2935 4244 spiritum
2961 4175 3220 4231 adversus
3239 4191 3475 4245 carnem,
3497 4187 3661 4251 atque

2085 4263 2139 4318 in
2165 4263 2266 4319 ista
2304 4264 2700 4320 conflictatione
2726 4265 2843 4321 sine
2874 4264 3084 4321 interna
3123 4280 3256 4336 pace
3291 4267 3521 4335 vixisse;
3565 4278 3659 4324 aut

2085 4357 2331 4426 spiritum
2367 4355 2653 4413 desideriis
2685 4372 2793 4414 non
2828 4359 3521 4429 repugnassecarnalibus,
3558 4361 3655 4416 sed

2085 4446 2339 4518 quidquid
2366 4447 2737 4519 undecumque
2762 4448 2926 4505 libido
2942 4460 3296 4521 suggesserat,
3324 4451 3465 4519 turpi
3482 4453 3655 4507 servi-

2087 4537 2161 4592 tio
2190 4537 2478 4609 peregisse.
2507 4536 2767 4595 Remanet
2799 4539 2986 4610 igitur,
3015 4549 3074 4594 ut
3096 4546 3190 4595 aut
3214 4539 3357 4595 nulla
3388 4540 3457 4595 ibi
3492 4541 3657 4598 fuerit

2085 4629 2315 4686 carnalis
2332 4628 2783 4700 concupiscentia,
2805 4629 2898 4686 sed
2921 4630 3010 4685 ille
3033 4629 3190 4686 fuerit
3209 4630 3419 4687 vivendi
3444 4631 3655 4701 modus,

2086 4726 2148 4774 ut
2194 4717 2373 4774 omnia
2418 4719 2721 4775 necessaria
2760 4720 3017 4790 congruis
3058 4720 3421 4778 membrorum
3468 4722 3660 4779 ofﬁciis

2085 4812 2203 4868 sine
2246 4810 2409 4866 ullius
2450 4819 2597 4866 motu
2639 4810 2873 4867 libidinis
2915 4812 3268 4882 implerentur
3313 4814 3333 4883 (
3355 4828 3460 4869 non
3509 4816 3653 4870 enim

2085 4902 2207 4972 quia
2233 4909 2375 4956 terra
2399 4917 2505 4956 non
2530 4900 2770 4969 libidine,
2796 4901 2896 4958 sed
2921 4903 3191 4958 voluntate
3214 4904 3376 4959 motis
3397 4904 3661 4975 agricola—

2086 5004 2206 5046 rum
2246 4990 2491 5046 manibus
2529 4990 2856 5059 seminatur,
2904 4991 3025 5047 ideo
3065 5007 3196 5048 suos
3230 4994 3516 5063 pariendos
3550 5009 3673 5051 non.

2087 5078 2319 5149 concipit
2340 5077 2519 5151 fetus)
2551 5096 2565 5133 :
2595 5087 2720 5159 aut,
2747 5095 2816 5136 ne
2844 5080 3066 5137 nimium
3092 5081 3365 5139 videamur
3387 5083 3662 5141 offendere

2088 5171 2334 5227 homines
2350 5213 2367 5241 ,
2409 5171 2503 5243 qui
2530 5172 2855 5243 voluptatem
2880 5174 3127 5244 corporis
3165 5176 3663 5249 quomodocumque

2152 5324 2401 5400 uesani,
2650 5333 2787 5400 ωηο
2810 5331 2995 5400 mm
3012 5325 3292 5400 nereia»-

2150 5384 3175 5472 1529resssteeneeieeeiinc

2089 5453 2149 5497 ut
2160 5453 2287 5517 post,
2613 5485 2631 5520 ,ι
2664 5445 2886 5510 proxime
2906 5449 3187 5511 subjungat,
3207 5448 3333 5502 sicut
3365 5448 3419 5502 in
3437 5445 3667 5516 paradiso

2093 5519 2276 5581 ΡνξηΨδ
2323 5568 2332 5581 ι
2357 5520 2711 5581 emtum
2725 5509 3140 5581 ε”ἕάεπίέυηῑεδέι
3208 5568 3221 5581 .
3248 5570 3261 5581 .
3315 5570 3328 5581 .
3406 5579 3414 5581 Α

2159 5570 2182 5662 ξ
2202 5568 2334 5679 signa
2357 5571 2678 5644 tm'anienses
2699 5578 2903 5642 tantum,
2919 5567 3065 5621 (atde
3085 5568 3221 5643 digni
3241 5570 3495 5624 habentur.

2203 5664 2214 5676 .
2233 5671 2247 5678 -
2295 5636 2401 5679 Ilss.
2426 5636 2483 5679 At
2502 5630 2617 5679 editi
2634 5665 2651 5679 .
2674 5644 2718 5679 ss
2736 5632 2880 5679 modo
2921 5630 3217 5679 necessitatis
3258 5645 3483 5679 conm-uo.

2158 5629 2182 5662 δ
2295 5636 2401 5679 Ilss.
2426 5636 2488 5701 at
2502 5630 2651 5701 editi2
2674 5630 2718 5683 si
2736 5629 2895 5684 modo
2921 5629 3217 5685 necessitdtis
3258 5645 3483 5698 congruo.
3528 5639 3665 5687 Pone

2096 5690 2378 5751 legendum,
2396 5690 2442 5740 ss'
2468 5690 2519 5740 in
2540 5692 2698 5742 modo.

2163 5755 2183 5786 ⁸
2207 5753 2339 5801 ωίιί.
2365 5754 2585 5801 reptanti.

2325 5786 2339 5810 ν
2365 5758 2585 5809 rem
