4014 6184
382 324 486 380 773

379 431 694 498 defendunt,
727 431 800 486 ita
829 429 898 485 lbi
919 427 1166 486 credatur
1193 427 1482 482 carnalium
1509 439 1764 481 sensuum
1797 426 1958 480 fuisse

382 523 678 581 libidinem.
713 530 772 575 ut
795 521 941 576 omni
963 519 1122 576 modo
1149 517 1398 572 rationali
1427 517 1634 571 subdita
1664 515 1919 570 voluntati
1945 554 1960 578 ,

381 631 490 670 non
515 613 650 668 alias
678 613 912 676 adesset,
945 611 1046 666 nisi
1071 625 1194 665 cum
1227 625 1322 680 per
1349 609 1494 664 illam
1525 608 1608 662 vel
1637 606 1796 661 saluti
1821 617 1966 662 esset

381 704 646 776 corporis,
677 702 762 758 vel
787 703 970 772 stirpis
997 702 1272 772 prepagini
1301 699 1722 763 consulendum;
1745 708 1798 754 et
1821 708 1966 753 tanta

377 797 628 864 adesset,
670 803 729 850 ut
765 793 909 848 nulla
947 809 1013 849 ex
1045 802 1194 864 parte
1231 799 1464 846 mentem
1502 790 1570 845 de
1611 805 1964 860 supernorum

379 889 760 961 cogitationum
801 886 1158 942 delectatione
1199 884 1525 955 deponeret,
1573 883 1751 937 nullus
1779 898 1967 952 super-

381 994 584 1036 vacuus
607 979 722 1036 sive
745 977 1082 1048 importunus
1103 984 1279 1031 motus
1299 985 1440 1030 esset
1468 991 1535 1030 ex
1562 975 1669 1039 illa,
1703 974 1836 1028 nihil
1863 972 1966 1028 nisi

377 1069 520 1142 quod
553 1069 832 1140 prodesset
861 1070 1011 1126 ﬁeret
1043 1083 1140 1138 per
1169 1068 1316 1122 illam
1337 1109 1354 1136 ,
1387 1067 1520 1124 nihil
1551 1067 1772 1124 omnino
1811 1066 1964 1122 fieret

381 1169 599 1233 propter
623 1161 790 1215 illam.

457 1250 542 1306 70.
581 1250 734 1306 Nunc
759 1265 888 1305 vero
913 1265 1072 1320 quam
1104 1265 1161 1305 se
1186 1249 1338 1305 aliter
1358 1250 1569 1316 habeat,
1592 1251 1681 1320 qui
1710 1249 1966 1305 dimicant

379 1342 632 1396 adversus
663 1357 780 1396 eam
801 1381 816 1404 ,
847 1340 902 1394 hi
927 1341 1157 1394 maxime
1179 1342 1433 1394 sentiunt.
1465 1339 1664 1410 ingerit
1690 1357 1748 1395 se
1776 1341 1964 1396 viden-

381 1431 522 1485 tibus
545 1432 631 1486 vel
659 1431 997 1486 audientibus
1031 1429 1252 1500 aliquid,
1285 1431 1528 1500 quamvis
1565 1439 1784 1500 prapter
1820 1431 1964 1486 aliud

379 1521 593 1576 videant
618 1529 672 1576 et
695 1520 937 1584 audiant,
971 1530 1028 1574 ut
1057 1521 1266 1574 etiamsi
1288 1519 1535 1590 tangendi
1563 1535 1666 1574 non
1694 1521 1818 1575 inde
1847 1537 1966 1590 per-

384 1613 512 1682 cipit
552 1613 906 1682 voluptatem,
953 1610 1142 1666 saltem
1191 1611 1544 1681 voluptariam
1590 1612 1964 1682 cogitationem

381 1703 520 1760 inter
556 1703 859 1758 necessaria
899 1719 1018 1773 quae
1061 1701 1128 1756 ad
1171 1717 1290 1757 eam
1329 1717 1436 1756 non
1477 1703 1764 1772 pertinent,
1815 1711 1964 1758 motu

381 1795 671 1864 obrepente
691 1795 917 1850 foretur.
945 1794 998 1848 ln
1022 1794 1150 1863 ipsis
1171 1808 1332 1864 porro
1351 1795 1778 1864 cogitationibus,
1801 1795 1962 1849 etiam

380 1887 592 1956 quando
619 1885 752 1940 nihil
782 1885 1155 1940 illecebrosum
1181 1883 1390 1952 adjacet
1415 1883 1606 1946 oculis,
1633 1893 1725 1938 aut
1751 1885 1965 1939 insonat

380 1977 598 2032 auribus
618 2019 632 2044 ,
661 1991 780 2046 quae
815 1992 922 2030 non
951 1983 1176 2031 conatur
1201 1975 1362 2030 etiam
1405 1975 1644 2030 obsoleta
1672 1985 1831 2046 atque
1869 1989 1962 2030 so—

381 2070 490 2140 pita
521 2067 978 2124 recordationibus
1004 2067 1258 2138 inquietis
1282 2082 1406 2122 cum
1437 2067 1576 2136 turpi
1605 2067 1964 2124 delectatione

381 2161 667 2226 refricare,
699 2169 754 2214 et
781 2161 946 2214 castis
971 2159 1277 2228 sanctisque
1319 2159 1708 2214 intentionibus
1735 2161 1963 2214 tumultu

382 2251 612 2318 quodam
660 2249 892 2305 sordida:
943 2249 1386 2318 interpellationis
1432 2249 1788 2318 obstrepere?
1843 2249 1962 2306 Jam

382 2356 510 2395 vero
534 2357 653 2396 cum
678 2341 744 2395 ad
770 2357 918 2395 usum
946 2349 1160 2396 ventum
1193 2339 1352 2396 fuerit
1377 2341 1691 2394 necessariae
1715 2339 1962 2409 volupta-

383 2433 471 2496 tis,
499 2445 594 2501 per
619 2445 774 2500 quam
796 2430 1062 2484 reficimus
1087 2445 1334 2500 corpora,
1365 2429 1484 2500 quis
1505 2429 1682 2482 verbis
1705 2429 1960 2499 explicet,

377 2521 824 2595 quemadmodum
857 2539 954 2575 nos
993 2521 1208 2576 tnodutu
1249 2519 1583 2576 necessitatis
1613 2520 1814 2575 sentire
1855 2537 1962 2574 non

379 2613 550 2680 sinat,
579 2622 633 2668 et
658 2614 830 2684 ipsqu
860 2612 1082 2666 limitem
1111 2611 1460 2682 procurandae
1487 2611 1689 2674 salutis,
1739 2611 1790 2664 in
1816 2627 1964 2680 qua:-

378 2719 504 2772 que,
540 2703 584 2758 si
611 2702 796 2758 adsunt
835 2703 850 2734 ¹
877 2742 892 2768 ,
921 2702 1256 2757 delectabilia
1288 2700 1563 2770 rapiendo,
1593 2699 1885 2753 abscondat
1909 2709 1964 2754 et

382 2805 648 2862 transeat;
681 2796 988 2865 potantibus
1027 2794 1180 2849 nobis
1221 2793 1352 2846 satis
1381 2808 1484 2846 non
1516 2807 1636 2846 esse
1663 2790 1804 2860 quod
1835 2792 1963 2848 satis

377 2897 480 2952 est,
512 2887 638 2941 dtnn
669 2888 892 2942 libenter
917 2886 1036 2955 ejus
1063 2884 1528 2954 provocationibus
1551 2883 1818 2948 ducimur,
1847 2883 1963 2936 exi-

374 2978 654 3032 stimantes
683 2991 780 3030 nos
800 2976 974 3029 adhuc
999 2991 1156 3044 agere
1184 2975 1450 3043 negotium
1473 2973 1808 3037 valetudinis,
1838 2989 1960 3026 cum

374 3083 596 3137 agamus
627 3068 800 3137 potius
823 3067 1143 3121 cruditatis?
1172 3065 1308 3134 Quid
1329 3067 1472 3120 enim
1497 3065 1622 3120 mali
1649 3063 1956 3132 fecerimus,

373 3158 592 3228 crapula
629 3157 934 3228 paenitenda
961 3159 982 3190 '
1012 3166 1268 3222 testatur;
1299 3157 1440 3227 quod
1481 3168 1777 3212 metuentes
1797 3197 1812 3222 ,
1847 3157 1960 3226 plc-

375 3265 606 3320 rumque
669 3251 887 3323 minus,
953 3265 1110 3318 quam
1170 3247 1471 3303 eximenda
1525 3247 1652 3301 fami
1711 3246 1958 3314 sufficit,

374 3342 644 3396 vescimur
687 3358 700 3394 :
745 3341 818 3395 ita
857 3340 1028 3395 nescit
1067 3339 1330 3410 cupiditas
1355 3377 1372 3406 ,
1419 3338 1508 3393 ubi
1547 3336 1729 3391 linitur
1773 3351 1962 3392 neccs~

376 3432 508 3488 sitas
535 3431 578 3486 ³.

453 3523 538 3578 71.
571 3523 642 3578 Ει
669 3522 784 3577 bare
810 3521 1024 3593 quidem
1053 3521 1304 3576 vescendi
1330 3527 1490 3590 atque
1519 3517 1734 3589 potandi
1766 3519 1962 3574 tolera-

377 3613 502 3670 bilis
529 3622 614 3668 cst
636 3614 880 3682 voluptas
899 3653 915 3680 ,
957 3621 1154 3683 quanta
1195 3627 1478 3684 possumus
1507 3613 1800 3666 intentione
1831 3612 1961 3681 vigi-

377 3705 612 3760 lantibus
639 3705 814 3772 nobis,
847 3715 904 3759 ut
929 3703 1136 3758 facilius
1157 3719 1262 3758 non
1291 3703 1524 3772 impleat,
1557 3717 1713 3773 quam
1741 3702 1957 3756 modum

376 3797 666 3870 aliquando
706 3799 880 3852 victus
924 3797 1236 3852 sufficientis
1281 3795 1545 3852 excedat:
1579 3805 1766 3850 contra
1809 3795 1960 3865 cujus

373 3891 864 3959 concupiscentiam
891 3899 945 3944 et
965 3887 1256 3958 jejunando
1278 3896 1332 3942 et
1359 3886 1566 3956 parcius
1591 3887 1839 3940 alimenta
1867 3902 1958 3940 su-

373 3983 574 4036 mendo
615 3997 946 4052 pugnamus;
990 3995 1162 4050 coque
1205 3981 1345 4033 malo
1387 3979 1520 4032 bene
1562 3985 1688 4031 tunc
1731 3979 1957 4041 utimur,

373 4071 590 4142 quando
617 4088 712 4142 per
739 4073 882 4126 illam
911 4071 1120 4126 nonnisi
1151 4069 1290 4140 quod
1329 4069 1484 4125 saluti
1515 4067 1852 4122 conducibile
1879 4076 1961 4122 est

371 4163 603 4234 agimus.
645 4163 770 4218 ideo
796 4171 974 4216 autem
1007 4162 1144 4216 hanc
1185 4160 1510 4230 voluptatem
1553 4159 1660 4212 divi
1705 4159 1956 4212 tolerabi-

371 4253 514 4318 lem,
545 4255 667 4324 quia
699 4254 778 4308 vis
806 4253 922 4322 ejus
955 4261 1098 4306 tanta
1131 4267 1234 4306 non
1260 4260 1342 4306 est
1363 4291 1377 4316 ,
1407 4259 1464 4302 ut
1491 4263 1590 4304 nos
1617 4263 1648 4302 a
1678 4249 1959 4318 cogitatio-

372 4346 536 4400 nibus
559 4345 628 4398 ad
657 4345 972 4414 sapientiam
1003 4343 1414 4414 pertinentibus,
1447 4343 1490 4396 si
1521 4343 1574 4396 in
1610 4357 1702 4396 eas
1729 4356 1914 4396 sumus
1937 4341 1958 4372 ⁸

375 4438 572 4492 mentis
599 4437 952 4492 delectatione
988 4436 1232 4506 suSpensi
1258 4475 1273 4500 ,
1314 4436 1596 4502 abrumpat
1625 4443 1680 4488 et
1724 4433 1957 4502 dcjiciat.

372 4527 508 4585 Nam
537 4544 682 4599 saepe
707 4528 773 4584 de
799 4529 1006 4598 magnis
1046 4529 1208 4582 rebus
1248 4529 1388 4582 inter
1426 4527 1610 4596 epulas
1640 4541 1744 4580 non
1785 4526 1958 4580 solum

373 4621 692 4692 cogitamus,
719 4635 902 4676 verum
925 4621 1084 4676 etiam
1106 4620 1454 4689 disputamus,
1479 4629 1637 4689 atque
1657 4619 1795 4675 inter
1817 4619 1961 4688 ipsos

373 4712 618 4766 ciborum
648 4725 860 4766 morsus
886 4719 942 4766 et
966 4712 1238 4782 potionum
1264 4711 1462 4781 glutus,
1492 4710 1658 4765 nihilo
1689 4712 1962 4766 remissius

376 4801 646 4856 audiendo
670 4801 1004 4872 dicendoque
1033 4801 1410 4872 colloquimur,
1441 4811 1494 4856 et
1523 4801 1664 4872 quod
1691 4816 1849 4857 nosse
1877 4801 1960 4856 vel

373 4895 618 4952 recolere
643 4894 912 4960 volumus,
940 4894 1296 4950 intentissima
1319 4893 1537 4948 omnino
1571 4893 1614 4947 si
1639 4893 1790 4949 nobis
1817 4893 1963 4962 lega-

373 4995 462 5042 tur
488 4985 800 5055 accipimus.
841 4985 930 5040 llla
961 4999 1088 5040 vero
1119 4999 1214 5054 pro
1243 4999 1348 5054 qua
1392 4999 1600 5038 mecum
1642 4984 1802 5038 tantis
1827 4999 1959 5039 con-

375 5077 704 5134 tentionibus
729 5076 922 5147 litigas,
951 5075 1112 5132 etiam
1137 5075 1348 5146 quando
1373 5075 1439 5130 ad
1466 5091 1584 5130 eam
1611 5077 1749 5131 bona
1781 5077 1960 5132 inten-

371 5169 518 5224 tione
539 5211 554 5236 ,
585 5167 688 5223 hoc
714 5176 831 5236 est,
871 5181 1030 5222 causa
1060 5167 1413 5238 propaganda:
1443 5167 1606 5237 prolis
1643 5166 1955 5235 acceditur;

439 5341 454 5372 ¹
481 5339 614 5412 mliti
632 5347 734 5388 Am.
751 5347 803 5390 et
824 5338 991 5412 Er.,jn
1011 5351 1121 5412 qua
1135 5338 1382 5412 siadstmt.
1407 5346 1538 5397 t.ov.,
1556 5339 1733 5412 signa:
1753 5339 1930 5392 adstat:
1942 5353 1964 5404 ;

369 5413 572 5460 ciuisse,
594 5405 648 5451 iu
668 5413 886 5465 quaque.
921 5405 1220 5465 castigantur
1244 5415 1308 5451 ex
1331 5405 1683 5464 manuscriptis.

439 5465 462 5527 ξ
485 5465 558 5527 sic
581 5462 934 5527 tissJ_,._tt_'et_liti,
954 5462 1244 5527 pmiitendo.

440 5525 462 5557 ³
485 5525 622 5596 miti,
647 5521 734 5575 ubi
763 5521 964 5588 ﬁniatur
995 5524 1269 5576 necessitas.
1314 5523 1501 5587 Aliquot
1539 5531 1666 5586 Mss,
1689 5523 1771 5576 ubi
1792 5521 1960 5590 ﬁnitur

365 5591 750 5760 miti:th
771 5659 842 5699 ets
861 5661 1042 5700 sumus.
1065 5647 1379 5699 Floriacensis
1404 5655 1480 5696 ias.
1501 5647 1702 5710 melius,
1733 5647 1777 5700 si
1809 5647 1859 5700 in
1879 5661 1962 5702 ea:

367 5723 428 5759 ιιι

1728 313 1924 370 LIBER
1964 313 2304 380 QUARTUS.

3549 327 3652 386 ’1Ἱὸ

2076 437 2250 482 tamen
2280 428 2332 482 in
2363 429 2479 498 ipso
2503 443 2664 499 opere
2693 447 2808 494 suo,
2841 447 2998 501 quem
3023 433 3280 502 permittit
3299 435 3646 508 allquld.non

2073 519 2192 575 dico
2235 521 2540 590 sapientiae,
2585 523 2675 576 sed
2725 525 3005 594 cujuslibet
3049 529 3124 582 rei
3171 527 3314 582 aliud
3360 532 3638 600 cogitare?

2073 611 2258 668 Nonne
2301 614 2376 668 illi
2421 622 2561 669 totus
2605 616 2814 671 animus
2861 627 2916 672 et
2959 634 3152 690 corpus
3192 621 3551 692 impenditur,
3597 633 3652 680 et

2072 701 2238 770 ipsius
2269 703 2464 758 mentis
2503 705 2729 774 quadam
2768 709 3135 764 submersionc
3185 711 3314 765 illttd
3355 721 3653 770 extremum

2072 792 2186 862 ejus
2208 793 2503 864 impletur?
2531 795 2664 850 Cum
2694 813 2823 851 vero
2855 799 3019 853 vincit
3048 801 3206 853 etiam
3235 802 3568 872 conjugatos,
3594 815 3657 859 ut

2071 897 2178 936 non
2211 887 2608 955 propagationis
2629 928 2644 952 ,
2677 889 2770 942 sed
2801 888 3170 946 delectationis
3195 893 3422 948 carnalis
3447 895 3655 958 cupidi.

2074 980 2180 1028 tate
2213 975 2564 1040 misceantur,
2597 979 2737 1046 quod
2768 979 3054 1046 Apostolus
3080 981 3370 1036 Secundum
3401 987 3608 1038 veniam
3631 1027 3648 1052 ,

2072 1079 2176 1116 non
2217 1064 2508 1119 secundum
2556 1067 2834 1135 imperium
2871 1083 2929 1122 se
2972 1067 3172 1124 dixisse
3204 1079 3431 1128 testatur
3457 1075 3498 1144 (1
3528 1073 3642 1130 Cor.

2070 1167 2167 1219 vn,
2200 1152 2289 1224 6);
2319 1152 2389 1205 ita
2423 1154 2545 1208 hinc
2571 1157 2897 1225 emcrgitur,
2926 1165 2982 1212 et
3008 1161 3157 1229 quasi
3186 1161 3237 1215 in
3276 1178 3432 1218 auras
3463 1165 3478 1195 ¹
3508 1168 3654 1236 cogi~

2073 1245 2284 1298 talionis
2309 1253 2431 1314 post
2457 1245 2602 1298 illum
2633 1248 2892 1316 gurgitem
2920 1251 3230 1320 respiratur,
3263 1263 3322 1306 ιιι
3347 1253 3436 1308 fiat
3461 1271 3654 1311 conse-

2069 1349 2258 1403 quens,
2289 1335 2432 1404 quod
2462 1351 2647 1390 verum
2676 1337 2749 1390 ait
2774 1339 3007 1406 quidam,
3036 1349 3090 1394 et
3115 1343 3405 1409 ptnnitendi
3428 1363 3544 1415 qua:
3570 1359 3655 1402 est

2069 1441 2188 1480 cum
2217 1429 2488 1497 voluptate
2513 1429 2778 1483 vicinitas.
2811 1431 2940 1496 Quis
2979 1448 3106 1502 ergo
3133 1447 3338 1490 amator
3363 1438 3652 1504 spiritualis

2067 1517 2212 1583 boni,
2239 1519 2400 1572 etiam
2426 1520 2536 1574 sola
2564 1536 2723 1574 causa
2751 1522 2950 1576 sobolis
2975 1525 3308 1594 conjngatus,
3338 1543 3440 1581 non
3471 1531 3653 1584 mallet

2068 1611 2151 1664 vel
2182 1611 2298 1666 sine
2328 1613 2423 1666 ista
2456 1612 2500 1666 si
2530 1623 2733 1681 posset,
2765 1615 2846 1666 vel
2879 1615 2994 1668 sine
3027 1624 3133 1669 tam
3163 1633 3349 1686 magna
3376 1621 3424 1673 vi
3457 1620 3571 1688 ejus
3599 1623 3650 1676 fi-

2067 1700 2170 1754 lios
2197 1702 2520 1771 procreare?
2555 1703 2706 1770 Quod
2748 1718 2874 1774 ergo
2921 1705 3141 1764 mallent
3187 1709 3354 1762 sancti
3397 1710 3652 1780 conjuges

2069 1791 2122 1844 in
2155 1791 2254 1846 hac
2279 1792 2406 1856 vita,
2433 1801 2563 1862 puto
2592 1807 2687 1846 nos
2713 1792 2814 1849 hoc
2840 1793 3038 1850 debere
3063 1796 3129 1850 de
3151 1797 3236 1850 illa
3267 1799 3496 1867 paradisi
3523 1803 3648 1865 vita,

2067 1896 2186 1951 quin
2224 1883 2392 1937 multo
2423 1883 2614 1938 melior
2635 1894 2785 1951 erat,
2815 1886 3058 1956 credere,
3087 1889 3132 1942 si
3162 1888 3292 1942 nihil
3317 1891 3504 1944 melius
3530 1891 3652 1947 inde

2067 1985 2351 2042 possumus
2377 1974 2631 2044 cogitare.

2137 2065 2226 2119 72.
2267 2064 2503 2120 Obsecro
2530 2078 2597 2131 te,
2629 2083 2732 2122 non
2759 2067 2828 2122 sit
2853 2067 3126 2124 honestior
3151 2070 3480 2141 philosophia
3509 2072 3650 2130 ch-

2069 2155 2223 2222 tium,
2253 2171 2409 2225 qttam
2437 2167 2618 2212 nostra
2641 2157 2963 2224 Christiana,
2993 2175 3112 2230 qua:
3140 2177 3240 2216 una
3265 2171 3348 2216 est
3379 2179 3498 2217 vera
3529 2166 3650 2233 phi-

2066 2245 2328 2315 loSOphia,
2361 2247 2788 2317 quandoquidem
2821 2247 3053 2302 studium
3085 2249 3166 2304 νει
3196 2267 3348 2305 antor
3375 2255 3650 2322 sapientia:

2066 2335 2391 2406 significatur
2419 2337 2522 2392 hoc
2550 2338 2785 2392 nomine.
2819 2338 2950 2392 Vide
2975 2341 3115 2394 enim
3146 2341 3270 2410 quid
3303 2343 3352 2395 in
3383 2343 3648 2401 llorn-nsii

2066 2429 2276 2498 dialogo
2307 2431 2326 2460 ²
2356 2429 2498 2484 dicat
2517 2430 2754 2493 Tullius;
2785 2447 2905 2500 qua!
2929 2432 3096 2502 magis
3121 2435 3278 2486 verba
3311 2445 3359 2488 te
3387 2437 3652 2492 delectare

2067 2519 2394 2585 debuerant,
2441 2535 2597 2590 quam
2645 2521 2792 2574 Balbi
2832 2521 3131 2576 Stoicorum
3179 2532 3355 2592 partes
3399 2531 3648 2594 agentis:

2067 2625 2184 2680 qua:
2211 2611 2330 2664 licet
2354 2625 2498 2678 vera,
2531 2619 2707 2664 tamen
2735 2611 2801 2665 de
2825 2623 2975 2681 parte
2999 2613 3227 2667 hominis
3255 2615 3522 2684 inferiore,
3552 2619 3650 2674 hoc

2066 2709 2150 2754 est
2172 2742 2187 2766 ,
2230 2700 2296 2754 de
2323 2716 2548 2768 corpore
2581 2700 2830 2762 fuerunt,
2863 2711 2917 2754 et
2949 2713 2998 2756 te
3031 2704 3159 2757 nihil
3186 2706 3434 2771 adjuvare
3463 2720 3650 2776 potue-

2065 2800 2208 2844 ruut.
2243 2790 2374 2843 Vide
2401 2791 2528 2860 quid
2563 2792 2660 2844 istc
2693 2807 2786 2858 pro
2813 2793 3094 2846 vivacitate
3119 2797 3314 2847 mentis
3341 2806 3526 2850 contra
3557 2815 3646 2850 vo-

2067 2883 2320 2950 luptatem
2347 2885 2588 2950 corporis
2619 2883 2780 2936 dicat.
2814 2901 2832 2933 ι
2866 2883 2948 2938 An
2972 2901 3120 2950 vero,
3161 2905 3179 2938 ι
3219 2886 3405 2956 inquit,
3441 2909 3458 2940 ι
3493 2893 3646 2945 volu-

2066 2985 2238 3045 ptates
2277 2977 2518 3044 corporis
2558 2975 2890 3044 expetcudm,
2938 2993 3056 3045 qua:
3101 2993 3225 3032 vere
3261 2991 3314 3032 et
3348 2983 3577 3049 graviter
3617 3001 3644 3034 a

2065 3065 2284 3120 PlatOtte
2311 3063 2466 3119 dictu:
2492 3073 2614 3119 sunt
2657 3065 2920 3119 illecebrae
2949 3081 3068 3120 esse
3097 3077 3252 3136 atque
3295 3085 3432 3122 escae
3474 3073 3646 3124 malo-

2067 3157 2225 3210 rum?
2255 3156 2384 3224 Qua:
2413 3157 2554 3210 enim
2585 3157 2848 3211 confectio
2879 3166 2996 3220 est,
3037 3177 3054 3210 ι
3093 3159 3258 3228 inquit
3281 3203 3294 3224 ,
3334 3179 3352 3211 ι
3391 3164 3648 3217 valetudi-

2065 3250 2179 3314 nis,
2207 3265 2326 3319 qua:
2355 3247 2676 3302 deformatio
2703 3248 2897 3302 eoloris
2928 3257 2982 3301 et
3006 3251 3242 3317 corporis
3267 3291 3282 3314 ,
3317 3252 3454 3320 quod
3497 3264 3650 3324 turpe

2065 3339 2317 3392 damnum
2339 3378 2354 3404 ,
2397 3337 2538 3406 quod
2583 3337 2818 3391 dedecus
2842 3377 2857 3402 ,
2899 3337 3038 3408 quod
3073 3355 3174 3392 non
3209 3351 3462 3396 evocetur
3490 3353 3650 3410 atque

2065 3430 2305 3484 eliciatur
2325 3429 2596 3499 voluptate
2618 3427 2637 3459 ³
2659 3429 2680 3482 ?
2706 3429 2870 3498 Cujus
2897 3441 3072 3486 motus
3099 3439 3153 3484 tit
3181 3433 3404 3502 quisque
3425 3445 3508 3488 est
3535 3451 3648 3489 ma-

2064 3523 2259 3588 ximus,
2291 3523 2358 3575 ita
2385 3532 2467 3576 est
2497 3522 2892 3575 inimicissimus
2927 3523 3300 3593 philosophia}.
3344 3529 3648 3596 (Iongruere

2065 3613 2206 3668 enim
2234 3627 2354 3666 eum
2396 3612 2718 3681 cogitatione
2749 3627 2937 3680 magna
2980 3613 3222 3682 voluptas
3262 3620 3502 3685 corporis
3543 3637 3644 3673 non

2065 3715 2258 3776 potest.
2292 3704 2420 3772 Quis
2450 3705 2590 3758 enim
2622 3719 2740 3758 cum
2769 3711 2950 3758 utatur
2975 3705 3244 3774 voluptate
3273 3724 3355 3774 ea,
3380 3726 3480 3778 qua
3507 3713 3645 3767 nulla

2068 3795 2233 3866 possit
2259 3795 2432 3864 major
2461 3809 2599 3856 esse,
2624 3793 2900 3850 attendere
2927 3796 3125 3858 animo,
3169 3797 3302 3851 inire
3344 3799 3642 3870 rationem,

2066 3888 2299 3956 cogitare
2335 3886 2555 3940 omnino
2595 3885 2881 3954 quidquam
2929 3887 3145 3954 potest?
3193 3887 3356 3958 Cujus
3399 3889 3421 3920 ⁸
3467 3901 3647 3948 autem

2067 3987 2245 4033 tantus
2271 3988 2353 4033 est
2378 3993 2587 4048 gurges,
2613 3979 2699 4048 qui
2727 3977 2842 4032 dies
2871 3987 2926 4032 et
2952 3989 3134 4033 noctes
3165 3981 3279 4034 sine
3305 3983 3408 4034 ulla
3443 3983 3649 4040 minimi

2070 4071 2323 4140 temporis
2363 4070 2757 4123 intermissione
2782 4069 2908 4122 velit
2935 4069 3004 4122 ita
3045 4072 3242 4124 moveri
3277 4086 3400 4126 suos
3429 4089 3646 4142 sensus,

2066 4169 2124 4215 ttt
2153 4171 2432 4216 moventur
2455 4162 2476 4192 ⁵
2505 4161 2558 4214 itt
2600 4161 2825 4214 summis
2857 4161 3263 4230 voluptatibus?
3306 4163 3434 4230 Quis
3471 4175 3648 4222 autem

2067 4251 2203 4306 bona
2235 4259 2412 4328 mente
2444 4249 2696 4320 pratditns
2715 4291 2729 4312 ,
2759 4265 2864 4304 non
2893 4251 3074 4306 mallet
3101 4253 3272 4307 nullas
3303 4257 3519 4311 omnino
3549 4273 3650 4312 no-

2067 4343 2148 4398 bis
2181 4357 2210 4394 a
2249 4351 2433 4396 natura
2465 4342 2762 4410 voluptates
2787 4341 2977 4395 datas?
3012 4362 3032 4396 ›
3065 4343 3189 4400 llznc
3219 4346 3308 4400 ille
3342 4346 3511 4414 dixit,
3556 4349 3648 4420 qui

2067 4431 2196 4486 nihil
2223 4431 2288 4486 de
2325 4431 2620 4502 primorum
2650 4429 2923 4486 hominum
2952 4433 3056 4487 vita
3085 4475 3098 4498 ,
3143 4435 3272 4490 nihil
3311 4437 3380 4492 de
3417 4441 3649 4508 paradisi

2067 4519 2340 4586 felicitate,
2367 4520 2498 4574 nihil
2519 4519 2586 4575 de
2605 4535 2886 4589 corporum
2909 4527 3301 4582 resurrectione
3325 4530 3648 4587 crediderat.

2067 4609 2460 4666 Erubescamus
2489 4611 2700 4666 interim
2743 4612 2764 4643 ⁶
2790 4613 2932 4668 veris
2975 4613 3421 4684 diSputationibus
3461 4621 3650 4690 impio-

2067 4717 2222 4768 rum,
2255 4703 2346 4773 qui
2373 4702 2658 4758 didicimus
2698 4703 2752 4758 in
2792 4719 2916 4759 vera
2962 4721 3104 4760 verte
3133 4708 3338 4774 pietatis
3364 4721 3650 4782 sanctaque

2067 4792 2424 4864 philosophia,
2451 4801 2505 4848 et
2530 4803 2714 4849 contra
2739 4794 2982 4862 spiritum
3003 4810 3238 4862 carnem,
3261 4807 3314 4852 et
3333 4809 3512 4854 contra
3539 4817 3662 4856 car-

2069 4900 2191 4941 nem
2219 4885 2603 4955 concupiscere
2643 4886 2885 4955 Spiritum
2913 4883 3108 4950 (Colat.
3152 4901 3186 4940 v
3209 4927 3225 4953 ,
3257 4887 3368 4960 l7).
3397 4887 3502 4945 Sed
3545 4891 3646 4948 hoc

2069 4979 2212 5034 unde
2249 4978 2536 5045 acciderit,
2581 4977 2772 5034 Cicero
2809 4978 3080 5033 nesciebat
3107 4996 3122 5031 :
3149 4987 3206 5034 et
3249 4987 3424 5036 tamen
3469 4987 3645 5042 carnis

2068 5069 2514 5140 concupiscentia:
2539 5085 2644 5124 non
2673 5067 2902 5133 favebat,
2935 5068 3075 5138 quod
3107 5079 3160 5124 tu
3187 5067 3352 5138 facis;
3395 5073 3500 5128 imo
3527 5091 3644 5131 eam

2067 5161 2416 5218 vehementer
2452 5161 2736 5233 arguebat,
2779 5160 2920 5231 quod
2951 5170 3006 5216 tu
3031 5177 3137 5217 non
3164 5162 3334 5218 solum
3361 5181 3466 5220 non
3497 5167 3647 5237 facis,

2134 5341 2152 5373 ι
2177 5346 2252 5390 Er.
2289 5346 2341 5390 et
2360 5345 2468 5389 nov.
2489 5375 2504 5398 ,
2539 5349 2731 5400 auram.
2763 5345 2896 5400 Ann,
2929 5350 3070 5389 aura.
3105 5346 3244 5400 uss,
3277 5353 3441 5392 auras.

2133 5404 2156 5471 ξ
2176 5401 2488 5471 floriacensis
2505 5407 2608 5471 δίδη
2617 5397 2852 5471 ⁸ιιὶίιιοςιίε.

2135 5465 2156 5496 ³
2179 5469 2230 5512 ιιι
2251 5469 2380 5522 Itss.,
2403 5460 2646 5524 voluptati.

2131 5525 2154 5556 δ
2176 5526 2249 5572 sic
2269 5534 2370 5572 All].
2399 5530 2451 5572 et
2472 5521 2579 5572 MSS.
2601 5528 2658 5570 At
2673 5527 2748 5570 Er.
2777 5527 2981 5583 et_l.ov.,
3007 5521 3136 5583 Quis.

2132 5587 2154 5618 ³
2177 5593 2278 5634 Ain.
2319 5591 2370 5633 et
2407 5597 2581 5634 omnes
2753 5581 2976 5635 Gallimni
3011 5581 3064 5636 et
3099 5587 3399 5650 vellentium
3428 5593 3642 5636 nterea».

2069 5653 2166 5700 tur.

2133 5710 2156 5742 '
2179 5717 2264 5762 Ant
2306 5715 2358 5759 et
2379 5712 2506 5770 Mss,
2525 5705 2784 5758 interdiu».
