4014 6184
378 307 480 368 773

377 427 474 482 secl
515 422 834 482 facientibus
871 420 1219 477 vehementer
1258 421 1505 475 irasceris
1535 438 1548 472 :
1581 423 1671 490 qui
1701 417 1954 488 concupi-

377 529 612 574 scenttas
648 527 702 571 ct
742 515 958 584 spiritus
985 525 1040 568 et
1076 515 1256 568 carnis
1297 515 1438 568 inter
1475 528 1533 567 se
1577 513 1960 583 belligerantes

380 622 628 680 tanquam
657 611 710 661 in
747 606 887 662 bello
915 605 1131 660 timidus
1165 605 1350 660 ambas
1384 603 1606 659 laudare
1649 604 1862 659 conaris
1892 603 1910 634 ¹
1939 645 1955 668 ,

379 702 522 756 velut
548 699 812 755 inimicam
836 708 1081 753 metuens
1103 698 1319 758 habere.
1343 714 1461 768 qua:
1485 698 1714 768 potuerit
1733 697 1957 751 alteram

379 797 614 846 vincere.
643 790 778 858 Quin
811 805 907 859 age
930 789 1124 859 potius,
1154 805 1221 843 ne
1249 787 1528 850 formidas,
1559 799 1612 843 et
1649 787 1802 842 lauda
1827 801 1957 842 con-

375 881 758 954 cupiscentiam
793 879 1012 948 spiritus
1036 879 1292 934 adversus
1319 877 1802 948 concupiscentiam
1831 891 1954 931 ear-

373 976 489 1036 nis,
521 979 666 1025 tanto
691 971 868 1025 acrius
887 1011 901 1038 ,
932 979 1130 1040 quanto
1160 970 1362 1024 castius
1389 969 1730 1024 dimicantem
1767 984 1780 1020 :
1809 967 1953 1022 illam

371 1079 392 1112 κ
406 1077 500 1116 ero
519 1069 900 1131 repugnantem
921 1060 1024 1131 legi
1045 1061 1258 1124 mentis,
1281 1059 1398 1114 sine
1424 1073 1616 1127 pavore
1635 1058 1742 1112 ullo
1761 1056 1951 1113 eadem

371 1153 458 1208 cui
486 1161 746 1222 repugnat
770 1152 889 1223 lege
916 1152 1111 1206 mentis
1139 1151 1460 1206 condemna.

445 1252 533 1308 75.
563 1247 730 1306 Aliud
750 1257 831 1303 est
849 1245 1204 1301 consideratio
1223 1242 1632 1315 pulchritudinis
1653 1241 1812 1298 etiam
1833 1256 1953 1296 cor-

372 1343 592 1410 poralis,
625 1343 736 1396 sive
759 1329 1000 1401 visibilis,
1029 1334 1167 1390 sicut
1193 1344 1276 1390 est
1299 1335 1350 1388 in
1375 1334 1644 1389 coloribus
1665 1341 1719 1388 et
1745 1332 1948 1403 ﬁguris,

369 1433 483 1488 sive
521 1431 784 1495 audihilis,
827 1429 966 1484 sicut
999 1436 1082 1482 est
1114 1428 1166 1481 in
1203 1425 1446 1480 cantibus
1479 1432 1639 1494 atque
1677 1424 1948 1490 modulis;

373 1539 532 1592 quam
572 1521 1072 1584 considerationem,
1105 1517 1206 1572 nisi
1237 1517 1492 1571 rationale
1519 1515 1718 1570 animal
1751 1515 1950 1574 habere

375 1630 480 1668 non
499 1621 702 1683 potest:
721 1620 775 1666 et
788 1610 928 1665 aliud
945 1618 1029 1664 est
1043 1609 1330 1664 commotio
1344 1607 1596 1673 libidinis,
1611 1621 1730 1677 qua:
1745 1605 1952 1661 ratione

369 1704 626 1761 frenanda
646 1713 729 1758 est
749 1703 792 1754 '.
816 1701 1047 1757 Joannes
1068 1700 1208 1754 enim
1231 1698 1500 1768 apostolus
1523 1697 1666 1752 illam
1693 1695 1948 1766 concupi-

369 1795 626 1850 scentiam
647 1809 753 1847 non
777 1807 896 1847 esse
919 1790 1052 1845 dixit
1073 1805 1101 1842 a
1151 1789 1306 1844 Patre
1348 1787 1389 1858 (l
1409 1786 1564 1842 Joan.
1589 1803 1626 1842 ll
1643 1828 1657 1852 ,
1682 1787 1772 1857 l6)
1790 1827 1804 1852 ,
1831 1802 1950 1858 quae

365 1883 699 1953 concupiscit
719 1883 979 1937 adversus
1003 1880 1267 1950 spiritum.
1291 1879 1458 1948 Quam
1487 1893 1648 1935 nemo
1671 1887 1842 1950 potest
1863 1878 1950 1933 bo-

365 1991 486 2030 nam
512 1975 692 2030 dicere
712 2015 728 2040 ,
764 1973 866 2028 nisi
891 1971 1043 2042 cujus
1081 1971 1338 2027 adversus
1364 1986 1484 2026 eam
1515 1985 1618 2025 non
1644 1980 1788 2026 amat
1815 1985 1948 2024 con-

362 2067 637 2136 cupiscere
674 2065 912 2134 spiritus.
957 2062 1111 2132 Quod
1141 2063 1184 2118 si
1215 2062 1336 2117 talis
1375 2077 1480 2118 non
1519 2071 1603 2118 est
1631 2063 1682 2117 in
1712 2069 1859 2117 motu
1893 2071 1949 2116 et

362 2159 557 2214 ardore
602 2156 950 2228 genitalium,
999 2169 1104 2209 non
1149 2155 1410 2209 adversus
1449 2169 1567 2208 eam
1609 2153 1948 2224 concupiscat

361 2247 613 2316 spiritus,
655 2260 722 2300 ne
749 2244 1005 2300 adversus
1039 2243 1236 2299 donum
1281 2242 1376 2300 Dei
1404 2243 1830 2314 concupiscendo
1861 2244 1944 2298 in-

361 2337 606 2391 veniatur
645 2336 922 2406 ingratus:
955 2335 1050 2390 sed
1093 2333 1349 2405 quidquid
1392 2334 1710 2405 appetiverit
1749 2333 1942 2401 detur,

363 2438 612 2496 tanquam
640 2425 713 2480 illi
739 2441 857 2495 quae
879 2440 943 2480 ex
965 2425 1124 2480 Patre
1144 2433 1266 2490 est;
1295 2425 1342 2479 si
1366 2433 1542 2480 autem
1569 2439 1672 2480 non
1698 2435 1782 2480 est
1801 2425 1945 2496 quod

359 2518 536 2578 detur,
568 2515 671 2570 hoc
695 2515 871 2586 potius
897 2525 1108 2585 petatur
1141 2529 1172 2568 a
1202 2515 1378 2579 Patre,
1407 2530 1516 2570 non
1544 2527 1601 2570 ut
1628 2515 1832 2571 auferat
1861 2516 1944 2572 vel

361 2607 712 2679 comprimat,
759 2607 855 2663 sed
904 2615 960 2661 ut
997 2606 1208 2676 expleat
1251 2606 1736 2677 concupiscentiam
1781 2622 1942 2678 quam

359 2702 595 2756 donavit.
641 2699 794 2768 Quod
837 2714 1026 2770 sapere
1064 2699 1110 2754 si
1156 2697 1402 2770 desipere
1441 2707 1561 2766 est;
1589 2700 1778 2771 utquid
1821 2716 1941 2757 eam

359 2807 730 2864 comparamus
757 2791 882 2846 vino
909 2799 965 2845 et
991 2788 1132 2854 cibo,
1163 2797 1218 2845 et
1241 2788 1438 2860 aliquid
1471 2791 1623 2846 nobis
1653 2790 1834 2848 dicere
1859 2793 1942 2847 vi-

359 2885 568 2952 demur,
599 2883 722 2954 quia
747 2882 1004 2948 dieimus,
1040 2899 1060 2933 ι
1089 2879 1200 2937 Nec
1227 2880 1409 2936 vinum
1438 2880 1698 2946 ebrietas,
1732 2898 1832 2939 nec
1859 2883 1940 2938 ci-

361 2978 489 3032 Imm
531 2975 850 3031 condemnet
887 2972 1102 3042 crapula
1138 2971 1216 3046 (a)
1247 3013 1264 3040 ,
1311 2987 1414 3029 nec
1453 2973 1940 3042 concupiscentiam

359 3066 589 3121 infamet
615 3063 956 3128 obscenitas;
993 3081 1012 3114 ι
1044 3062 1258 3132 quando
1284 3078 1384 3118 nec
1406 3063 1658 3130 ebrietas,
1690 3079 1792 3120 nec
1815 3079 1939 3120 cra-

359 3158 483 3226 pula
505 3155 550 3222 ³,
587 3169 686 3210 nec
705 3152 1005 3208 obscenitas
1025 3153 1131 3206 ulla
1150 3153 1499 3208 committitur
1514 3195 1530 3220 ,
1554 3154 1600 3209 si
1619 3155 1794 3210 carnis
1813 3169 1941 3211 con-

347 3247 684 3320 .cupiscentia
706 3245 895 3316 spiritu
915 3245 1170 3300 adversus
1192 3261 1312 3302 eam
1331 3249 1739 3318 concupiscente
1757 3249 1939 3306 vinca-

359 3340 486 3396 tur?
509 3359 528 3392 ι
565 3339 851 3403 Excessus,
890 3355 910 3390 ι
943 3337 1140 3408 inquis,
1177 3355 1197 3390 ι
1233 3337 1348 3408 ejus
1374 3337 1426 3393 in
1457 3339 1609 3408 culpa
1635 3348 1737 3396 est.
1775 3358 1795 3392 ι
1830 3339 1940 3396 Nec

353 3429 614 3502 perspicis
651 3426 818 3500 (quod
853 3426 1106 3482 facillime
1137 3429 1420 3498 potuisses,
1465 3429 1512 3484 si
1539 3431 1704 3501 magis
1745 3431 1936 3501 ipsam,

354 3537 513 3590 quam
539 3535 628 3575 me
656 3519 874 3574 vincere
902 3517 1204 3592 voluisses),
1237 3529 1293 3574 ut
1329 3535 1434 3574 non
1466 3521 1558 3576 fiat
1601 3523 1800 3577 malum
1839 3538 1938 3580 ex-

352 3610 618 3676 cedendi,
648 3608 1002 3664 resistendum
1031 3625 1150 3666 esse
1175 3611 1317 3666 malo
1344 3611 1774 3683 concupiscendi.
1818 3613 1937 3670 Duo

355 3716 484 3772 ergo
523 3700 663 3756 mala
705 3709 848 3764 sunt,
891 3716 1117 3771 quorum
1164 3717 1325 3756 unum
1371 3703 1664 3768 habemus,
1705 3704 1935 3760 alterum

353 3793 600 3856 facimus,
641 3793 686 3848 si
723 3791 771 3848 ei
815 3807 921 3847 non
961 3792 1259 3848 resistimus
1296 3791 1439 3862 quod
1475 3792 1734 3850 habemus
1759 3794 1782 3826 ⁸
1810 3835 1825 3849 .

425 3887 514 3942 74.
561 3885 678 3942 Jam
699 3899 830 3940 vero
847 3892 902 3939 et
921 3893 1077 3938 antea
1097 3882 1328 3939 diximus
1346 3882 1562 3957 (Supra,
1585 3902 1638 3940 η.
1657 3887 1755 3958 35)
1774 3929 1789 3954 ,
1813 3902 1937 3958 pro-

423 4075 441 4104 ι
467 4071 782 4133 Floriacensis
799 4075 923 4133 llas,2
942 4067 1108 4120 auibus
1129 4075 1290 4133 partes
1312 4067 1515 4120 laudare
1539 4071 1744 4123 conaris

417 4136 571 4205 33155.
607 4130 804 4205 Belgici,
827 4129 1068 4205 gallicani,
1089 4129 1141 4203 et
1171 4131 1380 4205 tiaticani‘
1396 4169 1410 4191 ,
1436 4133 1704 4205 frangenda
1719 4139 1806 4205 gat.

413 4196 436 4228 ³
452 4201 573 4255 Tres
593 4206 624 4243 e
646 4193 882 4243 Vaticanis
898 4193 1234 4255 manuscriptls
1247 4195 1495 4254 omittunt,
1513 4193 1602 4245 néc
1623 4193 1829 4248 ebrietas
1843 4208 1934 4248 nec

345 4253 621 4388 ενῗιίἴιίῗίὶη
644 4321 760 4390 ante
778 4316 976 4392 excusis
982 4315 1288 4392 irrepserunt
1301 4317 1462 4392 verba
1485 4315 1583 4376 illa,
1600 4332 1710 4392 cum
1732 4318 1858 4392 forte
1880 4321 1931 4370 in

339 4378 567 4440 margine
588 4377 823 4445 quispiam
847 4389 908 4445 ea
927 4377 1232 4445 scripsisset:
1257 4378 1370 4445 Ideo
1390 4377 1442 4428 in
1479 4379 1727 4445 pecoribus
1747 4379 1932 4432 malum

346 4451 443 4502 non
453 4435 534 4502 fast
555 4435 956 4502 concupiscentia,
991 4435 1106 4502 quia
1141 4450 1236 4487 non
1257 4435 1490 4502 aduersus
1509 4439 1732 4502 spiritum
1759 4456 1931 4493 concu-

341 4499 516 4568 piscit,
547 4497 633 4568 sed
656 4497 821 4568 eorum
851 4499 1008 4568 potius
1029 4497 1229 4568 oblectat
1262 4498 1502 4568 spiritum.
1535 4497 1930 4568 "Coiwupiscentt'a

337 4560 478 4630 ιιιεαι
495 4558 746 4630 enim
767 4558 1000 4630 armis
1023 4558 1210 4630 διετηαίξ
1241 4558 1638 4630 ammte
1651 4558 1752 4630 φη
1772 4566 1928 4618 resut-

345 4627 477 4700 Wx
486 4617 861 4700 959.???"29‘3'3
1141 4620 1318 4700 9.1229:
1333 4617 1930 4700 [κάειξρῐξξεηρΙιίψεηιφςο

345 4687 381 4738 d
411 4683 662 4736 leCtmttur.
699 4684 1030 4745 Expunximus
1069 4683 1356 4746 auctoritate
1394 4685 1710 4746 antiqnls'simi
1748 4683 1948 4742 codicis-

334 4747 655 4798 Fimiacensis
671 4753 722 4794 et
745 4746 1176 4806 manuscriptorutn
1206 4745 1350 4806 trium
1370 4758 1432 4796 ex
1459 4745 1710 4800 Vaticanis.

405 4810 480 4872 (α)
511 4806 726 4884 multa
762 4805 1657 4884 “missaseléselselaterarst
1675 4811 1924 4884 Evangelii

345 4865 482 4935 unus
521 4865 756 4935 331,54,
787 4875 840 4935 et
883 4865 1196 4935 ecclesiastici
1218 4865 1512 4935 sqiiitores',
1557 4871 1763 4935 ipseque
1797 4865 1930 4922 inter

333 4933 464 5001 alios
485 4931 774 5001 Benedictus
794 4930 1039 5001 inhegula
1057 4963 1072 4988 ,
1097 4940 1200 5001 cap.
1221 4929 1404 5001 §9,'(_le
1426 4929 1892 5001 mensuraciborum
1907 4968 1924 4994 ,

335 4993 527 5058 scilicet
543 4997 635 5058 pro
656 4991 890 5058 stomachi
915 5003 1042 5058 noxa
1063 4997 1116 5040 et
1153 4991 1392 5058 indigerie
1407 5027 1422 5048 ,
1461 5005 1557 5042 non
1580 5005 1608 5058 a
1633 4995 1759 5058 vino,
1775 5007 1804 5044 a
1827 4991 1926 5058 quo

343 5063 427 5118 cst
451 5051 699 5118 ebrietas,
723 5053 813 5118 sed
834 5063 875 5118 a_
899 5053 1010 5118 cibo
1030 5051 1282 5101 immodico
1303 5060 1484 5118 creata.
1515 5055 1669 5118 hujus
1691 5057 1764 5104 rei
1788 5051 1925 5118 igno-

333 5117 530 5166 ratione
553 5115 762 5176 turpiter
779 5112 1099 5176 halluciuatur
1122 5120 1291 5164 Petrus
1313 5116 1498 5164 Potitus
1512 5116 1561 5165 in
1583 5112 1924 5168 dissertatione

344 5189 456 5237 qua:
478 5176 553 5226 his
579 5174 762 5242 diebus
778 5175 951 5242 prodiit
971 5174 1246 5242 dettomeri
1279 5176 1558 5242 nepenthe,
1583 5191 1687 5242 cap.
1716 5179 1775 5228 15
1791 5214 1805 5239 ,
1840 5181 1925 5230 ubi

347 5235 377 5280 ιζ
397 5235 1143 5320 ιξρεξιςιίουωὶηὸηηὶηξθιὶᾳυω
1182 5235 1597 5320 ροιςςέιιξηῐυὶδερ
1619 5235 1924 5320 »ς’ροτιίιεεξξη

342 5295 522 5363 colligit
548 5311 612 5346 ex
631 5311 698 5363 βο
722 5297 828 5347 loco
847 5295 1204 5347 Confessionum
1231 5335 1246 5357 ,
1273 5297 1358 5363 lib.
1385 5299 1444 5348 10
1463 5335 1476 5358 ,
1501 5313 1605 5363 cap.
1641 5295 1727 5360 ‘51,
1745 5295 1793 5352 ti.
1819 5303 1882 5350 45
1907 5317 1920 5352 :

343 5376 369 5400 ι
395 5357 610 5426 Ebrietas
629 5357 776 5422 longe
801 5366 878 5409 est
900 5371 928 5408 a
951 5372 1049 5419 me,
1069 5367 1164 5408 etc.
1183 5360 1382 5423 Crapula
1401 5357 1572 5411 antcm'
1585 5357 1924 5426 nonnunquam

343 5441 369 5463 α
390 5419 616 5486 subrepit
673 5419 818 5470 servo
875 5429 990 5486 ιμοῇ
1020 5437 1042 5465 ι
1093 5427 1172 5471 list
1223 5419 1640 5486 autcmucramla
1706 5439 1768 5474 ex
1798 5419 1924 5476 "cibo

337 5481 432 5544 uti:
478 5481 699 5544 gravior,
737 5493 851 5544 qua:
887 5480 1025 5544 facile
1056 5493 1083 5530 a
1127 5484 1512 5543 tcmperaatihus
1534 5480 1727 5536 'vitatur
1771 5500 1783 5534 :
1829 5487 1922 5538 aiia

331 5539 529 5606 levior,
573 5539 732 5606 qualis
756 5539 876 5606 'viro
918 5543 1094 5606 cuique
1130 5539 1294 5593 sobrio
1325 5546 1547 5606 subrepit
1583 5548 1822 5597 interdum
1844 5549 1922 5598 vel

335 5603 534 5668 invito,_
566 5611 688 5668 esui
710 5602 753 5648 is
797 5617 821 5644 ι
855 5601 902 5648 in
924 5601 1066 5668 modo
1103 5605 1385 5668 necessitati
1421 5601 1636 5668 congruo
1678 5609 1871 5658 fallitur.
1893 5627 1914 5654 ν

335 5662 492 5733 ratius
520 5657 735 5733 levioris.
757 5663 948 5733 peccati
987 5675 1128 5711 causa
1169 5665 1252 5713 Dei
1289 5657 1664 5717 niisericddiam
1703 5657 1922 5733 iiiqurat

337 5721 523 5770 titidcm
543 5721 848 5780 Att-gustatus.

1204 305 1476 362 CONTRA
1513 302 1851 362 JULIANUM
1894 301 2337 360 PELAGIANUM
2379 346 2394 368 ,
2435 305 2494 360 S.
2535 305 2901 364 AUCUSTINI

3547 319 3653 373 776

2069 427 2252 488 ptcrea
2279 419 2378 474 hoc
2406 435 2509 476 non
2533 437 2652 478 esse
2683 423 2734 476 in
2767 425 3048 491 pecoribus
3076 427 3296 498 malum,
3328 431 3448 500 quia
3481 433 3537 488 in
3569 437 3654 491 eis

2072 527 2176 566 non
2209 515 2537 584 concupiscit
2566 516 2819 572 adversus
2848 518 3110 588 spiritum.
3137 521 3252 577 Non
3282 525 3423 580 enim
3450 524 3656 584 habent

2067 603 2352 670 rationem,
2370 620 2471 673 qua
2493 604 2739 661 libidines
2759 608 3040 678 subjugent
3058 613 3378 683 superando,
3403 615 3657 688 fatigent-

2073 707 2138 748 ve
2173 695 2472 764 pugnando.
2491 696 2620 761 Quis
2649 705 2824 751 autem
2845 699 2936 754 tibi
2957 699 3106 768 dicit,
3125 720 3146 754 ι
3164 719 3380 774 seraper
3398 722 3654 776 pecorum

2068 782 2372 840 imitatione
2411 787 2662 855 peccari?
2695 807 2714 840 ι
2743 787 2913 858 Quam
2949 795 3266 850 sententiam
3295 812 3400 852 non
3431 799 3523 854 tibi
3552 801 3653 858 ob-

2066 872 2262 942 iectam
2293 885 2434 930 tanta
2465 876 2788 947 loquacitate
2812 879 3057 938 refellere
3081 884 3352 954 laboraui,
3382 899 3439 944 ut
3461 905 3654 962 super-

2061 963 2166 1020 llua
2196 966 2366 1022 multa
2391 968 2690 1040 colligeres,
2723 985 2844 1041 qua:
2869 973 2920 1027 in
2952 976 3230 1044 pecoribus
3254 981 3647 1052 animadversa,

2061 1056 2220 1110 etiam
2247 1058 2524 1115 medicinae
2546 1059 2824 1132 disciplina
2852 1073 3106 1121 sectatur.
3135 1067 3241 1124 Sed
3270 1085 3338 1126 ne
3364 1082 3648 1143 propterea

2058 1156 2372 1217 putaretur,
2417 1164 2523 1204 non
2561 1165 2682 1207 esse
2719 1153 2916 1208 malum
2954 1155 3132 1212 carnis
3174 1160 3606 1231 concupiscentia
3627 1205 3646 1232 ,

2058 1238 2181 1306 quia
2205 1237 2403 1292 bonum
2429 1249 2512 1295 est
2537 1240 2587 1295 in
2614 1257 2827 1313 pecore,
2857 1253 2914 1300 ut
2937 1260 3004 1302 eo
3026 1261 3086 1302 se
3109 1248 3340 1307 oblectet
3366 1253 3454 1308 illa
3479 1267 3647 1312 natu-

2059 1342 2139 1393 ra,
2181 1327 2270 1383 cui
2311 1345 2414 1384 non
2446 1339 2618 1400 potest
2649 1333 2822 1389 inesse
2848 1338 3277 1408 concupiscentia
3315 1345 3592 1414 sapientiae
3625 1365 3644 1402 :

2059 1417 2184 1474 ideo
2222 1417 2424 1474 dictum
2457 1430 2540 1476 est
2575 1421 2770 1478 bonum
2808 1439 2928 1481 csse
2963 1429 3189 1497 pecoris,
3207 1431 3367 1502 cujus
3392 1434 3508 1488 sine
3531 1437 3644 1493 ulla

2057 1511 2406 1579 repugnantia
2427 1509 2656 1568 delectat
2674 1514 2915 1584 spiritum
2931 1532 2947 1582 ;
2963 1517 3168 1574 malum
3188 1529 3362 1578 autem
3386 1523 3637 1594 hominis,

2054 1599 2108 1654 in
2135 1615 2240 1672 quo
2262 1602 2280 1634 ί
2301 1603 2628 1673 concupiscit
2651 1605 2907 1663 adversus
2930 1608 3195 1678 spiritum.

2125 1689 2350 1748 CAPUT
2387 1691 2507 1748 XV.
2534 1725 2608 1736 —
2634 1696 2721 1751 75.
2757 1695 3074 1756 Convocasti
3111 1703 3272 1758 etiam
3305 1704 3360 1760 in
3383 1707 3639 1765 auxilium

2053 1779 2262 1835 turbam
2296 1781 2757 1854 philosOphorum,
2793 1788 2944 1857 quasi
2981 1799 3244 1861 suscepta:
3283 1802 3406 1863 tum,
3445 1795 3492 1852 si
3527 1813 3637 1856 non

2054 1880 2276 1940 possunt
2302 1888 2551 1942 pecorum
2576 1875 2808 1932 solertia:
2829 1879 3117 1948 naturales,
3144 1882 3329 1938 saltem
3354 1885 3637 1945 doctorum

2052 1960 2326 2018 hominum
2356 1965 2682 2034 opitulentur
2709 1982 2940 2025 errores.
2980 1969 3086 2028 Sed
3126 1975 3245 2044 quis
3271 1991 3380 2032 non
3415 1979 3630 2049 videat,

2051 2053 2309 2110 doctrinm
2344 2063 2398 2112 te
2431 2057 2688 2128 quaesisse
2719 2059 3028 2130 jactantiam
3066 2063 3118 2119 in
3149 2071 3638 2128 commemorandis

2055 2147 2362 2205 nominibus
2422 2149 2698 2206 doctorum
2740 2151 3016 2209 hominum
3066 2158 3331 2230 sectisque
3371 2161 3629 2233 diversis,

2053 2237 2266 2306 quando
2302 2239 2552 2309 perspicit
2584 2241 2902 2314 quicumque
2943 2243 3044 2300 ista
3075 2254 3168 2300 tua
3194 2247 3341 2320 legit,
3377 2251 3443 2307 ad
3481 2270 3631 2324 qua:-

2049 2328 2274 2382 stionem
2301 2343 2420 2398 qua:
2447 2329 2588 2385 inter
2613 2345 2712 2386 nos
2736 2333 2977 2402 vertitur,
3004 2335 3120 2392 haec
3143 2337 3446 2396 nullatenus
3467 2345 3630 2412 perti-

2049 2417 2220 2473 nere?
2247 2416 2377 2484 Quis
2406 2419 2550 2474 enim
2579 2420 2792 2490 audiat,
2823 2424 2965 2494 quod
3000 2425 3096 2481 abs
3123 2435 3175 2482 te
3199 2443 3628 2489 commemoran-

2049 2516 2167 2575 tur,
2204 2526 2224 2562 ι
2257 2507 2452 2564 Thales
2491 2509 2726 2568 Milesius
2762 2529 2899 2570 unus
2937 2531 2969 2572 e
3008 2527 3211 2588 septem
3259 2523 3624 2594 sapientibus,

2045 2597 2240 2654 deinde
2273 2599 2688 2670 Anaximander,
2717 2605 3096 2676 Anaximenes,
3126 2609 3488 2682 Anaxagoras,
3513 2613 3628 2671 Xe-

2045 2690 2342 2762 nophanes,
2368 2691 2736 2761 Parmenides,
2767 2693 3083 2768 Leucippus,
3118 2699 3475 2772 Democritus,
3503 2705 3628 2762 Em-

2045 2783 2314 2853 pedocles,
2346 2783 2660 2849 Heraclitus,
2691 2785 2957 2854 Melissus,
2996 2789 3166 2857 Plato,
3205 2791 3565 2866 Pythagorei,
3599 2815 3620 2854 ι

2047 2875 2411 2946 unusquisque
2437 2890 2559 2931 cum
2585 2877 2802 2948 proprio
2824 2877 3072 2950 dogmate
3095 2895 3193 2937 suo
3213 2883 3282 2939 de
3301 2888 3628 2946 naturalibus

2044 2965 2206 3023 rebus
2236 2984 2250 3022 :
2279 2967 2420 3038 quis,
2450 2968 2689 3038 inquam,
2722 2969 2841 3026 haec
2865 2971 3063 3040 audiat,
3094 2985 3148 3030 et
3174 2991 3279 3032 non
3308 2977 3425 3048 ipso
3452 2981 3628 3036 nomi-

2045 3073 2172 3112 num
2207 3067 2577 3129 sectarumque
2603 3058 3036 3130 conglobatarum
3071 3066 3297 3136 strepitu
3325 3076 3624 3140 terreatur,

2042 3149 2088 3204 si
2105 3148 2511 3216 estineruditus,
2530 3149 2700 3220 qualis
2716 3159 2800 3206 est
2816 3151 3090 3208 hominum
3117 3157 3398 3213 multitudo
3419 3175 3436 3225 ;
3459 3169 3625 3216 etex-

2043 3239 2242 3294 istimet
2275 3247 2328 3294 te
2361 3237 2601 3310 aliquem
2625 3255 2896 3312 magnum,
2913 3243 3001 3314 qui
3028 3243 3146 3300 haec
3187 3247 3326 3304 scire
3348 3252 3626 3319 potueris!

2043 3327 2182 3384 Ecce
2201 3327 2344 3399 quod
2363 3329 2570 3399 appetis
2593 3347 2608 3385 :
2629 3329 3054 3402 quandoquidem
3081 3335 3132 3390 in
3156 3335 3240 3393 bis
3259 3339 3510 3396 omnibus
3527 3341 3626 3398 abs

2040 3425 2096 3474 te
2114 3419 2467 3474 coacervatim
2488 3421 2939 3488 commemoratis,
2960 3424 3102 3494 quod
3125 3425 3192 3481 ad
3213 3442 3328 3483 rem
3347 3431 3628 3500 quaeinter

2040 3523 2139 3567 nos
2164 3510 2334 3582 agitur
2359 3511 2640 3580 pertineat,
2671 3511 2802 3568 nihil
2829 3516 3048 3570 omnino
3083 3516 3288 3576 dixisti.
3317 3519 3452 3578 Nam
3482 3539 3623 3594 pra:-

2039 3599 2246 3656 locutus
2273 3614 2330 3654 es
2358 3600 2458 3656 ista
2483 3601 2742 3670 dicturus,
2773 3612 2828 3659 et
2853 3605 2973 3661 aisti
2998 3624 3012 3661 :
3037 3625 3056 3660 ι
3089 3608 3291 3666 Omnes
3319 3612 3623 3686 philosophi

2039 3689 2093 3744 in
2126 3689 2324 3744 scholis
2360 3689 2485 3746 licet
2524 3689 2666 3745 aliud
2708 3690 3052 3762 disserentes,
3099 3705 3276 3755 tamen
3309 3701 3459 3758 idola
3495 3720 3622 3761 cum

2039 3779 2195 3850 plebe
2223 3786 2539 3834 venerantes
2562 3821 2576 3844 ,
2619 3781 2708 3850 qui
2733 3781 2802 3837 de
2839 3786 3168 3843 naturalibus
3205 3792 3382 3847 causis
3421 3793 3620 3867 aliquid

2037 3871 2340 3941 excogitare
2379 3871 2556 3926 conati
2585 3881 2744 3938 sunt,
2791 3873 2930 3930 inter
2969 3878 3162 3934 multas
3201 3882 3467 3952 opinionis
3507 3901 3621 3944 sua:

2035 3961 2297 4016 vanitates
2333 3961 2379 4028 ⁸,
2404 3961 2609 4031 aliquas
2633 3971 2806 4018 tamen
2826 3965 3066 4022 veritatis
3085 3969 3228 4024 velut
3248 3971 3487 4030 lambere
3507 3992 3622 4046 par-

2037 4059 2152 4120 tes,
2194 4051 2283 4122 qui
2315 4066 2410 4121 per
2435 4051 2712 4122 caliginem
2751 4055 2872 4110 vani
2897 4057 2920 4088 ³
2945 4099 2962 4125 ,
3008 4058 3132 4115 huic
3174 4070 3354 4118 tamen
3382 4064 3618 4137 dogmati

2036 4152 2218 4210 contra
2248 4143 2387 4214 quod
2417 4144 2641 4214 agimus,
2666 4145 2789 4215 jure
2815 4149 3067 4207 anteferri
3097 4146 3344 4222 possunt.
3386 4176 3406 4210 ι
3439 4159 3619 4231 Atque

2035 4245 2095 4291 ut
2117 4235 2220 4292 hoc
2240 4238 2514 4308 probares,
2537 4238 2815 4296 subdidisti
2839 4257 2902 4298 ea
2923 4260 3042 4314 qute
3060 4261 3091 4301 a
3113 4263 3200 4304 me
3222 4264 3436 4321 quoque
3453 4253 3614 4310 modo

2033 4338 2447 4385 commemorata
2477 4341 2625 4396 sunt,
2660 4331 3096 4405 philosophorum
3124 4343 3338 4398 nomina
3365 4343 3616 4418 physico-

2032 4437 2152 4477 rum
2177 4437 2297 4477 cum
2324 4422 2664 4493 opinionibus
2685 4426 2818 4490 suis,
2846 4443 2978 4498 quas
3001 4431 3068 4486 de
3089 4435 3417 4494 naturalibus
3437 4443 3614 4494 causis

2031 4515 2330 4574 habuerunt
2355 4537 2368 4573 :
2390 4534 2488 4574 nec
2514 4527 2692 4575 tamen
2719 4537 3142 4583 commemorare
3167 4543 3355 4584 omnes
3378 4531 3492 4586 sive
3519 4545 3614 4586 vo-

2033 4607 2198 4676 luisti,
2223 4610 2336 4666 sive
2363 4612 2602 4680 potuisti.
2631 4615 2742 4682 Qua
2769 4615 2821 4670 in
2849 4633 2906 4671 re
2923 4617 3174 4674 homines
3197 4619 3473 4690 imperitos
3497 4623 3612 4678 nul-

2031 4700 2084 4755 lo
2109 4701 2384 4758 doctormn
2411 4705 2685 4764 dubitante
2710 4708 2732 4740 ⁸
2769 4707 3042 4763 fraudasﬁ.
3069 4709 3184 4765 floc
3207 4712 3348 4766 enim
3371 4712 3615 4769 demons-

2026 4799 2172 4846 trare
2201 4808 2543 4864 susceperas,
2577 4819 2598 4852 ί
2629 4814 2815 4854 omnes
2840 4801 3185 4872 pliiloSOpbos
3203 4842 3220 4868 ,
3247 4804 3337 4873 qui
3361 4806 3432 4860 de
3453 4819 3613 4861 natu-

2031 4884 2228 4941 ralibus
2269 4888 2444 4944 causis
2487 4890 2684 4962 aliquid
2725 4893 3028 4964 excogitare
3067 4896 3247 4951 conati
3283 4905 3452 4967 sunt,
3491 4900 3614 4970 jure

2095 5061 2276 5139 [φίξῆ
2303 5061 2524 5127 homini-3’
2673 5067 2998 5133 οωοηρίεοίεῖ
3017 5070 3215 5132 omisi).
3231 5069 3302 5132 in.
3327 5085 3441 5136 qua
3464 5077 3614 5137 [arti-

2027 5121 2138 5190 cula
2162 5121 2310 5190 estin
2329 5121 2682 5188 manuscrirtis.
2824 5121 2836 5133 ’
2977 5121 2992 5130 ’
3107 5187 3112 5190 .

2093 5185 2309 5256 '_Belgiei
2347 5185 2664 5256 manuscripti
2679 5196 2730 5239 et
2753 5198 2856 5240 tres
2895 5187 3234 5256 Vaticani'cum
3255 5193 3447 5247 duolms
3475 5196 3617 5248 Galli-

2028 5247 2180 5314 canis,
2195 5247 2518 5314 ihtergnultus
2533 5247 2776 5314 opiniones
2797 5265 2900 5314 sua:
2921 5254 3158 5306 vanitatis.

2095 5307 2118 5382 ξ
2141 5317 2239 5382 Αιῃ.
2247 5343 2275 5380 ,ο
2285 5309 2473 5372 aliquas
2493 5307 2653 5382 latitet:
2672 5311 2902 5373 veritatis,
2919 5315 3048 5382 33cm
3069 5315 3289 5379 («mirere
3317 5325 3499 5382 partes,
3525 5333 3612 5382 qm

2061 5381 2115 5440 er
2125 5369 2384 5440 fuliginem
2409 5371 2532 5422 vani.
2559 5380 2632 5423 Er.
2659 5382 2857 5440 otto“,
2881 5369 3067 5440 aliquas
3085 5369 3246 5428 tatam
3275 5369 3518 5438 veritates,
3535 5369 3616 5432 re;

2050 5429 2216 5501 utjfun
2226 5429 2336 5493 γεγε
2355 5445 2496 5501 pares
2522 5447 2608 5496 per
2624 5429 2879 5498 caliginem
3068 5429 3372 5501 castigantur
3386 5429 3614 5491 ad’v'ete-

2025 5491 2284 5575 525583325
2305 5491 2574 5575 Satanas.
2591 5505 2642 5575 et
2665 5491 2948 5575 νείίξωωξει
2963 5514 3068 5575 9w
3088 5503 3150 5550 ab
3173 5491 3533 5575 ἐίίέειιωιιιερτίι
3549 5505 3615 5574 tis

2027 5554 2270 5624 distabant
2307 5554 2503 5626 Belgici,
2531 5559 2778 5626 uisiquod
2811 5554 3018 5626 notatur.
3046 5576 3147 5619 pro,
3169 5562 3381 5614 lambere
3398 5601 3412 5624 ,
3436 5554 3536 5626 legi
3563 5567 3613 5615 in

2029 5613 2716 5722 legentium
2758 5622 2956 5670 [orbium
3168 5631 3296 5674 Unus
3318 5613 3614 5676 ei‘atiauis

2063 5712 2076 5721 ι
2181 5714 2192 5722 .
2238 5709 2245 5722 ι
2270 5711 2279 5722 ι
2322 5715 2333 5722 .
2353 5693 2377 5722 Ξῖ
2399 5693 2422 5722 ,ἱ
2437 5691 2478 5722 13.

2047 5690 2192 5729 l.l|)('l,
2221 5690 2478 5726 ιιΊΠΙὶὶέἷίῖὶὈ.

2091 5738 2110 5767 δ
2139 5737 2266 5798 lun
2301 5747 2442 5800 ma,
2478 5739 2610 5790 nulla
2643 5740 2889 5794 doctorum
2925 5743 3231 5798 dubitatione.
