4014 6184
230 277 336 345 ΤΠ

233 418 391 473 posse
419 401 540 455 huic
570 398 822 469 dogmati,
857 406 1040 453 contra
1071 389 1211 470 quod
1241 409 1446 468 ageres,
1479 387 1751 448 anteferri.
1791 409 1808 441 ι

171 555 174 558 ,
231 493 341 550 Cur
367 507 495 564 ergo
521 533 535 558 ,
567 501 626 546 ut
654 489 721 547 de
746 491 864 546 aliis
895 491 1136 561 plurimis
1167 498 1368 544 taceam
1391 527 1405 554 ,
1438 499 1556 540 cum
1584 495 1819 538 comme-

232 598 503 642 ntorasses
527 581 912 638 Anaximeuem
942 579 1162 652 ejusque
1180 576 1496 649 discipulum
1531 577 1819 645 Anaxago-

234 692 368 739 ram,
401 675 612 730 Iacuisti
641 674 868 728 alterum
896 674 1014 742 ejus
1038 673 1354 742 discipulum
1378 671 1687 740 Diogenem,
1729 664 1818 734 qui

233 779 284 822 et
317 783 346 821 a
391 768 643 837 magistro
672 775 725 820 et
751 781 778 818 a
809 765 1174 834 condiscipulo
1204 779 1300 818 suo
1331 763 1380 816 in
1413 776 1592 817 rerum
1621 767 1822 812 natura‘

233 859 490 929 opinione
529 859 802 920 dissensit,
851 858 1230 928 propriumque
1269 855 1460 925 dogma
1503 851 1824 908 constituit?

235 951 372 1019 Quid
395 993 410 1017 ,
443 951 486 1006 si
524 951 630 1006 tale
664 949 864 1024 aliquid
895 950 1008 1019 ipse
1045 949 1242 1013 sensit,
1275 955 1333 1000 ut
1358 945 1512 1000 nobis
1548 960 1651 998 non
1685 951 1825 998 esset

235 1042 663 1114 auteponendus,
712 1043 902 1112 quibus
947 1055 1134 1096 omnes
1177 1039 1266 1116 qui
1309 1037 1376 1094 de
1417 1053 1598 1092 rerum
1639 1043 1823 1090 natura

239 1136 595 1207 philosophati
618 1144 760 1197 sunt,
790 1131 1192 1204 anteponendos
1213 1145 1332 1186 esse
1353 1129 1563 1194 dixisti;
1588 1137 1744 1198 atque
1773 1135 1827 1180 ut

239 1227 345 1282 hoc
373 1225 525 1297 quasi
569 1223 882 1278 ostenderes
902 1265 916 1287 ,
951 1231 1003 1278 te
1031 1223 1081 1276 in
1111 1218 1594 1275 commemorandis
1633 1216 1824 1272 frustra

250 1315 556 1372 nominibus
586 1323 638 1369 et
668 1313 1004 1384 dogmatibus
1042 1310 1477 1382 philosophorum
1517 1307 1829 1378 insipienter

246 1405 432 1476 intlasti
452 1405 475 1458 ?
497 1405 636 1459 Ecce
662 1402 938 1474 praeteristi
969 1417 1154 1466 unum,
1187 1417 1343 1469 quem
1375 1399 1455 1452 vel
1487 1413 1551 1454 ex
1577 1399 1830 1468 magistro

223 1477 324 1550 ’νει
356 1509 422 1550 ex
462 1493 827 1564 condiscipulo
854 1507 990 1563 quos
1015 1491 1330 1552 nominasti,
1359 1489 1511 1560 juxta
1554 1487 1829 1542 attendere

246 1587 494 1642 debuisti.
523 1587 603 1640 An
632 1585 768 1640 forte
794 1583 1014 1640 timuisti
1039 1599 1110 1638 ne
1133 1583 1393 1654 Diogenes
1415 1581 1645 1654 Cynicus
1674 1587 1829 1650 puta-

245 1689 430 1746 retur,
473 1689 563 1734 aut
591 1680 677 1734 ille
709 1678 868 1733 etiam
897 1676 1195 1747 legentibus
1221 1683 1437 1746 propter
1465 1674 1603 1728 idem
1635 1687 1829 1726 nomen

220 1779 579 1838 occurreret,
608 1780 660 1824 et
689 1769 895 1824 veniret
925 1767 974 1822 in
1005 1777 1240 1822 mentem
1267 1764 1408 1836 quod
1439 1763 1626 1819 melior
1656 1772 1707 1817 te
1735 1777 1829 1831 pa—

247 1873 434 1918 tronus
476 1861 712 1916 libidinis
755 1859 944 1924 fuerit,
987 1859 1054 1914 de
1079 1873 1182 1929 qua
1209 1855 1505 1912 exercenda
1533 1869 1637 1908 non
1677 1865 1831 1908 vere-

247 1955 580 2010 cundabatur
609 1953 659 2006 in
693 1949 948 2020 publico?
979 1947 1118 2004 unde
1151 1947 1238 2002 illa
1269 1954 1418 2002 secta
1448 1945 1700 2000 caninum
1736 1957 1836 1996 no-

247 2064 370 2103 men
403 2045 626 2115 accepit.
658 2043 736 2097 'l'u
767 2049 944 2096 autem
976 2039 1308 2094 defensorem
1348 2036 1562 2108 quidem
1604 2033 1834 2090 libidinis

249 2140 536 2211 profiteris,
577 2137 671 2192 sed
711 2135 777 2190 de
821 2143 906 2190 tua
935 2141 1201 2202 suscepta,
1249 2130 1387 2201 quod
1417 2127 1575 2183 fidem
1613 2125 1833 2181 liberta-

249 2243 465 2302 temque
493 2229 698 2299 patroni
732 2242 834 2281 non
861 2226 1133 2289 decuerat,
1160 2221 1452 2278 erubescis.

323 2323 414 2380 7.6.
455 2321 676 2381 Verum,
707 2319 936 2384 obsecro
958 2325 1029 2381 te,
1058 2316 1100 2371 si
1129 2312 1478 2386 philosophos
1506 2311 1658 2368 nobis
1686 2321 1835 2365 ante-

251 2428 456 2484 pnnf‘l‘e
483 2409 766 2483 gestiebas.
802 2425 896 2463 cur
921 2424 1024 2464 non
1057 2407 1230 2478 potius
1259 2421 1354 2462 eos
1381 2403 1834 2468 commemorasti,

255 2506 344 2576 qui
378 2506 440 2556 de
466 2501 718 2566 moribus,
752 2515 866 2570 qum
895 2515 1014 2570 pars
1040 2499 1105 2553 ab
1131 2497 1209 2554 eis
1236 2495 1590 2568 philosophiae
1616 2501 1839 2549 vocatur

253 2597 451 2654 ethira.
480 2609 636 2664 quam
669 2607 766 2646 nos
795 2591 1046 2646 moralem
1077 2588 1322 2651 dicimus,
1357 2585 1706 2642 solertissime
1730 2581 1839 2638 dis-

257 2689 558 2758 putarunt?
605 2685 716 2738 lloc
758 2683 898 2738 enim
946 2681 1036 2736 tibi
1085 2680 1414 2751 potissimum
1461 2675 1788 2748 congruebat
1818 2712 1838 2742 ,

255 2779 344 2852 qui
377 2779 655 2834 honestate
681 2775 892 2847 quidem
923 2774 1115 2830 mentis
1145 2771 1364 2827 inferius
1386 2813 1401 2838 ,
1435 2778 1614 2824 tamen
1638 2769 1840 2824 bonum

255 2869 490 2926 hominis
507 2883 626 2923 esse
648 2880 833 2922 censes
853 2866 1092 2934 corporis
1109 2863 1454 2934 Voluptatem.
1475 2860 1580 2916 Sed
1593 2861 1712 2932 quis
1734 2873 1839 2914 non

253 2965 380 3037 quid
405 2961 741 3036 prospexeris
770 2959 990 3018 cernat?
1024 2957 1099 3014 Ne
1120 2957 1322 3012 scilicet
1345 2956 1396 3010 in
1433 2956 1542 3025 ipsa
1588 2954 1653 3010 de
1692 2954 1842 3007 volu-

255 3066 401 3124 ptate
415 3053 706 3124 qnmstione
727 3051 866 3106 unde
882 3059 1054 3104 tecum
1078 3049 1300 3120 agimus,
1324 3045 1660 3102 honestiores
1673 3043 1843 3114 philo-

259 3145 412 3214 sophi
437 3151 488 3198 te
510 3143 818 3206 obruerent,
841 3155 978 3212 quos
997 3139 1184 3194 Cicero
1218 3147 1434 3208 propter
1473 3137 1640 3206 ipsam
1675 3135 1844 3190 hone-

254 3245 452 3292 statem
471 3246 716 3306 tanquam
737 3233 1043 3289 consulares
1061 3230 1412 3306 philosophos
1434 3227 1776 3298 nuncupavit;
1791 3235 1845 3282 et

257 3329 356 3396 ipsi
379 3325 541 3381 Stoici
567 3325 794 3380 maxime
824 3322 1171 3378 inimicissimi
1197 3321 1740 3391 voluptatis,quorum
1765 3327 1843 3398 te-

257 3419 564 3476 stimonium
591 3420 606 3449 ³
631 3432 694 3472 ex
724 3431 952 3489 persona
979 3413 1126 3472 Balbi
1155 3413 1292 3483 apud
1322 3412 1635 3468 Ciceronem
1663 3409 1845 3482 dispu-

258 3511 456 3576 tantis,
489 3523 672 3563 verum
711 3505 962 3577 quidem,
995 3505 1088 3560 sed
1126 3504 1268 3575 quod
1321 3503 1412 3558 tibi
1455 3517 1673 3573 prorsus
1713 3501 1845 3558 nihil

257 3601 554 3676 prodesset,
571 3597 1220 3670 interponendumputasti
1238 3593 1455 3666 (Supra,
1480 3611 1533 3648 η.
1557 3591 1670 3664 58).
1691 3591 1843 3661 Quod

256 3699 436 3746 autem
465 3689 670 3744 nullum
711 3687 942 3742 hominis
968 3687 1164 3742 bonum
1194 3693 1452 3742 censeant
1478 3685 1720 3756 corporis
1744 3698 1842 3738 vo-

261 3781 520 3852 luptate'm
567 3779 790 3850 cupiens
833 3775 1196 3841 abscondere,
1245 3773 1390 3830 nulla
1438 3775 1505 3830 de
1549 3773 1844 3848 quaastione

257 3873 450 3930 morali
500 3872 712 3928 nomina
767 3875 825 3925 et
868 3867 1116 3938 dogmata
1169 3865 1608 3936 philosophorum
1636 3906 1650 3932 ,
1701 3862 1843 3936 quod

259 3965 494 4022 maxime
522 3963 587 4019 ad
617 3977 730 4046 rem
765 3959 1083 4031 pertinebat,
1115 3957 1161 4012 si
1188 3957 1388 4026 aliquid
1416 3956 1484 4010 de
1514 3954 1845 4026 philosOphis

261 4055 592 4129 probandum
621 4053 742 4121 fuit,
771 4066 1192 4109 commemorare
1218 4049 1451 4104 voluisti.
1481 4045 1596 4102 Non
1623 4051 1764 4103 enim
1794 4057 1845 4104 te

259 4149 518 4204 adversus
547 4147 678 4201 istos
701 4141 1152 4210 defenderet,non
1182 4139 1302 4195 dico
1331 4138 1620 4208 Epicurus,
1634 4138 1723 4210 qui
1757 4147 1842 4194 to—

261 4247 376 4296 tum
395 4239 596 4296 bonum
621 4233 851 4291 hominis
873 4234 926 4290 in
946 4233 1220 4304 voluptate
1239 4229 1481 4300 corporis
1502 4229 1698 4300 posuit,
1721 4227 1844 4298 quia

261 4346 370 4386 non
420 4325 562 4400 quod
608 4325 702 4384 ille
746 4334 806 4381 tu
833 4323 1040 4390 sentis;
1087 4321 1183 4377 sed
1227 4319 1586 4376 Dinomachus
1628 4337 1642 4374 :
1689 4317 1846 4389 hujus

258 4423 458 4494 quippe
501 4417 693 4491 dogma
735 4417 830 4478 tibi
867 4417 1083 4489 placuit.
1120 4413 1254 4472 Nam
1283 4415 1398 4485 ipse
1423 4411 1844 4485 conjungendam

259 4513 586 4583 voluptatem
624 4509 911 4564 arbitratum
949 4516 1031 4563 est
1071 4507 1356 4571 honestati,
1401 4513 1462 4560 ut
1501 4503 1848 4574 quemadmo-

259 4605 390 4658 dum
433 4601 714 4665 honestas,
756 4601 826 4654 ita
865 4599 1108 4668 voluptas
1139 4613 1233 4668 per
1261 4611 1320 4652 se
1351 4597 1518 4666 ipsam
1548 4594 1845 4666 appetenda

259 4694 535 4749 videretur
551 4689 708 4764 (Vide
724 4689 1034 4754 Ciceronem,
1054 4689 1117 4744 de
1135 4687 1348 4742 Finibus
1375 4687 1461 4741 lib.
1483 4687 1535 4752 5,
1560 4697 1604 4740 et
1633 4685 1842 4740 Tuscul.

265 4785 365 4850 Qu.
391 4784 479 4838 lib.
522 4783 598 4854 5).
633 4781 780 4836 lianc
813 4795 940 4850 ergo
966 4789 1170 4849 partem
1199 4778 1286 4832 ubi
1312 4777 1378 4834 de
1405 4777 1641 4833 moribus
1667 4777 1850 4847 dispu-

263 4884 427 4941 tatur,
455 4888 577 4928 cum
605 4871 698 4928 tibi
726 4869 989 4927 infensam
1016 4883 1286 4934 cerneres,
1315 4869 1580 4938 attingere
1605 4868 1844 4924 timuisti.

261 4963 396 5021 Nam
417 4965 439 4996 ¹
465 4962 552 5018 ubi
581 4959 812 5017 maxime
841 4959 1203 5016 controversia
1237 4959 1334 5014 ista
1361 4967 1634 5026 versatur,
1665 4957 1850 5028 quanti

261 5064 320 5110 et
344 5055 548 5126 quales,
576 5061 630 5106 et
659 5050 813 5122 cujus
841 5049 983 5122 apud
1005 5049 1202 5107 Gentes
1221 5049 1404 5120 gloria:
1426 5047 1727 5120 philosophi
1753 5049 1849 5106 tibi

264 5146 637 5216 praeferantur,
683 5142 878 5198 vides:
923 5142 1261 5212 maximeque
1306 5141 1422 5212 ipse
1466 5141 1647 5206 Plato,
1690 5157 1847 5212 quem

260 5239 450 5294 Cicero
499 5236 768 5307 appellare
811 5249 920 5291 non
966 5233 1171 5290 dubitat
1229 5249 1362 5305 pene
1409 5229 1852 5305 philosophorum

260 5330 424 5386 deum
451 5327 552 5400 (De
588 5325 791 5382 Natura
827 5327 1056 5394 deorum,
1082 5325 1172 5381 lib.
1192 5325 1248 5393 2,
1272 5335 1317 5382 et
1339 5326 1425 5379 lib.
1449 5325 1484 5381 4
1503 5325 1570 5379 ad
1593 5327 1812 5382 Atticum
1830 5369 1847 5394 ,

327 5465 554 5546 3-95933}
575 5463 730 5513 θωπί
761 5473 936 5512 omnes
971 5469 1100 5523 Μιν
1123 5475 1330 5526 Quorum
1365 5461 1628 5514 testintonio
1649 5475 1713 5514 ex
1736 5477 1848 5528 per.

351 5539 366 5558 ι
411 5535 438 5572 ις
531 5523 558 5571 ⁸.
1137 5523 1147 5526 ⁷
1736 5523 1746 5528 ’

256 5523 612 5650 ’σε’λκέαῗιρῃ
645 5585 860 5644 habent,
912 5593 1032 5635 Nam
1076 5597 1093 5634 :
1131 5597 1296 5650 neque
1338 5597 1510 5636 novam
1553 5588 1848 5650 sententiam

256 5651 488 5768 i’nchnlnt
519 5648 610 5698 nisi
641 5657 784 5712 post,
827 5652 1042 5698 versatur
1061 5685 1076 5709 ,
1122 5649 1181 5698 ad
1216 5647 1402 5710 verba,
1447 5647 1616 5712 Quanti
1647 5656 1692 5700 ct
1725 5661 1846 5712 quu-

279 5725 354 5766 es.

544 5809 810 5870 PATROL.
849 5811 974 5876 XLI
991 5815 1064 5876 V.

1601 271 1800 335 ΗΒΕῐῖ
1842 269 2153 338 ριῖικτυς.

3405 271 3514 333 773

1934 385 2075 460 epist.
2111 387 2172 446 16
2199 387 2254 462 );
2292 389 2441 459 cujus
2471 405 2570 444 nec
2623 399 2674 444 tu
2723 404 2915 444 nomen
2948 392 3218 461 praeterire
3249 395 3462 464 potuisti
3493 435 3506 460 ,

1929 500 2048 538 cmn
2080 484 2146 539 de
2169 483 2515 550 naturalibus,
2543 499 2646 538 non
2669 483 2736 540 de
2759 485 3049 541 moralibus
3073 487 3506 557 philosophorum

1931 575 2081 632 nobis
2115 575 2360 646 dogmata
2393 577 2616 632 inferres
2642 578 2755 633 sive
2786 579 3094 648 prmferres,
3135 580 3225 649 qui
3269 581 3513 650 corporis

1931 666 2230 737 voluptates
2267 682 2392 722 vere
2421 676 2474 723 et
2501 669 2733 738 graviter
2762 669 2959 724 dixisse
2990 669 3298 739 perhibetur
3329 671 3514 728 illece-

1930 759 2053 813 bras
2079 768 2236 830 atque
2267 775 2417 816 escas
2447 762 2706 816 malorum
2744 761 2959 832 (Supra,
2992 779 3044 816 η.
3079 761 3213 835 72.).

2003 851 2089 906 77.
2143 850 2406 920 Numquid
2437 861 2614 906 autem
2657 853 2782 922 quid
2828 853 2894 908 de
2937 853 3168 909 hominis
3211 855 3515 910 conditione

1932 941 2197 996 senserint
2237 957 2368 1011 quos
2397 943 2681 1010 nominasti
2707 944 3006 1013 pltilOSOphi
3029 986 3043 1011 ,
3086 947 3207 1016 quia
3235 957 3289 1002 et
3316 946 3418 1002 hoc
3449 948 3513 1001 ad

1933 1033 2227 1096 naturalem
2253 1034 2481 1103 pertinet
2501 1037 2871 1105 quzestionem,
2895 1037 3036 1108 quod
3059 1040 3517 1109 qualitercumque

1933 1137 2091 1176 causa
2124 1123 2393 1192 poscebat,
2433 1127 2957 1182 commemorandum
2988 1129 3227 1198 putaSti?
3265 1130 3380 1188 Non
3413 1132 3516 1189 uti-

1934 1227 2038 1282 que
2067 1213 2272 1280 fecisti,
2318 1223 2371 1270 et
2412 1225 2574 1272 recte.
2621 1217 2758 1285 Quid
2796 1219 2936 1274 enim
2965 1221 3036 1274 illi
3071 1222 3401 1290 didicerant,
3435 1223 3518 1278 vel

1934 1303 2058 1372 quid
2107 1303 2266 1358 locuti
2311 1303 2522 1360 fuerant
2562 1305 2629 1360 de
2657 1309 2829 1378 primo
2871 1309 3086 1366 homine
3116 1311 3284 1366 Adam
3321 1315 3377 1368 et
3403 1313 3519 1383 ejus

1936 1394 2181 1464 conjuge,
2217 1394 2283 1449 de
2310 1395 2480 1464 prima
2509 1411 2694 1451 eorum
2723 1399 3180 1467 praevaricatione,
3211 1401 3278 1457 de
3303 1417 3524 1473 serpen-

1939 1485 2004 1538 tis
2034 1485 2224 1538 a~tutia
2253 1528 2265 1550 ,
2300 1485 2364 1540 de
2394 1486 2630 1542 nuditate
2657 1490 2898 1559 corporis
2927 1500 3052 1545 ante
3093 1502 3372 1562 peccatum
3403 1493 3520 1550 sine

1937 1573 2269 1638 confusione,
2299 1585 2350 1629 et
2377 1591 2497 1630 cum
2523 1579 2539 1608 ί
2561 1579 2874 1636 confusione
2900 1582 3158 1638 continuo
3188 1595 3302 1652 p0st
3335 1599 3522 1655 pecea—

1939 1674 2046 1719 tum
2071 1667 2096 1719 ?
2141 1666 2276 1733 Quid
2313 1667 2542 1737 denique
2589 1669 2690 1726 tale
2727 1671 3042 1740 audierant,
3083 1675 3238 1743 quale
3277 1676 3400 1730 illud
3441 1685 3522 1732 est

1938 1755 2078 1825 quod
2107 1757 2178 1810 ait
2207 1757 2517 1827 Apostolus,
2552 1759 2652 1814 Per
2679 1777 2835 1815 unum
2865 1763 3118 1818 hominem
3147 1775 3408 1838 peccatum
3433 1768 3518 1822 in-

1939 1848 2088 1900 travit
2111 1847 2163 1900 in
2189 1849 2452 1916 mundum,
2481 1860 2528 1904 et
2557 1869 2645 1921 per
2671 1863 2929 1926 peccatum
2961 1871 3094 1910 mors
3117 1872 3135 1921 ;
3164 1867 3212 1910 et
3241 1859 3311 1912 ita
3337 1859 3388 1911 in
3415 1875 3522 1912 om,

1939 1951 2026 1992 nes
2069 1939 2294 1992 homines
2343 1943 2675 2010 pertransiit,
2727 1945 2778 1997 in
2825 1962 2922 2014 quo
2970 1963 3142 2001 omnes
3197 1949 3524 2016 peccaverunt

1940 2029 2132 2100 (Rom.
2166 2048 2216 2096 v,
2251 2032 2318 2086 12
2341 2031 2407 2103 )?
2463 2033 2660 2088 Harum
2701 2027 3022 2092 Litterarum
3053 2038 3128 2094 illi
3165 2049 3324 2110 atque
3366 2039 3524 2110 hujus

1939 2123 2180 2176 veritatis
2214 2133 2481 2192 expertes,
2511 2125 2635 2202 quid
2666 2127 2733 2183 de
2763 2127 2861 2183 hac
2889 2143 2948 2184 re
2976 2144 3164 2200 sapere
3195 2134 3524 2202 potuerunt?

1943 2211 2138 2268 Verum
2169 2215 2212 2268 si
2239 2215 2306 2270 de
2333 2214 2565 2271 hominis
2593 2217 2895 2274 conditione
2921 2220 3167 2291 dogmata
3187 2221 3462 2278 hominum
3493 2239 3522 2280 ει

1943 2308 2107 2362 sacris
2139 2307 2352 2364 Litteris
2377 2311 2573 2366 nostris
2593 2311 2994 2370 abhorrentium
3019 2317 3150 2376 nihil
3167 2317 3415 2389 judicasti
3438 2334 3524 2374 es-

1943 2413 2003 2454 se
2034 2399 2356 2468 ponendum,
2388 2409 2442 2457 et
2485 2404 2782 2460 rectissime
2803 2405 3051 2476 judieasti
3077 2428 3090 2462 :
3118 2419 3315 2480 quanto
3350 2413 3528 2472 minus

1944 2497 1997 2546 te
2025 2507 2142 2562 quze
2171 2493 2394 2560 posuisti
2423 2493 2674 2566 adjuvare
2703 2505 3022 2568 potuerunt,
3067 2502 3191 2572 quid
3220 2501 3287 2559 de
3325 2505 3528 2574 princi-

1945 2579 2047 2651 piis
2076 2583 2257 2638 mundi
2296 2583 2453 2652 hujus
2483 2585 3028 2657 visibilissenscrint,
3075 2592 3212 2647 unde
3251 2595 3390 2650 inter
3429 2610 3529 2649 nos

1947 2671 2089 2726 nulla
2108 2675 2330 2743 quaestio
2350 2676 2609 2730 vertitur?
2629 2677 2733 2732 Sed
2757 2693 2909 2734 mens
2933 2687 3019 2734 tua
3045 2683 3242 2751 potius,
3275 2691 3524 2754 tanquam

1945 2778 2196 2835 magnum
2241 2765 2436 2835 aliquid
2477 2767 2546 2822 de
2590 2768 3027 2840 philosOphorum
3057 2771 3206 2828 libris
3233 2773 3484 2832 didiceris
3506 2817 3523 2842 ,

1942 2855 2209 2928 jactantim
2233 2859 2467 2914 vanitate
2495 2861 2837 2918 subvertitur.

2019 2949 2106 3004 78.
2135 2948 2397 3006 Videntur
2443 2961 2618 3006 autem
2663 2968 2770 3008 non
2815 2953 3008 3010 frustra
3039 2955 3342 3014 christiana:
3401 2959 3528 3016 tidei

1945 3039 2350 3110 prepinquasse,
2398 3041 2490 3112 qui
2515 3043 2676 3098 vitam
2717 3044 2872 3100 istam
2918 3043 3142 3102 fallacia:
3175 3047 3528 3128 'miseriarque

1947 3129 2312 3200 plenissimam
2345 3147 2448 3187 non
2477 3133 2679 3204 Opinati
2708 3143 2833 3190 sunt
2855 3137 2958 3192 nisi
2977 3135 3159 3193 divino
3182 3137 3380 3210 judicio
3399 3155 3532 3196 (ξοην

1947 3222 2160 3292 tigisse,
2195 3223 2490 3279 tribuentes
2515 3225 2698 3296 utique
2742 3225 3004 3296 justitiam
3035 3227 3329 3294 Conditori,
3360 3245 3388 3284 a
3420 3245 3528 3302 quo

1949 3315 2118 3369 factus
2146 3323 2228 3370 est
2260 3326 2313 3370 et
2339 3317 2740 3374 administratur
2767 3319 2854 3375 hic
2895 3323 3144 3378 mundus.
3171 3325 3379 3400 Quanto
3403 3341 3534 3396 ergo

1949 3412 2004 3459 te
2022 3407 2214 3462 melius
2239 3408 2554 3478 veritatique
2585 3407 2810 3465 vicinius
2839 3411 2906 3467 de
2928 3411 3203 3468 hominum
3230 3417 3532 3484 generatio-

1949 3513 2017 3552 ne
2041 3507 2347 3596 senserunt,
2379 3515 2513 3568 quos
2536 3501 2727 3562 Cicero
2765 3503 2817 3558 in
2849 3507 3104 3560 extremis
3131 3509 3370 3586 partibus
3393 3509 3534 3564 llor-

1950 3591 2328 3662 tensii‘dialogi
2356 3592 2500 3647 velut
2525 3593 2636 3663 ipsa
2660 3611 2840 3650 rerum
2881 3599 3146 3654 evidentia
3173 3591 3364 3657 ductus
3383 3618 3536 3658 com-

1949 3684 2238 3754 pulsusque
2261 3686 2692 3740 commemorat?
2717 3685 2847 3740 Nam
2889 3702 3010 3744 cum
3040 3691 3202 3750 multa
3242 3708 3359 3761 qum
3383 3694 3534 3748 vide-

1948 3789 2069 3830 mus
2089 3784 2144 3829 et
2162 3775 2442 3846 gemimus,
2471 3773 2539 3830 de
2569 3775 2844 3834 hominum
2891 3781 3125 3840 vanitate
3173 3791 3330 3852 atque
3361 3783 3536 3838 infeli-

1949 3867 2109 3924 citate
2129 3868 2386 3924 dixisset:
2411 3887 2430 3921 ι
2465 3867 2546 3924 Ex
2577 3869 2766 3939 quibus
2797 3872 3064 3940 humanae,
3094 3892 3112 3926 ι
3141 3874 3330 3946 inquit,
3367 3895 3386 3928 ‹
3411 3877 3536 3933 vitm

1949 3959 2220 4014 erroribus
2236 3969 2291 4014 et
2310 3961 2561 4016 aerumnis
2579 3961 2658 4024 fit,
2686 3972 2744 4018 ut
2771 3963 3036 4022 interdum
3063 3976 3274 4022 veteres
3303 3967 3401 4034 illi,
3422 3969 3536 4025 sive

1951 4058 2119 4116 vates,
2145 4051 2257 4106 sive
2279 4051 2330 4105 in
2373 4053 2538 4108 sacris
2569 4053 2838 4125 initiisque
2869 4053 3138 4112 tradendis
3157 4057 3352 4112 divinm
3377 4075 3535 4114 meu-

1953 4141 2021 4197 tis
2041 4142 2380 4212 interpretes,
2407 4144 2498 4213 qui
2528 4157 2627 4198 nos
2652 4143 2722 4199 ob
2749 4146 2924 4216 aliqua
2972 4148 3177 4202 scelera
3201 4150 3526 4220 susceptain

1951 4233 2058 4287 vita
2081 4234 2376 4303 superiore,
2405 4248 2683 4303 poenarum
2716 4235 3030 4291 luendarum
3055 4252 3213 4294 causa
3245 4250 3398 4295 natos
3413 4255 3536 4297 esse

1953 4326 2237 4393 dixerunt,
2289 4327 2487 4395 aliquid
2534 4325 2731 4384 vidisse
2765 4327 3084 4384 videantur:
3121 4346 3414 4404 verumque
3467 4333 3540 4390 sit

1953 4417 2084 4473 illud
2111 4416 2251 4488 quod
2280 4425 2362 4472 est
2397 4415 2534 4486 apud
2579 4417 2945 4488 Aristotelem,
2986 4419 3145 4475 simili
3193 4437 3289 4478 nos
3315 4423 3538 4482 affecms

1953 4527 2074 4568 esse
2099 4511 2382 4584 supplicio,
2411 4520 2569 4582 atque
2599 4526 2692 4567 eos
2713 4513 2801 4583 qui
2821 4512 3108 4582 quondam,
3153 4529 3274 4570 cum
3320 4517 3372 4572 in
3397 4533 3538 4589 pra:-

1953 4599 2153 4659 donum
2203 4601 2550 4664 Etruscorum
2592 4618 2782 4657 manus
2830 4603 3172 4674 incidissent,
3221 4607 3538 4664 crudelitate

1954 4695 2250 4766 excogitata
2309 4694 2668 4758 necabantur,
2700 4709 2925 4765 quorum
2972 4711 3194 4766 corpora
3247 4698 3362 4753 viva
3415 4714 3538 4752 cum

1955 4793 2194 4855 mortuis,
2220 4789 2439 4845 adversa
2460 4787 2697 4844 adversis
2717 4788 3134 4852 accommodata,
3156 4805 3310 4859 quam
3329 4790 3544 4862 aptissi-

1955 4901 2041 4944 me
2093 4881 2511 4954 colligabantur;
2541 4882 2618 4936 sic
2655 4889 2865 4937 nostros
2917 4881 3121 4935 animos
3151 4891 3268 4936 eum
3299 4883 3539 4952 corpori-

1957 4978 2056 5034 bus
2071 4975 2365 5046 copulatos,
2385 4982 2442 5028 ut
2465 4971 2614 5026 vivos
2634 4986 2753 5026 cum
2777 4971 3001 5026 mortuis
3018 4985 3136 5026 esse
3155 4969 3485 5041 conjunctos.
3515 4993 3534 5024 ι

1954 5067 2141 5126 Nonne
2169 5067 2258 5138 qui
2284 5066 2382 5120 ista
2409 5070 2709 5130 senserunt,
2737 5063 2904 5118 multo
2936 5077 3092 5133 quam
3125 5069 3180 5122 tu
3208 5063 3394 5119 melius
3419 5079 3540 5134 gra-

1955 5161 2221 5232 vejugum
2269 5172 2428 5228 super
2453 5155 2592 5212 ﬁlios
2629 5156 2797 5211 Adam
2825 5162 2880 5210 et
2925 5154 3019 5208 Dei
3049 5155 3336 5226 potentiam
3375 5155 3536 5226 justi-

1957 5255 2190 5324 tiamque
2228 5249 2498 5314 viderunt,
2538 5245 2745 5302 etiamsi
2791 5245 3036 5316 gratiam,
3067 5261 3185 5316 qua:
3217 5262 3311 5317 per
3338 5247 3538 5304 Media—

1957 5355 2128 5400 torem
2159 5340 2448 5397 liberandis
2491 5337 2794 5394 hominibus
2819 5352 3072 5393 concessa
3100 5349 3199 5404 est,
3235 5355 3338 5394 non
3388 5341 3538 5396 vide-

1959 5436 2126 5492 runt?
2156 5434 2298 5488 Ecce
2347 5447 2445 5503 ego
2486 5429 2656 5484 inveni
2709 5430 2850 5500 quod
2894 5429 2986 5484 tibi
3027 5431 3092 5486 de
3124 5431 3228 5486 illis
3261 5435 3535 5504 gentilium

1959 5525 2395 5598 philosophorum
2441 5521 2629 5576 litteris
2661 5522 2829 5592 possit
2858 5521 2978 5592 jure
3019 5527 3272 5593 prmponi,
3307 5535 3356 5582 te
3382 5527 3538 5593 iustis

2025 5709 2042 5742 ι
2069 5712 2118 5755 In
2141 5705 2476 5768 mnuscriptis
2487 5701 2736 5755 Gallicanis
2759 5711 2812 5754 et
2827 5702 3062 5752 Vaticanis
3083 5703 3244 5764 deest,
3267 5718 3394 5768 cum,

2749 5819 2789 5890 {
2823 5817 3226 5899 l'ingt—cinq.
3251 5816 3286 5884 )
