4038 6182
486 269 592 326 719

485 400 665 456 (ante,
697 387 784 457 qui
807 386 874 444 de
910 385 1016 442 illis
1066 384 1194 441 nihil
1225 384 1328 443 tale
1380 386 1615 440 invenire
1656 384 1889 453 potuisti,
1927 391 2063 438 etut

489 496 573 533 uie
604 476 916 532 admoneres
960 474 1101 547 quod
1150 474 1402 531 adversus
1432 484 1485 530 te
1526 473 1842 539 invenirem,
1888 482 2062 527 tacere

488 569 722 624 ﬁtillllsll.

555 656 779 713 CAPUT
816 654 1165 714 XVl.-'79.
1215 654 1371 725 Quid,
1400 654 1541 731 quod
1581 653 1649 710 de
1693 652 1934 724 Apostoli
1983 660 2065 706 te-

484 752 732 803 stimonio
759 762 853 819 pro
898 757 950 803 te
984 762 1105 803 esse
1132 745 1427 811 existimas,
1452 744 1595 817 quod
1624 752 1707 800 est
1733 750 1916 798 contra
1964 751 2017 796 te
2048 757 2062 805 ;

481 850 532 897 et
563 841 799 897 membra
822 851 1003 897 nostra
1024 883 1039 908 ,
1066 855 1185 912 qua:
1214 841 1394 911 utique
1435 849 1561 895 ante
1603 847 1878 909 peccatum
1923 836 2063 891 nuda

480 941 654 998 erant,
676 946 775 988 nec
805 931 1204 988 confundebant
1227 946 1322 989 eos
1345 918 1796 1002 quibus‘inerant,
1819 926 2061 998 pudenda

482 1015 646 1075 fuisse
678 1020 895 1087 asseris,
918 1021 1164 1077 nesciens
1189 1019 1316 1092 quid
1342 1019 1618 1090 loquaris?
1643 1018 1757 1089 Ego
1787 1017 1930 1073 enim
1964 1017 2064 1073 de-

482 1113 569 1167 bui
602 1112 859 1170 adhibere
889 1111 1275 1180 testimonium,
1303 1111 1447 1182 quod
1486 1111 1602 1182 ipse
1629 1108 1941 1177 adhibuisti,
1970 1107 2062 1164 ubi

480 1206 556 1259 ait
589 1205 891 1277 Apostolus,
925 1203 1089 1261 Multo
1116 1205 1275 1275 magis
1297 1219 1408 1272 qua:
1438 1203 1668 1260 videntur
1708 1203 1916 1271 infirma
1956 1217 2066 1257 esse

481 1300 710 1368 corporis
748 1298 932 1364 nostri,
962 1297 1071 1352 hate
1123 1298 1405 1351 necessaria
1446 1305 1563 1352 sunt
1588 1306 1682 1351 :et
1721 1302 1918 1351 cetera
1940 1309 2060 1365 quae

485 1402 581 1458 pro
612 1388 764 1444 nobis
790 1388 903 1457 ipse
938 1387 1180 1457 posuisti.
1215 1386 1319 1442 Sed
1346 1401 1521 1455 operae
1549 1385 1776 1455 pretium
1806 1394 1890 1440 est
1931 1398 2060 1440 con-

484 1480 745 1547 siderare,
773 1478 1040 1550 quomodo
1062 1494 1135 1535 eo
1161 1478 1390 1544 veneris,
1412 1486 1470 1533 ut
1494 1477 1609 1533 haec
1633 1476 1862 1533 diceres.
1897 1495 1915 1528 ‹
1938 1475 2057 1531 iam

481 1570 656 1640 igitur,
689 1588 708 1623 ι
740 1571 913 1642 inquis
935 1612 949 1636 ,
973 1588 992 1621 ι
1039 1578 1249 1640 tempus
1282 1578 1365 1625 est
1411 1577 1470 1623 ut
1516 1566 1861 1623 ostendamus
1905 1575 2056 1621 extra

477 1672 682 1716 natura:
710 1662 1068 1719 testimonium
1114 1663 1277 1717 etiam
1320 1660 1495 1731 aliqua
1533 1660 1848 1716 auctoritate
1896 1658 2050 1728 legis,

476 1754 555 1807 sic
581 1762 758 1809 nostra
785 1752 1021 1809 membra
1053 1751 1216 1808 fuisse
1237 1750 1558 1819 formata,ut
1581 1750 1684 1805 alia
1704 1747 2048 1814 verecundia,

474 1844 579 1898 alia
610 1844 853 1899 libertate
881 1850 1193 1913 gauderent.
1242 1841 1323 1896 Ad
1367 1840 1510 1911 quod
1541 1839 1985 1906 conﬁrmandum,
2024 1859 2042 1893 ι

478 1934 674 2000 inquis,
709 1952 727 1985 ι
751 1933 998 1990 Gentium
1019 1935 1208 1989 citetur
1224 1932 1488 2003 Magister,
1502 1932 1590 2002 qui
1615 1931 1853 1988 scribens
1868 1930 1936 1988 ad
1954 1933 2054 1987 Co-

476 2025 701 2080 rinthios
723 2024 815 2089 ait,
846 2023 1041 2095 Corpus
1069 2033 1295 2079 nostrum
1323 2040 1424 2077 non
1467 2032 1539 2078 est
1579 2039 1735 2077 unum
1755 2024 2051 2091 membrum,

473 2122 564 2173 scd
583 2119 761 2174 multa.
797 2138 817 2172 ι
842 2117 1067 2182 Deinde,
1095 2133 1219 2174 cum
1262 2116 1553 2188 apostolica
1577 2116 1736 2171 verba
1763 2117 2047 2172 subnecte-

473 2225 580 2274 res,
603 2210 794 2281 quibus
838 2209 927 2267 ille
964 2207 1185 2265 miriﬁce
1208 2207 1489 2276 explicavit
1529 2207 1784 2262 unitatem
1829 2222 2056 2262 consen-

471 2316 697 2373 sumque
751 2301 1111 2356 membrorum
1148 2316 1163 2353 :
1198 2316 1220 2352 ι
1277 2299 1343 2353 ΕΙ.
1382 2300 1506 2368 quia
1559 2313 1725 2368 pauca
1748 2339 1763 2363 ,
1800 2317 1819 2350 ι
1856 2299 2049 2368 inquis,

479 2413 499 2444 ο
535 2394 695 2448 totius
749 2392 991 2461 corporis
1033 2388 1272 2445 membra
1322 2389 1707 2451 nominaverat,
1738 2397 1897 2457 atque
1949 2401 2046 2458 pro

472 2498 564 2538 sua
585 2484 861 2538 honestate
876 2481 1126 2553 genitalia
1142 2480 1255 2535 loca
1275 2478 1473 2534 directe
1485 2479 1753 2549 appellare
1770 2478 1999 2535 nolebat.
2025 2497 2044 2530 ι

474 2575 660 2631 Nonne
688 2574 771 2630 bis
788 2574 964 2630 verbis
995 2553 1097 2628 tdis
1120 2580 1172 2628 te
1198 2572 1313 2642 ipse
1330 2571 1643 2643 redarguis?
1671 2570 1930 2627 Honestas
1958 2587 2048 2626 er-

469 2684 538 2738 gn
562 2677 677 2723 erat
712 2681 819 2722 non
847 2665 1112 2736 appellare
1136 2664 1337 2719 directe
1357 2702 1376 2729 ,
1407 2662 1546 2734 quod
1578 2662 1717 2718 Deus
1744 2662 1921 2719 facere
1962 2662 2044 2718 di-

469 2770 660 2827 gnatus
687 2768 768 2814 est
789 2765 966 2823 recte;
997 2764 1051 2811 et
1076 2755 1216 2827 quod
1242 2770 1425 2811 creare
1446 2770 1549 2810 non
1574 2755 1836 2825 puduerat
1872 2755 2047 2823 ipsum

467 2848 721 2919 iudicem,
750 2847 977 2917 pudebat
1007 2847 1284 2902 enuntiare
1303 2860 1629 2917 pratconem,
1657 2844 1880 2915 Quando
1909 2846 2046 2902 istud

470 2942 540 2995 ita
593 2921 752 3003 esset,
806 2938 908 2993 nisi
949 2953 1067 3007 quise
1126 2938 1214 2994 ille
1263 2938 1460 2994 fecerat
1493 2937 1715 2995 honesta
1749 2936 2045 3005 condendo,

470 3045 569 3086 nos
599 3028 905 3087 fecissemus
926 3029 1200 3085 inhonesta
1225 3029 1537 3100 peccando?

540 3123 629 3178 80.
654 3122 780 3177 inde
804 3121 1079 3192 subjungis
1104 3120 1172 3176 de
1201 3121 1301 3178 bac
1337 3135 1398 3177 re
1423 3121 1779 3191 apostolicum
1811 3122 2048 3179 testimo-

470 3214 639 3278 nium,
669 3194 811 3285 quod
854 3212 923 3265 ita
969 3212 1225 3282 scriptum
1266 3225 1386 3266 esse
1432 3226 1856 3268 commemoras:
1883 3213 2047 3268 Multo

471 3306 602 3360 enim
632 3304 792 3376 magis
827 3317 941 3375 qut:
963 3302 1191 3357 videntur
1215 3302 1420 3372 inﬁrma
1440 3317 1548 3356 esse
1593 3303 1819 3373 corporis
1864 3305 2042 3368 nostri,

471 3400 577 3452 [nec
597 3395 875 3451 necessaria
895 3404 1011 3450 sunt
1037 3410 1057 3450 :
1081 3404 1126 3448 et
1150 3410 1263 3464 qua:
1299 3402 1533 3464 putamus
1572 3393 2003 3449 inhonorabitiora
2027 3397 2044 3428 ⁸

469 3506 577 3542 esse
596 3485 816 3540 membra
861 3484 1107 3553 corporis,
1130 3484 1209 3539 his
1238 3483 1477 3538 honorem
1504 3484 1920 3539 abundantiorem
1946 3486 2046 3537 εἰν.

467 3576 804 3642 cnmdamus;
842 3585 890 3629 et
912 3590 1024 3645 qua:
1072 3576 1352 3630 verecunda
1401 3584 1518 3630 sunt
1566 3584 1760 3642 nostra,
1803 3570 2045 3648 majorem

470 3670 777 3723 honestatem
814 3664 994 3721 habent
1023 3681 1042 3719 :
1066 3680 1180 3736 qua
1216 3675 1381 3719 autem
1427 3674 1545 3720 sunt
1586 3665 1795 3720 honesto
1844 3677 2038 3731 nostra,

465 3764 607 3835 nullo
633 3770 777 3834 egent
799 3775 819 3824 ,'
843 3759 930 3816 sed
975 3758 1113 3814 Deus
1143 3760 1431 3829 temperarit
1461 3775 1667 3830 corpus,
1698 3760 1742 3813 ei
1770 3760 1849 3813 cui
1873 3762 2043 3814 deerat

462 3852 831 3912 abundantiore
850 3850 969 3903 dato
995 3848 1185 3904 honore
1210 3849 1252 3914 ³,
1274 3855 1331 3901 ut
1358 3865 1458 3902 non
1492 3849 1558 3902 sit
1593 3848 1814 3903 scissura
1842 3849 1894 3902 in
1921 3864 2033 3902 cor-

469 3964 610 4019 pore,
631 3946 719 4003 sed
738 3944 913 4000 eadem
948 3944 1061 4012 ipsa
1103 3957 1195 4011 pro
1218 3956 1272 3996 se
1298 3940 1507 3995 invicem
1557 3940 1772 4010 cogitent
1821 3941 2044 3997 membra

471 4037 529 4108 (ι
557 4036 674 4092 Cor.
705 4050 799 4102 xu,
829 4033 915 4096 l2,
937 4030 1107 4090 22-25
1124 4028 1167 4104 ).
1199 4028 1401 4101 Quibus
1427 4028 1583 4088 dictis
1603 4039 1850 4103 tanquam
1871 4032 2042 4089 victor

465 4129 734 4185 exclamas
765 4143 843 4180 :1
883 4124 959 4179 En
1005 4137 1189 4179 verum
1229 4122 1612 4178 intellectorem
1638 4122 1814 4193 operis
1837 4123 1950 4190 Dei,
1974 4138 2041 4181 en

466 4224 676 4280 fidelem
708 4218 981 4290 sapientiae
1008 4216 1129 4287 ejus
1170 4215 1596 4287 prtedieatorem.
1643 4212 2036 4283 Verecundiora,

464 4313 656 4382 inquit,
686 4319 859 4366 nostra
882 4308 1076 4379 majore
1116 4304 1374 4361 honestate
1395 4312 1744 4376 conteguntur.
1780 4323 1799 4357 ι
1826 4304 1907 4360 Ad
1935 4304 2037 4361 hoc

465 4412 610 4458 certe
636 4397 1040 4456 unumdvcrbum
1088 4404 1250 4452 totam
1299 4409 1511 4449 causam
1542 4403 1684 4449 tuam
1712 4394 2038 4465 religandam

466 4490 682 4562 putasti,
702 4487 843 4558 quod
874 4484 1182 4557 Apostolum
1229 4483 1429 4539 dixisse
1461 4482 1654 4554 legisti,
1681 4483 2041 4540 verecundiam

463 4593 653 4640 nostra.
680 4580 737 4641 Si
761 4588 939 4636 autem
962 4576 1202 4648 legisses,
1248 4576 1509 4649 inhonesta
1533 4583 1723 4639 nostra,
1752 4575 1901 4631 nullo
1926 4592 2040 4631 mo-

460 4676 533 4732 do
552 4674 734 4745 utique
784 4671 886 4727 hoc
939 4667 1296 4725 testimonium
1348 4681 1548 4737 ponere
1591 4666 1836 4722 auderes.
1881 4667 2038 4723 Nullo

463 4767 623 4822 modo
649 4764 791 4820 enim
819 4760 983 4827 Deus,
1006 4767 1084 4827 et,
1113 4756 1214 4813 hoc
1238 4756 1379 4828 quod
1404 4764 1487 4812 est
1512 4757 1679 4828 pejus,
1709 4767 1832 4814 ante
1849 4774 2040 4829 pecca-

463 4868 597 4919 tum.
628 4852 826 4926 aliquid
867 4852 1066 4907 faceret
1092 4849 1144 4904 in
1174 4848 1428 4904 membris
1455 4848 1669 4903 humani
1696 4848 1938 4919 corporis
1958 4849 2040 4905 in-

460 4948 763 5003 honestum.
803 4943 957 4998 Disce
1000 4954 1128 5011 ergo
1175 4938 1317 5010 quod
1359 4941 1553 5007 neseis,
1583 4942 1703 5010 quia
1749 4938 2034 5010 diligenter

456 5050 698 5108 quaerere
714 5031 948 5088 noluisti.
981 5028 1258 5085 Inhdnesta
1283 5026 1417 5085 dixit
1441 5027 1747 5100 Apostolus,
1772 5029 1868 5085 sed
1902 5046 2037 5086 non-

460 5129 589 5184 nulli
612 5129 948 5197 interpretes,
981 5122 1037 5181 in
1061 5120 1254 5195 quibus
1276 5130 1332 5177 et
1356 5120 1455 5176 iste
1479 5127 1582 5188 est,
1610 5129 1865 5192 quantum
1893 5120 2034 5177 arbi-

460 5231 589 5283 tror,
612 5233 769 5290 quem
789 5216 991 5288 legisti,
1022 5213 1186 5271 credo
1212 5209 1554 5268 verecundati
1579 5210 1935 5266 verecundiam
1950 5211 2035 5267 di-

461 5320 676 5368 xerunt.
705 5326 824 5380 qtne
848 5308 934 5363 ille
972 5306 1105 5361 dixit
1147 5304 1411 5359 inhonesta
1437 5316 1457 5357 :
1499 5302 1640 5373 quod
1692 5304 1941 5372 probatur
1966 5317 2032 5359 ex

459 5399 635 5453 verbis
661 5400 716 5453 in
766 5399 880 5468 ipso
906 5396 1089 5453 codice
1116 5395 1350 5465 scriptis,
1382 5392 1524 5449 unde
1567 5393 1669 5447 ista
1715 5394 1876 5447 verba
1902 5407 2032 5464 apo.-

520 5577 536 5609 ί
564 5581 635 5622 Sic
660 5583 761 5623 nas.
787 5574 924 5631 miti,
946 5570 1310 5623 intimo-abitio.

518 5640 537 5673 ³
560 5638 630 5686 sic
664 5643 766 5684 Mss.
802 5636 935 5694 Editi,
961 5634 1357 5683 abundantiorem
1392 5632 1556 5686 dando
1577 5632 1821 5685 honorem.

1297 267 1568 325 CONTRA
1607 268 1943 325 JULIANUM
1973 264 2444 341 PELACIANUM,
2484 274 2539 329 S.
2582 276 2983 336 AUGUSTLV!‘

3660 298 3769 352 780

2175 386 2357 442 stolica
2397 393 2732 448 transtulisti.
2779 394 2933 462 Quod
2974 400 3117 455 enim
3147 400 3243 457 abs
3301 412 3353 459 te
3407 408 3639 475 positum
3672 422 3762 465 est

2172 478 2547 547 uerecundiam,
2581 481 2632 536 in
2672 498 2850 554 graeco
2876 486 3069 559 legitur
3099 493 3373 561 ἀσχήμονα.
3406 495 3555 563 Quod
3582 510 3769 556 autem

2174 570 2435 637 sequitur,
2492 575 2737 644 majorem
2770 577 3078 639 honestatem
3123 584 3326 651 habent,
3358 587 3411 643 in
3452 603 3630 660 greco
3676 604 3766 646 est

2173 662 2541 729 ὠσχημοσὺιην,
2571 666 2710 734 quod
2743 667 2944 739 integre
2968 672 3374 744 interpretatum
3401 688 3504 746 est,
3525 682 3765 741 honesta-

2173 757 2290 803 tem.
2318 749 2475 807 Unde
2499 767 2716 824 apparet
2736 758 2824 813 illa
2845 775 2964 830 quae
2988 766 3237 833 ἀσχήμονα
3272 768 3413 825 dicta
3433 782 3580 839 sunt,
3601 775 3763 829 inho.

2172 849 2313 894 nesta
2341 841 2501 899 latine
2528 848 2802 916 appellari.
2846 850 3123 911 Postremo
3152 859 3294 928 quod
3323 860 3629 931 adjunctum
3646 878 3759 936 est,

2169 946 2283 1000 qua:
2301 942 2467 987 autem
2483 946 2601 990 sunt
2621 938 2830 995 honesta
2854 954 3047 1011 nostra,
3060 962 3264 1018 graecus
3282 951 3442 1009 habet
3458 959 3756 1025 εὐσχήμονα.

2171 1019 2322 1115 Unde
2348 1026 2685 1087 manifestum
2724 1041 2808 1087 est
2847 1034 2933 1090 illa
2966 1052 3085 1107 quae
3134 1043 3385 1111 ἀσχήμονα
3433 1019 3577 1104 ἀίειιῖ
3603 1019 3753 1115 sunt.

2167 1110 2434 1168 inhonesta
2456 1130 2594 1173 esse.
2638 1118 2891 1187 Quamvis
2910 1134 2965 1179 et
2991 1124 3131 1183 nulla
3158 1110 3455 1201 graecorum
3505 1110 3757 1194 conside;

2169 1200 2372 1261 ratione
2409 1205 2689 1264 verborum
2735 1227 2801 1267 eo
2835 1213 2953 1284 ipso
2980 1200 3208 1275 debuisti
3261 1222 3561 1293 admoneri,
3593 1229 3756 1286 inho-

2171 1302 2317 1347 uesta
2347 1310 2468 1352 esse
2497 1298 2582 1353 illa
2610 1317 2730 1371 qum
2783 1304 3222 1367 abundantiorem
3272 1314 3603 1374 honestatem
3634 1323 3736 1378 ha-

2165 1380 2293 1481 bent
2313 1386 2626 1456 velaminis;
2654 1394 2867 1461 quando
2887 1413 2948 1451 ea
2960 1415 3079 1471 qua:
3099 1401 3205 1460 hoc
3227 1421 3367 1476 opus
3390 1425 3497 1466 non
3522 1409 3791 1481 balneas,‘

2165 1471 2386 1529 honesta
2425 1487 2550 1533 sunt
2599 1478 2759 1538 dicta.
2791 1484 2926 1554 Quid
2967 1499 3050 1545 est
3076 1493 3239 1561 enim,
3266 1471 3401 1564 Quae
3447 1512 3619 1557 autem
3646 1471 3750 1561 Ito:

2164 1573 2305 1617 uesta
2330 1575 2449 1620 sunt
2474 1578 2664 1637 nostra,
2684 1589 2785 1628 non
2805 1590 2931 1647 opus
2950 1578 3172 1648 habent;
3194 1585 3314 1652 nisi,
3340 1587 3429 1642 illa
3456 1589 3745 1652 inhumata

2162 1662 2306 1747 sunt,
2333 1670 2452 1727 qum
2477 1673 2608 1730 opus
2634 1660 2868 1719 habent?
2899 1666 3164 1726 Honestas
3188 1688 3316 1747 ergo
3350 1677 3634 1737 adhibetur
3660 1683 3747 1741 inv

2162 1743 2417 1811 honestis,
2439 1763 2560 1807 cum
2603 1756 2878 1813 rationalis
2915 1772 3118 1817 natura:
3145 1743 3306 1822 sensu
3334 1767 3453 1838 ipso
3477 1787 3746 1832 verecun.

2160 1834 2321 1893 dante
2344 1839 2604 1897 velantur.
2634 1842 2831 1902 Eorum
2857 1853 3053 1921 quippe
3089 1853 3337 1913 honestas
3355 1834 3409 1914 et
3436 1860 3610 1919 honor
3650 1878 3740 1923 est

2159 1927 2536 1999 vclamentum,
2573 1942 2721 1992 tanto
2747 1938 3120 2010 abundantius,
3150 1957 3348 2017 quanto
3377 1954 3546 2024 magis
3583 1955 3741 2013 inho—

2158 2025 2306 2072 nesta
2336 2029 2478 2075 sunt.
2507 2021 2660 2090 Quod
2697 2026 2934 2097 profecto
2981 2047 3084 2087 non
3111 2034 3313 2092 diceret
3350 2021 3659 2111 Apostolus,
3689 2049 3738 2103 si

2159 2122 2355 2207 corpus
2399 2112 2500 2207 tale
2545 2113 2899 2188 describeret,
2939 2122 3097 2193 quale
3148 2124 3414 2186 habebant
3466 2132 3736 2207 homines,

2156 2199 2369 2267 quando
2395 2201 2520 2256 nudi
2542 2214 2694 2260 erant
2731 2219 2784 2262 et
2805 2225 2908 2265 non
2934 2212 3415 2275 confundebantur.

2228 2290 2318 2346 8i.
2380 2293 2509 2349 Vide
2554 2296 2711 2367 igitur
2754 2316 2912 2370 quam
2954 2304 3286 2376 impudenter
3328 2330 3346 2364 ι
3384 2314 3547 2371 ideo»
3585 2318 3735 2375 dicas

2161 2398 2181 2433 ι
2216 2381 2458 2441 homines
2488 2387 2651 2445 fuisse
2693 2390 2933 2460 primitus
2956 2396 3165 2466 nudos,
3209 2402 3332 2473 quia
3377 2403 3445 2460 ad
3497 2407 3734 2467 solertia:

2154 2471 2401 2551 humana;
2432 2493 2646 2547 operam
2669 2491 2725 2535 ut
2753 2493 2811 2537 se
2833 2495 3069 2556 tegerent
3087 2471 3405 2560 pertinebat,
3443 2512 3564 2567 qua:
3589 2516 3730 2558 nou-

2155 2564 2280 2657 dum
2309 2567 2406 2662 inA‘
2438 2569 2542 2625 illis
2561 2569 2677 2625 fuit.
2717 2591 2737 2625 ο
2765 2573 2914 2632 Unde
2934 2576 2989 2631 fit
3012 2593 3346 2652 consequens
3370 2594 3428 2641 ut
3453 2564 3581 2645 ante
3605 2606 3732 2662 pec-

2151 2664 2327 2713 catum
2358 2657 2556 2717 inertes
2578 2703 2596 2730 ,
2626 2676 2843 2733 peccato
2871 2676 3048 2724 autem
3082 2669 3251 2727 factos
3278 2676 3465 2732 credas
3494 2657 3620 2735 esse
3639 2696 3733 2735 so.

2153 2745 2333 2804 lertes.
2357 2749 2524 2817 Quam
2554 2742 2715 2824 porro
2767 2757 2947 2814 multis
2997 2761 3222 2819 inaniter
3258 2765 3415 2822 dictis
3438 2770 3591 2839 quasi
3619 2773 3735 2827 cie.

2150 2849 2338 2909 ganter
2371 2852 2628 2916 acuteque
2654 2847 2926 2905 concludis
2955 2851 3156 2922 dicens,
3192 2874 3212 2909 ι
3246 2855 3363 2913 Νοη
3418 2861 3580 2932 igitur
3598 2868 3729 2934 quia

2154 2942 2519 3001 peccaverant,
2547 2938 2791 3006 genitalia
2820 2940 2903 2995 vel
2942 2939 3203 3001 diabolica
3243 2948 3326 3003 vel
3348 2948 3628 3007 inhonesta
3652 2954 3734 3009 fe.

2149 3033 2375 3091 ceruut;
2407 3026 2500 3081 sed
2547 3028 2666 3098 quia
2693 3031 3020 3102 pavitabant,
3047 3035 3099 3090 in
3127 3051 3188 3092 ea
3222 3053 3326 3109 qua
3342 3041 3573 3109 primum
3606 3042 3726 3100 fuc-

2149 3122 2270 3170 rant
2313 3114 2590 3175 honestate
2617 3123 2980 3190 permanentia
3007 3127 3243 3182 membra
3275 3134 3553 3188 texerunt!
3592 3154 3613 3186 s
3648 3137 3731 3192 Ad

2149 3204 2289 3274 quod
2315 3206 2632 3277 respondeo,
2656 3209 2911 3267 diabolica
2937 3213 3150 3284 quidem
3183 3218 3419 3274 membra
3441 3237 3547 3277 non
3578 3238 3725 3294 esse,

2148 3306 2402 3366 quantum
2444 3299 2512 3356 ad
2564 3314 2749 3356 eorum
2798 3303 3171 3372 substantiam,
3224 3308 3467 3379 ﬁguram,
3497 3315 3731 3384 qualita-

2150 3394 2361 3458 tcmque
2403 3390 2648 3458 pertinet,
2680 3409 2837 3461 quam
2868 3395 3105 3451 condidit
3138 3397 3310 3454 Deus:
3339 3400 3433 3456 sed
3456 3402 3501 3457 si
3531 3404 3723 3461 eadem

2149 3481 2384 3537 membra
2415 3480 2467 3537 in
2493 3498 2594 3553 qua
2622 3485 2769 3555 prius
2809 3486 3015 3542 fuerant
3063 3487 3342 3553 honestate
3390 3492 3725 3565 manserunt,

2147 3585 2243 3623 cur
2264 3586 2325 3625 ea
2362 3572 2494 3626 dixit
2521 3576 2803 3642 Apostolus
2858 3576 3184 3634 inhonesta?
3227 3581 3369 3639 Bene
3413 3587 3554 3656 quod
3601 3590 3718 3662 ipso

2145 3660 2420 3716 confessus
2446 3678 2527 3731 es,
2548 3664 2634 3719 illa
2683 3667 2921 3723 membra
2947 3667 3109 3725 fuisse
3137 3670 3280 3740 prius
3301 3672 3569 3745 honesta:
3610 3660 3724 3738 non

2145 3751 2288 3804 enim
2318 3752 2457 3806 aliud
2482 3768 2665 3822 posses
2692 3757 2793 3812 nisi
2838 3757 3145 3828 blaSphema
3184 3763 3435 3832 opinione
3486 3770 3723 3825 sentire.

2146 3838 2275 3909 Qua:
2293 3841 2451 3911 igitur
2479 3843 2617 3900 Deus
2644 3843 2863 3902 honesta
2890 3848 3114 3917 fecerat,
3155 3852 3288 3909 dixit
3316 3855 3608 3925 Apostolus
3651 3860 3723 3915 in-

2146 3930 2387 3988 honesta.
2418 3933 2642 3991 Causam
2660 3937 2909 4008 requiro:
2938 3939 2983 3994 si
3013 3939 3117 3996 hoc
3144 3952 3491 4014 nonpeceato
3517 3946 3713 4005 factum

2145 4022 2247 4089 est,
2273 4024 2413 4080 unde
2441 4026 2637 4081 factum
2666 4037 2751 4083 est
2775 4028 2801 4082 ?
2829 4027 2956 4098 Quis
2974 4031 3197 4089 honesta
3220 4034 3314 4091 Dei
3350 4050 3513 4105 opera
3542 4040 3716 4096 dolio.

2146 4115 2392 4181 nestavit,
2420 4123 2476 4170 ut
2517 4131 2578 4171 ea
2600 4117 2879 4175 inhonesta
2907 4130 3123 4179 sanctus
3152 4125 3442 4195 Apostolus
3469 4128 3723 4187 diceret?

2145 4202 2333 4260 Utrum
2365 4206 2636 4275 habitudo,
2680 4208 2730 4263 in
2757 4225 2858 4280 qua
2884 4217 2971 4266 est.
2995 4212 3211 4268 solertia
3231 4218 3466 4273 creantis
3492 4234 3508 4285 ;
3551 4235 3621 4275 an
3653 4223 3721 4275 li-

2142 4290 2288 4361 bido,
2317 4296 2369 4351 in
2416 4314 2518 4369 qua
2562 4308 2645 4354 est
2690 4314 2846 4370 ptena
2882 4298 3341 4372 peceanti'slNam
3385 4310 3546 4365 etiam
3580 4328 3726 4369 nunc

2143 4387 2284 4457 quod
2304 4387 2441 4443 Deus
2470 4389 2540 4444 ibi
2570 4389 2715 4456 facit,
2757 4386 3039 4448 honestum
3067 4404 3151 4450 est
3177 4411 3192 4449 :
3221 4397 3362 4466 quod
3402 4401 3554 4469 origo
3591 4416 3727 4456 con~
3768 4450 3787 4462 .

2145 4478 2322 4545 trahit,
2350 4480 2709 4537 inhonestum.
2736 4481 2805 4537 Et
2836 4493 3011 4539 tamen
3038 4502 3104 4541 ne
3123 4486 3232 4541 sint
3250 4488 3498 4543 scissurae
3520 4491 3575 4546 in
3594 4508 3723 4547 cur-

2145 4585 2308 4640 pore,
2354 4572 2711 4628 contributum
2743 4582 2826 4629 est
2876 4573 3129 4630 divinitus
3156 4578 3333 4633 sensui
3379 4582 3630 4649 naturali,
3667 4595 3724 4638 ut

2143 4678 2239 4733 pro
2268 4662 2491 4718 invicem
2518 4660 2743 4719 sollicita
2768 4664 2876 4720 sint
2897 4666 3135 4721 membra
3168 4682 3183 4721 :
3206 4676 3260 4723 et
3284 4667 3424 4739 quod
3471 4671 3724 4729 dehoneo

2142 4756 2301 4808 stavit
2326 4755 2775 4826 concupiscentia,
2812 4765 3060 4829 contegat
3085 4760 3428 4816 verecundia.

2211 4844 2299 4903 82.
2324 4846 2431 4902 Sed
2459 4846 2612 4917 dicis,
2648 4866 2669 4899 ι
2700 4845 2807 4903 Cur
2826 4848 3001 4904 audita
3030 4865 3161 4906 voce
3204 4849 3299 4908 Dei
3328 4852 3726 4913 deambulantis

2141 4935 2193 4992 in
2225 4937 2468 5008 paradiso
2501 4936 2896 4995 absconderant
2936 4954 2998 4996 se
3046 4940 3216 4997 Adam
3254 4952 3309 4998 et
3354 4944 3548 5000 mulier
3572 4948 3710 5016 ejus,

2139 5041 2259 5082 eum
2288 5029 2606 5098 perizomata
2646 5028 2733 5084 illa
2777 5027 3025 5087 sufﬁcere
3055 5032 3348 5101 potuissent
3376 5051 3397 5088 ι
3429 5035 3450 5107 (
3475 5035 3603 5091 Gen.
3637 5055 3721 5105 Ill,

2110 5120 2194 5184 .8,
2222 5121 2254 5175 Ἰ
2282 5119 2323 5192 ),
2374 5121 2419 5176 si
2471 5120 2540 5177 de
2585 5122 2894 5191 genitalium
2950 5125 3188 5181 nuditate
3236 5127 3660 5184 erubuissent“!
3691 5152 3709 5182 ι

2140 5213 2276 5283 Quid
2297 5223 2379 5269 ρει
2401 5213 2540 5283 quod
2566 5214 2718 5282 dicis,
2747 5230 2858 5271 non
2893 5215 3213 5272 inveniendo
3239 5218 3380 5288 quod
3400 5217 3585 5286 dicas;
3616 5238 3720 5276 nee

2134 5306 2387 5372 attendis,
2416 5304 2555 5377 quod
2581 5306 2760 5360 animo
2787 5305 3082 5377 trepidante
3103 5322 3133 5361 a
3170 5306 3304 5362 facie
3334 5308 3564 5375 Domini,
3588 5311 3720 5364 abs-

2117 5401 2365 5452 trusiura
2420 5398 2632 5454 latibula
2679 5399 3046 5469 (μεθείω-κων
3101 5399 3194 5455 illa
3224 5415 3352 5455 vero
3380 5401 3580 5457 lumbis
3606 5404 3717 5457 cir-

2203 5507 2549 5582 frimiacettsis
2567 5517 2667 5570 323.,
2688 5521 2800 5582 qua
3052 5508 3149 5582 illis
3171 5509 3279 5573 [κὶα.
3304 5512 3497 5582 quissat.
3520 5510 3588 5563 in.

2200 5577 2220 5606 ³
2247 5581 2296 5623 tu
2334 5580 2441 5622 stas.
2488 5571 2629 5622 deest
2650 5608 2665 5633 ,
2703 5571 2753 5624 ’δέ
2801 5573 2863 5624 de
2910 5571 3186 5635 genitalium
3231 5571 3446 5623 nuditate
3497 5584 3700 5626 eratut;

2140 5649 2257 5691 sent.
