4038 6182
500 332 599 388 783
1165 355 1170 360 -
1311 326 1581 384 CONTRA
1621 324 1958 418 JULIANUM
1998 323 2462 394 PELAGIA‘NUM,
2501 325 2558 382 S.
2599 323 2966 384 AUGUSTINI

493 447 683 501 fendis.
717 445 868 503 [inde
911 444 1004 499 tibi
1047 442 1255 498 duobus
1275 441 1548 513 prioribus
1571 440 1723 497 libris
1747 440 1825 497 sic
1853 454 1947 495 me
1992 452 2078 492 re-

493 536 774 608 spendissc
795 535 1044 600 arbitror,
1075 542 1134 590 ut
1159 547 1188 585 a
1210 531 1358 587 nullo
1384 531 1615 601 amplius
1641 535 1960 603 requiratur.

563 626 615 682 2.
648 626 948 696 Exaggeras
977 639 1135 694 quam
1162 623 1231 678 sit
1261 639 1281 675 ι
1317 621 1858 692 difficilispaucisque
1883 633 2080 675 conve-

490 719 639 774 niens
688 717 912 791 eruditis
936 699 1238 772 sanctarum
1276 714 1516 786 cognitio
1554 713 1911 770 Litterarum:
1945 731 1964 764 ι
1999 711 2079 764 vi.

488 808 702 874 dclicet,
740 827 760 860 ι
791 818 846 863 ιιι
868 807 1008 862 Deus
1033 807 1326 873 hominum,
1357 807 1495 863 sicut
1513 805 1747 863 universi
1775 803 2076 868 conditor',

486 899 732 968 etjustns
751 907 804 956 et
833 913 993 954 verax
1041 913 1105 952 ac
1144 899 1292 968 pius,
1327 897 1468 953 idem
1497 897 1518 929 ⁸
1547 895 1812 964 (uiuorum
1859 909 2077 951 suorum

487 979 542 1044 in
572 988 816 1045 homines
861 989 1162 1044 cumulatur
1191 989 1490 1058 probetur;
1537 987 1660 1058 quia
1699 1001 1802 1042 una
1833 994 1934 1051 est,
1971 1003 1990 1036 ι
2022 994 2080 1040 ιιι

489 1077 692 1142 fateris,
727 1099 747 1132 ι
783 1080 985 1150 optima
1013 1093 1174 1136 causa
1195 1077 1492 1134 studiorum
1520 1077 1802 1144 bonarum,
1829 1084 1886 1131 ut
1911 1075 2082 1129 hono-

491 1181 638 1228 retur
665 1171 824 1228 Deus.
854 1189 874 1224 ι
905 1169 1076 1238 Quem
1104 1178 1281 1224 tamen
1333 1168 1412 1225 sic
1453 1168 1710 1234 bonoras,
1737 1177 1796 1224 ut
1827 1166 2076 1238 parvulo-

489 1279 606 1317 rum
632 1261 973 1318 liberatorem
995 1275 1156 1334 neges
1203 1276 1300 1331 per
1328 1259 1600 1316 Christum
1649 1259 1858 1325 Jcsum,
1892 1257 1945 1314 id
1973 1265 2074 1323 est,

489 1353 840 1417 Salvatorem,
886 1351 1041 1422 cujus
1083 1366 1179 1407 eos
1203 1350 1530 1420 Baptismate
1554 1350 1634 1405 sic
1653 1350 1794 1404 ablui
1825 1348 2001 1404 dicitis
2031 1347 2074 1415 ³,

491 1456 549 1502 ιιι
577 1461 683 1500 non
713 1451 1115 1514 consequantur
1154 1441 1401 1504 salutem,
1433 1449 1684 1510 tanquam
1731 1439 1942 1494 medico
1969 1453 2075 1494 non

491 1537 760 1607 indigeant
785 1531 1308 1600 Christo;human:e
1337 1532 1560 1602 originis
1593 1546 1782 1601 venam
1815 1531 2079 1602 sagaciter

492 1626 804 1700 inSpicicnte
821 1666 838 1694 ,
863 1633 916 1680 et
934 1639 1029 1680 eos
1053 1637 1213 1680 sanos
1240 1621 1618 1693 pronuntiante
1637 1621 1875 1679 Iuliano.
1900 1621 2076 1690 Quan-

490 1731 545 1774 to
571 1719 762 1776 melius
791 1718 921 1774 nihil
956 1717 1176 1772 omnino
1219 1714 1534 1780 didicisses,
1583 1729 1740 1784 quam
1778 1729 1874 1786 per
1919 1713 2076 1768 istam

492 1812 640 1865 velut
669 1809 946 1866 scientiam
976 1806 1110 1878 legis
1129 1848 1144 1874 ,
1175 1806 1227 1860 in
1257 1820 1360 1877 qna
1399 1814 1451 1861 te
1477 1803 1712 1875 turgidus
1751 1804 1939 1873 jactas,
1971 1817 2076 1858 non

489 1917 616 1958 sane
653 1901 788 1957 duce
824 1899 918 1956 Dei
965 1899 1114 1970 lege,
1161 1897 1256 1954 sed
1285 1907 1460 1954 vestra
1488 1897 1664 1967 potius
1713 1897 1967 1962 vanitate,
2008 1895 2076 1950 ad

494 1993 626 2050 hanc
653 1993 873 2065 impiam
898 1989 1367 2062 praesumptionem
1395 1987 1664 2044 inimicam
1693 1986 1813 2042 fidei
1839 1986 2078 2042 christia-

491 2101 572 2139 nzc
595 2094 646 2139 ct
669 2095 771 2138 tua:
799 2085 990 2136 animae
1024 2079 1379 2150 pervenisses.

562 2176 613 2230 5.
667 2196 685 2226 ι
715 2173 1016 2238 Sententia,
1050 2189 1070 2224 ι
1103 2169 1300 2242 inquis,
1329 2187 1348 2222 ι
1373 2178 1548 2224 vestra
1579 2175 1685 2223 tam
1730 2165 1988 2239 deformis
2025 2176 2080 2223 et

491 2281 621 2320 vana
654 2272 752 2326 est,
782 2279 902 2334 qua:
943 2272 993 2318 et
1032 2261 1144 2318 Deo
1171 2260 1502 2330 iniquitatem
1525 2300 1541 2326 ,
1569 2267 1624 2316 et
1653 2257 1867 2314 diabolo
1895 2259 2081 2312 condi-

493 2359 687 2413 tionem
714 2356 1014 2420 hominum,
1059 2363 1113 2409 et
1142 2361 1362 2424 peccato
1397 2351 1789 2415 substantiam,
1851 2359 1904 2406 et
1945 2365 2077 2404 con-

491 2449 768 2507 scientiam
799 2445 915 2502 sine
935 2444 1158 2502 scientia
1191 2443 1424 2514 parvulis
1447 2451 1673 2498 conatur
1694 2441 2020 2497 adscribere.
2053 2459 2072 2494 ι

492 2540 733 2596 Breviter
773 2535 1114 2608 respondeo:
1141 2532 1418 2590 Sententia
1451 2541 1632 2588 nostra
1677 2545 1780 2588 nec
1824 2527 2080 2587 deformis

487 2643 602 2698 est;
633 2631 755 2704 quia
775 2629 1076 2702 speciosum
1117 2627 1286 2682 forma
1311 2640 1420 2697 prre
1445 2623 1569 2680 filiis
1590 2623 1864 2680 hominum
1895 2621 2082 2678 Salva-

490 2737 658 2780 torem
691 2721 944 2794 prmdicat
981 2718 1221 2776 omnium
1266 2716 1544 2773 hominum
1578 2712 1750 2790 (Prol.
1801 2728 1954 2778 thv,
1981 2713 2038 2785 '5)
2060 2753 2077 2780 ,

489 2833 552 2874 ac
577 2833 671 2888 per
697 2817 800 2871 hoc
837 2815 995 2870 etiam
1028 2811 1368 2884 parvulorum
1399 2823 1538 2865 :nec
1577 2822 1710 2863 vana
1754 2815 1874 2872 est;
1915 2823 2037 2878 quae
2058 2804 2082 2839 ⁸

491 2925 596 2964 non
633 2908 848 2972 frustra,
881 2903 974 2960 sed
1005 2900 1348 2975 prmcedente
1373 2907 1596 2972 peccato
1638 2897 1770 2954 dicit
1807 2895 2080 2952 hominem

489 3000 705 3055 vanitati
723 2999 950 3053 similem
969 2997 1186 3062 factum,
1206 2993 1357 3065 cujus
1371 2993 1487 3050 dies
1502 2991 1638 3050 sicut
1657 2990 1843 3046 umbra
1858 2998 2079 3061 printer-

491 3099 622 3146 eunt
657 3089 826 3157 (Paul.
872 3102 1058 3151 cxutt,
1081 3085 1140 3158 4)
1160 3102 1174 3138 :
1197 3099 1294 3141 nec
1320 3085 1430 3140 Deo
1449 3082 1704 3140 adscribit
1724 3081 2077 3152 iniquitatem,

493 3181 584 3237 sed
599 3181 772 3252 potius
783 3179 1108 3250 mquitatem;
1129 3176 1251 3250 quia
1267 3191 1373 3232 non
1390 3175 1588 3246 injuste
1611 3183 1689 3230 tot
1710 3182 1765 3230 et
1779 3173 1948 3230 tantis
1968 3187 2082 3228 ma-

493 3273 581 3339 lis,
597 3287 714 3341 quae
729 3269 1025 3342 saepissime
1043 3267 1334 3334 cernimus,
1351 3266 1510 3322 etiam
1527 3264 1778 3337 parvulus
1791 3264 2038 3334 plectitur
2062 3281 2076 3318 :

495 3377 595 3418 nec
605 3359 820 3417 diabolo
851 3357 1209 3415 conditionem
1223 3355 1521 3422 hominum,
1541 3355 1636 3410 sed
1655 3353 2080 3423 humanaeorigi-

493 3453 576 3508 nis
593 3451 1061 3522 depravationem;
1091 3463 1194 3505 nec
1217 3455 1436 3520 peccato
1458 3445 1807 3502 substantiam
1831 3444 1874 3512 ³,
1903 3443 1996 3500 sed
2026 3444 2080 3499 in

499 3542 687 3613 primis
714 3540 1018 3596 hominibus
1046 3547 1245 3607 actum,
1295 3538 1349 3594 in
1401 3551 1586 3592 eorum
1615 3551 1744 3593 vero
1774 3535 2082 3606 posteritate

493 3633 796 3706 contagium
821 3649 837 3688 :
864 3645 964 3688 nec
991 3629 1228 3702 parvulis
1255 3628 1640 3685 conscientiam
1689 3627 1807 3682 sine
1835 3625 2078 3692 scientia,

493 3729 545 3784 in
575 3727 768 3798 quibus
791 3739 891 3782 nec
918 3723 1140 3781 scientia
1168 3731 1288 3790 est,
1323 3735 1426 3776 nec
1455 3719 1816 3786 conscientia;
1855 3717 1950 3774 sed
1979 3717 2084 3772 sci-

491 3820 566 3875 vit
593 3818 684 3874 ille
711 3816 835 3890 quid
877 3814 1066 3871 fecerit
1104 3813 1156 3868 in
1198 3825 1306 3884 quo
1359 3824 1549 3866 omnes
1596 3817 1983 3880 peccaverunt,
2029 3818 2082 3864 et

486 3909 683 3981 singuli
713 3907 909 3962 malum
938 3903 1064 3959 inde
1105 3908 1407 3958 traxerunt.

563 4005 619 4058 4.
643 4001 721 4058 Tu
735 4009 912 4055 autem
928 3997 1017 4068 qui
1038 3997 1059 4029 ⁸
1082 3994 1475 4052 multitudinem
1493 3992 2081 4066 prmstruisidiotarum,

491 4109 628 4166 quos
655 4091 893 4164 appellas
916 4109 936 4144 ι
959 4089 1250 4160 simplices,
1275 4087 1388 4158 qui,
1417 4087 1535 4142 aliis
1551 4085 1794 4156 occupati
1819 4083 2048 4154 negotiis
2065 4127 2080 4152 ,

495 4183 626 4240 nihil
653 4183 718 4238 de
744 4180 1046 4238 eruditione
1083 4186 1374 4250 ceperunt,
1399 4177 1510 4233 sola
1539 4185 1717 4232 tamen
1753 4174 1855 4230 tide
1884 4175 1950 4229 ad
1975 4174 2082 4228 Ec-

494 4277 712 4334 clesium
739 4273 935 4328 Christi
963 4255 1243 4343 pervenire
1270 4279 1545 4336 curarunt,
1591 4283 1662 4324 ne
1705 4265 1859 4324 facile
1887 4267 2084 4323 obscu-

497 4369 573 4424 ris
599 4365 976 4438 qutestionibus
999 4372 1322 4430 terreantur,
1351 4361 1444 4418 sed
1471 4361 1754 4418 credentes
1795 4360 1962 4416 Deum
1994 4374 2088 4414 ve-

497 4474 616 4514 rmn
633 4453 966 4512 conditorem
983 4469 1102 4510 esse
1119 4453 1419 4518 hominum,
1449 4451 1810 4508 indubitanter
1825 4451 1846 4484 "
1873 4465 2086 4522 quoque

499 4553 719 4604 teneant
744 4545 864 4614 quia
895 4544 1013 4615 pius
1041 4553 1122 4600 est
1142 4585 1160 4610 ,
1187 4543 1310 4614 quia
1337 4556 1496 4598 verax
1521 4583 1535 4606 ,
1563 4542 1687 4612 quia
1699 4540 1906 4611 justus;
1929 4549 2086 4608 atque

501 4639 638 4694 hanc
667 4634 1072 4692 mstimationcm
1097 4633 1165 4689 de
1201 4633 1292 4688 illa
1315 4631 1576 4686 Trinitate
1599 4639 1894 4693 servantes,
1933 4629 2086 4700 quid-

497 4732 626 4806 quid
652 4728 918 4786 audierint
959 4727 1081 4782 huic
1110 4725 1401 4782 convenire
1428 4723 1709 4778 sententiae
1727 4763 1744 4789 ,
1774 4721 2086 4792 amplexen-

500 4835 590 4880 tur
612 4832 772 4894 atque
799 4817 1100 4875 collaudcnt
1130 4834 1143 4870 :
1177 4829 1279 4872 nec
1305 4815 1406 4870 hoc
1449 4813 1528 4869 eis
1557 4813 1661 4868 ulla
1688 4813 1768 4868 vis
1806 4827 2089 4884 argumen-

502 4915 718 4972 tationis
745 4911 943 4968 evellat
959 4951 976 4978 ,
1005 4909 1098 4965 sed
1121 4907 1459 4963 detestentur
1479 4920 1693 4960 omnem
1715 4905 2088 4960 auctoritatem

503 4992 663 5080 atque
682 5019 895 5061 omnem
917 5002 1226 5079 societatem
1275 4998 1542 5055 contraria
1566 4987 1888 5068 persuadere
1916 4996 2090 5050 niten-

569 5164 681 5226 sese
701 5160 927 5226 plerique
950 5166 1056 5210 uss.
1083 5155 1170 5207 Αιιι
1347 5163 1449 5226 Am.
1474 5161 1528 5204 et
1547 5157 1645 5226 tau,
1678 5157 1732 5226 at
1930 5147 2089 5226 Ιωηὲ

503 5236 618 5275 unm
639 5217 764 5275 sicut
798 5217 1128 5273 wiiverrormn
1149 5217 1386 5276 conditor.
1433 5221 1566 5276 ιον..
1591 5220 1644 5268 ω
1668 5220 1798 5265 Deus
1818 5217 1943 5274 sicut
1981 5217 2092 5262 uni-

505 5273 742 5350 tamen;
757 5281 976 5350 conditor
991 5294 1008 5342 ;
1024 5281 1216 5339 omisso,

575 5347 595 5378 ⁸
617 5343 932 5396 ιίιογὶεοοιιείε
948 5351 1028 5393 Ms.
1044 5349 1310 5402 correctus,
1329 5343 1417 5391 ita.

579 5407 600 5438 ⁸
621 5407 756 5465 Editi,
781 5405 923 5456 dicis.
949 5412 1077 5464 διες..
1101 5400 1280 5452 dicitis.

571 5469 593 5538 τ
619 5462 754 5538 om!
771 5466 1049 5538 ιονςεηιιίειο
1065 5462 1132 5538 ιο,
1149 5465 1292 5513 editis
1309 5462 1418 5538 ειιίιε
1441 5467 1795 5538 eausa-satic-

573 5525 794 5597 tilica.
818 5525 1288 5597 addit,_deput_qnm_s.
1313 5525 1683 5597 l.0V.,‘_dq_mlal.
1715 5531 1815 5597 am.
1836 5530 2092 5597 Quen:

512 5589 660 5642 nullis
681 5596 809 5646 λιες..
833 5582 1100 5650 deputari.“
1113 5587 1260 5636 Abest.
1288 5599 1318 5635 a
1353 5582 1635 5634 melioribus
1663 5582 2014 5645 umnuscriptis.
2040 5587 2095 5632 ut

513 5650 844 5716 uitiaudiatur,
871 5647 1122 5696 adscribit.
1293 5715 1297 5716 ν
1421 5705 1434 5716 ,

579 5715 600 5742 ⁸
625 5711 950 5757 utvanienses
965 5715 1326 5768 expttnxcrant.
1350 5711 1450 5766 qui.

577 5772 597 5805 τ
613 5775 726 5820 Lm.
753 5778 808 5818 et
828 5769 960 5829 Belg.
986 5767 1114 5822 MSS...
1131 5767 1413 5818 indubitate.

3681 333 3778 389 78'.

2189 446 2329 500 tem;
2363 455 2388 490 ι
2425 439 2468 494 si
2503 436 2620 494 lure
2648 437 2760 509 ipsa
2811 446 2896 494 tua
2940 437 3100 493 verba
3149 438 3488 506 consideras.
3517 441 3782 498 adversm

2187 539 2239 584 te
2285 529 2402 584 illos
2447 529 2786 585 ﬁrmissimos
2834 528 3033 584 reddis.
3063 528 3248 601 Neque
3293 532 3436 588 enim
3464 533 3567 588 alia
3612 548 3778 590 causa

2185 627 2266 674 cst
2285 661 2300 685 ,
2325 634 2421 673 cur
2442 621 2730 675 novitatem
2761 629 2988 675 vestram
3016 619 3310 678 detestetur
3337 622 3499 678 etiam
3531 625 3782 679 multitu-

2183 710 2254 764 do
2282 709 2571 766 christiana
2605 712 2646 778 ¹,
2692 726 2724 766 a
2774 711 2928 780 cujus
2975 711 3126 768 velut
3169 713 3416 783 imperito
3465 713 3674 784 judicio
3713 714 3782 771 ad

2185 818 2384 873 paucos
2407 813 2634 871 vestros,
2669 819 2803 875 quos
2832 802 3000 859 videri
3045 805 3197 874 cupis
3247 805 3703 876 prudentissimos
3723 816 3781 862 et

2181 892 2555 960 doctissimos,
2587 909 2886 964 provocas;
2920 893 3020 950 nisi
3045 896 3170 967 quia
3199 896 3365 953 Deum
3408 908 3464 954 et
3491 899 3774 953 hominum

2183 985 2556 1053 conditorem,
2587 986 3072 1056 ct'justissimum
3123 989 3401 1060 cogitant,
3451 999 3508 1046 et
3555 1005 3779 1047 suorum

2182 1086 2362 1134 tantos
2419 1079 2689 1134 cruciatus
2743 1081 3080 1150 conspiciunt
3131 1081 3504 1150 parvulorum.
3557 1092 3618 1136 ut
3680 1081 3780 1138 sub

2186 1167 2299 1224 Deo
2341 1178 2586 1225 creatore
2625 1169 2830 1241 optimo
2873 1179 3032 1241 atque
3073 1170 3370 1241 justissima
3421 1171 3572 1228 nullo
3615 1172 3782 1228 modo

2182 1260 2358 1332 imago
2387 1261 2504 1332 ejus
2525 1263 2576 1317 in
2609 1261 2696 1316 illa
2727 1270 2884 1318 tctate
2909 1271 3054 1317 tanta
3083 1263 3219 1317 mala
3258 1271 3553 1332 pateretur,
3583 1263 3628 1319 si
3662 1277 3772 1318 non

2180 1362 2326 1408 esset
2351 1353 2611 1422 originale
2656 1360 2955 1421 peccatum.
3001 1351 3238 1420 Quorum
3284 1351 3328 1408 si
3359 1353 3642 1424 quisquam
3684 1369 3782 1426 ge-

2179 1451 2330 1500 stans
2360 1444 2636 1514 parvulum
2679 1443 2877 1508 ﬁlium.
2908 1453 2960 1500 te
2979 1445 3097 1500 sine
3125 1444 3362 1520 clamore
3388 1445 3690 1512 invidioso,
3720 1455 3780 1502 et

2181 1537 2234 1591 in
2265 1545 2416 1608 parte
2452 1537 2548 1592 ubi
2576 1537 2756 1592 nullus
2781 1536 3020 1601 audiret,
3061 1538 3412 1608 compellaret
3445 1551 3509 1622 ac
3545 1537 3776 1603 diceret,

2129 1670 2135 1676 .
2181 1627 2295 1698 Ego
2321 1643 2382 1684 ea
2413 1637 2621 1694 mente,
2651 1627 3000 1698 intelligentia
3019 1670 3036 1696 ,
3067 1627 3275 1683 ratione
3297 1669 3312 1694 ,
3340 1627 3392 1682 in
3417 1642 3522 1700 qua
3549 1643 3673 1684 sum
3700 1629 3781 1682 fa.

2178 1728 2296 1776 ctus
2317 1717 2382 1774 ad
2411 1717 2694 1790 imaginem
2731 1719 2854 1784 Dei;
2889 1727 3092 1774 tantum
3121 1732 3246 1774 amo
3289 1733 3512 1790 regnum
3540 1717 3639 1776 Dei
3666 1758 3684 1784 ,
3713 1726 3782 1774 ut

2181 1806 2412 1864 hominis
2451 1824 2700 1880 magnam
2743 1808 2979 1880 judicem
3026 1823 3262 1880 pinnam,
3299 1808 3345 1864 si
3384 1823 3450 1865 eo
3486 1823 3772 1882 nunquam

2179 1900 2349 1974 possit
2372 1899 2593 1955 intrare.
2621 1898 2770 1956 Itane
2805 1913 2934 1956 vero
2974 1907 3030 1955 tu
3059 1915 3165 1955 nou
3195 1898 3359 1956 homo
3383 1899 3454 1956 de
3481 1899 3639 1957 turba
3669 1900 3777 1956 im-

2181 1989 2500 2060 peritorum,
2529 1989 2622 2046 sed
2656 1991 2798 2048 inter
2834 2004 3032 2062 paucos
3059 1990 3504 2062 prudentissimos
3525 1993 3684 2066 regni
3710 1993 3778 2050 il-

2182 2079 2282 2135 lius
2305 2091 2529 2148 amator,
2564 2089 2711 2138 tanto
2745 2081 2928 2154 utique
2967 2081 3242 2138 ardentior
3279 2092 3481 2154 quanto
3523 2083 3698 2155 magis
3720 2093 3778 2139 te

2177 2164 2592 2244 ﬂagrantissima
2618 2188 2908 2245 paucorum
2952 2174 3182 2230 societas
3225 2175 3279 2230 in
3326 2175 3461 2232 illud
3498 2175 3772 2241 accendit,

2182 2277 2282 2320 nec
2307 2263 2428 2318 facit
2449 2262 2572 2320 inde
2600 2272 2906 2334 torpescere
2931 2263 3174 2337 frigidior
3191 2265 3509 2332 multitudo,
3545 2280 3777 2337 respono

2180 2369 2340 2410 surus
2381 2369 2442 2412 es
2484 2354 2685 2412 homini
2726 2367 2884 2429 atque
2931 2358 3190 2425 dicturus,
3224 2358 3340 2414 Non
3371 2359 3546 2415 solum
3581 2373 3775 2431 magna

2182 2459 2286 2500 non
2317 2454 2418 2514 est,
2441 2445 2538 2504 sed
2589 2448 2734 2504 nulla
2763 2447 2982 2504 omnino
3022 2463 3180 2520 paena
3227 2457 3313 2505 est
3353 2449 3604 2521 imaginis
3653 2449 3776 2511 Dei.

2181 2549 2449 2606 nunquam
2479 2551 2638 2608 posse
2680 2539 2880 2596 intrare
2927 2539 2980 2594 in
3022 2554 3245 2612 regnum
3279 2539 3420 2596 Dei?
3457 2541 3595 2597 Puto
3631 2541 3780 2612 quod

2181 2641 2282 2682 nec
2303 2628 2392 2683 uni
2421 2627 2662 2695 homini,
2695 2631 2848 2700 cujus
2867 2644 2966 2686 nec
2992 2630 3099 2687 vim
3125 2645 3224 2686 nec
3261 2629 3633 2687 testimonium
3659 2629 3781 2687 for-

2180 2715 2444 2786 midabis,
2469 2717 2578 2776 hoc
2601 2717 2784 2776 dicere
2816 2719 3062 2776 audebis.
3094 2720 3171 2776 Te
3196 2720 3377 2792 itaque
3401 2721 3518 2778 sive
3543 2735 3780 2793 respon-

2181 2807 2347 2866 dente
2371 2809 2672 2879 quodlibet,
2717 2811 2830 2866 sive
2873 2809 3038 2882 (quod
3089 2809 3257 2882 magis
3293 2825 3322 2865 a
3360 2819 3417 2866 te
3461 2811 3702 2883 exigeret
3727 2813 3782 2867 si

2181 2916 2290 2958 non
2315 2901 2601 2957 christiana
2622 2943 2639 2966 ,
2667 2912 2814 2959 certe
2845 2903 3074 2960 humana
3101 2903 3445 2974 verecundia)
3476 2905 3742 2962 reticente
3761 2948 3782 2973 ,

2183 2991 2444 3063 ingereret
2486 2993 2790 3062 aSpectibus
2835 2992 2940 3049 tuis
2991 2995 3271 3065 parvulum
3321 3009 3511 3058 suum,
3544 2995 3734 3051 dicens
3759 3013 3777 3050 :

2181 3083 2363 3138 Justus
2385 3091 2468 3139 est
2513 3083 2690 3151 Deus;
2745 3083 2873 3156 quid
2921 3085 3044 3140 mali
3088 3094 3191 3152 est,
3242 3084 3383 3157 quod
3428 3085 3780 3142 innocentem

2182 3174 2322 3231 hanc
2347 3175 2464 3246 ejus
2491 3175 2773 3247 imaginem
2798 3175 3046 3249 prohibet
3069 3178 3270 3234 intrare
3289 3178 3342 3232 in
3364 3195 3591 3250 regnum
3622 3179 3740 3250 ejus
3763 3197 3781 3243 ;

2182 3267 2227 3321 si
2267 3281 2371 3321 non
2403 3267 2506 3320 hoc
2547 3276 2630 3323 est
2667 3277 2942 3338 peccatum
2968 3310 2984 3334 ,
3009 3269 3150 3340 quod
3179 3286 3275 3340 per
3303 3287 3468 3326 unum
3493 3271 3776 3328 hominem

2182 3355 2397 3411 intravit
2425 3356 2479 3412 in
2519 3357 2774 3412 mundum
2806 3357 2981 3430 (Rom.
3009 3375 3064 3424 v,
3118 3360 3245 3431 £2)?
3282 3360 3415 3415 Puto
3441 3361 3588 3431 quod
3631 3362 3786 3419 nulla

2183 3446 2276 3502 tibi
2307 3447 2479 3504 aderit
2529 3447 2822 3518 sapientia,
2867 3465 2971 3520 qua
3016 3450 3108 3505 tibi
3158 3451 3391 3506 videaris
3432 3452 3524 3507 illo
3555 3452 3783 3507 indocto

2185 3537 2403 3594 homine
2429 3538 2669 3604 doctior;
2697 3538 2793 3595 sed
2840 3539 2944 3594 sia
2989 3549 3042 3594 te
3091 3541 3378 3596 recesserit
3419 3541 3781 3612 impudentia,

2183 3627 2277 3682 illo
2307 3627 2505 3684 infante
2525 3629 2828 3686 remanebis
2859 3629 3135 3684 infantior.

2257 3715 2484 3774 CAPUT
2531 3717 2594 3772 ll.
2638 3747 2712 3762 -—
2751 3718 2806 3774 5.
2851 3718 2956 3775 Sed
2997 3721 3258 3789 prommio
3307 3722 3620 3790 terminato,
3673 3738 3788 3795 quo

2186 3810 2460 3881 imperitus
2488 3809 2787 3866 admonitos
2819 3811 3117 3878 removisti,
3146 3821 3201 3868 et
3229 3827 3520 3882 paucorum
3553 3816 3648 3870 tibi
3687 3831 3792 3870 au-

2185 3916 2290 3958 res.
2308 3901 2698 3958 eruditissimas
2728 3902 3039 3972 prmparasti
3061 3944 3077 3969 ,
3109 3902 3235 3972 quid
3285 3903 3666 3974 disputationis
3685 3920 3788 3976 ag-

2185 3992 2432 4064 grediare
2458 3991 2754 4047 videamus.
2804 3991 2998 4047 Nescio
3027 3992 3156 4063 quid
3203 3994 3346 4048 enim
3393 3994 3528 4050 satis
3566 4004 3788 4050 acutum

2188 4085 2282 4140 tibi
2302 4085 2446 4138 venit
2473 4083 2524 4138 iu
2557 4093 2825 4149 mentem,
2868 4083 3010 4154 quod
3041 4097 3094 4142 te
3130 4085 3185 4140 in
3223 4085 3462 4142 secundo
3508 4086 3651 4144 libro
3692 4095 3789 4143 tuo

2188 4173 2409 4244 fugerat,
2438 4188 2560 4228 cum
2591 4173 2659 4229 de
2679 4173 2936 4230 membris
2962 4173 3228 4244 pudendis
3248 4215 3264 4241 ,
3297 4190 3419 4246 qua:
3442 4187 3566 4246 post
3595 4187 3793 4248 pecca-

2190 4273 2300 4320 tum
2351 4265 2596 4320 rationali
2641 4265 3034 4322 verecundante
3075 4277 3264 4322 natura
3297 4268 3650 4325 liculncorum
3690 4271 3791 4326 ad-

2189 4365 2373 4426 operta
2397 4362 2522 4412 sunt
2543 4357 2775 4428 tegmine
2802 4355 3072 4422 foliorum,
3099 4359 3268 4414 multa
3282 4359 3552 4427 dixisses;
3585 4359 3791 4417 frustra

2189 4447 2421 4506 refutare
2449 4460 2672 4504 conatus
2692 4447 2836 4518 quod
2885 4463 2986 4519 ego
3019 4449 3258 4506 dixeram
3280 4492 3296 4518 ,
3337 4468 3358 4503 ι
3397 4449 3504 4507 Cur
3541 4466 3678 4523 ergo
3715 4467 3788 4508 ex

2191 4541 2295 4598 illis
2322 4541 2575 4597 membris
2597 4539 2841 4596 confusio
2870 4550 2990 4613 post
3037 4553 3316 4612 peccatum
3337 4583 3352 4608 ,
3399 4543 3502 4598 nisi
3527 4543 3656 4614 quia
3686 4559 3787 4600 ex-

2191 4631 2326 4688 stitit
2346 4631 2450 4686 illic
2477 4631 2727 4687 indecens
2749 4642 2927 4688 motus
2957 4631 3090 4705 ι(οθ
3105 4632 3318 4706 Nuptiis
3335 4643 3383 4688 et
3408 4631 3792 4704 Concupiscet:-

2194 4724 2284 4790 tia,
2313 4722 2400 4778 lib.
2447 4723 2500 4788 l,
2531 4739 2585 4776 η.
2638 4723 2729 4795 5)?
2782 4723 2920 4791 Quid
2955 4723 3115 4794 igitur
3148 4725 3487 4796 exc0gitasti,
3525 4726 3674 4800 quod
3717 4727 3792 4782 ita

2193 4814 2290 4870 tibi
2320 4813 2534 4885 placuit,
2566 4821 2621 4868 ut
2662 4827 2763 4870 nec
2793 4813 2944 4868 finito
2973 4813 3281 4882 volumine,
3331 4815 3418 4869 ubi
3451 4814 3592 4870 hanc
3629 4831 3786 4886 qum-

2193 4905 2420 4962 stionem
2445 4912 2554 4960 tam
2595 4904 2844 4960 diuturna
2895 4903 3220 4975 loquacitate
3247 4905 3498 4971 versasti,
3539 4905 3656 4974 jam
3687 4905 3796 4960 hoc

2194 5008 2410 5071 putares
2449 4998 2842 5052 omittendum?
2884 4997 3154 5069 Scriptum
3203 5013 3324 5055 esse
3365 4997 3537 5064 dicis,
3563 4996 3634 5052 Et
3659 5001 3801 5070 fect

2195 5091 2430 5147 r'mtsibt'
2477 5076 2768 5145 vestimenta
2795 5087 2950 5162 (Gen.
2977 5105 3058 5155 ιιι,
3085 5091 3165 5162 7),
3209 5091 3476 5161 aliamque
3515 5091 3798 5160 interpreo

2197 5183 2450 5238 tationem
2496 5181 2696 5237 habere
2723 5185 3116 5236 commemoras
3145 5181 3456 5252 perizonmta
3485 5196 3507 5234 :
3529 5189 3586 5236 et
3631 5183 3793 5236 cesti-

2196 5282 2366 5328 menta
2389 5271 2634 5344 perhibes
2665 5289 2686 5324 ι
2717 5271 2881 5326 totius
2907 5270 3148 5341 corporis
3169 5271 3538 5327 indumentum
3566 5271 3804 5342 intelligi

2198 5377 2386 5434 posse,
2414 5360 2554 5432 quod
2581 5359 2645 5414 ad
2678 5358 2899 5430 pudoris
2936 5360 3166 5416 refertur
3198 5359 3454 5416 officium.
3501 5379 3521 5413 ι
3553 5359 3660 5417 Ubi
3690 5362 3765 5414 mi

2199 5469 2290 5508 ror
2315 5453 2472 5506 istum
2516 5449 2865 5518 interpretem
2908 5465 3068 5521 quem
3110 5450 3325 5520 legisti,
3381 5450 3426 5506 si
3473 5449 3808 5519 Pelagia-us

2199 5560 2305 5600 non
2360 5541 2487 5607 fuit,
2516 5555 2582 5596 ex
2632 5554 2700 5596 eo
2741 5541 2883 5612 quod
2927 5556 3132 5612 grmcus
3183 5542 3258 5597 ait
3304 5541 3652 5614 prrizomata,
3703 5557 3806 5594 u-

2267 5702 2282 5732 ι
2309 5694 2495 5756 Aliquot
2508 5698 2642 5756 pass,
2665 5691 3064 5756 (’Miﬂianorum.

2269 5765 2286 5793 α
2308 5753 2583 5816 Copulatlva
2606 5753 2856 5814 particula.
2875 5761 2940 5816 et,
2967 5765 3139 5806 caussa
3161 5759 3238 5808 hic
3262 5767 3324 5818 ap
3343 5759 3386 5806 ιλ
3410 5765 3518 5807 Lov.
