4014 6184
334 313 441 370 785
470 329 477 337 '

330 440 566 493 stirneuta
612 439 850 512 potuisse
882 442 1194 501 transferre.
1247 445 1440 504 Verum
1472 458 1522 503 ct
1550 448 1634 505 hic
1676 449 1719 505 si
1754 450 1922 520 pudor

330 538 486 588 adsit.
515 530 589 586 ad
603 532 765 603 cujus
784 533 1017 589 officium
1059 538 1373 593 vestimenta
1400 541 1600 595 asseris
1625 544 1917 611 pertinere,

330 636 664 695 nequaquam
719 625 1045 695 persuadere
1090 629 1374 685 conaberis
1426 624 1673 687 homines
1718 635 1920 702 primos

328 726 550 781 peccato
580 717 835 787 magistro
858 719 958 773 ista
996 719 1221 789 pudoris
1241 721 1412 779 officia
1443 722 1719 788 didicisse,
1766 735 1820 780 et
1868 725 1919 779 in

328 806 408 860 eis
440 806 589 875 prius
618 807 751 862 duas
795 809 948 878 quasi
989 811 1166 867 socias
1214 822 1267 865 et
1306 813 1507 866 amicas
1538 814 1921 869 convenit-nter

329 895 599 958 habitasse
624 897 982 954 innocentiam
1005 909 1069 956 et.
1086 901 1491 971 impudentiam.
1520 903 1747 971 Quando
1771 907 1914 960 enim

327 986 466 1041 nudi.
482 996 655 1054 erant,
681 998 735 1044 et
755 1005 859 1044 non
879 990 1363 1056 confundebantur.
1403 996 1917 1052 inverecundierant

324 1080 619 1135 secundum
646 1091 787 1137 tuam
809 1082 1221 1152 disputationem
1242 1127 1256 1149 ,
1288 1096 1343 1142 et
1371 1103 1401 1141 a
1438 1089 1663 1143 naturali
1693 1090 1912 1158 pudoris

312 1184 484 1247 sinisu
527 1170 930 1228 abhorrebant:
963 1173 1059 1229 scd
1110 1174 1356 1231 videlicet
1400 1178 1475 1233 ab
1513 1178 1611 1234 ista
1655 1180 1914 1249 pravitate

325 1262 841 1337 peccandoeorrecti
870 1274 1030 1331 sunt,
1057 1274 1114 1322 et
1145 1282 1335 1323 sensus
1364 1272 1623 1339 reprobus
1663 1273 1915 1341 przevari-

323 1351 552 1407 rationis
581 1351 757 1409 factus-
796 1366 879 1410 cst
926 1354 981 1408 in
1027 1356 1120 1411 eis
1137 1355 1328 1412 doctor
1371 1359 1609 1427 pudoris.
1645 1361 1912 1417 Pudentes

322 1447 519 1517 quippe
549 1445 674 1501 fecit
696 1449 953 1518 nequitia,
987 1463 1123 1519 quos
1145 1451 1487 1520 impudentes
1511 1455 1716 1524 justitia
1747 1456 1911 1513 facie-

321 1534 431 1589 bat.
462 1534 575 1592 [mo
605 1553 732 1593 vero
775 1544 868 1594 tua
916 1541 1017 1595 ista
1067 1544 1333 1599 sententia
1376 1546 1447 1601 ita
1483 1556 1568 1601 est
1600 1548 1910 1605 indecenter

321 1626 605 1697 impudens
627 1639 681 1683 et
701 1629 1013 1687 deformiter
1046 1632 1185 1687 nuda
1206 1675 1223 1699 ,
1271 1646 1326 1690 nt
1374 1651 1492 1692 eam
1519 1680 1534 1704 ,
1580 1641 1909 1709 quantalibet

319 1715 444 1770 folia
468 1718 749 1773 verborum
776 1735 1005 1776 consuas
1029 1763 1045 1788 ,
1074 1725 1291 1795 operire
1328 1744 1432 1782 non
1462 1731 1656 1799 possis.

389 1808 447 1864 6.
476 1808 517 1863 Δ
546 1810 837 1879 pictoribus
874 1828 961 1868 me
985 1813 1237 1872 didicisse
1271 1818 1516 1888 derides,
1554 1822 1696 1891 quod
1735 1824 1905 1879 Adam

316 1908 370 1952 et
401 1900 590 1956 mulier
630 1904 749 1971 ejus
797 1903 1040 1973 pudenda
1069 1905 1442 1980 contexerint;
1472 1923 1527 1968 et
1558 1913 1901 1972 iioratianum

315 1986 447 2043 iiiud
475 1988 812 2047 decantatum
835 1993 1024 2051 audire
1044 2011 1137 2053 me
1154 2001 1401 2069 praecipis
1423 2043 1438 2069 ,

1157 2091 1427 2157 rietoribus
1445 2101 1595 2156 atque
1618 2099 1778 2157 poetis

433 2139 674 2200 Quidlibet
695 2145 904 2196 audendi
933 2159 1135 2215 semper
1158 2139 1251 2201 fuit
1271 2139 1418 2215 add;
1438 2139 1666 2215 autem;

1105 2212 1185 2272 (In
1207 2212 1525 2279 Arte'poetica
1539 2251 1554 2275 ,
1578 2230 1701 2269 vers.
1722 2219 1770 2282 9,
1801 2221 1896 2284 i0).

307 2285 430 2356 Ego
467 2302 597 2343 vero
628 2304 743 2343 non
783 2305 811 2344 a
855 2292 1061 2362 pictore
1101 2295 1338 2350 inanium
1390 2298 1710 2367 ﬁgurarum,
1743 2303 1837 2358 sed
1866 2321 1895 2359 a

306 2376 571 2446 scriptore
602 2379 898 2436 divinarum
922 2382 1081 2439 didici
1109 2384 1453 2457 Litterarum,
1486 2393 1608 2462 quia
1640 2394 1714 2450 iiii
1740 2396 1895 2464 primi

306 2466 553 2521 homines
580 2476 862 2540 antequam
895 2484 1178 2542 peccarent
1204 2475 1330 2532 nudi
1360 2491 1531 2544 erant,
1559 2492 1612 2537 et
1632 2498 1737 2539 non
1765 2499 1896 2541 con-

313 2557 690 2615 fundebantur.
722 2561 780 2617 in
808 2564 999 2633 quibus
1027 2566 1164 2623 absit
1195 2578 1252 2624 ut
1278 2579 1420 2626 tanta
1455 2573 1756 2631 innocentia
1784 2588 1889 2633 tam

309 2649 587 2718 impudens
607 2663 777 2708 esset:
798 2654 892 2710 sed
916 2657 1149 2714 nondum
1168 2660 1338 2733 iperat
1357 2663 1497 2733 quod
1513 2666 1752 2733 puderet.
1769 2669 1892 2723 Pec-

307 2752 585 2811 caverunt,
613 2744 978 2815 attenderunt,
1000 2724 1347 2819 erubuerunt,
1376 2768 1698 2826 operuerunt
1734 2758 1887 2830 (Gen.

303 2850 364 2899 ιι,
397 2835 576 2901 25-ιιι.
612 2838 735 2907 11);
764 2850 816 2896 et
845 2842 1018 2899 adhuc
1033 2844 1253 2914 clamas,
1289 2866 1308 2899 ι
1339 2847 1477 2903 Nihil
1506 2850 1613 2906 illic
1639 2850 1889 2909 indecens

298 2943 600 2999 novumque
661 2943 968 2988 senserunt.
1016 2951 1037 2987 ι
1091 2934 1246 2991 lianc
1291 2939 1451 3007 plane
1501 2941 1888 3011 impudentiam

296 3027 442 3075 tuam
485 3021 642 3076 nimis
680 3022 1085 3094 incredibilem,
1123 3028 1265 3084 absit
1297 3039 1353 3084 ut
1389 3030 1587 3097 dicam,
1622 3035 1796 3090 nullus
1827 3046 1883 3091 te

293 3109 572 3179 apostolus
604 3122 696 3168 aut
740 3115 1034 3186 propheta,
1072 3119 1167 3174 sed
1205 3134 1305 3175 nec
1347 3122 1517 3190 pictor
1542 3123 1753 3193 docuit,
1784 3142 1884 3184 nec

293 3210 471 3269 poeta.
503 3201 582 3256 illi
611 3204 809 3274 quippe
840 3205 976 3275 ipsi,
1004 3209 1198 3279 quibus
1229 3228 1248 3262 ι
1277 3212 1540 3282 quidlibet
1568 3216 1825 3285 audendi,
1860 3238 1878 3271 ι

292 3290 431 3345 sicut
478 3292 750 3363 eleganter
775 3295 977 3351 dictum
1006 3297 1240 3369 videtur,
1287 3320 1307 3354 ι
1335 3318 1553 3374 semper
1589 3307 1687 3362 fuit
1731 3322 1882 3379 inqua

291 3388 560 3449 potestas;
599 3401 620 3436 ι
676 3384 1133 3444 confunderentur
1187 3392 1304 3447 tale
1350 3393 1548 3465 aliquid
1597 3396 1879 3454 ridendum

293 3471 495 3542 tingere
513 3514 528 3537 ,
556 3475 716 3546 quale
744 3484 797 3532 te
824 3476 1159 3535 credendum
1188 3496 1296 3536 non
1325 3483 1671 3542 confunderts
1691 3486 1883 3559 dispu-

293 3574 427 3619 tare.
458 3566 599 3622 Duas
626 3568 769 3625 enim
786 3571 945 3627 simul
976 3571 1299 3643 habitantes,
1332 3590 1570 3646 quarum
1599 3579 1766 3634 altera
1797 3590 1881 3636 est

289 3658 486 3728 optime
505 3700 522 3727 ,
551 3661 717 3717 altera
746 3670 830 3718 est
850 3665 1103 3734 pessima,
1124 3667 1272 3724 velut
1295 3669 1434 3724 inter
1466 3684 1526 3726 se
1553 3674 1877 3728 convenien-

292 3759 376 3805 tes
399 3759 561 3822 atque
579 3755 907 3826 concordes,
937 3756 1299 3816 innocentiam
1342 3762 1548 3818 scilicet
1574 3772 1735 3835 atque
1773 3766 1874 3821 im-

288 3840 597 3912 pudentiam
623 3886 638 3910 ,
670 3847 849 3902 nullus
869 3849 1045 3919 pictor
1074 3852 1331 3923 pingere,
1377 3856 1555 3911 nullus
1607 3869 1761 3928 poeta
1786 3875 1874 3915 ca-

287 3949 418 3989 nere
435 3934 654 3992 auderet
688 3953 826 3995 :uec
864 3954 1051 3996 eorum
1096 3943 1374 4014 quisquam
1418 3946 1489 4002 ita
1524 3947 1595 4004 de
1627 3950 1874 4006 sensibus

284 4024 597 4096 desperaret
613 4027 879 4097 humanis,
907 4032 1141 4088 utetiam
1164 4034 1267 4089 hoc
1283 4035 1383 4090 sibi
1405 4038 1634 4094 audendi
1662 4055 1868 4110 inquam

283 4117 527 4175 crederet
582 4130 934 4193 potestatem,
985 4124 1080 4181 sed
1136 4125 1376 4183 insanam
1436 4130 1612 4200 potius
1664 4134 1871 4189 vanita-

283 4218 414 4265 tein.

353 4304 407 4357 7.
433 4303 489 4358 in
514 4319 589 4359 eo
608 4321 737 4363 vero
776 4308 918 4378 quod
962 4310 1119 4378 aisti,
1172 4330 1190 4364 ι
1220 4312 1277 4369 Si
1327 4315 1401 4369 illi
1448 4315 1868 4387 interpretationi

278 4409 400 4465 qua:
428 4397 768 4466 perizomata,
799 4398 854 4454 id
883 4407 999 4467 est,
1054 4404 1423 4471 prmcinctoria
1472 4412 1683 4476 posuit,
1726 4408 1869 4464 fave-

281 4496 390 4552 tur,
424 4488 784 4561 latera-magis
811 4491 986 4548 dicam
1014 4502 1153 4549 tecta
1181 4492 1346 4551 fuisse
1385 4513 1543 4567 quam
1573 4497 1808 4566 femora;
1844 4519 1863 4553 ι

278 4580 509 4649 primum
560 4580 753 4650 doleo,
795 4584 873 4639 sic
924 4593 979 4640 te
1019 4585 1162 4641 abuti
1215 4602 1402 4643 eorum
1446 4589 1744 4659 ignorantia
1779 4593 1868 4661 qui

272 4687 453 4743 grtece
488 4676 760 4741 nesciunt,
802 4687 860 4730 ut
896 4692 1080 4732 eorum
1129 4680 1218 4749 qui
1261 4680 1434 4736 sciunt
1475 4681 1732 4752 judicium
1776 4700 1867 4740 re-

276 4765 479 4820 veritus
509 4781 614 4821 non
650 4767 745 4821 sis.
777 4765 883 4823 Sed
922 4769 1257 4824 couunodius
1285 4772 1510 4837 accidit,
1542 4782 1599 4828 ut
1626 4774 1737 4844 ipsa
1769 4789 1864 4845 pe-

276 4857 532 4912 rizomata
581 4872 701 4928 qua:
754 4858 1000 4928 leguntur
1037 4859 1090 4914 in
1130 4860 1403 4918 codicibus
1462 4865 1690 4934 graccis,
1744 4874 1862 4920 tau-

272 4963 434 5017 quam
465 4949 686 5004 verbum
709 4965 820 5004 suae
847 4949 1040 5021 linguze
1059 4966 1175 5006 mos
1199 4952 1395 5008 latinus
1416 4963 1654 5025 usurpet.
1675 4955 1864 5011 Proin~

271 5040 339 5093 de
363 5055 485 5095 cum
527 5042 851 5110 perizomate
875 5041 895 5076 ¹
925 5056 1031 5097 non
1062 5042 1297 5110 femora,
1317 5045 1411 5100 sed
1454 5046 1618 5102 latera
1651 5049 1861 5114 contegi

270 5130 508 5200 potuisse
533 5132 851 5188 asseverasti
873 5173 887 5197 ,
924 5142 1052 5202 puto
1091 5134 1232 5203 quod
1266 5146 1316 5189 te
1340 5137 1500 5190 etiam
1533 5139 1647 5208 ipse
1674 5139 1857 5194 risisti.

272 5222 402 5287 Quis
426 5222 567 5278 enim
611 5222 800 5278 doctus
824 5224 908 5279 vel
952 5223 1200 5279 indoctus
1225 5225 1431 5295 ignoret
1451 5269 1465 5293 ,
1495 5242 1628 5297 quas
1652 5229 1860 5296 perizo-

270 5322 415 5367 niata
441 5321 727 5384 contegant
755 5315 1000 5385 corporis
1028 5316 1250 5387 partes?
1278 5317 1418 5386 quod
1448 5333 1639 5372 nomen
1673 5321 1857 5390 tegmi-

269 5403 355 5457 nis
384 5403 543 5460 etiant
575 5402 625 5456 in
669 5404 985 5459 feminarum
1015 5406 1229 5461 dotibus
1258 5408 1580 5476 frequentari
1621 5419 1675 5461 et
1713 5410 1858 5463 a-sti-

268 5493 406 5546 niari
432 5492 590 5557 solet,
618 5508 790 5563 neque
842 5494 902 5549 id
946 5496 1150 5566 alligari
1193 5496 1291 5551 nisi
1326 5513 1457 5551 zona
1489 5500 1607 5567 qua:
1654 5499 1861 5556 lumbos

267 5582 453 5650 cingit.
480 5583 770 5655 interroga,
804 5595 853 5640 et
884 5586 1062 5664 disce,
1093 5588 1231 5657 quod
1262 5598 1311 5641 te
1341 5606 1444 5642 non
1485 5590 1650 5646 credo
1681 5594 1858 5646 uesci-

334 5724 347 5752 =
375 5722 513 5780 mliti,
538 5722 846 5789 peristnnztta.
887 5726 1187 5789 castigantur
1222 5725 1279 5775 ad
1317 5727 1563 5776 \aticanos
1588 5736 1643 5778 et
1660 5725 1856 5780 mitiu-

266 5799 356 5836 nos
381 5786 635 5844 ιιιθίιιιδςι·ἱι
654 5793 744 5834 tes.

1682 319 1879 381 LIBER
1920 325 2234 394 QUINTUS.

2006 154 2041 181 4

3513 366 3616 420 788

2034 468 2112 508 re.
2139 456 2395 522 Quamvis
2420 462 2583 518 etiam
2609 467 2655 521 si
2671 468 2883 526 nescias
2903 515 2916 534 .
2940 487 3045 530 non
3070 490 3241 549 usque
3275 480 3411 536 adeo
3446 491 3494 537 te
3521 498 3609 538 ar-

2032 543 2217 610 bitror,
2252 564 2373 605 non~
2397 551 2682 611 humanum
2710 559 3011 632 eloquium.
3055 566 3169 622 sed
3200 568 3487 626 humanum
3519 574 3614 627 ha-

2034 635 2200 694 bitum
2248 641 2387 698 velle
2430 656 2766 718 pervertere,
2796 663 2851 707 ut
2879 656 3200 723 perizomata
3248 662 3407 718 etiam
3452 680 3613 735 super

2029 726 2280 786 lmmeros
2301 733 2480 791 levare
2509 741 2751 807 coneris;
2777 752 2871 798 aut
2890 746 2969 800 eis
2991 747 3059 801 ita
3088 749 3255 806 latera
3268 752 3486 809 illorum
3516 755 3611 812 ho-

2026 821 2229 879 minum
2253 825 2412 882 fuisse
2450 839 2715 899 contecta,
2759 845 2817 890 ut
2845 838 3108 907 genitalia
3144 852 3373 914 totzrque
3401 847 3609 904 lumbo-

2025 926 2140 965 rum
2202 929 2322 969 cnm
2382 917 2670 977 femoribus
2720 936 2897 994 partes
2949 930 3103 985 nudae
3153 934 3603 1006 relinquerentur.

2022 1001 2161 1068 Quid
2189 1020 2317 1077 ergo
2356 1017 2407 1063 te
2432 1011 2680 1081 adjuvat,
2714 1026 2769 1071 et
2795 1032 2900 1072 non
2933 1035 3020 1075 me
3044 1023 3245 1093 potius,
3282 1001 3347 1080 ex
3379 1038 3606 1098 quanta-

2022 1094 2098 1144 vis
2122 1105 2272 1164 parte
2294 1102 2532 1168 corporis
2558 1105 2834 1172 superiore
2860 1108 3110 1167 inferiora
3140 1115 3309 1169 velata
3341 1094 3477 1185 sint,
3509 1121 3599 1175 ubi

2022 1179 2104 1236 lex
2130 1184 2178 1237 in
2199 1186 2461 1244 membris
2481 1206 2788 1263 repugnans
2821 1196 2922 1267 legi
2955 1202 3151 1255 mentis
3177 1203 3355 1273 (Rom.
3386 1179 3479 1273 vn,
3503 1209 3599 1274 23‘)

2017 1271 2210 1329 aliectu
2237 1278 2571 1335 sentiebatur
2609 1283 2911 1353 amborum,
2944 1298 2997 1343 et
3032 1271 3245 1347 alterno
3272 1271 3605 1353 excitabatur

2015 1374 2256 1433 aspectu,
2280 1366 2699 1428 inobedientium
2737 1378 3052 1445 pravitatem
3082 1396 3194 1437 su.e
3228 1384 3601 1443 inobedicntia:

2018 1456 2254 1513 novitate
2273 1461 2643 1520 confundens?
2664 1468 2793 1534 Quae
2819 1480 3016 1539 quanto
3041 1474 3398 1533 turbulentius
3420 1495 3602 1538 move-

2015 1542 2189 1611 batur,
2222 1557 2370 1606 tauto
2413 1556 2768 1612 verecundius
2796 1558 2983 1626 ﬁeret;
3029 1564 3074 1618 si
3110 1581 3239 1620 caro
3283 1570 3439 1639 cujus
3481 1587 3599 1627 eam

2013 1634 2319 1693 stimulabat
2347 1652 2628 1710 aspectus,
2675 1647 2950 1717 aliquanto
2975 1653 3265 1718 Spatiosius
3310 1634 3597 1715 velaretur.

2011 1724 2136 1781 Sive
2167 1726 2372 1796 igitura
2404 1731 2635 1800 lumbis,
2682 1737 2796 1793 sive
2839 1754 2869 1794 a
2912 1740 3169 1800 lateribus
3206 1746 3440 1804 demissa
3491 1753 3599 1809 sint

2012 1816 2245 1884 tegmina
2272 1859 2288 1885 ,
2321 1821 2567 1891 pudenda
2594 1836 2720 1883 sunt
2751 1838 2889 1886 tecta
2920 1849 2935 1887 :
2965 1848 3082 1904 qua:
3106 1838 3354 1908 pudenda
3381 1858 3485 1897 non
3513 1860 3601 1900 es-

2008 1917 2128 1961 sent
2147 1949 2161 1972 ,
2196 1909 2296 1965 nisi
2323 1912 2424 1983 legi
2450 1918 2646 1973 mentis
2673 1920 2754 1975 lex
2785 1925 2987 1990 peccati
3006 1926 3184 1983 invide
3204 1939 3592 2002 repugnaret‘.

2006 1995 2111 2053 Sed
2141 1999 2227 2055 ubi
2257 2004 2537 2063 manifesta
2570 2024 2657 2065 res
2702 2022 2820 2082 est,
2861 2015 3153 2088 Scriptura:
3180 1995 3375 2079 divina:
3408 2031 3592 2083 sensui

2005 2099 2245 2146 nostrum
2269 2107 2485 2154 sensum
2513 2099 2710 2158 addere
2740 2119 2845 2159 non
2866 2106 3127 2165 debemus
3148 2129 3162 2166 :
3183 2129 3287 2168 non
3312 2117 3453 2171 enim
3487 2118 3591 2175 hoe

2003 2178 2064 2232 iit
2093 2179 2319 2237 humana
2363 2186 2659 2255 ignorantia
2680 2234 2695 2258 ,
2726 2195 2823 2250 sed
2866 2201 3284 2271 presumptione
3315 2220 3587 2276 perversa.

2000 2270 2171 2327 Adam
2202 2284 2254 2328 et
2280 2278 2474 2334 mulier
2499 2281 2615 2351 ejus
2635 2325 2652 2350 ,
2676 2286 2764 2354 qui
2788 2287 2915 2343 nudi
2942 2270 3248 2350 erantante
3277 2270 3548 2366 peceatum
3568 2343 3582 2363 ,

2000 2372 2054 2417 et
2085 2379 2188 2420 nou
2210 2367 2704 2445 confundebantur,
2756 2393 2880 2434 mox
2934 2389 2992 2437 ut
3034 2398 3426 2455 peccaverunt,
3457 2393 3612 2462 quas'

2000 2464 2180 2522 partes
2205 2461 2448 2529 corporis
2475 2464 2776 2523 amicierint
2793 2510 2817 2535 ι
2843 2471 3229 2540 perizomatum
3259 2461 3588 2537 nominesa-

1996 2730 2190 2787 deutitn
2216 2734 2392 2790 adhuc
2417 2751 2614 2809 negare
2642 2742 2767 2811 quid
2804 2748 3091 2803 senserint.
3123 2750 3256 2806 Nam
3283 2762 3338 2808 tu
3364 2730 3578 2827 quoque

1994 2824 2562 2885 cum.obstinatissime
2589 2834 2946 2903 contradicas,
2983 2854 3159 2909 usque
3172 2843 3309 2899 adeo
3325 2824 3579 2914 judicasti

1995 2912 2124 2968 nihil
2145 2915 2287 2971 aliud
2308 2915 2555 2977 humanis
2574 2936 2858 2981 occurrere
2877 2930 3146 2999 sensibus,
3179 2934 3296 2989 nisi.
3321 2912 3581 3009 concupi.

1991 3007 2302 3061 scentialem
2330 3020 2533 3066 motum
2562 3014 3078 3075 erubescentesiiios
3094 3021 3337 3081 homines
3356 3028 3407 3081 in
3423 3007 3576 3098 geni-

1991 3097 2187 3154 talibus
2226 3107 2408 3171 tegere
2433 3103 2697 3174 voluisse;
2727 3118 2785 3164 ut
2809 3113 3133 3179 perizomata
3160 3117 3366 3187 erigere
3395 3097 3461 3175 ad
3491 3121 3571 3176 ia-

1991 3189 2101 3245 tcra
2123 3194 2417 3261 conareris,
2434 3205 2526 3251 aut
2545 3199 2794 3268 operiens
2818 3202 2956 3259 latus
2982 3205 3070 3262 ubi
3096 3218 3406 3277 peccatores
3441 3215 3574 3271 nihil

1987 3281 2119 3337 mali
2134 3285 2370 3341 sensisse
2393 3289 2697 3358 contendis,
2725 3294 3158 3355 aut‘deformiter
3184 3301 3411 3370 nudans,
3432 3309 3573 3378 quod

1986 3376 2155 3447 magis
2181 3379 2465 3449 tegeudum
2494 3398 2613 3440 esse
2641 3390 2955 3445 consentis..

2056 3467 2282 3525 CAPUT
2307 3470 2399 3529 Ili.
2422 3502 2492 3513 —
2515 3455 2569 3529 8'.
2603 3475 2930 3536 inserisalia
2959 3481 3028 3538 de
3055 3484 3192 3540 libro
3223 3502 3344 3542 meo
3372 3491 3532 3547 verba
3553 3535 3567 3556 ,

1984 3559 2071 3614 ubi
2115 3559 2244 3627 dixi,
2280 3580 2300 3613 ι
2328 3566 2507 3620 carnis
2537 3566 2956 3627 inobcdieutiam
2999 3575 3346 3635 inobedientii
3369 3581 3571 3640 homini

1983 3652 2291 3723 dignissime
2306 3657 2618 3713 retributam
2642 3675 2658 3725 ;
2685 3661 2809 3730 quia
2832 3662 3232 3733 injustumerat
3264 3678 3325 3726 ut
3357 3673 3571 3730 obtem-

1982 3752 2260 3812 peraretur
2287 3760 2318 3800 a
2344 3761 2502 3804 servo
2530 3763 2658 3816 suo,
2703 3751 2757 3807 id
2800 3763 2885 3809 est
2910 3770 2940 3809 a
2969 3770 3199 3827 corpore
3235 3774 3370 3830 suo,
3393 3765 3443 3820 ei
3477 3769 3570 3837 qui

1981 3848 2087 3888 non
2111 3834 2575 3906 obtemperaverat
2592 3839 2812 3897 domino
2836 3857 2939 3900 suo
2972 3846 3019 3916 »(
3028 3845 3104 3902 De
3128 3846 3344 3920 Nuptiis
3361 3863 3409 3907 et
3434 3834 3567 3911 Con-

1979 3926 2333 3996 cupissentia,
2361 3930 2450 3984 lib.
2500 3931 2571 3999 i,
2605 3949 2659 3986 η.
2710 3934 2765 4006 7)
2816 3952 2831 3989 :
2880 3938 3188 3996 et‘conaris
3238 3942 3567 4013 ostendere,

1985 4017 2178 4074 «.hanc
2232 4020 2646 4079 inobedientiam
2707 4027 2886 4082 carnis
2937 4029 3115 4098 potius
3170 4046 3292 4088 esse
3338 4033 3570 4092 laudabi-

1980 4112 2107 4178 lem,
2150 4112 2199 4167 si
2226 4128 2381 4182 paena
2413 4118 2619 4185 peccati
2654 4128 2766 4185 est;
2798 4139 2817 4173 ι
2863 4129 2917 4176 et
2950 4130 3199 4194 tanquam
3231 4141 3458 4196 persona
3494 4132 3568 4187 sit

1976 4201 2181 4272 aliqua,
2231 4219 2350 4275 quia
2397 4215 2731 4274 peccatoreru
2791 4211 3025 4269 scienter
3061 4211 3282 4286 affligat,
3332 4216 3412 4274 sic
3446 4234 3563 4276 eam

1982 4315 2000 4347 ι
2037 4297 2182 4352 velut
2207 4297 2451 4353 ultricem
2480 4300 2723 4368 sceleris,
2754 4311 2808 4357 et
2837 4304 2887 4357 in
2918 4305 3022 4360 hoc
3049 4306 3141 4361 Dei
3181 4307 3504 4380 ministram,
3540 4333 3579 4366 ιι

1976 4394 2226 4457 tanquam
2256 4403 2504 4458 magnum
2525 4389 2740 4461 aliquod
2767 4392 2966 4450 bonum
3005 4395 3271 4454 cothurno
3293 4406 3575 4460 sermonis

1975 4491 2223 4533 exornas.
2251 4478 2362 4533 Nec
2383 4482 2587 4551 cogitas
2622 4496 2780 4551 posse
2811 4492 2861 4540 te
2888 4486 2993 4542 isto
3033 4489 3194 4545 modo
3220 4491 3441 4551 laudare
3458 4511 3561 4552 am.

1971 4568 2123 4638 gelos
2148 4569 2316 4624 malos
2339 4610 2355 4637 ,
2380 4570 2468 4641 qui
2491 4573 2674 4642 utique
2706 4590 2810 4629 non
2842 4587 2965 4632 sunt
2994 4580 3095 4634 nisi
3119 4586 3560 4651 praevaricatores

1973 4667 2133 4729 atque
2175 4659 2354 4731 impii,
2402 4676 2497 4731 per
2535 4679 2671 4734 quos
2722 4674 2898 4722 tamen
2934 4669 3098 4725 Deum
3125 4676 3344 4730 meritas
3376 4691 3575 4745 pinnas.

1973 4749 2211 4822 irrogare
2237 4752 2600 4822 peccantibus,
2625 4766 2810 4812 sancta
2846 4758 3121 4830 Scriptura
3161 4772 3419 4831 testatur,
3472 4766 3557 4821 di-

1971 4857 2137 4900 cens:
2169 4842 2312 4899 Misit
2332 4844 2384 4898 in
2403 4861 2487 4899 eos
2514 4846 2645 4901 iram
2673 4848 3038 4921 indignationis
3079 4869 3206 4919 sum,
3250 4854 3567 4926 indignatio“

1970 4950 2087 4988 item
2111 4942 2158 4989 et
2185 4934 2317 4988 iram
2340 4944 2387 4990 et
2424 4935 2823 5005 tribulationem,
2853 4940 3212 4997 immissionem
3240 4962 3331 5014 per
3354 4948 3572 5016 angelos

1969 5024 2132 5079 malos
2161 5024 2331 5097 (Psal.
2362 5042 2558 5091 Lxxvtt.
2595 5029 2713 5100 49).
2752 5030 2932 5085 Lauda
2982 5034 3141 5087 etiam
3189 5034 3340 5101 istos,
3391 5038 3547 5094 lauda

1969 5132 2154 5171 eorum
2183 5117 2474 5187 principem
2505 5131 2744 5175 satauam
2767 5162 2782 5186 ,
2812 5123 2932 5191 quia
2961 5134 3015 5177 et
3058 5124 3171 5195 ipse
3216 5127 3404 5183 vindex
3436 5145 3558 5198 pec-

1967 5209 2071 5261 cati
2113 5209 2247 5276 fuit,
2272 5208 2485 5278 quando
2537 5211 2585 5265 ei
2635 5212 2851 5267 tradidit
2878 5212 3168 5283 Apostolus
3201 5218 3472 5276 hominem
3505 5225 3554 5278 in

1969 5298 2243 5353 interitum
2271 5301 2450 5355 mritis
2476 5300 2525 5369 (1ν
2545 5300 2663 5356 Cor.
2682 5318 2734 5365 ν,
2766 5303 2843 5374 5);
2879 5305 3041 5361 Valde
3063 5309 3205 5363 enim
3232 5310 3467 5375 disvrtus
3496 5332 3565 5375 es,

1966 5400 2149 5445 contra
2176 5393 2399 5461 gratiam
2447 5393 2661 5456 Christi,
2707 5407 2759 5450 et
2806 5396 3233 5457 idoneusdicero
3269 5411 3554 5478 panegyri-

1967 5498 2086 5536 cum
2106 5493 2303 5536 sataua:
2324 5494 2376 5538 et
2407 5487 2611 5556 angelis
2640 5488 2774 5557 ejus,
2814 5506 2909 5558 per
2935 5508 3071 5561 quos
3103 5496 3388 5553 multorum
3418 5501 3558 5557 Deus

2031 5615 2043 5678 ξ
2068 5616 2279 5685 piratam
2305 5624 2333 5659 e
2360 5612 2590 5685 \‘atieapis
2615 5620 2774 5685 μεθ’..
2795 5613 2963 5685 itidem
3000 5632 3306 5685 repugnaret.
3333 5628 3555 5685 Quintus,

1964 5669 2174 5720 iJitiemt
2203 5678 2329 5720 Unus
2354 5685 2417 5736 ex
2452 5673 2671 5736 Belgicis,
2706 5675 2903 5727 ibidem.
2943 5669 3551 5736 mutuiiii-tniie'ﬁgts'ﬁi

1964 5736 2166 5806 spicere
2183 5734 2579 5806 Augustinumad
2602 5735 2720 5806 illud
2738 5741 2897 5806 Jacobi
2922 5757 2985 5801 iv,
3010 5743 3042 5792 5
3063 5758 3073 5792 :
3104 5734 3420 5798 Admittitur:
3439 5734 3551 5798 con?

1967 5792 2167 5846 rut‘isrit
2184 5792 2378 5847 sonitus
2400 5794 2481 5855 qui
2499 5795 2677 5849 Itabitat
2700 5798 2749 5850 iu
2775 5800 2918 5853 vobis.
