4014 6184
1967 121 2025 168 Ω

435 318 537 390 18⁸1

430 442 599 516 jodex
642 455 801 514 atque
852 440 989 495 ultor
1034 448 1114 493 est
1166 440 1547 505 peccatorum,
1587 429 1890 485 retribuens
1940 426 2020 481 eis

437 533 731 590 secundum
758 545 916 601 opera
957 544 1050 585 sua
1074 569 1089 590 ,
1129 539 1224 581 eos
1251 524 1394 593 ipsos
1424 521 1690 593 pessimos
1717 529 1771 574 et
1799 518 2022 572 damna-

439 616 573 680 biles
592 622 810 692 spiritus
842 617 1230 689 puniendorum
1256 613 1513 684 supplicia
1539 611 1742 667 faciens
1761 652 1776 674 ,
1806 609 1896 680 qui
1929 606 2023 664 be-

438 732 505 771 ne
530 717 778 785 justeque
806 712 969 767 utitur
994 720 1049 765 et
1091 707 1246 763 bonis
1294 716 1349 762 et
1379 705 1553 760 malis.
1586 702 1823 758 Praedica
1868 699 2026 770 igitur

434 807 799 878 zniquissimas
838 809 1163 874 potestates,
1206 798 1330 870 quia
1369 812 1466 867 per
1513 796 1657 866 ipsas
1702 792 1842 849 maia
1868 790 2026 846 retri-

435 899 671 953 buuntur
707 894 864 950 malis
888 892 1010 963 :qui
1057 899 1336 962 prepterea
1368 883 1855 956 concupiscentiam
1887 896 2026 954 pra:-

438 988 586 1044 dicas
628 986 828 1052 carnis,
875 985 1002 1056 quia
1037 979 1397 1039 inobedientia
1444 978 1697 1033 retributa
1724 982 1807 1029 est
1837 971 2029 1029 inobo-

360 1084 366 1087 ’
437 1079 651 1137 dientiae
669 1078 981 1149 peccatoris.
1002 1075 1177 1131 Lauda
1197 1074 1432 1144 iniquum
1451 1085 1628 1141 regem
1649 1068 1890 1133 Saﬁlem,
1905 1066 2025 1136 quia

437 1182 491 1226 et
516 1171 631 1241 ipse
661 1169 760 1226 iuit
792 1182 950 1239 ptena
982 1165 1333 1237 peccantium,
1367 1162 1592 1218 Domino
1620 1159 1856 1224 dicente,
1893 1155 2026 1213 Dedi

441 1265 527 1318 tibi
545 1280 711 1335 regem
733 1261 788 1316 in
811 1261 889 1314 ira
915 1276 1026 1314 mea
1042 1257 1199 1329 (Osee
1218 1271 1336 1322 xm,
1362 1252 1474 1325 il).
1506 1251 1684 1307 Lauda
1700 1243 2025 1306 dxemonium

444 1356 581 1428 quod
606 1370 703 1411 rex
729 1355 843 1424 ipse
870 1351 1165 1423 patiebatur
1184 1348 1226 1420 (ι
1249 1348 1376 1420 Reg.
1406 1363 1515 1412 xvi,
1552 1347 1638 1417 14)
1656 1385 1670 1413 ,
1700 1344 1823 1416 quia
1845 1352 1901 1399 et
1927 1341 2030 1398 hoc

445 1463 598 1521 pinna
627 1447 800 1503 fuerat
830 1443 1145 1514 peccatoris.
1171 1438 1353 1499 Lauda
1382 1438 1678 1494 caecitatem
1707 1434 1888 1490 cordis
1908 1449 2029 1505 qua:

447 1557 504 1599 sa:
527 1550 670 1614 parte
699 1536 867 1594 Israel
892 1537 910 1570 ⁸
938 1539 1076 1608 facta
1122 1542 1215 1589 est.
1246 1530 1357 1588 Nec
1403 1539 1606 1585 tacetur
1643 1528 1889 1598 quare”:
1923 1524 2030 1578 Du-

448 1646 531 1686 sec
561 1629 843 1701 plenitudo,
875 1627 1065 1698 inquit,
1094 1623 1335 1681 Gentium
1354 1622 1564 1676 intraret
1595 1618 1771 1693 (Rom.
1803 1632 1880 1681 xl,
1906 1614 2024 1689 35).

447 1722 550 1779 Nisi
571 1721 708 1777 forte
727 1731 784 1777 et
810 1721 965 1775 istam
995 1730 1208 1788 pinnam
1247 1714 1466 1787 negabis
1491 1726 1632 1779 esse,
1659 1724 1841 1781 quam,
1866 1708 1912 1762 si
1939 1707 2025 1762 lu-

446 1815 518 1870 cis
546 1815 774 1870 interna:
820 1819 1030 1866 amator
1065 1823 1239 1873 esses,
1278 1824 1385 1862 non
1412 1806 1584 1862 solum
1631 1804 1897 1873 aliquam,
1935 1799 2031 1855 sed

448 1906 597 1962 valde
616 1919 859 1976 magnam
888 1915 1100 1974 pinnam
1125 1914 1248 1959 esse
1272 1899 1555 1956 clamares.
1588 1896 1659 1950 At
1687 1894 1788 1949 ista
1813 1892 2031 1949 caecitas

440 1996 545 2053 fuit
571 1997 625 2052 in
665 1994 866 2052 Judwis
906 1991 1111 2064 grande
1138 1988 1529 2047 incredulitatis
1555 1986 1751 2042 malum
1781 1993 1836 2041 et
1865 1999 2030 2054 gran-

440 2088 526 2144 dis
542 2102 700 2143 causa
732 2086 957 2157 peccati,
989 2094 1047 2139 ut
1070 2081 1380 2139 occiderent
1405 2078 1701 2135 Christum.
1734 2075 1893 2131 istam
1924 2088 2030 2128 ca:-

441 2180 657 2234 citatem
678 2177 701 2210 ⁸
720 2177 766 2233 si
796 2190 1013 2248 pceuam
1041 2175 1207 2230 fuisse
1235 2170 1532 2243 negaveris,
1565 2168 1793 2225 similem
1824 2176 1875 2223 te
1905 2180 2030 2236 per-

444 2272 554 2343 peti
584 2271 743 2328 etiam
779 2288 886 2327 non
918 2269 1181 2327 conﬁtens
1208 2267 1486 2324 iudicabis.
1525 2266 1582 2321 Si
1609 2275 1787 2320 autem
1818 2275 2032 2334 ptenam

440 2365 656 2436 quidem
681 2363 877 2430 fuisse,
909 2363 1006 2421 sed
1045 2361 1251 2434 peccati
1296 2375 1509 2433 poenam
1542 2373 1646 2414 non
1693 2356 1860 2412 fuisse
1902 2371 2033 2411 con-

444 2455 621 2510 tendis
646 2471 661 2521 ;
694 2454 908 2509 interim
936 2452 1121 2509 lateris
1149 2452 1289 2523 quod
1317 2466 1481 2506 unum
1527 2447 1727 2521 aliquid
1762 2457 1817 2503 et
1846 2461 2032 2517 pecca-

445 2558 561 2602 tum
584 2558 704 2602 esse
725 2542 893 2616 possit
911 2553 967 2600 et
987 2557 1147 2616 pinna
1171 2561 1184 2597 :
1213 2543 1258 2598 si
1286 2552 1463 2598 autem
1490 2556 1597 2596 non
1627 2549 1710 2596 est
1736 2538 1854 2594 lucc
1873 2553 2033 2610 poena

445 2637 690 2709 peccati,
722 2635 961 2708 profecto
994 2636 1176 2707 iniqua
1200 2649 1360 2706 pinna
1388 2642 1493 2701 est,
1524 2636 1581 2689 et
1619 2631 1875 2703 injustum
1902 2631 2033 2686 facis

445 2732 635 2796 Deum,
664 2743 771 2801 quo
790 2727 1014 2799 jubente
1038 2727 1124 2782 vel
1151 2727 1396 2793 sinente;
1444 2735 1537 2779 aut
1582 2722 1876 2788 inﬁrmum,
1923 2737 2034 2792 quo

443 2836 552 2876 non
579 2830 875 2886 avertente,
908 2819 1164 2891 inﬂigitur
1207 2818 1475 2874 innocenti
1503 2815 1547 2872 ⁸.
1576 2815 1731 2884 Quod
1779 2817 1822 2871 si
1871 2816 2033 2871 etiam

443 2927 659 2986 plenam
686 2914 889 2984 peccati
910 2926 1032 2969 esse
1058 2911 1332 2978 concedis,
1364 2924 1432 2965 ne
1462 2909 1565 2965 hoc
1586 2923 1696 2964 non
1725 2906 2033 2962 conceden-

445 3005 561 3061 do'
588 3013 645 3060 tu
672 3005 786 3075 ipse
821 3003 1196 3085 corde‘ctccus
1243 3015 1534 3075 apparens;
1568 3001 1691 3058 vide
1732 3000 1842 3071 jam
1888 2998 2035 3072 quod

446 3097 631 3154 videre
674 3096 934 3164 nolebas,
985 3095 1141 3151 istam
1182 3105 1344 3166 quam
1401 3095 1616 3150 movisti
1661 3094 1888 3149 solutam
1914 3107 2037 3149 esse

447 3189 799 3260 quaestionem
827 3204 843 3243 :
869 3189 993 3259 quia
1013 3187 1152 3244 sicut
1179 3185 1426 3243 diabolus
1451 3195 1610 3257 atque
1635 3184 1811 3255 angeli
1834 3186 1954 3255 ejus
1977 3192 2037 3241 et

447 3279 576 3336 mali
600 3293 777 3350 reges,
811 3293 917 3334 non
946 3278 1121 3334 solum
1153 3274 1256 3349 ipsi
1303 3286 1615 3347 peceatores
1643 3284 1789 3342 sunt,
1818 3276 1912 3331 sed
1942 3286 2037 3346 per

443 3372 705 3445 justitiam
754 3372 847 3428 Dei
876 3372 1011 3427 liunt
1034 3371 1197 3428 etiam
1225 3368 1486 3441 supplicia
1537 3376 1907 3439 peccatorum,
1937 3382 2037 3424 nec

448 3464 573 3521 ideo
600 3463 754 3520 laude
781 3471 907 3519 sunt
930 3461 1109 3533 digni,
1135 3461 1260 3533 quia
1288 3473 1444 3531 pruna
1470 3473 1540 3516 ex
1588 3458 1697 3514 illis
1726 3457 1868 3528 justa
1891 3456 2037 3513 iniii-

446 3556 592 3625 gitur
608 3554 813 3628 dignis;
840 3555 921 3611 sic
944 3555 1030 3611 lex
1061 3554 1114 3610 in
1142 3553 1397 3610 membris
1423 3564 1728 3624 repugnans
1751 3551 1856 3623 legi
1882 3565 2037 3607 men-

449 3648 552 3715 tis,
575 3660 682 3704 aon
711 3646 833 3703 Ideo
853 3647 966 3717 ipsa
979 3645 1122 3715 juste
1141 3644 1272 3717 agit,
1301 3644 1425 3715 quia
1452 3643 1568 3714 ejus
1589 3642 1680 3713 qui
1705 3643 1815 3714 egit
1841 3642 2037 3711 injuste

452 3755 611 3811 μοιιι
641 3739 703 3798 iit
740 3738 906 3811 justo.
940 3738 1007 3795 Et
1043 3738 1184 3794 sicut
1210 3737 1424 3792 accitas
1444 3735 1655 3800 ‘cordis,
1700 3749 1859 3805 quam
1890 3733 2038 3789 solus

455 3841 698 3888 removet
722 3829 1053 3889 illuminator
1098 3829 1259 3895 Deus,
1302 3836 1357 3883 et
1404 3834 1682 3897 peccatum
1722 3833 1825 3894 est,
1852 3840 1960 3896 quo
1984 3826 2037 3879 in

454 3925 624 3982 Deum
646 3936 760 3979 non
804 3920 1078 3987 creditur;
1118 3930 1173 3977 et
1218 3934 1378 3992 pana
1413 3919 1638 3990 peccati,
1664 3932 1769 3989 qua
1809 3933 1903 3972 cor
1949 3933 2040 3971 sn-
2088 3984 2093 3989 δ

452 4013 675 4084 perbum
728 4012 887 4086 digna
932 4009 1400 4067 animadmrsione
1457 4008 1711 4080 punitur;
1766 4016 1822 4063 et
1876 4022 2037 4062 causa

452 4108 676 4178 peccati,
693 4122 815 4164 cum
844 4106 967 4163 mali
987 4103 1188 4178 aliquid
1216 4104 1344 4161 oeci
1371 4102 1551 4159 cordis
1570 4116 1755 4158 errore
1783 4102 2035 4157 commit-

453 4200 582 4256 titur
610 4214 626 4253 :
657 4201 730 4255 ita
769 4197 1201 4269 concupiscentia
1228 4196 1429 4261 carnis,
1461 4194 1721 4251 adversus
1750 4209 1907 4264 quam
1945 4194 2038 4247 lio.

452 4306 555 4345 nus
602 4289 938 4361 concupiscit
969 4288 1215 4361 spiritus,
1246 4296 1303 4343 et
1349 4294 1628 4359 peccatum
1657 4292 1761 4352 est,
1792 4285 1916 4357 quia
1958 4284 2040 4338 in-

451 4393 537 4439 est
562 4383 638 4439 illi
693 4380 1055 4438 inobcdientia
1089 4390 1277 4437 contra
1322 4378 1654 4434 dominatum
1700 4378 1933 4441 mentis;
1981 4385 2038 4431 et

453 4490 609 4543 pana
637 4475 836 4546 peccati
865 4483 969 4541 est,
999 4473 1122 4544 quia
1150 4472 1357 4530 reddita
1378 4480 1462 4527 est
1492 4470 1699 4526 meritis
1729 4469 2039 4525 inobedien-

451 4568 551 4632 tis;
580 4574 635 4621 et
657 4578 816 4622 causa
839 4564 1040 4636 peccati
1065 4574 1183 4631 est,
1212 4561 1511 4619 delectione
1539 4561 1926 4619 consentientis
1953 4560 2037 4615 vel

448 4656 768 4728 contagione
793 4655 1082 4713 nascentis.

523 4749 579 4803 9.
610 4746 842 4805 Proinde
869 4746 1047 4801 omnia
1077 4759 1196 4815 qua:
1223 4758 1321 4816 pro
1358 4742 1458 4800 hac
1483 4752 1570 4798 tua
1601 4756 1742 4799 cteca
1768 4750 1822 4799 et
1850 4742 2036 4799 incon.

450 4841 682 4897 siderata
708 4837 961 4908 Opinione
986 4836 1190 4903 dixisti,
1218 4850 1319 4905 qua
1346 4833 1524 4891 carnis
1552 4834 2036 4907 concupiscentiam

447 4947 517 4989 eo
546 4932 665 5004 ipso
691 4930 833 5003 quod
862 4944 980 4985 eam
1013 4942 1221 4999 poenam
1262 4922 1495 4983 diximus
1526 4939 1646 4981 esse
1674 4924 1896 4995 peccati,
1930 4940 2037 4979 non

449 5025 624 5081 solum
663 5038 769 5078 non
813 5019 1252 5093 vituperandam,
1298 5032 1483 5077 verum
1532 5016 1688 5070 etiam
1721 5015 2037 5070 laudandam

517 5282 684 5340 πων..
706 5278 758 5331 in
784 5277 951 5331 Israel.
979 5277 1143 5337 Abest,
1163 5273 1234 5335 in,
1257 5275 1320 5325 ab
1339 5273 1484 5326 editis
1497 5270 1607 5324 aliis
1623 5280 1675 5324 et
1699 5280 1823 5331 Mss,
1848 5283 2037 5321 necnon

517 5355 659 5388 [meo
682 5349 822 5388 textu
843 5338 1069 5388 Apostoii.

452 5354 480 5390 ε
498 5355 659 5404 grch
682 5349 822 5391 textu
843 5347 1069 5403 Apostoti.

510 5408 533 5437 ¹
549 5403 685 5462 mliti,
710 5410 805 5453 Nec
826 5408 1010 5452 tacetur
1033 5400 1095 5451 de
1114 5399 1327 5451 ca’citate
1345 5395 1510 5462 (vasi.
1529 5405 1687 5459 orare
1701 5393 1727 5446 Ρ
1749 5394 2039 5445 auctoritate

453 5471 584 5524 νει,
606 5460 932 5522 removimus,
956 5462 1018 5514 de
1037 5461 1255 5524 siccante
1282 5460 1450 5511 Israel.

516 5522 537 5559 ⁸
555 5519 629 5573 rir.
649 5532 701 5574 et
722 5530 855 5596 Lor...
879 5519 992 5575 Jinn
1026 5523 1172 5575 istum
1205 5529 1487 5575 ueritatem.
1517 5521 1680 5582 Abest,
1704 5528 1832 5580 Jam,
1851 5519 1915 5569 ab
1934 5526 2035 5568 Am.

428 5595 505 5637 ρει
527 5593 886 5646 manuscriptts.

516 5646 538 5678 ⁸
560 5643 666 5695 sola
691 5643 839 5693 editio
854 5651 985 5704 Lov.,
1018 5644 1204 5695 ueremi
1229 5658 1246 5695 :
1268 5658 1364 5695 non
1386 5653 1542 5696 recte.

517 5709 539 5739 ι
564 5713 686 5754 item
711 5711 842 5773 Loth,
877 5717 936 5754 ne
969 5704 1056 5754 hoc
1084 5707 1428 5773 pervadenda;
1460 5705 1658 5773 sublata
1695 5704 1922 5768 [amicula
1949 5716 2037 5754 ne-

434 5774 621 5835 gante,
643 5776 754 5827 quae
777 5763 872 5814 illic
898 5773 1060 5814 exstat
1082 5768 1131 5814 in
1148 5768 1341 5826 emeris
1362 5765 1514 5815 libris.

1231 319 1503 378 CONTRA
1540 314 1878 374 JULIANUM
1917 311 2384 377 PEL.\GI.\.\'UM,
2428 311 2485 366 S.
2529 310 2895 367 AUGUSTINI

3615 317 3726 374 788

2132 424 2346 495 putasti,
2386 422 2678 493 quamlibet
2708 424 2909 492 prolixa
2938 423 3299 495 disputatione
3327 425 3378 480 iu
3408 440 3476 482 eo
3511 427 3527 460 ¹
3560 430 3729 482 tueris

2130 516 2465 582 immoratus,
2520 516 2802 571 evanuisse
2848 518 3207 572 certissimum
3252 527 3355 573 est.
3401 517 3531 574 Nam
3579 520 3727 590 quod

2129 608 2270 672 aisti,
2301 607 2363 663 Si
2394 607 2550 662 libido
2579 622 2729 678 paena
2771 608 2959 679 peccati
3001 617 3072 663 est
3091 648 3105 670 ,
3138 607 3474 680 abjiciendam
3501 627 3610 665 esse
3635 628 3733 680 pu-

2132 699 2384 766 dicitiam,
2412 715 2476 754 ne
2498 699 2699 755 rebellis
2724 700 2777 754 in
2804 698 2970 754 Desint
2998 701 3206 754 castitas
3236 700 3437 755 illatam
3465 702 3527 755 ab
3554 718 3615 757 eo
3645 703 3732 756 di-

2131 800 2277 843 catur
2300 804 2536 843 enervare
2562 789 2859 844 sententiam
2883 829 2899 855 ,
2950 799 3005 844 et
3041 776 3234 844 canora
3278 789 3580 860 bujusmodi
3609 807 3735 861 quae

2134 879 2272 936 banc
2324 881 2610 935 vanitatem
2659 879 3041 950 consequentia
3097 889 3257 950 atque
3311 879 3436 936 hinc
3502 883 3727 951 religata

2131 969 2380 1025 contentis
2409 988 2422 1023 :
2456 970 2676 1025 totidem
2719 968 2897 1025 verbis
2942 969 3012 1026 de
3048 970 3289 1026 caecitate
3325 972 3503 1026 cordis
3543 986 3732 1028 errore

2133 1060 2409 1116 simillimo
2435 1060 2541 1115 dici
2570 1070 2763 1130 potest,
2804 1060 2863 1117 Si
2891 1062 3105 1117 caecitas
3133 1061 3311 1117 cordis
3339 1077 3493 1132 pinna
3523 1065 3729 1133 peccati

2134 1162 2237 1215 est,
2267 1152 2565 1223 abjicienda
2593 1153 2837 1209 doctrina
2857 1194 2873 1218 ,
2903 1169 2972 1208 ne
3001 1153 3220 1209 rebellis
3249 1154 3302 1209 in
3332 1155 3499 1210 Deum
3532 1155 3732 1209 mentis

2134 1244 2449 1300 illuminatio
2474 1244 2670 1300 illatam
2691 1244 2761 1300 ab
2784 1260 2850 1300 eo
2877 1244 3088 1301 dicatur
3104 1258 3360 1300 enervare
3380 1248 3728 1300 sententiam.

2132 1334 2285 1403 Quod
2312 1336 2358 1392 si
2385 1335 2826 1393 absurdissimum
2852 1343 2937 1391 est
2963 1335 3165 1397 dicere.
3201 1337 3443 1405 quamvis
3470 1335 3541 1391 sit
3565 1337 3729 1390 cui.

2136 1436 2217 1481 tas
2245 1426 2424 1482 cordis
2452 1441 2606 1496 poena
2636 1427 2870 1497 peccati;
2896 1439 2964 1482 eo
2990 1427 3150 1482 modo
3184 1427 3627 1485 absurdissimum
3648 1437 3730 1483 est

2133 1518 2294 1573 etiam
2340 1517 2484 1589 quod
2532 1518 2647 1589 ipse
2681 1517 2885 1583 dixisti,
2932 1519 3175 1589 quamvis
3202 1518 3272 1574 sit
3299 1518 3483 1584 libido,
3530 1518 3585 1574 id
3624 1530 3729 1584 est,

2135 1609 2491 1666 inobedientia
2529 1610 2707 1667 carnis
2736 1624 2893 1679 paena
2923 1611 3146 1680 peccatii
3182 1610 3445 1678 Quoniam
3495 1613 3730 1668 cecitati

2134 1699 2312 1755 cordis
2326 1698 2488 1756 debet
2506 1703 2757 1758 resistere
2774 1701 3018 1769 scientia,
3047 1711 3101 1758 et
3127 1702 3331 1758 libidini
3358 1703 3691 1760 cantineutia
3712 1722 3729 1760 :

2133 1805 2253 1846 eam
2280 1807 2407 1848 vero
2431 1807 2644 1864 poenam
2673 1801 2795 1864 quae
2820 1804 2920 1849 nec
2950 1808 3105 1849 error
3124 1803 3229 1862 est,
3244 1808 3342 1850 nec
3368 1794 3732 1859 libido,ch

2136 1885 2363 1941 tolerare
2390 1886 2664 1958 patientia.
2703 1886 3062 1957 Quapropter,
3102 1887 3314 1957 quando
3350 1887 3464 1943 Deo
3491 1886 3731 1945 donante

2134 1993 2204 2034 ex
2228 1994 2352 2033 vera
2385 1979 2576 2034 vivitur
2606 1978 2731 2047 (ide,
2758 1980 2873 2050 ipse
2900 1979 3039 2035 Deus
3065 1978 3218 2035 adest
3239 1988 3293 2035 et
3321 1980 3486 2037 menti
3524 1980 3728 2035 illumil-

2136 2069 2349 2137 nandze,
2381 2080 2435 2125 et
2473 2070 2919 2145 concupiscentia:
2972 2070 3308 2141 superandus,
3359 2080 3416 2128 et
3465 2072 3728 2128 molestia:

2138 2160 2486 2233 perferendae.
2534 2162 2646 2218 iloc
2684 2163 2827 2218 enim
2884 2170 3052 2217 totum
3105 2177 3251 2218 recte
3294 2161 3375 2229 lit,
3427 2162 3643 2233 quando
3672 2164 3731 2216 tit

2136 2263 2353 2324 propter
2381 2254 2591 2325 ipsum,
2634 2254 2687 2310 id
2727 2263 2840 2321 est,
2885 2254 3098 2326 quando
3123 2257 3292 2327 gratis
3317 2265 3530 2311 amatur
3567 2260 3724 2326 ipse:

2135 2345 2309 2415 qualis
2337 2360 2488 2400 amor
2516 2345 2670 2400 nobis
2691 2360 2812 2402 esse
2834 2359 2942 2403 non
2965 2354 3158 2415 potest,
3188 2345 3292 2401 nisi
3316 2361 3391 2401 er
3410 2346 3546 2415 ipso.
3576 2346 3699 2401 Alio
3719 2381 3731 2388 -

2137 2436 2266 2507 quin
2296 2437 2509 2507 quando
2536 2436 2637 2491 sibi
2664 2438 2824 2491 homo
2849 2437 3072 2492 multum
3098 2437 3292 2506 placet,
3321 2445 3377 2493 et
3402 2436 3473 2492 de
3490 2451 3590 2492 sua
3616 2438 3729 2491 vir-

2137 2533 2251 2583 tute
2279 2527 2534 2593 contidit,
2566 2527 2611 2582 si
2643 2526 2872 2582 traditur
2899 2526 2951 2582 iu
2977 2526 3245 2583 desideria
3266 2527 3534 2598 superbia:
3567 2541 3679 2582 sum
3704 2568 3721 2592 ,

2138 2623 2289 2673 tanto
2330 2618 2561 2687 amplius
2602 2626 2826 2689 augetur
2855 2617 2958 2675 hoc
2984 2618 3207 2684 malum,
3234 2626 3434 2688 quanto
3462 2621 3637 2688 magis
3674 2619 3725 2673 ei

2136 2707 2692 2785 cupiditates‘cmterie
2720 2708 3021 2775 cesserint,
3048 2723 3247 2778 easque
3270 2708 3417 2764 velut
3444 2708 3729 2764 laudabilis

2138 2798 2277 2861 banc
2305 2815 2464 2857 unam
2492 2799 2811 2856 obiectando
2839 2800 3241 2870 compresserit.

2211 2894 2300 2951 10.
2329 2894 2481 2965 Quod
2513 2908 2642 2963 ergo
2672 2893 2723 2948 in
2774 2892 2892 2948 aliis
2930 2893 3199 2964 opusculis
3251 2892 3385 2949 meis
3434 2892 3627 2962 legisse
3674 2901 3733 2946 te

2138 2988 2293 3055 dicis,
2325 2997 2484 3058 atque
2525 2986 2578 3042 id
2624 2985 2821 3044 frustra
2850 2985 3086 3051 refutare
3107 2993 3332 3041 conatus
3354 2999 3439 3050 es,
3464 3000 3575 3039 esse
3604 3000 3734 3037 nen-

2139 3081 2282 3138 ttulla
2310 3090 2513 3149 peccata
2540 3094 2655 3152 qua:
2674 3094 2837 3150 ptent:
2849 3079 2950 3135 sint
2977 3078 3127 3132 etiam
3149 3086 3465 3147 peccatorum
3493 3074 3598 3147 (De
3618 3073 3731 3128 Na-

2140 3180 2256 3233 tura
2281 3180 2325 3224 et
2343 3169 2542 3237 Gratia,
2565 3185 2619 3223 n.
2636 3168 2755 3237 9.5);
2770 3167 3016 3238 deposito
3032 3166 3274 3222 vincendi
3300 3165 3477 3221 studio
3501 3164 3731 3236 diligen-

2142 3270 2223 3317 ter
2260 3259 2510 3325 attende,
2539 3268 2594 3315 et
2634 3258 2875 3314 invenies
2900 3272 3021 3313 esse
3050 3257 3392 3313 verissimum
3434 3255 3730 3312 secundum

2142 3368 2206 3408 ea
2235 3368 2354 3422 qua:
2379 3351 2448 3407 de
2484 3350 2661 3407 cordis
2687 3350 2928 3406 cascitate
2958 3359 3179 3405 tractata
3222 3358 3365 3405 sunt.
3406 3349 3542 3417 Quid
3584 3348 3730 3404 enim

2140 3443 2321 3515 egisti,
2349 3456 2531 3514 (μικεο
2558 3451 2630 3509 te,
2660 3441 2788 3513 quid
2815 3441 2990 3513 egisti,
3013 3440 3485 3497 commemorando
3514 3447 3733 3509 apostoo

2143 3534 2299 3590 iicum
2327 3534 2711 3598 testimonium,
2751 3548 2859 3605 quo
2901 3548 3001 3602 ego
3047 3530 3176 3586 illud
3219 3529 3463 3601 probavi,
3503 3529 3650 3599 quod
3678 3529 3731 3583 in

2142 3626 2245 3680 alia
2300 3639 2417 3679 mea
2458 3623 2822 3694 diSputatione
2871 3621 3068 3693 Misti,
3125 3621 3246 3691 quia
3287 3620 3358 3675 de
3409 3619 3732 3690 quibusdam

2142 3718 2355 3787 scripsit
2384 3715 2590 3780 dicens,
2622 3713 2861 3769 Tradidit
2902 3714 3018 3769 illos
3060 3713 3196 3768 Deus
3224 3714 3278 3766 in
3303 3712 3577 3781 reprobum
3615 3728 3733 3766 seu-

2141 3827 2275 3876 sum,
2303 3819 2355 3863 ut
2379 3809 2569 3880 faciant
2591 3823 2705 3878 quae
2724 3823 2825 3862 non
2848 3806 3189 3861 conveniunt?
3216 3805 3328 3859 lloc
3350 3802 3495 3858 enim
3521 3803 3734 3859 voiuisﬂ

2144 3899 2314 3955 videri
2346 3898 2724 3970 hyperbolicos
2748 3897 2948 3953 dictum
2988 3914 3002 3948 :
3029 3894 3171 3966 quod
3199 3896 3258 3953 iit
3284 3909 3405 3949 cum
3431 3894 3501 3948 ad
3524 3908 3737 3963 permo-

2144 3991 2344 4048 vendos
2368 3991 2595 4053 animos,
2630 3990 2790 4045 tidem
2816 4002 2994 4044 rerum
3021 3987 3110 4056 qui
3139 3984 3547 4051 sermocinatur,
3578 3998 3741 4039 cxcc~

2142 4082 2238 4138 dit.
2260 4082 2360 4140 Ubi
2383 4097 2509 4153 ergo
2535 4081 2586 4139 id
2617 4080 2908 4153 Apostolus
2937 4079 3142 4146 iecerit,
3162 4093 3267 4134 non
3293 4079 3534 4149 graveris
3554 4088 3739 4133 osten-

2143 4175 2294 4230 dere.
2325 4174 2454 4230 Cum
2479 4174 2812 4239 inueheretur,
2846 4173 3051 4243 inquis,
3082 4173 3135 4226 in
3163 4172 3438 4239 impiorum
3478 4172 3696 4225 crimina
3717 4212 3734 4236 ,

2145 4279 2406 4337 poenarum
2431 4281 2490 4320 ea
2519 4264 2804 4319 nominibus
2832 4265 3144 4334 aggravavit,
3170 4271 3515 4332 quantumque
3545 4261 3736 4329 pectori

2142 4374 2234 4411 suo
2259 4357 2498 4411 virtutum
2525 4357 2749 4411 omnium
2771 4354 3029 4410 domicilio
3046 4354 3307 4423 turpitudo
3322 4353 3547 4408 [torreret
3562 4365 3735 4408 astam

2144 4447 2291 4515 deus,
2319 4464 2420 4503 non
2446 4458 2548 4501 tam
2584 4464 2697 4502 reos
2717 4462 2868 4516 quant
2896 4446 3164 4502 damnatos
3182 4446 3277 4500 sibi
3302 4444 3430 4499 tales
3456 4445 3530 4498 ait
3554 4445 3733 4499 vidui.

2147 4537 2257 4593 imo
2279 4578 2296 4605 ,
2332 4537 2474 4593 sicut
2500 4537 2615 4607 ipse
2640 4534 2895 4607 loquitur,
2926 4551 3032 4591 non
3056 4534 3197 4593 sicut
3222 4549 3345 4589 eum
3378 4544 3430 4588 tu
3459 4535 3607 4605 loqui
3635 4533 3737 4590 lin-

2143 4626 2244 4697 gis,
2276 4632 2331 4682 et
2354 4625 2636 4682 damnatos
2667 4625 3054 4683 demonstravit
3080 4636 3135 4681 et
3160 4640 3300 4691 reos,
3341 4640 3437 4680 nec
3467 4624 3646 4681 solum
3672 4625 3739 4679 de

2144 4720 2427 4790 praeteritis
2450 4732 2571 4775 reos
2600 4727 2814 4789 propter
2835 4733 2955 4789 qua:
2980 4718 3281 4784 damnatos,
3309 4716 3406 4774 sed
3432 4716 3557 4772 inde
3575 4719 3737 4772 etiam

2143 4827 2267 4868 reos
2309 4810 2451 4867 unde
2479 4810 2778 4866 damnatos.
2812 4810 2944 4865 Nam
2975 4824 3097 4865 reos
3120 4808 3380 4876 ostendit,
3422 4807 3514 4864 ubi
3543 4809 3643 4874 ait,
3677 4806 3740 4862 Et

2142 4905 2425 4965 coluerunt,
2457 4911 2504 4958 et
2531 4903 2805 4957 servierunt
2832 4911 3079 4956 creatura:
3107 4901 3275 4970 potius
3302 4915 3456 4970 quam
3486 4890 3739 4962 Creatori,

2142 4993 2323 5059 quiest
2351 4992 2637 5047 benedictus
2665 4993 2718 5047 in
2751 4992 2961 5047 sarcula.
3000 4992 3180 5045 Anien.
3214 4989 3416 5045 Deinde
3454 4989 3742 5045 damnatos

2145 5092 2361 5153 propter
2392 5082 2551 5136 istum
2581 5091 2785 5138 reatum
2810 5081 3085 5152 :sequitur
3107 5081 3271 5148 enim,
3292 5079 3513 5149 Propter
3526 5079 3627 5133 hoc
3639 5091 3743 5133 tra-

2144 5175 2270 5227 didit
2296 5170 2411 5227 illos
2433 5170 2575 5226 Deus
2594 5172 2646 5226 in
2666 5172 2924 5243 passiones
2954 5170 3265 5242 ignominiaa.
3302 5169 3469 5224 Audis
3490 5210 3505 5233 ,
3534 5178 3746 5239 propter

2145 5264 2238 5318 hoc
2266 5281 2282 5319 :
2309 5274 2362 5318 et
2391 5264 2586 5335 quaeris
2620 5264 2868 5329 inaniter,
2906 5260 3158 5334 quomodo
3182 5259 3538 5330 intelligendus
3551 5261 3621 5312 sit
3641 5270 3748 5313 tra-

2145 5360 2263 5412 dere
2278 5356 2431 5422 Deus,
2451 5356 2673 5411 multum
2693 5357 3020 5421 laborans,ut
3039 5353 3291 5410 ostendas
3307 5368 3422 5408 cuin
3437 5351 3745 5406 traderetis-

2144 5449 2375 5505 serendo.
2405 5446 2508 5504 Sed
2536 5447 2936 5517 qnomodolibet
2965 5447 3139 5502 tradat
3156 5488 3169 5508 ,
3202 5452 3419 5517 propter
3442 5444 3547 5498 hoc
3575 5443 3746 5498 tradi-

2145 5540 2221 5595 dit
2240 5581 2255 5600 ,
2287 5548 2507 5612 propter
2531 5537 2635 5595 hoc
2656 5538 2893 5594 deseruit
2922 5555 2935 5592 :
2969 5546 3025 5594 et
3041 5537 3214 5605 vides,
3239 5535 3358 5606 ejus
3375 5532 3745 5597 traditionem,

2145 5631 2487 5701 qualemiibet
2513 5641 2565 5687 et
2587 5630 2983 5701 quomodoiibet
3006 5629 3289 5699 intelligas,
3312 5640 3428 5698 qua:
3449 5634 3741 5681 consecuta

2214 5755 2228 5794 ¹
2257 5762 2474 5821 Quinque
2501 5768 2628 5819 διεδ..
2657 5759 2707 5815 in
2731 5772 2806 5813 ea.
