  <div class='ocr_page' id='page_1' title='image "/cluster/home/n/w/nwhite01/storage/ocr_20150623/44/hvd.32044069687945/400.png"; bbox 0 0 4014 6184; ppageno 0'>
   <div class='ocr_carea' id='block_1_1' title="bbox 310 357 416 422">
    <p class='ocr_par' dir='ltr' id='par_1_1' title="bbox 310 357 416 422">
     <span class='ocr_line' id='line_1_1' title="bbox 310 357 416 422; baseline 0.047 -5"><span class='ocrx_word' id='word_1_1' title='bbox 310 357 416 422; x_wconf 66' lang='lat'><strong>739</strong></span> 
     </span>
    </p>
   </div>
   <div class='ocr_carea' id='block_1_2' title="bbox 307 569 1895 647">
    <p class='ocr_par' dir='ltr' id='par_1_2' title="bbox 307 569 1895 647">
     <span class='ocr_line' id='line_1_2' title="bbox 307 569 1895 647; baseline 0.009 -25"><span class='ocrx_word' id='word_1_2' title='bbox 307 570 374 622; x_wconf 85' lang='lat' dir='ltr'><strong>sit</strong></span> <span class='ocrx_word' id='word_1_3' title='bbox 396 584 426 623; x_wconf 85' lang='lat' dir='ltr'><strong>a</strong></span> <span class='ocrx_word' id='word_1_4' title='bbox 452 569 562 625; x_wconf 85' lang='lat' dir='ltr'><strong>Deo</strong></span> <span class='ocrx_word' id='word_1_5' title='bbox 580 570 716 625; x_wconf 89' lang='lat' dir='ltr'><strong>tradi</strong></span> <span class='ocrx_word' id='word_1_6' title='bbox 742 572 1078 640; x_wconf 87' lang='lat' dir='ltr'><strong>passionibus</strong></span> <span class='ocrx_word' id='word_1_7' title='bbox 1106 575 1430 646; x_wconf 73' lang='lat' dir='ltr'><strong>ignominim,</strong></span> <span class='ocrx_word' id='word_1_8' title='bbox 1445 581 1556 634; x_wconf 83' lang='lat' dir='ltr'><strong>sive</strong></span> <span class='ocrx_word' id='word_1_9' title='bbox 1575 578 1895 647; x_wconf 85' lang='lat' dir='ltr'><strong>deserendo,</strong></span> 
     </span>
    </p>
   </div>
   <div class='ocr_carea' id='block_1_3' title="bbox 304 658 1898 740">
    <p class='ocr_par' dir='ltr' id='par_1_3' title="bbox 304 658 1898 740">
     <span class='ocr_line' id='line_1_3' title="bbox 304 658 1898 740; baseline 0.011 -28"><span class='ocrx_word' id='word_1_10' title='bbox 304 658 417 713; x_wconf 84' lang='lat' dir='ltr'><strong>sive</strong></span> <span class='ocrx_word' id='word_1_11' title='bbox 446 659 552 714; x_wconf 85' lang='lat' dir='ltr'><strong>alio</strong></span> <span class='ocrx_word' id='word_1_12' title='bbox 577 676 917 734; x_wconf 90' lang='lat' dir='ltr'><strong>quocumque</strong></span> <span class='ocrx_word' id='word_1_13' title='bbox 944 663 1027 720; x_wconf 86' lang='lat' dir='ltr'><strong>vel</strong></span> <span class='ocrx_word' id='word_1_14' title='bbox 1055 665 1357 736; x_wconf 80' lang='lat' dir='ltr'><strong>explicabili</strong></span> <span class='ocrx_word' id='word_1_15' title='bbox 1384 708 1397 733; x_wconf 93' lang='lat'><strong>,</strong></span> <span class='ocrx_word' id='word_1_16' title='bbox 1430 669 1510 724; x_wconf 84' lang='lat' dir='ltr'><strong>vel</strong></span> <span class='ocrx_word' id='word_1_17' title='bbox 1542 671 1898 740; x_wconf 66' lang='lat' dir='ltr'><strong>inexylicabiii</strong></span> 
     </span>
    </p>
   </div>
   <div class='ocr_carea' id='block_1_4' title="bbox 304 748 1898 819">
    <p class='ocr_par' dir='ltr' id='par_1_4' title="bbox 304 748 1898 819">
     <span class='ocr_line' id='line_1_4' title="bbox 304 748 1898 819; baseline 0.011 -18"><span class='ocrx_word' id='word_1_18' title='bbox 304 748 485 814; x_wconf 82' lang='lat' dir='ltr'><strong>modo,</strong></span> <span class='ocrx_word' id='word_1_19' title='bbox 519 764 627 819; x_wconf 87' lang='lat' dir='ltr'><strong>quo</strong></span> <span class='ocrx_word' id='word_1_20' title='bbox 671 749 797 806; x_wconf 78' lang='lat' dir='ltr'><strong>facit</strong></span> <span class='ocrx_word' id='word_1_21' title='bbox 843 754 956 807; x_wconf 69' lang='lat' dir='ltr'><strong>hzec</strong></span> <span class='ocrx_word' id='word_1_22' title='bbox 996 768 1209 810; x_wconf 85' lang='lat' dir='ltr'><strong>summe</strong></span> <span class='ocrx_word' id='word_1_23' title='bbox 1245 756 1418 812; x_wconf 88' lang='lat' dir='ltr'><strong>bonus</strong></span> <span class='ocrx_word' id='word_1_24' title='bbox 1456 765 1510 813; x_wconf 89' lang='lat' dir='ltr'><strong>et</strong></span> <span class='ocrx_word' id='word_1_25' title='bbox 1558 759 1898 819; x_wconf 83' lang='lat' dir='ltr'><strong>ineil‘abiliter</strong></span> 
     </span>
    </p>
   </div>
   <div class='ocr_carea' id='block_1_5' title="bbox 299 838 1895 918">
    <p class='ocr_par' dir='ltr' id='par_1_5' title="bbox 299 838 1895 918">
     <span class='ocr_line' id='line_1_5' title="bbox 299 838 1895 918; baseline 0.012 -27"><span class='ocrx_word' id='word_1_26' title='bbox 299 838 493 908; x_wconf 84' lang='lat' dir='ltr'><strong>justus.</strong></span> <span class='ocrx_word' id='word_1_27' title='bbox 526 838 668 894; x_wconf 82' lang='lat' dir='ltr'><strong>Nam</strong></span> <span class='ocrx_word' id='word_1_28' title='bbox 696 843 901 914; x_wconf 71' lang='lat' dir='ltr'><strong>[animo</strong></span> <span class='ocrx_word' id='word_1_29' title='bbox 925 860 1118 911; x_wconf 88' lang='lat' dir='ltr'><strong>eorum,</strong></span> <span class='ocrx_word' id='word_1_30' title='bbox 1153 846 1353 918; x_wconf 80' lang='lat' dir='ltr'><strong>inquit,</strong></span> <span class='ocrx_word' id='word_1_31' title='bbox 1384 849 1770 908; x_wconf 86' lang='lat' dir='ltr'><strong>immutaverunt</strong></span> <span class='ocrx_word' id='word_1_32' title='bbox 1802 872 1895 910; x_wconf 87' lang='lat' dir='ltr'><strong>na-</strong></span> 
     </span>
    </p>
   </div>
   <div class='ocr_carea' id='block_1_6' title="bbox 301 932 1890 1010">
    <p class='ocr_par' dir='ltr' id='par_1_6' title="bbox 301 932 1890 1010">
     <span class='ocr_line' id='line_1_6' title="bbox 301 932 1890 1010; baseline 0.011 -27"><span class='ocrx_word' id='word_1_33' title='bbox 301 932 517 986; x_wconf 85' lang='lat' dir='ltr'><strong>turalem</strong></span> <span class='ocrx_word' id='word_1_34' title='bbox 558 950 708 988; x_wconf 75' lang='lat' dir='ltr'><strong>usum</strong></span> <span class='ocrx_word' id='word_1_35' title='bbox 749 935 805 989; x_wconf 88' lang='lat' dir='ltr'><strong>in</strong></span> <span class='ocrx_word' id='word_1_36' title='bbox 847 953 962 990; x_wconf 87' lang='lat' dir='ltr'><strong>eum</strong></span> <span class='ocrx_word' id='word_1_37' title='bbox 1006 954 1153 992; x_wconf 86' lang='lat' dir='ltr'><strong>usum</strong></span> <span class='ocrx_word' id='word_1_38' title='bbox 1181 940 1270 1010; x_wconf 77' lang='lat' dir='ltr'><strong>qui</strong></span> <span class='ocrx_word' id='word_1_39' title='bbox 1305 950 1375 995; x_wconf 86' lang='lat' dir='ltr'><strong>est</strong></span> <span class='ocrx_word' id='word_1_40' title='bbox 1417 952 1592 997; x_wconf 89' lang='lat' dir='ltr'><strong>contra</strong></span> <span class='ocrx_word' id='word_1_41' title='bbox 1635 955 1890 1002; x_wconf 86' lang='lat' dir='ltr'><strong>naturam.</strong></span> 
     </span>
    </p>
   </div>
   <div class='ocr_carea' id='block_1_7' title="bbox 301 1020 1893 1100">
    <p class='ocr_par' dir='ltr' id='par_1_7' title="bbox 301 1020 1893 1100">
     <span class='ocr_line' id='line_1_7' title="bbox 301 1020 1893 1100; baseline 0.01 -25"><span class='ocrx_word' id='word_1_42' title='bbox 301 1020 550 1077; x_wconf 73' lang='lat' dir='ltr'><strong>Similiter</strong></span> <span class='ocrx_word' id='word_1_43' title='bbox 569 1033 743 1078; x_wconf 67' lang='lat' dir='ltr'><strong>altern</strong></span> <span class='ocrx_word' id='word_1_44' title='bbox 767 1035 819 1079; x_wconf 73' lang='lat' dir='ltr'><strong>et</strong></span> <span class='ocrx_word' id='word_1_45' title='bbox 837 1028 1053 1083; x_wconf 85' lang='lat' dir='ltr'><strong>masculi</strong></span> <span class='ocrx_word' id='word_1_46' title='bbox 1077 1027 1411 1100; x_wconf 75' lang='lat' dir='ltr'><strong>relinquentes</strong></span> <span class='ocrx_word' id='word_1_47' title='bbox 1436 1035 1717 1089; x_wconf 74' lang='lat' dir='ltr'><strong>naturalem</strong></span> <span class='ocrx_word' id='word_1_48' title='bbox 1746 1052 1893 1092; x_wconf 87' lang='lat' dir='ltr'><strong>usum</strong></span> 
     </span>
    </p>
   </div>
   <div class='ocr_carea' id='block_1_8' title="bbox 301 1115 1888 1196">
    <p class='ocr_par' dir='ltr' id='par_1_8' title="bbox 301 1115 1888 1196">
     <span class='ocr_line' id='line_1_8' title="bbox 301 1115 1888 1196; baseline 0.011 -30"><span class='ocrx_word' id='word_1_49' title='bbox 301 1115 540 1183; x_wconf 62' lang='lat' dir='ltr'><strong>feminas,</strong></span> <span class='ocrx_word' id='word_1_50' title='bbox 590 1122 891 1173; x_wconf 67' lang='lat' dir='ltr'><strong>exarserunt</strong></span> <span class='ocrx_word' id='word_1_51' title='bbox 937 1119 991 1172; x_wconf 88' lang='lat' dir='ltr'><strong>in</strong></span> <span class='ocrx_word' id='word_1_52' title='bbox 1026 1122 1306 1191; x_wconf 88' lang='lat' dir='ltr'><strong>appetitum</strong></span> <span class='ocrx_word' id='word_1_53' title='bbox 1347 1140 1498 1178; x_wconf 86' lang='lat' dir='ltr'><strong>suum</strong></span> <span class='ocrx_word' id='word_1_54' title='bbox 1538 1125 1593 1181; x_wconf 81' lang='lat' dir='ltr'><strong>in</strong></span> <span class='ocrx_word' id='word_1_55' title='bbox 1636 1127 1847 1183; x_wconf 76' lang='lat' dir='ltr'><strong>invicem</strong></span> <span class='ocrx_word' id='word_1_56' title='bbox 1871 1170 1888 1196; x_wconf 95' lang='lat'><strong>,</strong></span> 
     </span>
    </p>
   </div>
   <div class='ocr_carea' id='block_1_9' title="bbox 296 1204 1887 1285">
    <p class='ocr_par' dir='ltr' id='par_1_9' title="bbox 296 1204 1887 1285">
     <span class='ocr_line' id='line_1_9' title="bbox 296 1204 1887 1285; baseline 0.011 -29"><span class='ocrx_word' id='word_1_57' title='bbox 296 1206 507 1259; x_wconf 75' lang='lat' dir='ltr'><strong>masculi</strong></span> <span class='ocrx_word' id='word_1_58' title='bbox 533 1204 585 1260; x_wconf 87' lang='lat' dir='ltr'><strong>in</strong></span> <span class='ocrx_word' id='word_1_59' title='bbox 608 1209 861 1264; x_wconf 84' lang='lat' dir='ltr'><strong>masculos</strong></span> <span class='ocrx_word' id='word_1_60' title='bbox 884 1209 1252 1281; x_wconf 71' lang='lat' dir='ltr'><strong>deformitatem</strong></span> <span class='ocrx_word' id='word_1_61' title='bbox 1280 1226 1565 1285; x_wconf 83' lang='lat' dir='ltr'><strong>operantes,</strong></span> <span class='ocrx_word' id='word_1_62' title='bbox 1603 1227 1651 1272; x_wconf 89' lang='lat' dir='ltr'><strong>et</strong></span> <span class='ocrx_word' id='word_1_63' title='bbox 1696 1235 1887 1274; x_wconf 75' lang='lat' dir='ltr'><strong>merce-</strong></span> 
     </span>
    </p>
   </div>
   <div class='ocr_carea' id='block_1_10' title="bbox 297 1295 1889 1381">
    <p class='ocr_par' dir='ltr' id='par_1_10' title="bbox 297 1295 1889 1381">
     <span class='ocr_line' id='line_1_10' title="bbox 297 1295 1889 1381; baseline 0.012 -35"><span class='ocrx_word' id='word_1_64' title='bbox 297 1295 413 1348; x_wconf 86' lang='lat' dir='ltr'><strong>dem</strong></span> <span class='ocrx_word' id='word_1_65' title='bbox 450 1306 699 1365; x_wconf 84' lang='lat' dir='ltr'><strong>mutuam,</strong></span> <span class='ocrx_word' id='word_1_66' title='bbox 732 1315 886 1369; x_wconf 84' lang='lat' dir='ltr'><strong>quam</strong></span> <span class='ocrx_word' id='word_1_67' title='bbox 915 1303 1159 1371; x_wconf 91' lang='lat' dir='ltr'><strong>oportuit,</strong></span> <span class='ocrx_word' id='word_1_68' title='bbox 1204 1305 1391 1360; x_wconf 87' lang='lat' dir='ltr'><strong>erroris</strong></span> <span class='ocrx_word' id='word_1_69' title='bbox 1424 1307 1506 1360; x_wconf 87' lang='lat' dir='ltr'><strong>sui</strong></span> <span class='ocrx_word' id='word_1_70' title='bbox 1528 1308 1580 1363; x_wconf 90' lang='lat' dir='ltr'><strong>in</strong></span> <span class='ocrx_word' id='word_1_71' title='bbox 1608 1311 1889 1381; x_wconf 77' lang='lat' dir='ltr'><strong>semetipsis</strong></span> 
     </span>
    </p>
   </div>
   <div class='ocr_carea' id='block_1_11' title="bbox 295 1387 1887 1473">
    <p class='ocr_par' dir='ltr' id='par_1_11' title="bbox 295 1387 1887 1473">
     <span class='ocr_line' id='line_1_11' title="bbox 295 1387 1887 1473; baseline 0.013 -35"><span class='ocrx_word' id='word_1_72' title='bbox 295 1387 607 1458; x_wconf 79' lang='lat' dir='ltr'><strong>recipientes.</strong></span> <span class='ocrx_word' id='word_1_73' title='bbox 636 1390 773 1456; x_wconf 86' lang='lat' dir='ltr'><strong>Quid</strong></span> <span class='ocrx_word' id='word_1_74' title='bbox 803 1390 904 1448; x_wconf 88' lang='lat' dir='ltr'><strong>hoc</strong></span> <span class='ocrx_word' id='word_1_75' title='bbox 929 1392 1264 1450; x_wconf 73' lang='lat' dir='ltr'><strong>evidentius?</strong></span> <span class='ocrx_word' id='word_1_76' title='bbox 1289 1397 1414 1468; x_wconf 89' lang='lat' dir='ltr'><strong>quid</strong></span> <span class='ocrx_word' id='word_1_77' title='bbox 1454 1390 1734 1469; x_wconf 73' lang='lat' dir='ltr'><strong>apertius?</strong></span> <span class='ocrx_word' id='word_1_78' title='bbox 1759 1403 1887 1473; x_wconf 87' lang='lat' dir='ltr'><strong>quid</strong></span> 
     </span>
    </p>
   </div>
   <div class='ocr_carea' id='block_1_12' title="bbox 293 1479 1883 1558">
    <p class='ocr_par' dir='ltr' id='par_1_12' title="bbox 293 1479 1883 1558">
     <span class='ocr_line' id='line_1_12' title="bbox 293 1479 1883 1558; baseline 0.012 -29"><span class='ocrx_word' id='word_1_79' title='bbox 293 1479 632 1545; x_wconf 72' lang='lat' dir='ltr'><strong>expressius?</strong></span> <span class='ocrx_word' id='word_1_80' title='bbox 660 1479 957 1537; x_wconf 72' lang='lat' dir='ltr'><strong>Mercedem</strong></span> <span class='ocrx_word' id='word_1_81' title='bbox 998 1493 1235 1539; x_wconf 85' lang='lat' dir='ltr'><strong>mutuam</strong></span> <span class='ocrx_word' id='word_1_82' title='bbox 1286 1488 1553 1558; x_wconf 79' lang='lat' dir='ltr'><strong>recepisse</strong></span> <span class='ocrx_word' id='word_1_83' title='bbox 1582 1489 1708 1546; x_wconf 84' lang='lat' dir='ltr'><strong>dicit</strong></span> <span class='ocrx_word' id='word_1_84' title='bbox 1733 1509 1747 1557; x_wconf 89' lang='lat'><strong>;</strong></span> <span class='ocrx_word' id='word_1_85' title='bbox 1778 1493 1883 1547; x_wconf 87' lang='lat' dir='ltr'><strong>uti-</strong></span> 
     </span>
    </p>
   </div>
   <div class='ocr_carea' id='block_1_13' title="bbox 293 1566 1884 1643">
    <p class='ocr_par' dir='ltr' id='par_1_13' title="bbox 293 1566 1884 1643">
     <span class='ocr_line' id='line_1_13' title="bbox 293 1566 1884 1643; baseline 0.013 -26"><span class='ocrx_word' id='word_1_86' title='bbox 293 1580 401 1635; x_wconf 79' lang='lat' dir='ltr'><strong>que</strong></span> <span class='ocrx_word' id='word_1_87' title='bbox 423 1566 706 1624; x_wconf 76' lang='lat' dir='ltr'><strong>damnatos</strong></span> <span class='ocrx_word' id='word_1_88' title='bbox 747 1581 802 1624; x_wconf 88' lang='lat' dir='ltr'><strong>ut</strong></span> <span class='ocrx_word' id='word_1_89' title='bbox 848 1579 991 1627; x_wconf 77' lang='lat' dir='ltr'><strong>tatita</strong></span> <span class='ocrx_word' id='word_1_90' title='bbox 1031 1584 1383 1643; x_wconf 81' lang='lat' dir='ltr'><strong>oporarentur</strong></span> <span class='ocrx_word' id='word_1_91' title='bbox 1411 1579 1550 1633; x_wconf 87' lang='lat' dir='ltr'><strong>maia</strong></span> <span class='ocrx_word' id='word_1_92' title='bbox 1582 1597 1607 1633; x_wconf 73' lang='grc' dir='ltr'><em>τ</em></span> <span class='ocrx_word' id='word_1_93' title='bbox 1630 1592 1681 1636; x_wconf 92' lang='lat' dir='ltr'><strong>et</strong></span> <span class='ocrx_word' id='word_1_94' title='bbox 1709 1591 1884 1639; x_wconf 80' lang='lat' dir='ltr'><strong>tamen</strong></span> 
     </span>
    </p>
   </div>
   <div class='ocr_carea' id='block_1_14' title="bbox 293 1656 1885 1742">
    <p class='ocr_par' dir='ltr' id='par_1_14' title="bbox 293 1656 1885 1742">
     <span class='ocr_line' id='line_1_14' title="bbox 293 1656 1885 1742; baseline 0.014 -33"><span class='ocrx_word' id='word_1_95' title='bbox 293 1656 393 1710; x_wconf 82' lang='lat' dir='ltr'><strong>ista</strong></span> <span class='ocrx_word' id='word_1_96' title='bbox 415 1656 688 1714; x_wconf 75' lang='lat' dir='ltr'><strong><em>damnatio</em></strong></span> <span class='ocrx_word' id='word_1_97' title='bbox 708 1662 870 1716; x_wconf 84' lang='lat' dir='ltr'><strong>etiam</strong></span> <span class='ocrx_word' id='word_1_98' title='bbox 898 1674 1078 1720; x_wconf 80' lang='lat' dir='ltr'><strong>reatus</strong></span> <span class='ocrx_word' id='word_1_99' title='bbox 1102 1675 1202 1732; x_wconf 87' lang='lat' dir='ltr'><strong>est,</strong></span> <span class='ocrx_word' id='word_1_100' title='bbox 1232 1680 1339 1737; x_wconf 90' lang='lat' dir='ltr'><strong>quo</strong></span> <span class='ocrx_word' id='word_1_101' title='bbox 1366 1656 1578 1739; x_wconf 65' lang='lat' dir='ltr'><strong>gravius</strong></span> <span class='ocrx_word' id='word_1_102' title='bbox 1604 1671 1885 1742; x_wconf 84' lang='lat' dir='ltr'><strong>implican-</strong></span> 
     </span>
    </p>
   </div>
   <div class='ocr_carea' id='block_1_15' title="bbox 295 1747 1880 1832">
    <p class='ocr_par' dir='ltr' id='par_1_15' title="bbox 295 1747 1880 1832">
     <span class='ocr_line' id='line_1_15' title="bbox 295 1747 1880 1832; baseline 0.014 -32"><span class='ocrx_word' id='word_1_103' title='bbox 295 1756 401 1801; x_wconf 90' lang='lat' dir='ltr'><strong>tur.</strong></span> <span class='ocrx_word' id='word_1_104' title='bbox 432 1747 509 1802; x_wconf 89' lang='lat' dir='ltr'><strong>lta</strong></span> <span class='ocrx_word' id='word_1_105' title='bbox 538 1759 594 1804; x_wconf 89' lang='lat' dir='ltr'><strong>et</strong></span> <span class='ocrx_word' id='word_1_106' title='bbox 620 1761 834 1820; x_wconf 77' lang='lat' dir='ltr'><strong>peccata</strong></span> <span class='ocrx_word' id='word_1_107' title='bbox 871 1763 998 1810; x_wconf 88' lang='lat' dir='ltr'><strong>sunt</strong></span> <span class='ocrx_word' id='word_1_108' title='bbox 1034 1756 1159 1824; x_wconf 82' lang='lat' dir='ltr'><strong>ista,</strong></span> <span class='ocrx_word' id='word_1_109' title='bbox 1185 1767 1240 1813; x_wconf 88' lang='lat' dir='ltr'><strong>et</strong></span> <span class='ocrx_word' id='word_1_110' title='bbox 1267 1773 1440 1830; x_wconf 66' lang='lat' dir='ltr'><strong>pinnae</strong></span> <span class='ocrx_word' id='word_1_111' title='bbox 1465 1765 1880 1832; x_wconf 71' lang='lat' dir='ltr'><strong>praecedentium</strong></span> 
     </span>
    </p>
   </div>
   <div class='ocr_carea' id='block_1_16' title="bbox 291 1844 1881 1925">
    <p class='ocr_par' dir='ltr' id='par_1_16' title="bbox 291 1844 1881 1925">
     <span class='ocr_line' id='line_1_16' title="bbox 291 1844 1881 1925; baseline 0.013 -32"><span class='ocrx_word' id='word_1_112' title='bbox 291 1849 651 1908; x_wconf 78' lang='lat' dir='ltr'><strong>peccatorum.</strong></span> <span class='ocrx_word' id='word_1_113' title='bbox 678 1844 747 1899; x_wconf 83' lang='lat' dir='ltr'><strong>Et</strong></span> <span class='ocrx_word' id='word_1_114' title='bbox 774 1847 919 1916; x_wconf 85' lang='lat' dir='ltr'><strong>quod</strong></span> <span class='ocrx_word' id='word_1_115' title='bbox 943 1856 1028 1903; x_wconf 89' lang='lat' dir='ltr'><strong>est</strong></span> <span class='ocrx_word' id='word_1_116' title='bbox 1051 1849 1369 1922; x_wconf 74' lang='lat' dir='ltr'><strong>mirabilius,</strong></span> <span class='ocrx_word' id='word_1_117' title='bbox 1395 1854 1557 1909; x_wconf 84' lang='lat' dir='ltr'><strong>etiam</strong></span> <span class='ocrx_word' id='word_1_118' title='bbox 1578 1858 1881 1925; x_wconf 64' lang='lat' dir='ltr'><strong>oportuisse</strong></span> 
     </span>
    </p>
   </div>
   <div class='ocr_carea' id='block_1_17' title="bbox 287 1928 1878 2017">
    <p class='ocr_par' dir='ltr' id='par_1_17' title="bbox 287 1928 1878 2017">
     <span class='ocr_line' id='line_1_17' title="bbox 287 1928 1878 2017; baseline 0.014 -33"><span class='ocrx_word' id='word_1_119' title='bbox 287 1928 420 1987; x_wconf 81' lang='lat' dir='ltr'><strong>dicit</strong></span> <span class='ocrx_word' id='word_1_120' title='bbox 461 1947 558 1989; x_wconf 85' lang='lat' dir='ltr'><strong>eos</strong></span> <span class='ocrx_word' id='word_1_121' title='bbox 604 1936 760 1992; x_wconf 87' lang='lat' dir='ltr'><strong>istam</strong></span> <span class='ocrx_word' id='word_1_122' title='bbox 800 1947 1037 1995; x_wconf 81' lang='lat' dir='ltr'><strong>mutuam</strong></span> <span class='ocrx_word' id='word_1_123' title='bbox 1081 1941 1681 2017; x_wconf 50' lang='lat' dir='ltr'><strong>mercedem‘recipere.</strong></span> <span class='ocrx_word' id='word_1_124' title='bbox 1712 1948 1786 2004; x_wconf 88' lang='lat' dir='ltr'><strong>Ita</strong></span> <span class='ocrx_word' id='word_1_125' title='bbox 1816 1964 1878 2007; x_wconf 90' lang='lat' dir='ltr'><strong>se</strong></span> 
     </span>
    </p>
   </div>
   <div class='ocr_carea' id='block_1_18' title="bbox 290 2021 1880 2111">
    <p class='ocr_par' dir='ltr' id='par_1_18' title="bbox 290 2021 1880 2111">
     <span class='ocr_line' id='line_1_18' title="bbox 290 2021 1880 2111; baseline 0.014 -37"><span class='ocrx_word' id='word_1_126' title='bbox 290 2021 485 2079; x_wconf 70' lang='lat' dir='ltr'><strong>habent</strong></span> <span class='ocrx_word' id='word_1_127' title='bbox 523 2025 685 2081; x_wconf 69' lang='lat' dir='ltr'><strong>etiam</strong></span> <span class='ocrx_word' id='word_1_128' title='bbox 734 2030 1011 2100; x_wconf 80' lang='lat' dir='ltr'><strong>superiora</strong></span> <span class='ocrx_word' id='word_1_129' title='bbox 1063 2033 1225 2088; x_wconf 79' lang='lat' dir='ltr'><strong>verba</strong></span> <span class='ocrx_word' id='word_1_130' title='bbox 1272 2036 1536 2105; x_wconf 80' lang='lat' dir='ltr'><strong>Apostoli,</strong></span> <span class='ocrx_word' id='word_1_131' title='bbox 1588 2055 1709 2109; x_wconf 73' lang='lat' dir='ltr'><strong>quas</strong></span> <span class='ocrx_word' id='word_1_132' title='bbox 1763 2041 1880 2111; x_wconf 80' lang='lat' dir='ltr'><strong>ipso</strong></span> 
     </span>
    </p>
   </div>
   <div class='ocr_carea' id='block_1_19' title="bbox 290 2115 1878 2200">
    <p class='ocr_par' dir='ltr' id='par_1_19' title="bbox 290 2115 1878 2200">
     <span class='ocr_line' id='line_1_19' title="bbox 290 2115 1878 2200; baseline 0.013 -33"><span class='ocrx_word' id='word_1_133' title='bbox 290 2115 533 2183; x_wconf 79' lang='lat' dir='ltr'><strong>posuisti.</strong></span> <span class='ocrx_word' id='word_1_134' title='bbox 571 2117 978 2176; x_wconf 76' lang='lat' dir='ltr'><strong>lmmutaverunt</strong></span> <span class='ocrx_word' id='word_1_135' title='bbox 1017 2124 1232 2195; x_wconf 86' lang='lat' dir='ltr'><strong><em>gloriam</em></strong></span> <span class='ocrx_word' id='word_1_136' title='bbox 1270 2128 1672 2200; x_wconf 85' lang='lat' dir='ltr'><strong>incorruptibilis</strong></span> <span class='ocrx_word' id='word_1_137' title='bbox 1702 2131 1798 2187; x_wconf 80' lang='lat' dir='ltr'><strong>Dei</strong></span> <span class='ocrx_word' id='word_1_138' title='bbox 1825 2133 1878 2188; x_wconf 87' lang='lat' dir='ltr'><strong>in</strong></span> 
     </span>
    </p>
   </div>
   <div class='ocr_carea' id='block_1_20' title="bbox 285 2207 1873 2290">
    <p class='ocr_par' dir='ltr' id='par_1_20' title="bbox 285 2207 1873 2290">
     <span class='ocr_line' id='line_1_20' title="bbox 285 2207 1873 2290; baseline 0.013 -31"><span class='ocrx_word' id='word_1_139' title='bbox 285 2207 669 2267; x_wconf 76' lang='lat' dir='ltr'><strong>similitudinem</strong></span> <span class='ocrx_word' id='word_1_140' title='bbox 713 2212 950 2285; x_wconf 86' lang='lat' dir='ltr'><strong>imaginis</strong></span> <span class='ocrx_word' id='word_1_141' title='bbox 994 2218 1340 2289; x_wconf 78' lang='lat' dir='ltr'><strong>corruptibilis</strong></span> <span class='ocrx_word' id='word_1_142' title='bbox 1376 2219 1618 2290; x_wconf 79' lang='lat' dir='ltr'><strong>hominis,</strong></span> <span class='ocrx_word' id='word_1_143' title='bbox 1650 2233 1698 2278; x_wconf 88' lang='lat' dir='ltr'><strong>et</strong></span> <span class='ocrx_word' id='word_1_144' title='bbox 1726 2225 1873 2279; x_wconf 84' lang='lat' dir='ltr'><strong><em>volu-</em></strong></span> 
     </span>
    </p>
   </div>
   <div class='ocr_carea' id='block_1_21' title="bbox 282 2305 1875 2391">
    <p class='ocr_par' dir='ltr' id='par_1_21' title="bbox 282 2305 1875 2391">
     <span class='ocr_line' id='line_1_21' title="bbox 282 2305 1875 2391; baseline 0.012 -37"><span class='ocrx_word' id='word_1_145' title='bbox 282 2316 447 2367; x_wconf 85' lang='lat' dir='ltr'><strong>crum,</strong></span> <span class='ocrx_word' id='word_1_146' title='bbox 475 2310 522 2356; x_wconf 88' lang='lat' dir='ltr'><strong>et</strong></span> <span class='ocrx_word' id='word_1_147' title='bbox 547 2305 950 2375; x_wconf 77' lang='lat' dir='ltr'><strong>quadrupedum,</strong></span> <span class='ocrx_word' id='word_1_148' title='bbox 1002 2316 1047 2363; x_wconf 86' lang='lat' dir='ltr'><strong>et</strong></span> <span class='ocrx_word' id='word_1_149' title='bbox 1091 2313 1420 2381; x_wconf 75' lang='lat' dir='ltr'><strong>serpentium.</strong></span> <span class='ocrx_word' id='word_1_150' title='bbox 1474 2313 1695 2386; x_wconf 83' lang='lat' dir='ltr'><strong>Propter</strong></span> <span class='ocrx_word' id='word_1_151' title='bbox 1739 2320 1875 2391; x_wconf 81' lang='lat' dir='ltr'><strong>quod</strong></span> 
     </span>
    </p>
   </div>
   <div class='ocr_carea' id='block_1_22' title="bbox 283 2390 1874 2474">
    <p class='ocr_par' dir='ltr' id='par_1_22' title="bbox 283 2390 1874 2474">
     <span class='ocr_line' id='line_1_22' title="bbox 283 2390 1874 2474; baseline 0.014 -33"><span class='ocrx_word' id='word_1_152' title='bbox 283 2390 497 2445; x_wconf 80' lang='lat' dir='ltr'><strong>tradidit</strong></span> <span class='ocrx_word' id='word_1_153' title='bbox 551 2394 669 2449; x_wconf 89' lang='lat' dir='ltr'><strong>illos</strong></span> <span class='ocrx_word' id='word_1_154' title='bbox 720 2394 854 2452; x_wconf 89' lang='lat' dir='ltr'><strong>Deus</strong></span> <span class='ocrx_word' id='word_1_155' title='bbox 900 2399 954 2452; x_wconf 91' lang='lat' dir='ltr'><strong>in</strong></span> <span class='ocrx_word' id='word_1_156' title='bbox 1002 2400 1253 2455; x_wconf 87' lang='lat' dir='ltr'><strong>desideria</strong></span> <span class='ocrx_word' id='word_1_157' title='bbox 1301 2403 1469 2458; x_wconf 87' lang='lat' dir='ltr'><strong>cordis</strong></span> <span class='ocrx_word' id='word_1_158' title='bbox 1529 2422 1701 2461; x_wconf 89' lang='lat' dir='ltr'><strong>eorum</strong></span> <span class='ocrx_word' id='word_1_159' title='bbox 1731 2390 1759 2474; x_wconf 15' lang='grc' dir='ltr'><strong>,ί</strong></span> <span class='ocrx_word' id='word_1_160' title='bbox 1820 2411 1874 2464; x_wconf 91' lang='lat' dir='ltr'><strong>in</strong></span> 
     </span>
    </p>
   </div>
   <div class='ocr_carea' id='block_1_23' title="bbox 281 2481 1873 2569">
    <p class='ocr_par' dir='ltr' id='par_1_23' title="bbox 281 2481 1873 2569">
     <span class='ocr_line' id='line_1_23' title="bbox 281 2481 1873 2569; baseline 0.016 -37"><span class='ocrx_word' id='word_1_161' title='bbox 281 2481 657 2538; x_wconf 80' lang='lat' dir='ltr'><strong>immunditiam</strong></span> <span class='ocrx_word' id='word_1_162' title='bbox 685 2486 860 2557; x_wconf 82' lang='lat' dir='ltr'><strong>(Rom.</strong></span> <span class='ocrx_word' id='word_1_163' title='bbox 907 2503 997 2556; x_wconf 88' lang='lat' dir='ltr'><strong>vn,</strong></span> <span class='ocrx_word' id='word_1_164' title='bbox 1042 2490 1237 2563; x_wconf 72' lang='lat'><strong>23-28)</strong></span> <span class='ocrx_word' id='word_1_165' title='bbox 1282 2512 1296 2547; x_wconf 90' lang='lat'><strong>:</strong></span> <span class='ocrx_word' id='word_1_166' title='bbox 1340 2503 1395 2550; x_wconf 90' lang='lat' dir='ltr'><strong>et</strong></span> <span class='ocrx_word' id='word_1_167' title='bbox 1420 2505 1611 2552; x_wconf 75' lang='lat' dir='ltr'><strong>canem</strong></span> <span class='ocrx_word' id='word_1_168' title='bbox 1639 2513 1757 2569; x_wconf 77' lang='lat' dir='ltr'><strong>qua:</strong></span> <span class='ocrx_word' id='word_1_169' title='bbox 1787 2515 1873 2557; x_wconf 85' lang='lat' dir='ltr'><strong>se-</strong></span> 
     </span>
    </p>
   </div>
   <div class='ocr_carea' id='block_1_24' title="bbox 279 2574 1869 2662">
    <p class='ocr_par' dir='ltr' id='par_1_24' title="bbox 279 2574 1869 2662">
     <span class='ocr_line' id='line_1_24' title="bbox 279 2574 1869 2662; baseline 0.013 -38"><span class='ocrx_word' id='word_1_170' title='bbox 279 2581 533 2640; x_wconf 83' lang='lat' dir='ltr'><strong>quuntur.</strong></span> <span class='ocrx_word' id='word_1_171' title='bbox 576 2574 644 2631; x_wconf 82' lang='lat' dir='ltr'><strong>Et</strong></span> <span class='ocrx_word' id='word_1_172' title='bbox 684 2575 771 2633; x_wconf 83' lang='lat' dir='ltr'><strong>hic</strong></span> <span class='ocrx_word' id='word_1_173' title='bbox 811 2581 990 2651; x_wconf 88' lang='lat' dir='ltr'><strong>utique</strong></span> <span class='ocrx_word' id='word_1_174' title='bbox 1033 2581 1180 2638; x_wconf 87' lang='lat' dir='ltr'><strong>vides</strong></span> <span class='ocrx_word' id='word_1_175' title='bbox 1217 2599 1432 2640; x_wconf 82' lang='lat' dir='ltr'><strong>causam</strong></span> <span class='ocrx_word' id='word_1_176' title='bbox 1464 2597 1688 2659; x_wconf 82' lang='lat' dir='ltr'><strong>propter</strong></span> <span class='ocrx_word' id='word_1_177' title='bbox 1710 2606 1869 2662; x_wconf 85' lang='lat' dir='ltr'><strong>quam</strong></span> 
     </span>
    </p>
   </div>
   <div class='ocr_carea' id='block_1_25' title="bbox 281 2663 1873 2747">
    <p class='ocr_par' dir='ltr' id='par_1_25' title="bbox 281 2663 1873 2747">
     <span class='ocr_line' id='line_1_25' title="bbox 281 2663 1873 2747; baseline 0.011 -28"><span class='ocrx_word' id='word_1_178' title='bbox 281 2663 458 2720; x_wconf 84' lang='lat' dir='ltr'><strong>traditi</strong></span> <span class='ocrx_word' id='word_1_179' title='bbox 499 2677 644 2734; x_wconf 87' lang='lat' dir='ltr'><strong>sunt,</strong></span> <span class='ocrx_word' id='word_1_180' title='bbox 675 2670 793 2727; x_wconf 84' lang='lat' dir='ltr'><strong>sine</strong></span> <span class='ocrx_word' id='word_1_181' title='bbox 819 2672 923 2727; x_wconf 87' lang='lat' dir='ltr'><strong>ulla</strong></span> <span class='ocrx_word' id='word_1_182' title='bbox 955 2674 1297 2747; x_wconf 76' lang='lat' dir='ltr'><strong>ambiguitate</strong></span> <span class='ocrx_word' id='word_1_183' title='bbox 1324 2688 1698 2736; x_wconf 78' lang='lat' dir='ltr'><strong>monstratam.</strong></span> <span class='ocrx_word' id='word_1_184' title='bbox 1733 2684 1873 2737; x_wconf 73' lang='lat' dir='ltr'><strong>Dixit</strong></span> 
     </span>
    </p>
   </div>
   <div class='ocr_carea' id='block_1_26' title="bbox 278 2756 1866 2844">
    <p class='ocr_par' dir='ltr' id='par_1_26' title="bbox 278 2756 1866 2844">
     <span class='ocr_line' id='line_1_26' title="bbox 278 2756 1866 2844; baseline 0.013 -35"><span class='ocrx_word' id='word_1_185' title='bbox 278 2756 479 2828; x_wconf 83' lang='lat' dir='ltr'><strong>quippe</strong></span> <span class='ocrx_word' id='word_1_186' title='bbox 502 2759 633 2830; x_wconf 89' lang='lat' dir='ltr'><strong>quid</strong></span> <span class='ocrx_word' id='word_1_187' title='bbox 658 2763 784 2818; x_wconf 89' lang='lat' dir='ltr'><strong>mali</strong></span> <span class='ocrx_word' id='word_1_188' title='bbox 813 2774 939 2820; x_wconf 89' lang='lat' dir='ltr'><strong>ante</strong></span> <span class='ocrx_word' id='word_1_189' title='bbox 970 2766 1238 2834; x_wconf 82' lang='lat' dir='ltr'><strong>fecissent,</strong></span> <span class='ocrx_word' id='word_1_190' title='bbox 1270 2778 1325 2824; x_wconf 90' lang='lat' dir='ltr'><strong>et</strong></span> <span class='ocrx_word' id='word_1_191' title='bbox 1347 2770 1613 2842; x_wconf 78' lang='lat' dir='ltr'><strong>adjunxit,</strong></span> <span class='ocrx_word' id='word_1_192' title='bbox 1650 2772 1866 2844; x_wconf 77' lang='lat' dir='ltr'><strong>Propter</strong></span> 
     </span>
    </p>
   </div>
   <div class='ocr_carea' id='block_1_27' title="bbox 275 2847 1867 2920">
    <p class='ocr_par' dir='ltr' id='par_1_27' title="bbox 275 2847 1867 2920">
     <span class='ocr_line' id='line_1_27' title="bbox 275 2847 1867 2920; baseline 0.014 -22"><span class='ocrx_word' id='word_1_193' title='bbox 275 2847 416 2915; x_wconf 87' lang='lat' dir='ltr'><strong>quod</strong></span> <span class='ocrx_word' id='word_1_194' title='bbox 453 2849 663 2906; x_wconf 83' lang='lat' dir='ltr'><strong>tradidit</strong></span> <span class='ocrx_word' id='word_1_195' title='bbox 714 2852 829 2909; x_wconf 90' lang='lat' dir='ltr'><strong>illos</strong></span> <span class='ocrx_word' id='word_1_196' title='bbox 884 2853 1024 2912; x_wconf 86' lang='lat' dir='ltr'><strong>Deus</strong></span> <span class='ocrx_word' id='word_1_197' title='bbox 1068 2858 1121 2911; x_wconf 89' lang='lat' dir='ltr'><strong>in</strong></span> <span class='ocrx_word' id='word_1_198' title='bbox 1161 2858 1411 2915; x_wconf 83' lang='lat' dir='ltr'><strong>desideria</strong></span> <span class='ocrx_word' id='word_1_199' title='bbox 1458 2862 1627 2917; x_wconf 89' lang='lat' dir='ltr'><strong>cordis</strong></span> <span class='ocrx_word' id='word_1_200' title='bbox 1673 2880 1867 2920; x_wconf 88' lang='lat' dir='ltr'><strong>eorum.</strong></span> 
     </span>
    </p>
   </div>
   <div class='ocr_carea' id='block_1_28' title="bbox 276 2938 1866 3021">
    <p class='ocr_par' dir='ltr' id='par_1_28' title="bbox 276 2938 1866 3021">
     <span class='ocr_line' id='line_1_28' title="bbox 276 2938 1866 3021; baseline 0.011 -29"><span class='ocrx_word' id='word_1_201' title='bbox 276 2938 510 2996; x_wconf 77' lang='lat' dir='ltr'><strong>Proinde</strong></span> <span class='ocrx_word' id='word_1_202' title='bbox 537 2943 887 3012; x_wconf 63' lang='lat' dir='ltr'><strong>praecedentis</strong></span> <span class='ocrx_word' id='word_1_203' title='bbox 915 2958 996 3002; x_wconf 88' lang='lat' dir='ltr'><strong>est</strong></span> <span class='ocrx_word' id='word_1_204' title='bbox 1025 2947 1139 3004; x_wconf 59' lang='lat' dir='ltr'><strong>haec</strong></span> <span class='ocrx_word' id='word_1_205' title='bbox 1169 2963 1325 3019; x_wconf 69' lang='lat' dir='ltr'><strong>plena</strong></span> <span class='ocrx_word' id='word_1_206' title='bbox 1353 2953 1587 3021; x_wconf 80' lang='lat' dir='ltr'><strong>peccati;</strong></span> <span class='ocrx_word' id='word_1_207' title='bbox 1613 2962 1668 3008; x_wconf 87' lang='lat' dir='ltr'><strong>et</strong></span> <span class='ocrx_word' id='word_1_208' title='bbox 1693 2965 1866 3010; x_wconf 82' lang='lat' dir='ltr'><strong>tamen</strong></span> 
     </span>
    </p>
   </div>
   <div class='ocr_carea' id='block_1_29' title="bbox 275 3031 1868 3115">
    <p class='ocr_par' dir='ltr' id='par_1_29' title="bbox 275 3031 1868 3115">
     <span class='ocr_line' id='line_1_29' title="bbox 275 3031 1868 3115; baseline 0.012 -32"><span class='ocrx_word' id='word_1_209' title='bbox 275 3031 436 3086; x_wconf 84' lang='lat' dir='ltr'><strong>etiam</strong></span> <span class='ocrx_word' id='word_1_210' title='bbox 467 3033 578 3101; x_wconf 89' lang='lat' dir='ltr'><strong>ipsa</strong></span> <span class='ocrx_word' id='word_1_211' title='bbox 605 3045 883 3106; x_wconf 89' lang='lat' dir='ltr'><strong>peccatum</strong></span> <span class='ocrx_word' id='word_1_212' title='bbox 906 3047 1008 3106; x_wconf 87' lang='lat' dir='ltr'><strong>est,</strong></span> <span class='ocrx_word' id='word_1_213' title='bbox 1039 3041 1181 3110; x_wconf 86' lang='lat' dir='ltr'><strong>quod</strong></span> <span class='ocrx_word' id='word_1_214' title='bbox 1211 3041 1389 3098; x_wconf 81' lang='lat' dir='ltr'><strong>verbis</strong></span> <span class='ocrx_word' id='word_1_215' title='bbox 1416 3046 1868 3115; x_wconf 84' lang='lat' dir='ltr'><strong>consequentibus</strong></span> 
     </span>
    </p>
   </div>
   <div class='ocr_carea' id='block_1_30' title="bbox 274 3123 525 3191">
    <p class='ocr_par' dir='ltr' id='par_1_30' title="bbox 274 3123 525 3191">
     <span class='ocr_line' id='line_1_30' title="bbox 274 3123 525 3191; baseline 0.016 -18"><span class='ocrx_word' id='word_1_216' title='bbox 274 3123 525 3191; x_wconf 81' lang='lat' dir='ltr'><strong>explicat.</strong></span> 
     </span>
    </p>
   </div>
   <div class='ocr_carea' id='block_1_31' title="bbox 350 3212 1869 3289">
    <p class='ocr_par' dir='ltr' id='par_1_31' title="bbox 350 3212 1869 3289">
     <span class='ocr_line' id='line_1_31' title="bbox 350 3212 1869 3289; baseline 0.013 -23"><span class='ocrx_word' id='word_1_217' title='bbox 350 3213 437 3267; x_wconf 77' lang='lat' dir='ltr'><strong>ll.</strong></span> <span class='ocrx_word' id='word_1_218' title='bbox 477 3212 583 3270; x_wconf 86' lang='lat' dir='ltr'><strong>Sed</strong></span> <span class='ocrx_word' id='word_1_219' title='bbox 627 3224 683 3272; x_wconf 89' lang='lat' dir='ltr'><strong>tu</strong></span> <span class='ocrx_word' id='word_1_220' title='bbox 728 3226 911 3274; x_wconf 79' lang='lat' dir='ltr'><strong>contra</strong></span> <span class='ocrx_word' id='word_1_221' title='bbox 943 3219 1233 3289; x_wconf 86' lang='lat' dir='ltr'><strong>disserens,</strong></span> <span class='ocrx_word' id='word_1_222' title='bbox 1265 3237 1332 3278; x_wconf 88' lang='lat' dir='ltr'><strong>eo</strong></span> <span class='ocrx_word' id='word_1_223' title='bbox 1358 3225 1517 3282; x_wconf 88' lang='lat' dir='ltr'><strong>modo</strong></span> <span class='ocrx_word' id='word_1_224' title='bbox 1546 3226 1638 3282; x_wconf 89' lang='lat' dir='ltr'><strong>tibi</strong></span> <span class='ocrx_word' id='word_1_225' title='bbox 1671 3228 1869 3287; x_wconf 83' lang='lat' dir='ltr'><strong>videris</strong></span> 
     </span>
    </p>
   </div>
   <div class='ocr_carea' id='block_1_32' title="bbox 273 3303 1866 3390">
    <p class='ocr_par' dir='ltr' id='par_1_32' title="bbox 273 3303 1866 3390">
     <span class='ocr_line' id='line_1_32' title="bbox 273 3303 1866 3390; baseline 0.013 -34"><span class='ocrx_word' id='word_1_226' title='bbox 273 3303 431 3359; x_wconf 84' lang='lat' dir='ltr'><strong>istam</strong></span> <span class='ocrx_word' id='word_1_227' title='bbox 475 3307 698 3364; x_wconf 69' lang='lat' dir='ltr'><strong>soliissc</strong></span> <span class='ocrx_word' id='word_1_228' title='bbox 724 3311 1096 3380; x_wconf 73' lang='lat' dir='ltr'><strong>qumstionem,</strong></span> <span class='ocrx_word' id='word_1_229' title='bbox 1126 3315 1249 3385; x_wconf 88' lang='lat' dir='ltr'><strong>quia</strong></span> <span class='ocrx_word' id='word_1_230' title='bbox 1277 3316 1554 3375; x_wconf 87' lang='lat' dir='ltr'><strong>desideriis</strong></span> <span class='ocrx_word' id='word_1_231' title='bbox 1581 3319 1693 3374; x_wconf 89' lang='lat' dir='ltr'><strong>suis</strong></span> <span class='ocrx_word' id='word_1_232' title='bbox 1720 3322 1866 3390; x_wconf 83' lang='lat' dir='ltr'><strong>Apo-</strong></span> 
     </span>
    </p>
   </div>
   <div class='ocr_carea' id='block_1_33' title="bbox 273 3392 1865 3484">
    <p class='ocr_par' dir='ltr' id='par_1_33' title="bbox 273 3392 1865 3484">
     <span class='ocr_line' id='line_1_33' title="bbox 273 3392 1865 3484; baseline 0.013 -36"><span class='ocrx_word' id='word_1_233' title='bbox 273 3392 443 3450; x_wconf 81' lang='lat' dir='ltr'><strong>stolus</strong></span> <span class='ocrx_word' id='word_1_234' title='bbox 472 3398 690 3455; x_wconf 88' lang='lat' dir='ltr'><strong>traditos</strong></span> <span class='ocrx_word' id='word_1_235' title='bbox 718 3402 869 3456; x_wconf 81' lang='lat' dir='ltr'><strong>dixit.</strong></span> <span class='ocrx_word' id='word_1_236' title='bbox 915 3401 1037 3458; x_wconf 83' lang='lat' dir='ltr'><strong>Jam</strong></span> <span class='ocrx_word' id='word_1_237' title='bbox 1086 3407 1220 3462; x_wconf 85' lang='lat' dir='ltr'><strong>enim</strong></span> <span class='ocrx_word' id='word_1_238' title='bbox 1261 3409 1593 3481; x_wconf 76' lang='lat' dir='ltr'><strong>ﬂagitiorum,</strong></span> <span class='ocrx_word' id='word_1_239' title='bbox 1645 3412 1818 3484; x_wconf 87' lang='lat' dir='ltr'><strong>inquis</strong></span> <span class='ocrx_word' id='word_1_240' title='bbox 1845 3454 1865 3480; x_wconf 87' lang='lat'><strong>,</strong></span> 
     </span>
    </p>
   </div>
   <div class='ocr_carea' id='block_1_34' title="bbox 272 3486 1863 3567">
    <p class='ocr_par' dir='ltr' id='par_1_34' title="bbox 272 3486 1863 3567">
     <span class='ocr_line' id='line_1_34' title="bbox 272 3486 1863 3567; baseline 0.012 -28"><span class='ocrx_word' id='word_1_241' title='bbox 272 3486 535 3543; x_wconf 72' lang='lat' dir='ltr'><strong>desideriis</strong></span> <span class='ocrx_word' id='word_1_242' title='bbox 561 3491 864 3547; x_wconf 64' lang='lat' dir='ltr'><strong>estuabant.</strong></span> <span class='ocrx_word' id='word_1_243' title='bbox 899 3495 963 3549; x_wconf 86' lang='lat' dir='ltr'><strong>Et</strong></span> <span class='ocrx_word' id='word_1_244' title='bbox 989 3495 1253 3567; x_wconf 79' lang='lat' dir='ltr'><strong>adjungis,</strong></span> <span class='ocrx_word' id='word_1_245' title='bbox 1293 3514 1357 3554; x_wconf 88' lang='lat' dir='ltr'><strong>ac</strong></span> <span class='ocrx_word' id='word_1_246' title='bbox 1383 3499 1521 3555; x_wconf 89' lang='lat' dir='ltr'><strong>dicis</strong></span> <span class='ocrx_word' id='word_1_247' title='bbox 1549 3519 1563 3554; x_wconf 90' lang='lat'><strong>:</strong></span> <span class='ocrx_word' id='word_1_248' title='bbox 1597 3499 1863 3567; x_wconf 86' lang='lat' dir='ltr'><strong>Quomodo</strong></span> 
     </span>
    </p>
   </div>
   <div class='ocr_carea' id='block_1_35' title="bbox 270 3584 1863 3661">
    <p class='ocr_par' dir='ltr' id='par_1_35' title="bbox 270 3584 1863 3661">
     <span class='ocr_line' id='line_1_35' title="bbox 270 3584 1863 3661; baseline 0.013 -32"><span class='ocrx_word' id='word_1_249' title='bbox 270 3595 393 3649; x_wconf 83' lang='lat' dir='ltr'><strong>ergo</strong></span> <span class='ocrx_word' id='word_1_250' title='bbox 433 3597 522 3648; x_wconf 87' lang='lat' dir='ltr'><strong>per</strong></span> <span class='ocrx_word' id='word_1_251' title='bbox 549 3584 825 3651; x_wconf 86' lang='lat' dir='ltr'><strong>potentiam</strong></span> <span class='ocrx_word' id='word_1_252' title='bbox 863 3588 1106 3643; x_wconf 81' lang='lat' dir='ltr'><strong>tradentis</strong></span> <span class='ocrx_word' id='word_1_253' title='bbox 1146 3588 1243 3644; x_wconf 87' lang='lat' dir='ltr'><strong>Dei</strong></span> <span class='ocrx_word' id='word_1_254' title='bbox 1271 3592 1490 3661; x_wconf 84' lang='lat' dir='ltr'><strong>putandi</strong></span> <span class='ocrx_word' id='word_1_255' title='bbox 1519 3604 1634 3649; x_wconf 85' lang='lat' dir='ltr'><strong>sunt</strong></span> <span class='ocrx_word' id='word_1_256' title='bbox 1658 3595 1711 3649; x_wconf 90' lang='lat' dir='ltr'><strong>in</strong></span> <span class='ocrx_word' id='word_1_257' title='bbox 1739 3597 1863 3650; x_wconf 84' lang='lat' dir='ltr'><strong>talia</strong></span> 
     </span>
    </p>
   </div>
   <div class='ocr_carea' id='block_1_36' title="bbox 273 3671 1862 3753">
    <p class='ocr_par' dir='ltr' id='par_1_36' title="bbox 273 3671 1862 3753">
     <span class='ocr_line' id='line_1_36' title="bbox 273 3671 1862 3753; baseline 0.013 -32"><span class='ocrx_word' id='word_1_258' title='bbox 273 3671 410 3738; x_wconf 83' lang='lat' dir='ltr'><strong>facta</strong></span> <span class='ocrx_word' id='word_1_259' title='bbox 434 3674 718 3729; x_wconf 63' lang='lat' dir='ltr'><strong>cecidisse?</strong></span> <span class='ocrx_word' id='word_1_260' title='bbox 750 3676 889 3742; x_wconf 73' lang='lat' dir='ltr'><strong>Quid</strong></span> <span class='ocrx_word' id='word_1_261' title='bbox 933 3693 1061 3749; x_wconf 74' lang='lat' dir='ltr'><strong>ergo</strong></span> <span class='ocrx_word' id='word_1_262' title='bbox 1098 3679 1220 3752; x_wconf 78' lang='lat' dir='ltr'><strong>plus</strong></span> <span class='ocrx_word' id='word_1_263' title='bbox 1269 3681 1464 3738; x_wconf 78' lang='lat' dir='ltr'><strong>factum</strong></span> <span class='ocrx_word' id='word_1_264' title='bbox 1505 3695 1607 3753; x_wconf 91' lang='lat' dir='ltr'><strong>est,</strong></span> <span class='ocrx_word' id='word_1_265' title='bbox 1638 3685 1862 3742; x_wconf 87' lang='lat' dir='ltr'><strong>obsecro</strong></span> 
     </span>
    </p>
   </div>
   <div class='ocr_carea' id='block_1_37' title="bbox 270 3765 1862 3836">
    <p class='ocr_par' dir='ltr' id='par_1_37' title="bbox 270 3765 1862 3836">
     <span class='ocr_line' id='line_1_37' title="bbox 270 3765 1862 3836; baseline 0.011 -23"><span class='ocrx_word' id='word_1_266' title='bbox 270 3769 344 3825; x_wconf 85' lang='lat' dir='ltr'><strong>te,</strong></span> <span class='ocrx_word' id='word_1_267' title='bbox 377 3773 467 3817; x_wconf 85' lang='lat' dir='ltr'><strong>aut</strong></span> <span class='ocrx_word' id='word_1_268' title='bbox 494 3774 548 3819; x_wconf 92' lang='lat' dir='ltr'><strong>ut</strong></span> <span class='ocrx_word' id='word_1_269' title='bbox 568 3765 695 3836; x_wconf 90' lang='lat' dir='ltr'><strong>quid</strong></span> <span class='ocrx_word' id='word_1_270' title='bbox 721 3766 942 3834; x_wconf 84' lang='lat' dir='ltr'><strong>diceret,</strong></span> <span class='ocrx_word' id='word_1_271' title='bbox 962 3768 1199 3824; x_wconf 85' lang='lat' dir='ltr'><strong>Tradidit</strong></span> <span class='ocrx_word' id='word_1_272' title='bbox 1222 3770 1340 3828; x_wconf 88' lang='lat' dir='ltr'><strong>illos</strong></span> <span class='ocrx_word' id='word_1_273' title='bbox 1367 3772 1503 3829; x_wconf 89' lang='lat' dir='ltr'><strong>Deus</strong></span> <span class='ocrx_word' id='word_1_274' title='bbox 1530 3776 1581 3829; x_wconf 90' lang='lat' dir='ltr'><strong>in</strong></span> <span class='ocrx_word' id='word_1_275' title='bbox 1610 3776 1862 3831; x_wconf 83' lang='lat' dir='ltr'><strong>desideria</strong></span> 
     </span>
    </p>
   </div>
   <div class='ocr_carea' id='block_1_38' title="bbox 271 3854 1861 3936">
    <p class='ocr_par' dir='ltr' id='par_1_38' title="bbox 271 3854 1861 3936">
     <span class='ocr_line' id='line_1_38' title="bbox 271 3854 1861 3936; baseline 0.01 -30"><span class='ocrx_word' id='word_1_276' title='bbox 271 3854 443 3908; x_wconf 76' lang='lat' dir='ltr'><strong>cordis</strong></span> <span class='ocrx_word' id='word_1_277' title='bbox 486 3871 659 3911; x_wconf 87' lang='lat' dir='ltr'><strong>eorum</strong></span> <span class='ocrx_word' id='word_1_278' title='bbox 681 3875 700 3922; x_wconf 88' lang='lat'><em>;</em></span> <span class='ocrx_word' id='word_1_279' title='bbox 730 3858 775 3913; x_wconf 86' lang='lat' dir='ltr'><strong>si</strong></span> <span class='ocrx_word' id='word_1_280' title='bbox 808 3859 919 3930; x_wconf 87' lang='lat' dir='ltr'><strong>jam</strong></span> <span class='ocrx_word' id='word_1_281' title='bbox 950 3870 1104 3917; x_wconf 89' lang='lat' dir='ltr'><strong>erant</strong></span> <span class='ocrx_word' id='word_1_282' title='bbox 1150 3865 1383 3936; x_wconf 87' lang='lat' dir='ltr'><strong>possessi</strong></span> <span class='ocrx_word' id='word_1_283' title='bbox 1430 3868 1659 3936; x_wconf 88' lang='lat' dir='ltr'><strong>quodam</strong></span> <span class='ocrx_word' id='word_1_284' title='bbox 1700 3868 1861 3923; x_wconf 88' lang='lat' dir='ltr'><strong>modo</strong></span> 
     </span>
    </p>
   </div>
   <div class='ocr_carea' id='block_1_39' title="bbox 268 3941 1858 4021">
    <p class='ocr_par' dir='ltr' id='par_1_39' title="bbox 268 3941 1858 4021">
     <span class='ocr_line' id='line_1_39' title="bbox 268 3941 1858 4021; baseline 0.011 -26"><span class='ocrx_word' id='word_1_285' title='bbox 268 3941 427 3996; x_wconf 88' lang='lat' dir='ltr'><strong>malis</strong></span> <span class='ocrx_word' id='word_1_286' title='bbox 471 3943 748 4002; x_wconf 80' lang='lat' dir='ltr'><strong>desideriis</strong></span> <span class='ocrx_word' id='word_1_287' title='bbox 793 3947 972 4004; x_wconf 90' lang='lat' dir='ltr'><strong>cordis</strong></span> <span class='ocrx_word' id='word_1_288' title='bbox 1002 3950 1118 4004; x_wconf 78' lang='lat' dir='ltr'><strong>sui?</strong></span> <span class='ocrx_word' id='word_1_289' title='bbox 1142 3949 1409 4021; x_wconf 87' lang='lat' dir='ltr'><strong>Numquid</strong></span> <span class='ocrx_word' id='word_1_290' title='bbox 1441 3964 1616 4009; x_wconf 78' lang='lat' dir='ltr'><strong>autent</strong></span> <span class='ocrx_word' id='word_1_291' title='bbox 1665 3971 1858 4013; x_wconf 79' lang='lat' dir='ltr'><strong>conse-</strong></span> 
     </span>
    </p>
   </div>
   <div class='ocr_carea' id='block_1_40' title="bbox 265 4036 1858 4114">
    <p class='ocr_par' dir='ltr' id='par_1_40' title="bbox 265 4036 1858 4114">
     <span class='ocr_line' id='line_1_40' title="bbox 265 4036 1858 4114; baseline 0.009 -28"><span class='ocrx_word' id='word_1_292' title='bbox 265 4047 442 4102; x_wconf 81' lang='lat' dir='ltr'><strong>quens</strong></span> <span class='ocrx_word' id='word_1_293' title='bbox 465 4044 567 4101; x_wconf 87' lang='lat' dir='ltr'><strong>est,</strong></span> <span class='ocrx_word' id='word_1_294' title='bbox 598 4044 658 4091; x_wconf 85' lang='lat' dir='ltr'><strong>ut</strong></span> <span class='ocrx_word' id='word_1_295' title='bbox 696 4036 741 4093; x_wconf 86' lang='lat' dir='ltr'><strong>si</strong></span> <span class='ocrx_word' id='word_1_296' title='bbox 785 4036 951 4094; x_wconf 76' lang='lat' dir='ltr'><strong>habet</strong></span> <span class='ocrx_word' id='word_1_297' title='bbox 970 4040 1160 4110; x_wconf 85' lang='lat' dir='ltr'><strong>aliquis</strong></span> <span class='ocrx_word' id='word_1_298' title='bbox 1198 4040 1375 4098; x_wconf 86' lang='lat' dir='ltr'><strong>cordis</strong></span> <span class='ocrx_word' id='word_1_299' title='bbox 1404 4042 1669 4101; x_wconf 88' lang='lat' dir='ltr'><strong>desideria</strong></span> <span class='ocrx_word' id='word_1_300' title='bbox 1696 4049 1858 4114; x_wconf 82' lang='lat' dir='ltr'><strong>mala,</strong></span> 
     </span>
    </p>
   </div>
   <div class='ocr_carea' id='block_1_41' title="bbox 262 4125 1856 4195">
    <p class='ocr_par' dir='ltr' id='par_1_41' title="bbox 262 4125 1856 4195">
     <span class='ocr_line' id='line_1_41' title="bbox 262 4125 1856 4195; baseline 0.011 -17"><span class='ocrx_word' id='word_1_301' title='bbox 262 4125 379 4195; x_wconf 78' lang='lat' dir='ltr'><strong>jam</strong></span> <span class='ocrx_word' id='word_1_302' title='bbox 445 4127 603 4181; x_wconf 82' lang='lat' dir='ltr'><strong>etiam</strong></span> <span class='ocrx_word' id='word_1_303' title='bbox 658 4130 960 4188; x_wconf 80' lang='lat' dir='ltr'><strong>consentiat</strong></span> <span class='ocrx_word' id='word_1_304' title='bbox 1007 4132 1086 4188; x_wconf 89' lang='lat' dir='ltr'><strong>eis</strong></span> <span class='ocrx_word' id='word_1_305' title='bbox 1134 4133 1200 4187; x_wconf 83' lang='lat' dir='ltr'><strong>ad</strong></span> <span class='ocrx_word' id='word_1_306' title='bbox 1248 4135 1625 4192; x_wconf 80' lang='lat' dir='ltr'><strong>committenda</strong></span> <span class='ocrx_word' id='word_1_307' title='bbox 1670 4139 1856 4195; x_wconf 86' lang='lat' dir='ltr'><strong>eadem</strong></span> 
     </span>
    </p>
   </div>
   <div class='ocr_carea' id='block_1_42' title="bbox 265 4215 1858 4290">
    <p class='ocr_par' dir='ltr' id='par_1_42' title="bbox 265 4215 1858 4290">
     <span class='ocr_line' id='line_1_42' title="bbox 265 4215 1858 4290; baseline 0.011 -21"><span class='ocrx_word' id='word_1_308' title='bbox 265 4215 452 4272; x_wconf 23' lang='lat' dir='ltr'><strong>malai?</strong></span> <span class='ocrx_word' id='word_1_309' title='bbox 480 4218 559 4274; x_wconf 80' lang='lat' dir='ltr'><strong>Ac</strong></span> <span class='ocrx_word' id='word_1_310' title='bbox 587 4235 685 4290; x_wconf 83' lang='lat' dir='ltr'><strong>per</strong></span> <span class='ocrx_word' id='word_1_311' title='bbox 720 4219 824 4277; x_wconf 87' lang='lat' dir='ltr'><strong>hoc</strong></span> <span class='ocrx_word' id='word_1_312' title='bbox 864 4222 1006 4278; x_wconf 87' lang='lat' dir='ltr'><strong>aliud</strong></span> <span class='ocrx_word' id='word_1_313' title='bbox 1049 4234 1132 4280; x_wconf 86' lang='lat' dir='ltr'><strong>est</strong></span> <span class='ocrx_word' id='word_1_314' title='bbox 1178 4225 1379 4283; x_wconf 81' lang='lat' dir='ltr'><strong>habere</strong></span> <span class='ocrx_word' id='word_1_315' title='bbox 1427 4229 1566 4284; x_wconf 87' lang='lat' dir='ltr'><strong>mala</strong></span> <span class='ocrx_word' id='word_1_316' title='bbox 1594 4229 1858 4288; x_wconf 82' lang='lat' dir='ltr'><strong>desideria</strong></span> 
     </span>
    </p>
   </div>
   <div class='ocr_carea' id='block_1_43' title="bbox 268 4309 1857 4389">
    <p class='ocr_par' dir='ltr' id='par_1_43' title="bbox 268 4309 1857 4389">
     <span class='ocr_line' id='line_1_43' title="bbox 268 4309 1857 4389; baseline 0.011 -25"><span class='ocrx_word' id='word_1_317' title='bbox 268 4309 487 4377; x_wconf 77' lang='lat' dir='ltr'><strong>cordis,</strong></span> <span class='ocrx_word' id='word_1_318' title='bbox 518 4312 661 4367; x_wconf 85' lang='lat' dir='ltr'><strong>aliud</strong></span> <span class='ocrx_word' id='word_1_319' title='bbox 704 4314 841 4370; x_wconf 85' lang='lat' dir='ltr'><strong>tradi</strong></span> <span class='ocrx_word' id='word_1_320' title='bbox 885 4316 1003 4383; x_wconf 74' lang='lat' dir='ltr'><strong>eis;</strong></span> <span class='ocrx_word' id='word_1_321' title='bbox 1035 4318 1217 4389; x_wconf 88' lang='lat' dir='ltr'><strong>utique</strong></span> <span class='ocrx_word' id='word_1_322' title='bbox 1264 4328 1320 4373; x_wconf 88' lang='lat' dir='ltr'><strong>ut</strong></span> <span class='ocrx_word' id='word_1_323' title='bbox 1368 4322 1751 4379; x_wconf 86' lang='lat' dir='ltr'><strong>consentiendo</strong></span> <span class='ocrx_word' id='word_1_324' title='bbox 1779 4329 1857 4381; x_wconf 90' lang='lat' dir='ltr'><strong>eis</strong></span> 
     </span>
    </p>
   </div>
   <div class='ocr_carea' id='block_1_44' title="bbox 264 4400 1857 4484">
    <p class='ocr_par' dir='ltr' id='par_1_44' title="bbox 264 4400 1857 4484">
     <span class='ocr_line' id='line_1_44' title="bbox 264 4400 1857 4484; baseline 0.012 -30"><span class='ocrx_word' id='word_1_325' title='bbox 264 4400 607 4471; x_wconf 78' lang='lat' dir='ltr'><strong>possideatur</strong></span> <span class='ocrx_word' id='word_1_326' title='bbox 634 4406 700 4460; x_wconf 87' lang='lat' dir='ltr'><strong>ab</strong></span> <span class='ocrx_word' id='word_1_327' title='bbox 728 4406 828 4473; x_wconf 84' lang='lat' dir='ltr'><strong>eis,</strong></span> <span class='ocrx_word' id='word_1_328' title='bbox 858 4408 1001 4478; x_wconf 89' lang='lat' dir='ltr'><strong>quod</strong></span> <span class='ocrx_word' id='word_1_329' title='bbox 1032 4408 1090 4464; x_wconf 90' lang='lat' dir='ltr'><strong>lit</strong></span> <span class='ocrx_word' id='word_1_330' title='bbox 1116 4424 1236 4465; x_wconf 91' lang='lat' dir='ltr'><strong>cum</strong></span> <span class='ocrx_word' id='word_1_331' title='bbox 1262 4410 1443 4467; x_wconf 89' lang='lat' dir='ltr'><strong>divino</strong></span> <span class='ocrx_word' id='word_1_332' title='bbox 1463 4413 1664 4484; x_wconf 89' lang='lat' dir='ltr'><strong>judicio</strong></span> <span class='ocrx_word' id='word_1_333' title='bbox 1694 4419 1857 4476; x_wconf 84' lang='lat' dir='ltr'><strong>tradi-</strong></span> 
     </span>
    </p>
   </div>
   <div class='ocr_carea' id='block_1_45' title="bbox 263 4494 1854 4579">
    <p class='ocr_par' dir='ltr' id='par_1_45' title="bbox 263 4494 1854 4579">
     <span class='ocr_line' id='line_1_45' title="bbox 263 4494 1854 4579; baseline 0.011 -32"><span class='ocrx_word' id='word_1_334' title='bbox 263 4502 355 4547; x_wconf 83' lang='lat' dir='ltr'><strong>tur</strong></span> <span class='ocrx_word' id='word_1_335' title='bbox 374 4494 480 4551; x_wconf 83' lang='lat' dir='ltr'><strong>eis.</strong></span> <span class='ocrx_word' id='word_1_336' title='bbox 503 4496 750 4568; x_wconf 80' lang='lat' dir='ltr'><strong>Alioquin</strong></span> <span class='ocrx_word' id='word_1_337' title='bbox 773 4497 965 4555; x_wconf 78' lang='lat' dir='ltr'><strong>frustra</strong></span> <span class='ocrx_word' id='word_1_338' title='bbox 991 4500 1190 4557; x_wconf 88' lang='lat' dir='ltr'><strong>dictum</strong></span> <span class='ocrx_word' id='word_1_339' title='bbox 1218 4513 1321 4569; x_wconf 90' lang='lat' dir='ltr'><strong>est,</strong></span> <span class='ocrx_word' id='word_1_340' title='bbox 1344 4503 1469 4560; x_wconf 85' lang='lat' dir='ltr'><strong>Post</strong></span> <span class='ocrx_word' id='word_1_341' title='bbox 1492 4509 1854 4579; x_wconf 65' lang='lat' dir='ltr'><strong>concupiscem</strong></span> 
     </span>
    </p>
   </div>
   <div class='ocr_carea' id='block_1_46' title="bbox 262 4585 1852 4666">
    <p class='ocr_par' dir='ltr' id='par_1_46' title="bbox 262 4585 1852 4666">
     <span class='ocr_line' id='line_1_46' title="bbox 262 4585 1852 4666; baseline 0.011 -29"><span class='ocrx_word' id='word_1_342' title='bbox 262 4585 363 4639; x_wconf 86' lang='lat' dir='ltr'><strong>tias</strong></span> <span class='ocrx_word' id='word_1_343' title='bbox 405 4593 519 4640; x_wconf 86' lang='lat' dir='ltr'><strong>tuas</strong></span> <span class='ocrx_word' id='word_1_344' title='bbox 544 4602 644 4641; x_wconf 90' lang='lat' dir='ltr'><strong>non</strong></span> <span class='ocrx_word' id='word_1_345' title='bbox 672 4604 795 4655; x_wconf 70' lang='lat' dir='ltr'><strong>eas;</strong></span> <span class='ocrx_word' id='word_1_346' title='bbox 825 4589 870 4644; x_wconf 91' lang='lat' dir='ltr'><strong>si</strong></span> <span class='ocrx_word' id='word_1_347' title='bbox 908 4590 1017 4661; x_wconf 87' lang='lat' dir='ltr'><strong>jam</strong></span> <span class='ocrx_word' id='word_1_348' title='bbox 1048 4593 1272 4664; x_wconf 88' lang='lat' dir='ltr'><strong>quisque</strong></span> <span class='ocrx_word' id='word_1_349' title='bbox 1299 4609 1421 4649; x_wconf 91' lang='lat' dir='ltr'><strong>reus</strong></span> <span class='ocrx_word' id='word_1_350' title='bbox 1448 4607 1552 4659; x_wconf 86' lang='lat' dir='ltr'><strong>est,</strong></span> <span class='ocrx_word' id='word_1_351' title='bbox 1593 4598 1743 4666; x_wconf 84' lang='lat' dir='ltr'><strong>quod</strong></span> <span class='ocrx_word' id='word_1_352' title='bbox 1766 4609 1852 4654; x_wconf 86' lang='lat' dir='ltr'><strong>tu-</strong></span> 
     </span>
    </p>
   </div>
   <div class='ocr_carea' id='block_1_47' title="bbox 261 4677 1855 4756">
    <p class='ocr_par' dir='ltr' id='par_1_47' title="bbox 261 4677 1855 4756">
     <span class='ocr_line' id='line_1_47' title="bbox 261 4677 1855 4756; baseline 0.011 -26"><span class='ocrx_word' id='word_1_353' title='bbox 261 4677 585 4733; x_wconf 85' lang='lat' dir='ltr'><strong>multuantes</strong></span> <span class='ocrx_word' id='word_1_354' title='bbox 609 4687 664 4736; x_wconf 86' lang='lat' dir='ltr'><strong>et</strong></span> <span class='ocrx_word' id='word_1_355' title='bbox 682 4680 747 4735; x_wconf 86' lang='lat' dir='ltr'><strong>ad</strong></span> <span class='ocrx_word' id='word_1_356' title='bbox 773 4681 909 4736; x_wconf 89' lang='lat' dir='ltr'><strong>mala</strong></span> <span class='ocrx_word' id='word_1_357' title='bbox 942 4683 1153 4740; x_wconf 84' lang='lat' dir='ltr'><strong>trahere</strong></span> <span class='ocrx_word' id='word_1_358' title='bbox 1179 4685 1409 4741; x_wconf 87' lang='lat' dir='ltr'><strong>nitentes</strong></span> <span class='ocrx_word' id='word_1_359' title='bbox 1436 4689 1596 4743; x_wconf 87' lang='lat' dir='ltr'><strong>sentit</strong></span> <span class='ocrx_word' id='word_1_360' title='bbox 1616 4704 1727 4756; x_wconf 78' lang='lat' dir='ltr'><strong>eas,</strong></span> <span class='ocrx_word' id='word_1_361' title='bbox 1756 4708 1855 4749; x_wconf 86' lang='lat' dir='ltr'><strong>nec</strong></span> 
     </span>
    </p>
   </div>
   <div class='ocr_carea' id='block_1_48' title="bbox 258 4767 1852 4841">
    <p class='ocr_par' dir='ltr' id='par_1_48' title="bbox 258 4767 1852 4841">
     <span class='ocr_line' id='line_1_48' title="bbox 258 4767 1852 4841; baseline 0.013 -23"><span class='ocrx_word' id='word_1_362' title='bbox 258 4779 356 4819; x_wconf 81' lang='lat' dir='ltr'><strong>eas</strong></span> <span class='ocrx_word' id='word_1_363' title='bbox 383 4767 657 4838; x_wconf 83' lang='lat' dir='ltr'><strong>sequitur,</strong></span> <span class='ocrx_word' id='word_1_364' title='bbox 688 4769 734 4826; x_wconf 90' lang='lat' dir='ltr'><strong>si</strong></span> <span class='ocrx_word' id='word_1_365' title='bbox 761 4787 867 4826; x_wconf 89' lang='lat' dir='ltr'><strong>non</strong></span> <span class='ocrx_word' id='word_1_366' title='bbox 891 4772 971 4828; x_wconf 88' lang='lat' dir='ltr'><strong>eis</strong></span> <span class='ocrx_word' id='word_1_367' title='bbox 996 4773 1256 4841; x_wconf 85' lang='lat' dir='ltr'><strong>traditur;</strong></span> <span class='ocrx_word' id='word_1_368' title='bbox 1297 4791 1557 4834; x_wconf 81' lang='lat' dir='ltr'><strong>exercens</strong></span> <span class='ocrx_word' id='word_1_369' title='bbox 1594 4779 1852 4838; x_wconf 78' lang='lat' dir='ltr'><strong>adversus</strong></span> 
     </span>
    </p>
   </div>
   <div class='ocr_carea' id='block_1_49' title="bbox 258 4856 1851 4940">
    <p class='ocr_par' dir='ltr' id='par_1_49' title="bbox 258 4856 1851 4940">
     <span class='ocr_line' id='line_1_49' title="bbox 258 4856 1851 4940; baseline 0.015 -35"><span class='ocrx_word' id='word_1_370' title='bbox 258 4868 357 4907; x_wconf 86' lang='lat' dir='ltr'><strong>eas</strong></span> <span class='ocrx_word' id='word_1_371' title='bbox 398 4856 628 4925; x_wconf 76' lang='lat' dir='ltr'><strong>gloriosa</strong></span> <span class='ocrx_word' id='word_1_372' title='bbox 672 4862 985 4929; x_wconf 77' lang='lat' dir='ltr'><strong>certamina,</strong></span> <span class='ocrx_word' id='word_1_373' title='bbox 1015 4863 1061 4920; x_wconf 86' lang='lat' dir='ltr'><strong>si</strong></span> <span class='ocrx_word' id='word_1_374' title='bbox 1092 4865 1221 4919; x_wconf 84' lang='lat' dir='ltr'><strong>vivit</strong></span> <span class='ocrx_word' id='word_1_375' title='bbox 1263 4867 1315 4921; x_wconf 94' lang='lat' dir='ltr'><strong>iu</strong></span> <span class='ocrx_word' id='word_1_376' title='bbox 1360 4869 1550 4938; x_wconf 73' lang='lat' dir='ltr'><strong>gratia.</strong></span> <span class='ocrx_word' id='word_1_377' title='bbox 1590 4869 1726 4940; x_wconf 86' lang='lat' dir='ltr'><strong>Quid</strong></span> <span class='ocrx_word' id='word_1_378' title='bbox 1758 4873 1851 4929; x_wconf 86' lang='lat' dir='ltr'><strong>tibi</strong></span> 
     </span>
    </p>
   </div>
   <div class='ocr_carea' id='block_1_50' title="bbox 258 4946 1854 5030">
    <p class='ocr_par' dir='ltr' id='par_1_50' title="bbox 258 4946 1854 5030">
     <span class='ocr_line' id='line_1_50' title="bbox 258 4946 1854 5030; baseline 0.012 -33"><span class='ocrx_word' id='word_1_379' title='bbox 258 4946 406 4999; x_wconf 68' lang='lat' dir='ltr'><strong>cutim</strong></span> <span class='ocrx_word' id='word_1_380' title='bbox 437 4947 645 5003; x_wconf 84' lang='lat' dir='ltr'><strong>videtur</strong></span> <span class='ocrx_word' id='word_1_381' title='bbox 666 4991 681 5013; x_wconf 92' lang='lat'><strong>,</strong></span> <span class='ocrx_word' id='word_1_382' title='bbox 726 4952 818 5022; x_wconf 87' lang='lat' dir='ltr'><strong>qui</strong></span> <span class='ocrx_word' id='word_1_383' title='bbox 848 4952 867 4984; x_wconf 86' lang='grc'>¹</span> <span class='ocrx_word' id='word_1_384' title='bbox 899 4953 1151 5009; x_wconf 75' lang='lat' dir='ltr'><strong>observat</strong></span> <span class='ocrx_word' id='word_1_385' title='bbox 1187 4956 1328 5025; x_wconf 92' lang='lat' dir='ltr'><strong>quod</strong></span> <span class='ocrx_word' id='word_1_386' title='bbox 1353 4958 1612 5030; x_wconf 89' lang='lat' dir='ltr'><strong>scriptum</strong></span> <span class='ocrx_word' id='word_1_387' title='bbox 1651 4972 1753 5028; x_wconf 79' lang='lat' dir='ltr'><strong>est,</strong></span> <span class='ocrx_word' id='word_1_388' title='bbox 1793 4963 1854 5019; x_wconf 87' lang='lat' dir='ltr'><strong>Si</strong></span> 
     </span>
    </p>
   </div>
   <div class='ocr_carea' id='block_1_51' title="bbox 259 5039 1854 5122">
    <p class='ocr_par' dir='ltr' id='par_1_51' title="bbox 259 5039 1854 5122">
     <span class='ocr_line' id='line_1_51' title="bbox 259 5039 1854 5122; baseline 0.015 -37"><span class='ocrx_word' id='word_1_389' title='bbox 259 5045 465 5103; x_wconf 72' lang='lat' dir='ltr'><strong>prcslcs</strong></span> <span class='ocrx_word' id='word_1_390' title='bbox 486 5039 672 5094; x_wconf 77' lang='lat' dir='ltr'><strong>animat</strong></span> <span class='ocrx_word' id='word_1_391' title='bbox 696 5050 797 5095; x_wconf 71' lang='lat' dir='ltr'><strong>tua:</strong></span> <span class='ocrx_word' id='word_1_392' title='bbox 829 5043 1262 5113; x_wconf 82' lang='lat' dir='ltr'><strong>concupiscentias</strong></span> <span class='ocrx_word' id='word_1_393' title='bbox 1282 5048 1410 5118; x_wconf 78' lang='lat' dir='ltr'><strong>ejus,</strong></span> <span class='ocrx_word' id='word_1_394' title='bbox 1434 5048 1595 5121; x_wconf 86' lang='lat' dir='ltr'><strong>(quod</strong></span> <span class='ocrx_word' id='word_1_395' title='bbox 1615 5053 1740 5122; x_wconf 88' lang='lat' dir='ltr'><strong>quid</strong></span> <span class='ocrx_word' id='word_1_396' title='bbox 1771 5065 1854 5109; x_wconf 87' lang='lat' dir='ltr'><strong>est</strong></span> 
     </span>
    </p>
   </div>
   <div class='ocr_carea' id='block_1_52' title="bbox 256 5126 1852 5214">
    <p class='ocr_par' dir='ltr' id='par_1_52' title="bbox 256 5126 1852 5214">
     <span class='ocr_line' id='line_1_52' title="bbox 256 5126 1852 5214; baseline 0.013 -36"><span class='ocrx_word' id='word_1_397' title='bbox 256 5126 619 5199; x_wconf 73' lang='lat' dir='ltr'><strong>aliud,-quam</strong></span> <span class='ocrx_word' id='word_1_398' title='bbox 649 5130 916 5188; x_wconf 87' lang='lat' dir='ltr'><strong>desideria</strong></span> <span class='ocrx_word' id='word_1_399' title='bbox 941 5134 1058 5203; x_wconf 85' lang='lat' dir='ltr'><strong>ejus</strong></span> <span class='ocrx_word' id='word_1_400' title='bbox 1084 5136 1288 5207; x_wconf 84' lang='lat' dir='ltr'><strong>mala?)</strong></span> <span class='ocrx_word' id='word_1_401' title='bbox 1316 5141 1467 5209; x_wconf 74' lang='lat' dir='ltr'><strong>faciet</strong></span> <span class='ocrx_word' id='word_1_402' title='bbox 1493 5136 1513 5174; x_wconf 73' lang='grc'>¹</span> <span class='ocrx_word' id='word_1_403' title='bbox 1543 5152 1591 5195; x_wconf 86' lang='lat' dir='ltr'><strong>te</strong></span> <span class='ocrx_word' id='word_1_404' title='bbox 1609 5143 1852 5214; x_wconf 86' lang='lat' dir='ltr'><strong>gaudium</strong></span> 
     </span>
    </p>
   </div>
   <div class='ocr_carea' id='block_1_53' title="bbox 257 5217 1852 5300">
    <p class='ocr_par' dir='ltr' id='par_1_53' title="bbox 257 5217 1852 5300">
     <span class='ocr_line' id='line_1_53' title="bbox 257 5217 1852 5300; baseline 0.012 -31"><span class='ocrx_word' id='word_1_405' title='bbox 257 5217 478 5274; x_wconf 79' lang='lat' dir='ltr'><strong>inimicis</strong></span> <span class='ocrx_word' id='word_1_406' title='bbox 521 5231 566 5274; x_wconf 88' lang='lat' dir='ltr'><strong>et</strong></span> <span class='ocrx_word' id='word_1_407' title='bbox 606 5221 792 5278; x_wconf 76' lang='lat' dir='ltr'><strong>invidis</strong></span> <span class='ocrx_word' id='word_1_408' title='bbox 819 5224 920 5278; x_wconf 83' lang='lat' dir='ltr'><strong>tuis</strong></span> <span class='ocrx_word' id='word_1_409' title='bbox 947 5222 1134 5296; x_wconf 83' lang='lat' dir='ltr'><strong>(Eecli.</strong></span> <span class='ocrx_word' id='word_1_410' title='bbox 1183 5243 1329 5295; x_wconf 76' lang='lat' dir='ltr'><strong>xvm,</strong></span> <span class='ocrx_word' id='word_1_411' title='bbox 1366 5230 1437 5285; x_wconf 69' lang='lat'><strong>30</strong></span> <span class='ocrx_word' id='word_1_412' title='bbox 1465 5240 1511 5285; x_wconf 89' lang='lat' dir='ltr'><strong>et</strong></span> <span class='ocrx_word' id='word_1_413' title='bbox 1534 5232 1671 5300; x_wconf 79' lang='lat' dir='ltr'><strong>5i)?</strong></span> <span class='ocrx_word' id='word_1_414' title='bbox 1698 5250 1852 5288; x_wconf 82' lang='lat' dir='ltr'><strong>num-</strong></span> 
     </span>
    </p>
   </div>
   <div class='ocr_carea' id='block_1_54' title="bbox 253 5308 1849 5380">
    <p class='ocr_par' dir='ltr' id='par_1_54' title="bbox 253 5308 1849 5380">
     <span class='ocr_line' id='line_1_54' title="bbox 253 5308 1849 5380; baseline 0.012 -18"><span class='ocrx_word' id='word_1_415' title='bbox 253 5308 386 5377; x_wconf 82' lang='lat' dir='ltr'><strong>quid</strong></span> <span class='ocrx_word' id='word_1_416' title='bbox 416 5310 527 5379; x_wconf 80' lang='lat' dir='ltr'><strong>jam</strong></span> <span class='ocrx_word' id='word_1_417' title='bbox 554 5311 653 5367; x_wconf 87' lang='lat' dir='ltr'><strong>iste</strong></span> <span class='ocrx_word' id='word_1_418' title='bbox 684 5328 807 5369; x_wconf 84' lang='lat' dir='ltr'><strong>reus</strong></span> <span class='ocrx_word' id='word_1_419' title='bbox 832 5323 932 5378; x_wconf 90' lang='lat' dir='ltr'><strong>est,</strong></span> <span class='ocrx_word' id='word_1_420' title='bbox 969 5316 1214 5373; x_wconf 85' lang='lat' dir='ltr'><strong>habendo</strong></span> <span class='ocrx_word' id='word_1_421' title='bbox 1244 5321 1377 5377; x_wconf 68' lang='lat' dir='ltr'><strong>tales</strong></span> <span class='ocrx_word' id='word_1_422' title='bbox 1415 5323 1606 5377; x_wconf 69' lang='lat' dir='ltr'><strong>animo:</strong></span> <span class='ocrx_word' id='word_1_423' title='bbox 1649 5341 1849 5380; x_wconf 89' lang='lat' dir='ltr'><strong>concu-</strong></span> 
     </span>
    </p>
   </div>
   <div class='ocr_carea' id='block_1_55' title="bbox 257 5398 1849 5483">
    <p class='ocr_par' dir='ltr' id='par_1_55' title="bbox 257 5398 1849 5483">
     <span class='ocr_line' id='line_1_55' title="bbox 257 5398 1849 5483; baseline 0.014 -35"><span class='ocrx_word' id='word_1_424' title='bbox 257 5398 569 5466; x_wconf 73' lang='lat' dir='ltr'><strong>piscentias,</strong></span> <span class='ocrx_word' id='word_1_425' title='bbox 597 5417 730 5471; x_wconf 83' lang='lat' dir='ltr'><strong>quas</strong></span> <span class='ocrx_word' id='word_1_426' title='bbox 750 5403 799 5457; x_wconf 89' lang='lat' dir='ltr'><strong>ei</strong></span> <span class='ocrx_word' id='word_1_427' title='bbox 819 5412 1073 5473; x_wconf 65' lang='lat' dir='ltr'><strong>praestare</strong></span> <span class='ocrx_word' id='word_1_428' title='bbox 1102 5424 1207 5463; x_wconf 89' lang='lat' dir='ltr'><strong>non</strong></span> <span class='ocrx_word' id='word_1_429' title='bbox 1235 5409 1411 5476; x_wconf 80' lang='lat' dir='ltr'><strong>debet,</strong></span> <span class='ocrx_word' id='word_1_430' title='bbox 1446 5426 1512 5466; x_wconf 88' lang='lat' dir='ltr'><strong>ne</strong></span> <span class='ocrx_word' id='word_1_431' title='bbox 1534 5412 1584 5466; x_wconf 89' lang='lat' dir='ltr'><strong>in</strong></span> <span class='ocrx_word' id='word_1_432' title='bbox 1601 5415 1849 5483; x_wconf 83' lang='lat' dir='ltr'><strong>gaudium</strong></span> 
     </span>
    </p>
   </div>
   <div class='ocr_carea' id='block_1_56' title="bbox 257 5489 1850 5576">
    <p class='ocr_par' dir='ltr' id='par_1_56' title="bbox 257 5489 1850 5576">
     <span class='ocr_line' id='line_1_56' title="bbox 257 5489 1850 5576; baseline 0.014 -37"><span class='ocrx_word' id='word_1_433' title='bbox 257 5489 442 5543; x_wconf 82' lang='lat' dir='ltr'><strong>veniat</strong></span> <span class='ocrx_word' id='word_1_434' title='bbox 466 5490 683 5547; x_wconf 80' lang='lat' dir='ltr'><strong>diabolo</strong></span> <span class='ocrx_word' id='word_1_435' title='bbox 704 5504 758 5549; x_wconf 82' lang='lat' dir='ltr'><strong>et</strong></span> <span class='ocrx_word' id='word_1_436' title='bbox 781 5496 989 5566; x_wconf 73' lang='lat' dir='ltr'><strong>angelis</strong></span> <span class='ocrx_word' id='word_1_437' title='bbox 1013 5498 1150 5567; x_wconf 77' lang='lat' dir='ltr'><strong>ejus,</strong></span> <span class='ocrx_word' id='word_1_438' title='bbox 1181 5500 1270 5571; x_wconf 82' lang='lat' dir='ltr'><strong>qui</strong></span> <span class='ocrx_word' id='word_1_439' title='bbox 1302 5511 1424 5556; x_wconf 85' lang='lat' dir='ltr'><strong>sunt</strong></span> <span class='ocrx_word' id='word_1_440' title='bbox 1465 5502 1663 5559; x_wconf 85' lang='lat' dir='ltr'><strong>inimici</strong></span> <span class='ocrx_word' id='word_1_441' title='bbox 1693 5515 1850 5576; x_wconf 84' lang='lat' dir='ltr'><strong>atque</strong></span> 
     </span>
    </p>
   </div>
   <div class='ocr_carea' id='block_1_57' title="bbox 252 5582 663 5638">
    <p class='ocr_par' dir='ltr' id='par_1_57' title="bbox 252 5582 663 5638">
     <span class='ocr_line' id='line_1_57' title="bbox 252 5582 663 5638; baseline 0.005 -2"><span class='ocrx_word' id='word_1_442' title='bbox 252 5582 421 5636; x_wconf 76' lang='lat' dir='ltr'><strong>invidi</strong></span> <span class='ocrx_word' id='word_1_443' title='bbox 454 5586 663 5638; x_wconf 82' lang='lat' dir='ltr'><strong>nostri?</strong></span> 
     </span>
    </p>
   </div>
   <div class='ocr_carea' id='block_1_58' title="bbox 322 5740 1117 5813">
    <p class='ocr_par' dir='ltr' id='par_1_58' title="bbox 322 5740 1117 5813">
     <span class='ocr_line' id='line_1_58' title="bbox 322 5740 1117 5813; baseline 0.054 -33"><span class='ocrx_word' id='word_1_444' title='bbox 322 5742 340 5813; x_wconf 52' lang='grc' dir='ltr'>ί</span> <span class='ocrx_word' id='word_1_445' title='bbox 362 5740 464 5808; x_wconf 59' lang='lat' dir='ltr'><strong>suta</strong></span> <span class='ocrx_word' id='word_1_446' title='bbox 485 5740 632 5807; x_wconf 79' lang='lat' dir='ltr'><strong>editio</strong></span> <span class='ocrx_word' id='word_1_447' title='bbox 652 5747 782 5813; x_wconf 51' lang='lat' dir='ltr'><strong>Lota.</strong></span> <span class='ocrx_word' id='word_1_448' title='bbox 808 5745 953 5813; x_wconf 57' lang='grc' dir='ltr'><strong>φίοὲί·</strong></span> <span class='ocrx_word' id='word_1_449' title='bbox 1035 5810 1049 5813; x_wconf 43' lang='grc' dir='ltr'><strong><em>μ</em></strong></span> <span class='ocrx_word' id='word_1_450' title='bbox 1110 5807 1117 5813; x_wconf 76' lang='grc'><em>.</em></span> 
     </span>
    </p>
   </div>
   <div class='ocr_carea' id='block_1_59' title="bbox 321 5801 1209 5869">
    <p class='ocr_par' dir='ltr' id='par_1_59' title="bbox 321 5801 1209 5869">
     <span class='ocr_line' id='line_1_59' title="bbox 321 5801 1209 5869; baseline 0.007 -20"><span class='ocrx_word' id='word_1_451' title='bbox 321 5801 340 5830; x_wconf 75' lang='grc'>⁸</span> <span class='ocrx_word' id='word_1_452' title='bbox 364 5802 637 5858; x_wconf 64' lang='lat' dir='ltr'><strong>Biantiauus</strong></span> <span class='ocrx_word' id='word_1_453' title='bbox 664 5811 801 5853; x_wconf 70' lang='lat' dir='ltr'><strong>vetus</strong></span> <span class='ocrx_word' id='word_1_454' title='bbox 821 5801 994 5866; x_wconf 58' lang='lat' dir='ltr'><strong>codex,</strong></span> <span class='ocrx_word' id='word_1_455' title='bbox 1021 5807 1209 5869; x_wconf 75' lang='lat' dir='ltr'><strong>ﬁtt‘li&#39;ttl.</strong></span> 
     </span>
    </p>
   </div>
   <div class='ocr_carea' id='block_1_60' title="bbox 1669 344 2226 448">
    <p class='ocr_par' dir='ltr' id='par_1_60' title="bbox 1669 344 2226 448">
     <span class='ocr_line' id='line_1_60' title="bbox 1669 344 2226 448; baseline 0.02 -17"><span class='ocrx_word' id='word_1_456' title='bbox 1669 376 1868 435; x_wconf 69' lang='lat' dir='ltr'><strong>nam</strong></span> <span class='ocrx_word' id='word_1_457' title='bbox 1910 344 2226 448; x_wconf 69' lang='lat' dir='ltr'><strong>Qt‘tx&#39;ms</strong></span> 
     </span>
    </p>
   </div>
   <div class='ocr_carea' id='block_1_61' title="bbox 307 476 1982 563">
    <p class='ocr_par' dir='ltr' id='par_1_61' title="bbox 307 476 1982 563">
     <span class='ocr_line' id='line_1_61' title="bbox 307 476 1982 563; baseline 0.01 -31"><span class='ocrx_word' id='word_1_458' title='bbox 307 480 435 532; x_wconf 81' lang='lat' dir='ltr'><strong>sint.</strong></span> <span class='ocrx_word' id='word_1_459' title='bbox 468 476 689 534; x_wconf 69' lang='lat' dir='ltr'><strong>(Iuravit-</strong></span> <span class='ocrx_word' id='word_1_460' title='bbox 730 481 873 536; x_wconf 87' lang='lat' dir='ltr'><strong>cnim</strong></span> <span class='ocrx_word' id='word_1_461' title='bbox 918 482 1210 552; x_wconf 82' lang='lat' dir='ltr'><strong>Apostolus</strong></span> <span class='ocrx_word' id='word_1_462' title='bbox 1262 484 1438 542; x_wconf 79' lang='lat' dir='ltr'><strong>dicere</strong></span> <span class='ocrx_word' id='word_1_463' title='bbox 1491 502 1685 559; x_wconf 77' lang='lat' dir='ltr'><strong>quanta</strong></span> <span class='ocrx_word' id='word_1_464' title='bbox 1745 508 1898 563; x_wconf 62' lang='lat' dir='ltr'><strong>paena</strong></span> <span class='ocrx_word' id='word_1_465' title='bbox 1975 506 1982 513; x_wconf 82' lang='lat'><strong>‘</strong></span> 
     </span>
    </p>
   </div>
   <div class='ocr_carea' id='block_1_62' title="bbox 3494 412 3591 468">
    <p class='ocr_par' dir='ltr' id='par_1_62' title="bbox 3494 412 3591 468">
     <span class='ocr_line' id='line_1_62' title="bbox 3494 412 3591 468; baseline 0.01 -3"><span class='ocrx_word' id='word_1_466' title='bbox 3494 412 3591 468; x_wconf 68' lang='lat' dir='ltr'><strong>illi)</strong></span> 
     </span>
    </p>
   </div>
   <div class='ocr_carea' id='block_1_63' title="bbox 2081 492 3588 592">
    <p class='ocr_par' dir='ltr' id='par_1_63' title="bbox 2081 492 3588 592">
     <span class='ocr_line' id='line_1_63' title="bbox 2081 492 3588 592; baseline 0.021 -40"><span class='ocrx_word' id='word_1_467' title='bbox 2081 499 2167 553; x_wconf 70' lang='grc'><strong>12.</strong></span> <span class='ocrx_word' id='word_1_468' title='bbox 2198 502 2327 557; x_wconf 84' lang='lat' dir='ltr'><strong>Cum</strong></span> <span class='ocrx_word' id='word_1_469' title='bbox 2355 521 2481 576; x_wconf 74' lang='lat' dir='ltr'><strong>ergo</strong></span> <span class='ocrx_word' id='word_1_470' title='bbox 2523 492 2911 568; x_wconf 50' lang='lat' dir='ltr'><strong>dicitnnoum</strong></span> <span class='ocrx_word' id='word_1_471' title='bbox 2952 516 3083 573; x_wconf 82' lang='lat' dir='ltr'><strong>tradi</strong></span> <span class='ocrx_word' id='word_1_472' title='bbox 3127 519 3407 580; x_wconf 68' lang='lat' dir='ltr'><strong>desideriis</strong></span> <span class='ocrx_word' id='word_1_473' title='bbox 3437 532 3547 583; x_wconf 61' lang='lat' dir='ltr'><strong>suis</strong></span> <span class='ocrx_word' id='word_1_474' title='bbox 3574 571 3588 592; x_wconf 94' lang='lat'><strong>,</strong></span> 
     </span>
    </p>
   </div>
   <div class='ocr_carea' id='block_1_64' title="bbox 2004 586 3587 687">
    <p class='ocr_par' dir='ltr' id='par_1_64' title="bbox 2004 586 3587 687">
     <span class='ocr_line' id='line_1_64' title="bbox 2004 586 3587 687; baseline 0.023 -46"><span class='ocrx_word' id='word_1_475' title='bbox 2004 586 2129 646; x_wconf 87' lang='lat' dir='ltr'><strong>inde</strong></span> <span class='ocrx_word' id='word_1_476' title='bbox 2155 592 2213 647; x_wconf 90' lang='lat' dir='ltr'><strong>lit</strong></span> <span class='ocrx_word' id='word_1_477' title='bbox 2242 611 2382 660; x_wconf 86' lang='lat' dir='ltr'><strong>rcus,</strong></span> <span class='ocrx_word' id='word_1_478' title='bbox 2407 600 2528 668; x_wconf 83' lang='lat' dir='ltr'><strong>quia</strong></span> <span class='ocrx_word' id='word_1_479' title='bbox 2549 601 2790 659; x_wconf 85' lang='lat' dir='ltr'><strong>desertus</strong></span> <span class='ocrx_word' id='word_1_480' title='bbox 2818 621 2847 660; x_wconf 88' lang='lat' dir='ltr'><strong>a</strong></span> <span class='ocrx_word' id='word_1_481' title='bbox 2879 609 2987 663; x_wconf 86' lang='lat' dir='ltr'><strong>Deo</strong></span> <span class='ocrx_word' id='word_1_482' title='bbox 3013 613 3152 666; x_wconf 88' lang='lat' dir='ltr'><strong>cedit</strong></span> <span class='ocrx_word' id='word_1_483' title='bbox 3181 630 3258 669; x_wconf 70' lang='grc' dir='ltr'><strong>(εις</strong></span> <span class='ocrx_word' id='word_1_484' title='bbox 3279 610 3437 687; x_wconf 74' lang='lat' dir='ltr'><strong>atque</strong></span> <span class='ocrx_word' id='word_1_485' title='bbox 3464 640 3587 677; x_wconf 68' lang='lat' dir='ltr'><strong>ttull°</strong></span> 
     </span>
    </p>
   </div>
   <div class='ocr_carea' id='block_1_65' title="bbox 2003 682 3582 779">
    <p class='ocr_par' dir='ltr' id='par_1_65' title="bbox 2003 682 3582 779">
     <span class='ocr_line' id='line_1_65' title="bbox 2003 682 3582 779; baseline 0.02 -46"><span class='ocrx_word' id='word_1_486' title='bbox 2003 682 2183 748; x_wconf 84' lang='lat' dir='ltr'><strong>sentit;</strong></span> <span class='ocrx_word' id='word_1_487' title='bbox 2209 687 2457 756; x_wconf 88' lang='lat' dir='ltr'><strong>vincitur,</strong></span> <span class='ocrx_word' id='word_1_488' title='bbox 2490 694 2713 762; x_wconf 86' lang='lat' dir='ltr'><strong>capitur,</strong></span> <span class='ocrx_word' id='word_1_489' title='bbox 2745 696 3031 767; x_wconf 81' lang='lat' dir='ltr'><strong>trahitur‘,</strong></span> <span class='ocrx_word' id='word_1_490' title='bbox 3062 682 3385 775; x_wconf 67' lang='lat' dir='ltr'><strong>possidetur.</strong></span> <span class='ocrx_word' id='word_1_491' title='bbox 3416 713 3457 762; x_wconf 75' lang='grc' dir='ltr'><em>Α</em></span> <span class='ocrx_word' id='word_1_492' title='bbox 3486 728 3582 779; x_wconf 78' lang='lat' dir='ltr'><strong>quo</strong></span> 
     </span>
    </p>
   </div>
   <div class='ocr_carea' id='block_1_66' title="bbox 2001 774 3586 857">
    <p class='ocr_par' dir='ltr' id='par_1_66' title="bbox 2001 774 3586 857">
     <span class='ocr_line' id='line_1_66' title="bbox 2001 774 3586 857; baseline 0.019 -31"><span class='ocrx_word' id='word_1_493' title='bbox 2001 774 2132 828; x_wconf 86' lang='lat' dir='ltr'><strong>enim</strong></span> <span class='ocrx_word' id='word_1_494' title='bbox 2177 778 2289 847; x_wconf 83' lang='lat' dir='ltr'><strong>quis</strong></span> <span class='ocrx_word' id='word_1_495' title='bbox 2337 780 2559 838; x_wconf 86' lang='lat' dir='ltr'><strong>devictus</strong></span> <span class='ocrx_word' id='word_1_496' title='bbox 2610 795 2715 854; x_wconf 86' lang='lat' dir='ltr'><strong>est,</strong></span> <span class='ocrx_word' id='word_1_497' title='bbox 2766 787 2884 843; x_wconf 81' lang='lat' dir='ltr'><strong>huic</strong></span> <span class='ocrx_word' id='word_1_498' title='bbox 2930 801 2977 846; x_wconf 85' lang='lat' dir='ltr'><strong>et</strong></span> <span class='ocrx_word' id='word_1_499' title='bbox 3028 774 3199 850; x_wconf 81' lang='lat' dir='ltr'><strong>servus</strong></span> <span class='ocrx_word' id='word_1_500' title='bbox 3237 798 3468 857; x_wconf 81' lang='lat' dir='ltr'><strong>addictus</strong></span> <span class='ocrx_word' id='word_1_501' title='bbox 3514 816 3586 857; x_wconf 80' lang='lat' dir='ltr'><strong>est</strong></span> 
     </span>
    </p>
   </div>
   <div class='ocr_carea' id='block_1_67' title="bbox 2001 862 3582 963">
    <p class='ocr_par' dir='ltr' id='par_1_67' title="bbox 2001 862 3582 963">
     <span class='ocr_line' id='line_1_67' title="bbox 2001 862 3582 963; baseline 0.018 -45"><span class='ocrx_word' id='word_1_502' title='bbox 2001 864 2074 934; x_wconf 90' lang='lat' dir='ltr'><strong>(ll</strong></span> <span class='ocrx_word' id='word_1_503' title='bbox 2103 862 2246 923; x_wconf 86' lang='lat' dir='ltr'><strong>Petr.</strong></span> <span class='ocrx_word' id='word_1_504' title='bbox 2278 886 2338 938; x_wconf 89' lang='lat' dir='ltr'><strong>n,</strong></span> <span class='ocrx_word' id='word_1_505' title='bbox 2372 872 2459 945; x_wconf 79' lang='lat' dir='ltr'><strong>l9)</strong></span> <span class='ocrx_word' id='word_1_506' title='bbox 2491 891 2503 928; x_wconf 92' lang='lat'><strong>:</strong></span> <span class='ocrx_word' id='word_1_507' title='bbox 2531 887 2582 931; x_wconf 89' lang='lat' dir='ltr'><strong>et</strong></span> <span class='ocrx_word' id='word_1_508' title='bbox 2605 876 2663 932; x_wconf 85' lang='lat' dir='ltr'><strong>lit</strong></span> <span class='ocrx_word' id='word_1_509' title='bbox 2691 880 2737 934; x_wconf 90' lang='lat' dir='ltr'><strong>ei</strong></span> <span class='ocrx_word' id='word_1_510' title='bbox 2766 892 3039 950; x_wconf 87' lang='lat' dir='ltr'><strong>peccatum</strong></span> <span class='ocrx_word' id='word_1_511' title='bbox 3067 902 3419 959; x_wconf 84' lang='lat' dir='ltr'><strong>consequens,</strong></span> <span class='ocrx_word' id='word_1_512' title='bbox 3442 911 3582 963; x_wconf 79' lang='lat' dir='ltr'><strong>pra-.-</strong></span> 
     </span>
    </p>
   </div>
   <div class='ocr_carea' id='block_1_68' title="bbox 1997 956 3583 1048">
    <p class='ocr_par' dir='ltr' id='par_1_68' title="bbox 1997 956 3583 1048">
     <span class='ocr_line' id='line_1_68' title="bbox 1997 956 3583 1048; baseline 0.019 -39"><span class='ocrx_word' id='word_1_513' title='bbox 1997 956 2234 1014; x_wconf 86' lang='lat' dir='ltr'><strong>ccdentis</strong></span> <span class='ocrx_word' id='word_1_514' title='bbox 2291 979 2445 1033; x_wconf 67' lang='lat' dir='ltr'><strong>pinna</strong></span> <span class='ocrx_word' id='word_1_515' title='bbox 2507 969 2729 1036; x_wconf 81' lang='lat' dir='ltr'><strong>peccati.</strong></span> <span class='ocrx_word' id='word_1_516' title='bbox 2799 973 2989 1031; x_wconf 84' lang='lat' dir='ltr'><strong>Annon</strong></span> <span class='ocrx_word' id='word_1_517' title='bbox 3041 986 3123 1033; x_wconf 85' lang='lat' dir='ltr'><strong>cst</strong></span> <span class='ocrx_word' id='word_1_518' title='bbox 3199 956 3468 1048; x_wconf 62' lang='lat' dir='ltr'><strong>peccatum</strong></span> <span class='ocrx_word' id='word_1_519' title='bbox 3530 998 3583 1041; x_wconf 87' lang='lat' dir='ltr'><strong>ct</strong></span> 
     </span>
    </p>
   </div>
   <div class='ocr_carea' id='block_1_69' title="bbox 1996 1056 3581 1133">
    <p class='ocr_par' dir='ltr' id='par_1_69' title="bbox 1996 1056 3581 1133">
     <span class='ocr_line' id='line_1_69' title="bbox 1996 1056 3581 1133; baseline 0.02 -33"><span class='ocrx_word' id='word_1_520' title='bbox 1996 1062 2151 1119; x_wconf 71' lang='lat' dir='ltr'><strong>ptena</strong></span> <span class='ocrx_word' id='word_1_521' title='bbox 2206 1056 2435 1122; x_wconf 77' lang='lat' dir='ltr'><strong>peccati,</strong></span> <span class='ocrx_word' id='word_1_522' title='bbox 2481 1057 2571 1113; x_wconf 86' lang='lat' dir='ltr'><strong>ubi</strong></span> <span class='ocrx_word' id='word_1_523' title='bbox 2626 1059 2856 1132; x_wconf 78' lang='lat' dir='ltr'><strong>legitur,</strong></span> <span class='ocrx_word' id='word_1_524' title='bbox 2916 1065 3162 1126; x_wconf 84' lang='lat' dir='ltr'><strong>Dominus</strong></span> <span class='ocrx_word' id='word_1_525' title='bbox 3208 1076 3340 1128; x_wconf 85' lang='lat' dir='ltr'><strong>enim</strong></span> <span class='ocrx_word' id='word_1_526' title='bbox 3383 1077 3581 1133; x_wconf 77' lang='lat' dir='ltr'><strong>miscuit</strong></span> 
     </span>
    </p>
   </div>
   <div class='ocr_carea' id='block_1_70' title="bbox 1994 1138 3580 1238">
    <p class='ocr_par' dir='ltr' id='par_1_70' title="bbox 1994 1138 3580 1238">
     <span class='ocr_line' id='line_1_70' title="bbox 1994 1138 3580 1238; baseline 0.023 -48"><span class='ocrx_word' id='word_1_527' title='bbox 1994 1138 2099 1193; x_wconf 83' lang='lat' dir='ltr'><strong>illis</strong></span> <span class='ocrx_word' id='word_1_528' title='bbox 2158 1144 2389 1213; x_wconf 84' lang='lat' dir='ltr'><strong>spiritum</strong></span> <span class='ocrx_word' id='word_1_529' title='bbox 2441 1150 2623 1204; x_wconf 86' lang='lat' dir='ltr'><strong>erroris</strong></span> <span class='ocrx_word' id='word_1_530' title='bbox 2650 1189 2667 1215; x_wconf 91' lang='lat'><strong>,</strong></span> <span class='ocrx_word' id='word_1_531' title='bbox 2722 1165 2769 1207; x_wconf 88' lang='lat' dir='ltr'><strong>et</strong></span> <span class='ocrx_word' id='word_1_532' title='bbox 2832 1156 3138 1215; x_wconf 74' lang='lat' dir='ltr'><strong>seduxerunt</strong></span> <span class='ocrx_word' id='word_1_533' title='bbox 3186 1162 3473 1238; x_wconf 67' lang='lat' dir='ltr'><strong>AZgyptum</strong></span> <span class='ocrx_word' id='word_1_534' title='bbox 3527 1174 3580 1226; x_wconf 86' lang='lat' dir='ltr'><strong>in</strong></span> 
     </span>
    </p>
   </div>
   <div class='ocr_carea' id='block_1_71' title="bbox 1993 1231 3574 1327">
    <p class='ocr_par' dir='ltr' id='par_1_71' title="bbox 1993 1231 3574 1327">
     <span class='ocr_line' id='line_1_71' title="bbox 1993 1231 3574 1327; baseline 0.022 -45"><span class='ocrx_word' id='word_1_535' title='bbox 1993 1231 2222 1285; x_wconf 78' lang='lat' dir='ltr'><strong>omnibus</strong></span> <span class='ocrx_word' id='word_1_536' title='bbox 2250 1237 2480 1307; x_wconf 84' lang='lat' dir='ltr'><strong>aperibus</strong></span> <span class='ocrx_word' id='word_1_537' title='bbox 2500 1241 2633 1303; x_wconf 87' lang='lat' dir='ltr'><strong>suis.</strong></span> <span class='ocrx_word' id='word_1_538' title='bbox 2667 1243 2795 1297; x_wconf 85' lang='lat' dir='ltr'><strong>sicut</strong></span> <span class='ocrx_word' id='word_1_539' title='bbox 2820 1248 3076 1303; x_wconf 86' lang='lat' dir='ltr'><strong>seducitur</strong></span> <span class='ocrx_word' id='word_1_540' title='bbox 3104 1241 3267 1308; x_wconf 84' lang='lat' dir='ltr'><strong>ebrius</strong></span> <span class='ocrx_word' id='word_1_541' title='bbox 3290 1254 3438 1326; x_wconf 85' lang='lat' dir='ltr'><strong>(lsai.</strong></span> <span class='ocrx_word' id='word_1_542' title='bbox 3470 1278 3574 1327; x_wconf 68' lang='lat' dir='ltr'><strong>xix,</strong></span> 
     </span>
    </p>
   </div>
   <div class='ocr_carea' id='block_1_72' title="bbox 1994 1319 3578 1411">
    <p class='ocr_par' dir='ltr' id='par_1_72' title="bbox 1994 1319 3578 1411">
     <span class='ocr_line' id='line_1_72' title="bbox 1994 1319 3578 1411; baseline 0.018 -38"><span class='ocrx_word' id='word_1_543' title='bbox 1994 1319 2118 1392; x_wconf 78' lang='lat' dir='ltr'><strong>ll)?</strong></span> <span class='ocrx_word' id='word_1_544' title='bbox 2152 1323 2266 1379; x_wconf 87' lang='lat' dir='ltr'><strong>Non</strong></span> <span class='ocrx_word' id='word_1_545' title='bbox 2312 1339 2395 1380; x_wconf 86' lang='lat' dir='ltr'><strong>est</strong></span> <span class='ocrx_word' id='word_1_546' title='bbox 2438 1341 2710 1399; x_wconf 85' lang='lat' dir='ltr'><strong>peccatum</strong></span> <span class='ocrx_word' id='word_1_547' title='bbox 2753 1344 2806 1389; x_wconf 90' lang='lat' dir='ltr'><strong>et</strong></span> <span class='ocrx_word' id='word_1_548' title='bbox 2847 1350 3002 1407; x_wconf 67' lang='lat' dir='ltr'><strong>paena</strong></span> <span class='ocrx_word' id='word_1_549' title='bbox 3048 1319 3418 1411; x_wconf 26' lang='lat' dir='ltr'><strong>peccatipubi</strong></span> <span class='ocrx_word' id='word_1_550' title='bbox 3472 1319 3578 1402; x_wconf 59' lang='grc' dir='ltr'><strong>1)υᾷ</strong></span> 
     </span>
    </p>
   </div>
   <div class='ocr_carea' id='block_1_73' title="bbox 1990 1411 3576 1507">
    <p class='ocr_par' dir='ltr' id='par_1_73' title="bbox 1990 1411 3576 1507">
     <span class='ocr_line' id='line_1_73' title="bbox 1990 1411 3576 1507; baseline 0.02 -40"><span class='ocrx_word' id='word_1_551' title='bbox 1990 1411 2119 1469; x_wconf 87' lang='lat' dir='ltr'><strong>dicit</strong></span> <span class='ocrx_word' id='word_1_552' title='bbox 2142 1414 2431 1489; x_wconf 81' lang='lat' dir='ltr'><strong>Propheta,</strong></span> <span class='ocrx_word' id='word_1_553' title='bbox 2461 1424 2597 1491; x_wconf 84' lang='lat' dir='ltr'><strong>Quid</strong></span> <span class='ocrx_word' id='word_1_554' title='bbox 2653 1443 2821 1484; x_wconf 81' lang='lat' dir='ltr'><strong>errare</strong></span> <span class='ocrx_word' id='word_1_555' title='bbox 2846 1433 3007 1501; x_wconf 79' lang='lat' dir='ltr'><strong>fecisti</strong></span> <span class='ocrx_word' id='word_1_556' title='bbox 3034 1451 3145 1502; x_wconf 90' lang='lat' dir='ltr'><strong>nos,</strong></span> <span class='ocrx_word' id='word_1_557' title='bbox 3176 1434 3410 1507; x_wconf 89' lang='lat' dir='ltr'><strong>Domine,</strong></span> <span class='ocrx_word' id='word_1_558' title='bbox 3443 1462 3471 1495; x_wconf 69' lang='grc' dir='ltr'><strong>ιε</strong></span> <span class='ocrx_word' id='word_1_559' title='bbox 3501 1448 3576 1498; x_wconf 73' lang='lat' dir='ltr'><strong>ria</strong></span> 
     </span>
    </p>
   </div>
   <div class='ocr_carea' id='block_1_74' title="bbox 1992 1509 3572 1607">
    <p class='ocr_par' dir='ltr' id='par_1_74' title="bbox 1992 1509 3572 1607">
     <span class='ocr_line' id='line_1_74' title="bbox 1992 1509 3572 1607; baseline 0.02 -48"><span class='ocrx_word' id='word_1_560' title='bbox 1992 1517 2116 1572; x_wconf 87' lang='lat' dir='ltr'><strong>tua;</strong></span> <span class='ocrx_word' id='word_1_561' title='bbox 2142 1509 2379 1566; x_wconf 86' lang='lat' dir='ltr'><strong>obtudiin</strong></span> <span class='ocrx_word' id='word_1_562' title='bbox 2417 1516 2573 1570; x_wconf 88' lang='lat' dir='ltr'><strong>corda</strong></span> <span class='ocrx_word' id='word_1_563' title='bbox 2602 1530 2774 1573; x_wconf 90' lang='lat' dir='ltr'><strong>nostra</strong></span> <span class='ocrx_word' id='word_1_564' title='bbox 2793 1559 2809 1588; x_wconf 89' lang='lat'><strong>,</strong></span> <span class='ocrx_word' id='word_1_565' title='bbox 2860 1532 2911 1576; x_wconf 89' lang='lat' dir='ltr'><strong>ut</strong></span> <span class='ocrx_word' id='word_1_566' title='bbox 2938 1540 3039 1579; x_wconf 89' lang='lat' dir='ltr'><strong>non</strong></span> <span class='ocrx_word' id='word_1_567' title='bbox 3071 1527 3360 1586; x_wconf 82' lang='lat' dir='ltr'><strong>timeremus</strong></span> <span class='ocrx_word' id='word_1_568' title='bbox 3391 1545 3436 1588; x_wconf 88' lang='lat' dir='ltr'><strong>te</strong></span> <span class='ocrx_word' id='word_1_569' title='bbox 3464 1536 3572 1607; x_wconf 79' lang='lat' dir='ltr'><strong>(id.</strong></span> 
     </span>
    </p>
   </div>
   <div class='ocr_carea' id='block_1_75' title="bbox 1990 1599 3587 1690">
    <p class='ocr_par' dir='ltr' id='par_1_75' title="bbox 1990 1599 3587 1690">
     <span class='ocr_line' id='line_1_75' title="bbox 1990 1599 3587 1690; baseline 0.021 -39"><span class='ocrx_word' id='word_1_570' title='bbox 1990 1612 2115 1652; x_wconf 78' lang='lat' dir='ltr'><strong>um</strong></span> <span class='ocrx_word' id='word_1_571' title='bbox 2138 1641 2152 1665; x_wconf 96' lang='lat'><strong>,</strong></span> <span class='ocrx_word' id='word_1_572' title='bbox 2198 1599 2332 1673; x_wconf 79' lang='lat' dir='ltr'><strong>t7)?</strong></span> <span class='ocrx_word' id='word_1_573' title='bbox 2371 1603 2485 1659; x_wconf 82' lang='lat' dir='ltr'><strong>Non</strong></span> <span class='ocrx_word' id='word_1_574' title='bbox 2523 1616 2604 1663; x_wconf 91' lang='lat' dir='ltr'><strong>est</strong></span> <span class='ocrx_word' id='word_1_575' title='bbox 2632 1621 2909 1680; x_wconf 83' lang='lat' dir='ltr'><strong>peccatum</strong></span> <span class='ocrx_word' id='word_1_576' title='bbox 2936 1623 2991 1670; x_wconf 86' lang='lat' dir='ltr'><strong>et</strong></span> <span class='ocrx_word' id='word_1_577' title='bbox 3020 1631 3179 1686; x_wconf 77' lang='lat' dir='ltr'><strong>pcena</strong></span> <span class='ocrx_word' id='word_1_578' title='bbox 3227 1599 3587 1690; x_wconf 10' lang='lat' dir='ltr'><strong>peccandum.</strong></span> 
     </span>
    </p>
   </div>
   <div class='ocr_carea' id='block_1_76' title="bbox 1989 1693 3574 1786">
    <p class='ocr_par' dir='ltr' id='par_1_76' title="bbox 1989 1693 3574 1786">
     <span class='ocr_line' id='line_1_76' title="bbox 1989 1693 3574 1786; baseline 0.021 -43"><span class='ocrx_word' id='word_1_579' title='bbox 1989 1705 2173 1747; x_wconf 90' lang='lat' dir='ltr'><strong>rursus</strong></span> <span class='ocrx_word' id='word_1_580' title='bbox 2197 1693 2306 1749; x_wconf 85' lang='lat' dir='ltr'><strong>Deo</strong></span> <span class='ocrx_word' id='word_1_581' title='bbox 2334 1695 2545 1765; x_wconf 87' lang='lat' dir='ltr'><strong>dicitur,</strong></span> <span class='ocrx_word' id='word_1_582' title='bbox 2579 1700 2710 1757; x_wconf 85' lang='lat' dir='ltr'><strong>Ecce</strong></span> <span class='ocrx_word' id='word_1_583' title='bbox 2737 1713 2788 1757; x_wconf 91' lang='lat' dir='ltr'><strong>tu</strong></span> <span class='ocrx_word' id='word_1_584' title='bbox 2826 1706 2985 1763; x_wconf 85' lang='lat' dir='ltr'><strong>iratus</strong></span> <span class='ocrx_word' id='word_1_585' title='bbox 3031 1726 3102 1777; x_wconf 86' lang='lat' dir='ltr'><strong>es,</strong></span> <span class='ocrx_word' id='word_1_586' title='bbox 3148 1724 3194 1766; x_wconf 86' lang='lat' dir='ltr'><strong>et</strong></span> <span class='ocrx_word' id='word_1_587' title='bbox 3232 1730 3324 1770; x_wconf 90' lang='lat' dir='ltr'><strong>nos</strong></span> <span class='ocrx_word' id='word_1_588' title='bbox 3348 1724 3574 1786; x_wconf 73' lang='lat' dir='ltr'><strong>peceatu-</strong></span> 
     </span>
    </p>
   </div>
   <div class='ocr_carea' id='block_1_77' title="bbox 1987 1792 3574 1868">
    <p class='ocr_par' dir='ltr' id='par_1_77' title="bbox 1987 1792 3574 1868">
     <span class='ocr_line' id='line_1_77' title="bbox 1987 1792 3574 1868; baseline 0.021 -36"><span class='ocrx_word' id='word_1_589' title='bbox 1987 1796 2129 1847; x_wconf 88' lang='lat' dir='ltr'><strong>mus;</strong></span> <span class='ocrx_word' id='word_1_590' title='bbox 2152 1794 2418 1853; x_wconf 83' lang='lat' dir='ltr'><strong>propterea</strong></span> <span class='ocrx_word' id='word_1_591' title='bbox 2437 1792 2739 1859; x_wconf 84' lang='lat' dir='ltr'><strong>erravimus,</strong></span> <span class='ocrx_word' id='word_1_592' title='bbox 2768 1805 2815 1850; x_wconf 88' lang='lat' dir='ltr'><strong>et</strong></span> <span class='ocrx_word' id='word_1_593' title='bbox 2840 1798 2963 1868; x_wconf 81' lang='lat' dir='ltr'><strong>facti</strong></span> <span class='ocrx_word' id='word_1_594' title='bbox 2983 1816 3155 1857; x_wconf 87' lang='lat' dir='ltr'><strong>sumus</strong></span> <span class='ocrx_word' id='word_1_595' title='bbox 3174 1804 3301 1860; x_wconf 82' lang='lat' dir='ltr'><strong>sicut</strong></span> <span class='ocrx_word' id='word_1_596' title='bbox 3326 1807 3574 1865; x_wconf 86' lang='lat' dir='ltr'><strong>immundi</strong></span> 
     </span>
    </p>
   </div>
   <div class='ocr_carea' id='block_1_78' title="bbox 1985 1872 3568 1971">
    <p class='ocr_par' dir='ltr' id='par_1_78' title="bbox 1985 1872 3568 1971">
     <span class='ocr_line' id='line_1_78' title="bbox 1985 1872 3568 1971; baseline 0.021 -46"><span class='ocrx_word' id='word_1_597' title='bbox 1985 1888 2155 1926; x_wconf 86' lang='lat' dir='ltr'><strong>omnes</strong></span> <span class='ocrx_word' id='word_1_598' title='bbox 2182 1872 2294 1971; x_wconf 53' lang='lat' dir='ltr'><strong>(Id:</strong></span> <span class='ocrx_word' id='word_1_599' title='bbox 2322 1893 2460 1944; x_wconf 77' lang='lat' dir='ltr'><strong>utv,</strong></span> <span class='ocrx_word' id='word_1_600' title='bbox 2492 1880 2524 1936; x_wconf 86' lang='lat'><strong>5</strong></span> <span class='ocrx_word' id='word_1_601' title='bbox 2554 1892 2598 1936; x_wconf 88' lang='lat' dir='ltr'><strong>et</strong></span> <span class='ocrx_word' id='word_1_602' title='bbox 2623 1884 2719 1956; x_wconf 84' lang='lat'><strong>6)?</strong></span> <span class='ocrx_word' id='word_1_603' title='bbox 2759 1885 2873 1942; x_wconf 83' lang='lat' dir='ltr'><strong>Non</strong></span> <span class='ocrx_word' id='word_1_604' title='bbox 2899 1898 2981 1969; x_wconf 75' lang='lat' dir='ltr'><strong>est</strong></span> <span class='ocrx_word' id='word_1_605' title='bbox 3008 1902 3284 1961; x_wconf 85' lang='lat' dir='ltr'><strong>peccatum</strong></span> <span class='ocrx_word' id='word_1_606' title='bbox 3321 1907 3376 1954; x_wconf 88' lang='lat' dir='ltr'><strong>et</strong></span> <span class='ocrx_word' id='word_1_607' title='bbox 3415 1915 3568 1971; x_wconf 81' lang='lat' dir='ltr'><strong>poena</strong></span> 
     </span>
    </p>
   </div>
   <div class='ocr_carea' id='block_1_79' title="bbox 1985 1964 3570 2057">
    <p class='ocr_par' dir='ltr' id='par_1_79' title="bbox 1985 1964 3570 2057">
     <span class='ocr_line' id='line_1_79' title="bbox 1985 1964 3570 2057; baseline 0.023 -43"><span class='ocrx_word' id='word_1_608' title='bbox 1985 1964 2211 2057; x_wconf 69' lang='lat' dir='ltr'><strong>peccati,</strong></span> <span class='ocrx_word' id='word_1_609' title='bbox 2244 1964 2336 2021; x_wconf 87' lang='lat' dir='ltr'><strong>ubi</strong></span> <span class='ocrx_word' id='word_1_610' title='bbox 2366 1968 2558 2040; x_wconf 79' lang='lat' dir='ltr'><strong>legitur</strong></span> <span class='ocrx_word' id='word_1_611' title='bbox 2581 1972 2648 2029; x_wconf 89' lang='lat' dir='ltr'><strong>de</strong></span> <span class='ocrx_word' id='word_1_612' title='bbox 2672 1977 2920 2046; x_wconf 73' lang='lat' dir='ltr'><strong>gentibus</strong></span> <span class='ocrx_word' id='word_1_613' title='bbox 2940 1964 3079 2057; x_wconf 77' lang='lat' dir='ltr'><strong>quas</strong></span> <span class='ocrx_word' id='word_1_614' title='bbox 3106 1983 3389 2047; x_wconf 79' lang='lat' dir='ltr'><strong>debellavit</strong></span> <span class='ocrx_word' id='word_1_615' title='bbox 3415 1964 3570 2049; x_wconf 74' lang='lat' dir='ltr'><strong>lcsus</strong></span> 
     </span>
    </p>
   </div>
   <div class='ocr_carea' id='block_1_80' title="bbox 1983 2051 3569 2142">
    <p class='ocr_par' dir='ltr' id='par_1_80' title="bbox 1983 2051 3569 2142">
     <span class='ocr_line' id='line_1_80' title="bbox 1983 2051 3569 2142; baseline 0.022 -37"><span class='ocrx_word' id='word_1_616' title='bbox 1983 2051 2145 2121; x_wconf 83' lang='lat' dir='ltr'><strong>Nave,</strong></span> <span class='ocrx_word' id='word_1_617' title='bbox 2173 2057 2292 2127; x_wconf 85' lang='lat' dir='ltr'><strong>quia</strong></span> <span class='ocrx_word' id='word_1_618' title='bbox 2324 2075 2423 2129; x_wconf 87' lang='lat' dir='ltr'><strong>per</strong></span> <span class='ocrx_word' id='word_1_619' title='bbox 2450 2062 2730 2121; x_wconf 88' lang='lat' dir='ltr'><strong>Dominum</strong></span> <span class='ocrx_word' id='word_1_620' title='bbox 2774 2051 2978 2127; x_wconf 69' lang='lat' dir='ltr'><strong>factum</strong></span> <span class='ocrx_word' id='word_1_621' title='bbox 3010 2084 3121 2142; x_wconf 86' lang='lat' dir='ltr'><strong>est,</strong></span> <span class='ocrx_word' id='word_1_622' title='bbox 3160 2078 3445 2138; x_wconf 81' lang='lat' dir='ltr'><strong>coniortari</strong></span> <span class='ocrx_word' id='word_1_623' title='bbox 3475 2101 3569 2140; x_wconf 87' lang='lat' dir='ltr'><strong>cor</strong></span> 
     </span>
    </p>
   </div>
   <div class='ocr_carea' id='block_1_81' title="bbox 1980 2149 3567 2237">
    <p class='ocr_par' dir='ltr' id='par_1_81' title="bbox 1980 2149 3567 2237">
     <span class='ocr_line' id='line_1_81' title="bbox 1980 2149 3567 2237; baseline 0.023 -41"><span class='ocrx_word' id='word_1_624' title='bbox 1980 2157 2189 2213; x_wconf 89' lang='lat' dir='ltr'><strong>corum,</strong></span> <span class='ocrx_word' id='word_1_625' title='bbox 2223 2157 2278 2202; x_wconf 91' lang='lat' dir='ltr'><strong>ut</strong></span> <span class='ocrx_word' id='word_1_626' title='bbox 2303 2149 2513 2208; x_wconf 86' lang='lat' dir='ltr'><strong>obviam</strong></span> <span class='ocrx_word' id='word_1_627' title='bbox 2540 2154 2677 2211; x_wconf 87' lang='lat' dir='ltr'><strong>irent</strong></span> <span class='ocrx_word' id='word_1_628' title='bbox 2699 2159 2765 2212; x_wconf 87' lang='lat' dir='ltr'><strong>ad</strong></span> <span class='ocrx_word' id='word_1_629' title='bbox 2796 2160 2995 2219; x_wconf 88' lang='lat' dir='ltr'><strong>bellum</strong></span> <span class='ocrx_word' id='word_1_630' title='bbox 3018 2165 3082 2221; x_wconf 86' lang='lat' dir='ltr'><strong>ad</strong></span> <span class='ocrx_word' id='word_1_631' title='bbox 3107 2165 3289 2237; x_wconf 85' lang='lat' dir='ltr'><strong>lsrael,</strong></span> <span class='ocrx_word' id='word_1_632' title='bbox 3314 2181 3371 2227; x_wconf 86' lang='lat' dir='ltr'><strong>ut</strong></span> <span class='ocrx_word' id='word_1_633' title='bbox 3390 2187 3567 2231; x_wconf 73' lang='lat' dir='ltr'><strong>exter-</strong></span> 
     </span>
    </p>
   </div>
   <div class='ocr_carea' id='block_1_82' title="bbox 1981 2236 3561 2337">
    <p class='ocr_par' dir='ltr' id='par_1_82' title="bbox 1981 2236 3561 2337">
     <span class='ocr_line' id='line_1_82' title="bbox 1981 2236 3561 2337; baseline 0.023 -50"><span class='ocrx_word' id='word_1_634' title='bbox 1981 2236 2317 2301; x_wconf 58' lang='lat' dir='ltr'><strong>minarentur,</strong></span> <span class='ocrx_word' id='word_1_635' title='bbox 2337 2242 2517 2313; x_wconf 85' lang='lat' dir='ltr'><strong>(Josue</strong></span> <span class='ocrx_word' id='word_1_636' title='bbox 2536 2262 2609 2315; x_wconf 83' lang='lat' dir='ltr'><strong>xt,</strong></span> <span class='ocrx_word' id='word_1_637' title='bbox 2639 2248 2771 2320; x_wconf 75' lang='lat'><strong>20)?</strong></span> <span class='ocrx_word' id='word_1_638' title='bbox 2794 2250 2908 2309; x_wconf 85' lang='lat' dir='ltr'><strong>Non</strong></span> <span class='ocrx_word' id='word_1_639' title='bbox 2932 2266 3015 2311; x_wconf 88' lang='lat' dir='ltr'><strong>est</strong></span> <span class='ocrx_word' id='word_1_640' title='bbox 3035 2236 3308 2328; x_wconf 86' lang='lat' dir='ltr'><strong>peccatum</strong></span> <span class='ocrx_word' id='word_1_641' title='bbox 3330 2275 3383 2321; x_wconf 86' lang='lat' dir='ltr'><strong>et</strong></span> <span class='ocrx_word' id='word_1_642' title='bbox 3406 2285 3561 2337; x_wconf 69' lang='lat' dir='ltr'><strong>pueuu</strong></span> 
     </span>
    </p>
   </div>
   <div class='ocr_carea' id='block_1_83' title="bbox 1981 2328 3566 2422">
    <p class='ocr_par' dir='ltr' id='par_1_83' title="bbox 1981 2328 3566 2422">
     <span class='ocr_line' id='line_1_83' title="bbox 1981 2328 3566 2422; baseline 0.025 -43"><span class='ocrx_word' id='word_1_643' title='bbox 1981 2328 2182 2394; x_wconf 87' lang='lat' dir='ltr'><strong>peccati</strong></span> <span class='ocrx_word' id='word_1_644' title='bbox 2210 2331 2352 2400; x_wconf 90' lang='lat' dir='ltr'><strong>quod</strong></span> <span class='ocrx_word' id='word_1_645' title='bbox 2380 2349 2486 2390; x_wconf 89' lang='lat' dir='ltr'><strong>non</strong></span> <span class='ocrx_word' id='word_1_646' title='bbox 2513 2339 2718 2395; x_wconf 86' lang='lat' dir='ltr'><strong>audivit</strong></span> <span class='ocrx_word' id='word_1_647' title='bbox 2754 2342 2993 2401; x_wconf 82' lang='lat' dir='ltr'><strong>Roboam</strong></span> <span class='ocrx_word' id='word_1_648' title='bbox 3043 2365 3136 2406; x_wconf 81' lang='lat' dir='ltr'><strong>rex</strong></span> <span class='ocrx_word' id='word_1_649' title='bbox 3177 2328 3566 2422; x_wconf 47' lang='lat' dir='ltr'><strong>plcbcm&#39;bctto</strong></span> 
     </span>
    </p>
   </div>
   <div class='ocr_carea' id='block_1_84' title="bbox 1980 2426 3564 2514">
    <p class='ocr_par' dir='ltr' id='par_1_84' title="bbox 1980 2426 3564 2514">
     <span class='ocr_line' id='line_1_84' title="bbox 1980 2426 3564 2514; baseline 0.023 -45"><span class='ocrx_word' id='word_1_650' title='bbox 1980 2429 2305 2488; x_wconf 87' lang='lat' dir='ltr'><strong>monentem,</strong></span> <span class='ocrx_word' id='word_1_651' title='bbox 2345 2426 2618 2494; x_wconf 86' lang='lat' dir='ltr'><strong>quoniam.</strong></span> <span class='ocrx_word' id='word_1_652' title='bbox 2664 2431 2800 2488; x_wconf 87' lang='lat' dir='ltr'><strong>sicut</strong></span> <span class='ocrx_word' id='word_1_653' title='bbox 2840 2436 3110 2507; x_wconf 85' lang='lat' dir='ltr'><strong>Scriptura</strong></span> <span class='ocrx_word' id='word_1_654' title='bbox 3138 2441 3392 2514; x_wconf 88' lang='lat' dir='ltr'><strong>loquitur,</strong></span> <span class='ocrx_word' id='word_1_655' title='bbox 3440 2448 3564 2504; x_wconf 79' lang='lat' dir='ltr'><strong>Erat</strong></span> 
     </span>
    </p>
   </div>
   <div class='ocr_carea' id='block_1_85' title="bbox 1978 2513 3566 2612">
    <p class='ocr_par' dir='ltr' id='par_1_85' title="bbox 1978 2513 3566 2612">
     <span class='ocr_line' id='line_1_85' title="bbox 1978 2513 3566 2612; baseline 0.025 -52"><span class='ocrx_word' id='word_1_656' title='bbox 1978 2514 2233 2567; x_wconf 80' lang='lat' dir='ltr'><strong>conversio</strong></span> <span class='ocrx_word' id='word_1_657' title='bbox 2258 2531 2290 2568; x_wconf 91' lang='lat' dir='ltr'><strong>a</strong></span> <span class='ocrx_word' id='word_1_658' title='bbox 2316 2513 2556 2588; x_wconf 90' lang='lat' dir='ltr'><strong>Domino,</strong></span> <span class='ocrx_word' id='word_1_659' title='bbox 2587 2533 2640 2576; x_wconf 89' lang='lat' dir='ltr'><strong>ut</strong></span> <span class='ocrx_word' id='word_1_660' title='bbox 2667 2532 2905 2582; x_wconf 84' lang='lat' dir='ltr'><strong>statueret</strong></span> <span class='ocrx_word' id='word_1_661' title='bbox 2935 2531 3136 2587; x_wconf 78' lang='lat' dir='ltr'><strong>uerbum</strong></span> <span class='ocrx_word' id='word_1_662' title='bbox 3163 2513 3309 2592; x_wconf 81' lang='lat' dir='ltr'><strong>suum</strong></span> <span class='ocrx_word' id='word_1_663' title='bbox 3342 2544 3479 2612; x_wconf 82' lang='lat' dir='ltr'><strong>quod</strong></span> <span class='ocrx_word' id='word_1_664' title='bbox 3501 2544 3566 2599; x_wconf 79' lang='lat' dir='ltr'><strong>de</strong></span> 
     </span>
    </p>
   </div>
   <div class='ocr_carea' id='block_1_86' title="bbox 1975 2600 3561 2707">
    <p class='ocr_par' dir='ltr' id='par_1_86' title="bbox 1975 2600 3561 2707">
     <span class='ocr_line' id='line_1_86' title="bbox 1975 2600 3561 2707; baseline 0.025 -54"><span class='ocrx_word' id='word_1_665' title='bbox 1975 2600 2066 2654; x_wconf 86' lang='lat' dir='ltr'><strong>illo</strong></span> <span class='ocrx_word' id='word_1_666' title='bbox 2095 2603 2288 2660; x_wconf 83' lang='lat' dir='ltr'><strong>locutus</strong></span> <span class='ocrx_word' id='word_1_667' title='bbox 2315 2618 2389 2663; x_wconf 88' lang='lat' dir='ltr'><strong>est</strong></span> <span class='ocrx_word' id='word_1_668' title='bbox 2414 2612 2466 2664; x_wconf 87' lang='lat' dir='ltr'><strong>in</strong></span> <span class='ocrx_word' id='word_1_669' title='bbox 2497 2628 2650 2668; x_wconf 90' lang='lat' dir='ltr'><strong>manu</strong></span> <span class='ocrx_word' id='word_1_670' title='bbox 2686 2620 2946 2689; x_wconf 71' lang='lat' dir='ltr'><strong>prop/cette</strong></span> <span class='ocrx_word' id='word_1_671' title='bbox 2971 2626 2992 2654; x_wconf 83' lang='lat'>&#39;</span> <span class='ocrx_word' id='word_1_672' title='bbox 3023 2623 3113 2698; x_wconf 82' lang='grc' dir='ltr'><strong>(ΙΙΙ</strong></span> <span class='ocrx_word' id='word_1_673' title='bbox 3138 2627 3264 2701; x_wconf 83' lang='lat' dir='ltr'><strong>Reg.</strong></span> <span class='ocrx_word' id='word_1_674' title='bbox 3302 2600 3394 2698; x_wconf 75' lang='lat' dir='ltr'><strong>xu,</strong></span> <span class='ocrx_word' id='word_1_675' title='bbox 3430 2636 3561 2707; x_wconf 79' lang='lat' dir='ltr'><strong>l5)?</strong></span> 
     </span>
    </p>
   </div>
   <div class='ocr_carea' id='block_1_87' title="bbox 1974 2691 3546 2790">
    <p class='ocr_par' dir='ltr' id='par_1_87' title="bbox 1974 2691 3546 2790">
     <span class='ocr_line' id='line_1_87' title="bbox 1974 2691 3546 2790; baseline 0.023 -44"><span class='ocrx_word' id='word_1_676' title='bbox 1974 2691 2090 2747; x_wconf 85' lang='lat' dir='ltr'><strong>Non</strong></span> <span class='ocrx_word' id='word_1_677' title='bbox 2121 2706 2197 2751; x_wconf 88' lang='lat' dir='ltr'><strong>est</strong></span> <span class='ocrx_word' id='word_1_678' title='bbox 2230 2710 2504 2769; x_wconf 87' lang='lat' dir='ltr'><strong>peccatum</strong></span> <span class='ocrx_word' id='word_1_679' title='bbox 2530 2716 2586 2761; x_wconf 92' lang='lat' dir='ltr'><strong>et</strong></span> <span class='ocrx_word' id='word_1_680' title='bbox 2613 2720 2770 2775; x_wconf 72' lang='lat' dir='ltr'><strong>paulo</strong></span> <span class='ocrx_word' id='word_1_681' title='bbox 2798 2716 2997 2781; x_wconf 84' lang='lat' dir='ltr'><strong>peccati</strong></span> <span class='ocrx_word' id='word_1_682' title='bbox 3029 2691 3096 2771; x_wconf 40' lang='lat' dir='ltr'><strong>‘in</strong></span> <span class='ocrx_word' id='word_1_683' title='bbox 3132 2733 3200 2774; x_wconf 85' lang='lat' dir='ltr'><strong>eo</strong></span> <span class='ocrx_word' id='word_1_684' title='bbox 3213 2691 3380 2790; x_wconf 39' lang='lat' dir='ltr'><strong>&#39;quod</strong></span> <span class='ocrx_word' id='word_1_685' title='bbox 3415 2691 3546 2781; x_wconf 68' lang='lat' dir='ltr'><strong>scri-</strong></span> 
     </span>
    </p>
   </div>
   <div class='ocr_carea' id='block_1_88' title="bbox 1974 2789 3554 2873">
    <p class='ocr_par' dir='ltr' id='par_1_88' title="bbox 1974 2789 3554 2873">
     <span class='ocr_line' id='line_1_88' title="bbox 1974 2789 3554 2873; baseline 0.022 -38"><span class='ocrx_word' id='word_1_686' title='bbox 1974 2793 2120 2852; x_wconf 88' lang='lat' dir='ltr'><strong>ptum</strong></span> <span class='ocrx_word' id='word_1_687' title='bbox 2147 2796 2250 2850; x_wconf 86' lang='lat' dir='ltr'><strong>est,</strong></span> <span class='ocrx_word' id='word_1_688' title='bbox 2280 2789 2546 2847; x_wconf 86' lang='lat' dir='ltr'><strong>Amasiam</strong></span> <span class='ocrx_word' id='word_1_689' title='bbox 2577 2810 2758 2866; x_wconf 75' lang='lat' dir='ltr'><strong>regem</strong></span> <span class='ocrx_word' id='word_1_690' title='bbox 2781 2799 2918 2857; x_wconf 73' lang='lat' dir='ltr'><strong>Juda</strong></span> <span class='ocrx_word' id='word_1_691' title='bbox 2940 2803 3177 2864; x_wconf 87' lang='lat' dir='ltr'><strong>noluisse</strong></span> <span class='ocrx_word' id='word_1_692' title='bbox 3201 2789 3384 2871; x_wconf 80' lang='lat' dir='ltr'><strong>audire</strong></span> <span class='ocrx_word' id='word_1_693' title='bbox 3404 2816 3554 2873; x_wconf 65' lang='lat' dir='ltr'><strong>Joaau</strong></span> 
     </span>
    </p>
   </div>
   <div class='ocr_carea' id='block_1_89' title="bbox 1973 2874 3556 2966">
    <p class='ocr_par' dir='ltr' id='par_1_89' title="bbox 1973 2874 3556 2966">
     <span class='ocr_line' id='line_1_89' title="bbox 1973 2874 3556 2966; baseline 0.024 -39"><span class='ocrx_word' id='word_1_694' title='bbox 1973 2890 2151 2945; x_wconf 69' lang='lat' dir='ltr'><strong>regem</strong></span> <span class='ocrx_word' id='word_1_695' title='bbox 2177 2878 2338 2936; x_wconf 84' lang='lat' dir='ltr'><strong>Israel</strong></span> <span class='ocrx_word' id='word_1_696' title='bbox 2364 2874 2852 2958; x_wconf 26' lang='lat' dir='ltr'><strong>bene‘mooentcm,</strong></span> <span class='ocrx_word' id='word_1_697' title='bbox 2886 2910 2954 2951; x_wconf 83' lang='lat' dir='ltr'><strong>ne</strong></span> <span class='ocrx_word' id='word_1_698' title='bbox 2983 2900 3300 2966; x_wconf 86' lang='lat' dir='ltr'><strong>procederet</strong></span> <span class='ocrx_word' id='word_1_699' title='bbox 3337 2910 3400 2961; x_wconf 86' lang='lat' dir='ltr'><strong>ad</strong></span> <span class='ocrx_word' id='word_1_700' title='bbox 3443 2910 3556 2965; x_wconf 68' lang='lat' dir='ltr'><strong>bul-</strong></span> 
     </span>
    </p>
   </div>
   <div class='ocr_carea' id='block_1_90' title="bbox 1972 2964 3552 3063">
    <p class='ocr_par' dir='ltr' id='par_1_90' title="bbox 1972 2964 3552 3063">
     <span class='ocr_line' id='line_1_90' title="bbox 1972 2964 3552 3063; baseline 0.023 -45"><span class='ocrx_word' id='word_1_701' title='bbox 1972 2964 2227 3023; x_wconf 87' lang='lat' dir='ltr'><strong>landum?</strong></span> <span class='ocrx_word' id='word_1_702' title='bbox 2250 2970 2338 3027; x_wconf 89' lang='lat' dir='ltr'><strong>Sic</strong></span> <span class='ocrx_word' id='word_1_703' title='bbox 2363 2974 2506 3031; x_wconf 83' lang='lat' dir='ltr'><strong>enim</strong></span> <span class='ocrx_word' id='word_1_704' title='bbox 2538 2976 2731 3050; x_wconf 79' lang='lat' dir='ltr'><strong>legitur</strong></span> <span class='ocrx_word' id='word_1_705' title='bbox 2759 3001 2772 3036; x_wconf 89' lang='lat'><strong>:</strong></span> <span class='ocrx_word' id='word_1_706' title='bbox 2809 2982 2878 3039; x_wconf 83' lang='lat' dir='ltr'><strong>Et</strong></span> <span class='ocrx_word' id='word_1_707' title='bbox 2914 2964 3016 3043; x_wconf 81' lang='lat' dir='ltr'><strong>non</strong></span> <span class='ocrx_word' id='word_1_708' title='bbox 3049 2990 3240 3046; x_wconf 82' lang='lat' dir='ltr'><strong>audiuit</strong></span> <span class='ocrx_word' id='word_1_709' title='bbox 3278 2995 3513 3055; x_wconf 78' lang='lat' dir='ltr'><strong>Amosias</strong></span> <span class='ocrx_word' id='word_1_710' title='bbox 3538 3042 3552 3063; x_wconf 90' lang='lat'><strong>,</strong></span> 
     </span>
    </p>
   </div>
   <div class='ocr_carea' id='block_1_91' title="bbox 1968 3060 3547 3156">
    <p class='ocr_par' dir='ltr' id='par_1_91' title="bbox 1968 3060 3547 3156">
     <span class='ocr_line' id='line_1_91' title="bbox 1968 3060 3547 3156; baseline 0.023 -48"><span class='ocrx_word' id='word_1_711' title='bbox 1968 3060 2204 3128; x_wconf 82' lang='lat' dir='ltr'><strong>quoniam</strong></span> <span class='ocrx_word' id='word_1_712' title='bbox 2229 3077 2262 3114; x_wconf 90' lang='lat' dir='ltr'><strong>a</strong></span> <span class='ocrx_word' id='word_1_713' title='bbox 2290 3060 2399 3119; x_wconf 84' lang='lat' dir='ltr'><strong>Deo</strong></span> <span class='ocrx_word' id='word_1_714' title='bbox 2424 3077 2530 3122; x_wconf 86' lang='lat' dir='ltr'><strong>erat</strong></span> <span class='ocrx_word' id='word_1_715' title='bbox 2557 3081 2611 3123; x_wconf 89' lang='lat' dir='ltr'><strong>ut</strong></span> <span class='ocrx_word' id='word_1_716' title='bbox 2635 3073 2916 3131; x_wconf 84' lang='lat' dir='ltr'><strong>traderetur</strong></span> <span class='ocrx_word' id='word_1_717' title='bbox 2944 3077 2995 3132; x_wconf 90' lang='lat' dir='ltr'><strong>in</strong></span> <span class='ocrx_word' id='word_1_718' title='bbox 3032 3095 3211 3138; x_wconf 88' lang='lat' dir='ltr'><strong>manus</strong></span> <span class='ocrx_word' id='word_1_719' title='bbox 3242 3083 3286 3150; x_wconf 82' lang='grc'><strong>⁸,</strong></span> <span class='ocrx_word' id='word_1_720' title='bbox 3307 3091 3547 3156; x_wconf 81' lang='lat' dir='ltr'><strong>quoniam</strong></span> 
     </span>
    </p>
   </div>
   <div class='ocr_carea' id='block_1_92' title="bbox 1968 3152 3552 3245">
    <p class='ocr_par' dir='ltr' id='par_1_92' title="bbox 1968 3152 3552 3245">
     <span class='ocr_line' id='line_1_92' title="bbox 1968 3152 3552 3245; baseline 0.022 -43"><span class='ocrx_word' id='word_1_721' title='bbox 1968 3152 2269 3217; x_wconf 69' lang='lat' dir='ltr'><strong>quesierunt</strong></span> <span class='ocrx_word' id='word_1_722' title='bbox 2299 3157 2448 3213; x_wconf 87' lang='lat' dir='ltr'><strong>deum</strong></span> <span class='ocrx_word' id='word_1_723' title='bbox 2474 3157 2638 3217; x_wconf 84' lang='lat' dir='ltr'><strong>Edam</strong></span> <span class='ocrx_word' id='word_1_724' title='bbox 2665 3163 2748 3236; x_wconf 85' lang='lat' dir='ltr'><strong>(ll</strong></span> <span class='ocrx_word' id='word_1_725' title='bbox 2775 3164 2958 3223; x_wconf 86' lang='lat' dir='ltr'><strong>Paral.</strong></span> <span class='ocrx_word' id='word_1_726' title='bbox 2991 3184 3117 3237; x_wconf 79' lang='lat' dir='ltr'><strong>xxv,</strong></span> <span class='ocrx_word' id='word_1_727' title='bbox 3149 3172 3265 3245; x_wconf 75' lang='grc'><strong>20).</strong></span> <span class='ocrx_word' id='word_1_728' title='bbox 3298 3152 3361 3232; x_wconf 63' lang='lat' dir='ltr'><strong>Et</strong></span> <span class='ocrx_word' id='word_1_729' title='bbox 3389 3183 3552 3239; x_wconf 83' lang='lat' dir='ltr'><strong>multa</strong></span> 
     </span>
    </p>
   </div>
   <div class='ocr_carea' id='block_1_93' title="bbox 1968 3244 3551 3342">
    <p class='ocr_par' dir='ltr' id='par_1_93' title="bbox 1968 3244 3551 3342">
     <span class='ocr_line' id='line_1_93' title="bbox 1968 3244 3551 3342; baseline 0.019 -45"><span class='ocrx_word' id='word_1_730' title='bbox 1968 3244 2071 3298; x_wconf 83' lang='lat' dir='ltr'><strong>alia</strong></span> <span class='ocrx_word' id='word_1_731' title='bbox 2100 3260 2523 3309; x_wconf 84' lang='lat' dir='ltr'><strong>commemorare</strong></span> <span class='ocrx_word' id='word_1_732' title='bbox 2567 3269 2870 3326; x_wconf 87' lang='lat' dir='ltr'><strong>possumus,</strong></span> <span class='ocrx_word' id='word_1_733' title='bbox 2903 3260 2956 3315; x_wconf 90' lang='lat' dir='ltr'><strong>in</strong></span> <span class='ocrx_word' id='word_1_734' title='bbox 2997 3263 3185 3333; x_wconf 87' lang='lat' dir='ltr'><strong>quibus</strong></span> <span class='ocrx_word' id='word_1_735' title='bbox 3217 3244 3420 3338; x_wconf 83' lang='lat' dir='ltr'><strong>liquido</strong></span> <span class='ocrx_word' id='word_1_736' title='bbox 3455 3288 3551 3342; x_wconf 84' lang='lat' dir='ltr'><strong>ap—</strong></span> 
     </span>
    </p>
   </div>
   <div class='ocr_carea' id='block_1_94' title="bbox 1971 3341 3549 3427">
    <p class='ocr_par' dir='ltr' id='par_1_94' title="bbox 1971 3341 3549 3427">
     <span class='ocr_line' id='line_1_94' title="bbox 1971 3341 3549 3427; baseline 0.022 -42"><span class='ocrx_word' id='word_1_737' title='bbox 1971 3346 2139 3405; x_wconf 82' lang='lat' dir='ltr'><strong>paret,</strong></span> <span class='ocrx_word' id='word_1_738' title='bbox 2169 3341 2379 3396; x_wconf 88' lang='lat' dir='ltr'><strong>occulto</strong></span> <span class='ocrx_word' id='word_1_739' title='bbox 2416 3342 2619 3413; x_wconf 87' lang='lat' dir='ltr'><strong>judicio</strong></span> <span class='ocrx_word' id='word_1_740' title='bbox 2647 3345 2743 3403; x_wconf 88' lang='lat' dir='ltr'><strong>Dei</strong></span> <span class='ocrx_word' id='word_1_741' title='bbox 2773 3347 2886 3421; x_wconf 73' lang='lat' dir='ltr'><strong>fieri</strong></span> <span class='ocrx_word' id='word_1_742' title='bbox 2916 3355 3318 3422; x_wconf 88' lang='lat' dir='ltr'><strong>perversitatem</strong></span> <span class='ocrx_word' id='word_1_743' title='bbox 3349 3341 3549 3427; x_wconf 86' lang='lat' dir='ltr'><strong>cordis.</strong></span> 
     </span>
    </p>
   </div>
   <div class='ocr_carea' id='block_1_95' title="bbox 1969 3431 3549 3522">
    <p class='ocr_par' dir='ltr' id='par_1_95' title="bbox 1969 3431 3549 3522">
     <span class='ocr_line' id='line_1_95' title="bbox 1969 3431 3549 3522; baseline 0.018 -41"><span class='ocrx_word' id='word_1_744' title='bbox 1969 3438 2024 3482; x_wconf 91' lang='lat' dir='ltr'><strong>ut</strong></span> <span class='ocrx_word' id='word_1_745' title='bbox 2047 3445 2152 3484; x_wconf 88' lang='lat' dir='ltr'><strong>non</strong></span> <span class='ocrx_word' id='word_1_746' title='bbox 2176 3431 2420 3489; x_wconf 87' lang='lat' dir='ltr'><strong>audiatur</strong></span> <span class='ocrx_word' id='word_1_747' title='bbox 2438 3436 2579 3506; x_wconf 87' lang='lat' dir='ltr'><strong>quod</strong></span> <span class='ocrx_word' id='word_1_748' title='bbox 2601 3454 2785 3496; x_wconf 87' lang='lat' dir='ltr'><strong>verum</strong></span> <span class='ocrx_word' id='word_1_749' title='bbox 2812 3441 3026 3511; x_wconf 89' lang='lat' dir='ltr'><strong>dicitur,</strong></span> <span class='ocrx_word' id='word_1_750' title='bbox 3049 3456 3106 3504; x_wconf 77' lang='lat' dir='ltr'><strong>et</strong></span> <span class='ocrx_word' id='word_1_751' title='bbox 3130 3448 3251 3505; x_wconf 82' lang='lat' dir='ltr'><strong>inde</strong></span> <span class='ocrx_word' id='word_1_752' title='bbox 3279 3465 3549 3522; x_wconf 82' lang='lat' dir='ltr'><strong>peccetur,</strong></span> 
     </span>
    </p>
   </div>
   <div class='ocr_carea' id='block_1_96' title="bbox 1970 3522 3551 3615">
    <p class='ocr_par' dir='ltr' id='par_1_96' title="bbox 1970 3522 3551 3615">
     <span class='ocr_line' id='line_1_96' title="bbox 1970 3522 3551 3615; baseline 0.018 -42"><span class='ocrx_word' id='word_1_753' title='bbox 1970 3531 2021 3573; x_wconf 87' lang='lat' dir='ltr'><strong>ct</strong></span> <span class='ocrx_word' id='word_1_754' title='bbox 2050 3522 2118 3574; x_wconf 75' lang='lat' dir='ltr'><strong>sit</strong></span> <span class='ocrx_word' id='word_1_755' title='bbox 2148 3524 2319 3592; x_wconf 85' lang='lat' dir='ltr'><strong>ipsum</strong></span> <span class='ocrx_word' id='word_1_756' title='bbox 2351 3536 2625 3595; x_wconf 90' lang='lat' dir='ltr'><strong>peccatum</strong></span> <span class='ocrx_word' id='word_1_757' title='bbox 2666 3533 3020 3600; x_wconf 63' lang='lat' dir='ltr'><strong>praecedentis</strong></span> <span class='ocrx_word' id='word_1_758' title='bbox 3046 3538 3208 3595; x_wconf 83' lang='lat' dir='ltr'><strong>etiam</strong></span> <span class='ocrx_word' id='word_1_759' title='bbox 3239 3556 3393 3612; x_wconf 67' lang='lat' dir='ltr'><strong>pinna</strong></span> <span class='ocrx_word' id='word_1_760' title='bbox 3425 3560 3551 3615; x_wconf 86' lang='lat' dir='ltr'><strong>pec-</strong></span> 
     </span>
    </p>
   </div>
   <div class='ocr_carea' id='block_1_97' title="bbox 1966 3612 3547 3705">
    <p class='ocr_par' dir='ltr' id='par_1_97' title="bbox 1966 3612 3547 3705">
     <span class='ocr_line' id='line_1_97' title="bbox 1966 3612 3547 3705; baseline 0.017 -38"><span class='ocrx_word' id='word_1_761' title='bbox 1966 3613 2089 3667; x_wconf 73' lang='lat' dir='ltr'><strong>cati.</strong></span> <span class='ocrx_word' id='word_1_762' title='bbox 2116 3612 2247 3670; x_wconf 80' lang='lat' dir='ltr'><strong>Nam</strong></span> <span class='ocrx_word' id='word_1_763' title='bbox 2278 3616 2499 3673; x_wconf 89' lang='lat' dir='ltr'><strong>credere</strong></span> <span class='ocrx_word' id='word_1_764' title='bbox 2538 3621 2834 3692; x_wconf 84' lang='lat' dir='ltr'><strong>mendacio,</strong></span> <span class='ocrx_word' id='word_1_765' title='bbox 2863 3635 2918 3680; x_wconf 90' lang='lat' dir='ltr'><strong>et</strong></span> <span class='ocrx_word' id='word_1_766' title='bbox 2942 3643 3046 3685; x_wconf 89' lang='lat' dir='ltr'><strong>non</strong></span> <span class='ocrx_word' id='word_1_767' title='bbox 3069 3629 3288 3691; x_wconf 78' lang='lat' dir='ltr'><strong>credere</strong></span> <span class='ocrx_word' id='word_1_768' title='bbox 3315 3638 3547 3705; x_wconf 87' lang='lat' dir='ltr'><strong>veritati,</strong></span> 
     </span>
    </p>
   </div>
   <div class='ocr_carea' id='block_1_98' title="bbox 1968 3702 3546 3793">
    <p class='ocr_par' dir='ltr' id='par_1_98' title="bbox 1968 3702 3546 3793">
     <span class='ocr_line' id='line_1_98' title="bbox 1968 3702 3546 3793; baseline 0.018 -37"><span class='ocrx_word' id='word_1_769' title='bbox 1968 3702 2146 3772; x_wconf 86' lang='lat' dir='ltr'><strong>utique</strong></span> <span class='ocrx_word' id='word_1_770' title='bbox 2167 3716 2441 3773; x_wconf 87' lang='lat' dir='ltr'><strong>peccatum</strong></span> <span class='ocrx_word' id='word_1_771' title='bbox 2456 3719 2555 3763; x_wconf 86' lang='lat' dir='ltr'><strong>est.</strong></span> <span class='ocrx_word' id='word_1_772' title='bbox 2569 3709 2722 3793; x_wconf 83' lang='lat' dir='ltr'><strong>Venit</strong></span> <span class='ocrx_word' id='word_1_773' title='bbox 2738 3719 2914 3770; x_wconf 84' lang='lat' dir='ltr'><strong>tamen</strong></span> <span class='ocrx_word' id='word_1_774' title='bbox 2931 3717 2999 3772; x_wconf 87' lang='lat' dir='ltr'><strong>ab</strong></span> <span class='ocrx_word' id='word_1_775' title='bbox 3014 3732 3075 3774; x_wconf 86' lang='lat' dir='ltr'><strong>ea</strong></span> <span class='ocrx_word' id='word_1_776' title='bbox 3096 3723 3333 3781; x_wconf 61' lang='lat' dir='ltr'><strong>suscitato</strong></span> <span class='ocrx_word' id='word_1_777' title='bbox 3347 3702 3546 3793; x_wconf 72' lang='lat' dir='ltr'><strong>cordis,</strong></span> 
     </span>
    </p>
   </div>
   <div class='ocr_carea' id='block_1_99' title="bbox 1965 3792 3543 3892">
    <p class='ocr_par' dir='ltr' id='par_1_99' title="bbox 1965 3792 3543 3892">
     <span class='ocr_line' id='line_1_99' title="bbox 1965 3792 3543 3892; baseline 0.018 -47"><span class='ocrx_word' id='word_1_778' title='bbox 1965 3808 2082 3863; x_wconf 74' lang='lat' dir='ltr'><strong>qua:</strong></span> <span class='ocrx_word' id='word_1_779' title='bbox 2102 3797 2312 3851; x_wconf 88' lang='lat' dir='ltr'><strong>occulto</strong></span> <span class='ocrx_word' id='word_1_780' title='bbox 2334 3797 2536 3868; x_wconf 86' lang='lat' dir='ltr'><strong>judicio</strong></span> <span class='ocrx_word' id='word_1_781' title='bbox 2561 3792 2677 3870; x_wconf 81' lang='lat' dir='ltr'><strong>Dei,</strong></span> <span class='ocrx_word' id='word_1_782' title='bbox 2701 3804 2792 3860; x_wconf 83' lang='lat' dir='ltr'><strong>sed</strong></span> <span class='ocrx_word' id='word_1_783' title='bbox 2814 3815 2989 3864; x_wconf 88' lang='lat' dir='ltr'><strong>tamen</strong></span> <span class='ocrx_word' id='word_1_784' title='bbox 3012 3810 3178 3880; x_wconf 85' lang='lat' dir='ltr'><strong>justo,</strong></span> <span class='ocrx_word' id='word_1_785' title='bbox 3205 3816 3365 3870; x_wconf 87' lang='lat' dir='ltr'><strong>etiam</strong></span> <span class='ocrx_word' id='word_1_786' title='bbox 3390 3834 3543 3892; x_wconf 70' lang='lat' dir='ltr'><strong>poma</strong></span> 
     </span>
    </p>
   </div>
   <div class='ocr_carea' id='block_1_100' title="bbox 1967 3885 3543 3978">
    <p class='ocr_par' dir='ltr' id='par_1_100' title="bbox 1967 3885 3543 3978">
     <span class='ocr_line' id='line_1_100' title="bbox 1967 3885 3543 3978; baseline 0.018 -41"><span class='ocrx_word' id='word_1_787' title='bbox 1967 3885 2169 3953; x_wconf 86' lang='lat' dir='ltr'><strong>peccati</strong></span> <span class='ocrx_word' id='word_1_788' title='bbox 2221 3898 2580 3947; x_wconf 49' lang='lat' dir='ltr'><strong>monstratum.</strong></span> <span class='ocrx_word' id='word_1_789' title='bbox 2617 3892 2785 3963; x_wconf 86' lang='lat' dir='ltr'><strong>Quale</strong></span> <span class='ocrx_word' id='word_1_790' title='bbox 2813 3908 2897 3952; x_wconf 87' lang='lat' dir='ltr'><strong>est</strong></span> <span class='ocrx_word' id='word_1_791' title='bbox 2925 3901 3083 3955; x_wconf 88' lang='lat' dir='ltr'><strong>etiam</strong></span> <span class='ocrx_word' id='word_1_792' title='bbox 3126 3903 3251 3960; x_wconf 89' lang='lat' dir='ltr'><strong>illud</strong></span> <span class='ocrx_word' id='word_1_793' title='bbox 3297 3885 3543 3978; x_wconf 30' lang='lat' dir='ltr'><strong>quod&#39;asl</strong></span> 
     </span>
    </p>
   </div>
   <div class='ocr_carea' id='block_1_101' title="bbox 1964 3973 3542 4066">
    <p class='ocr_par' dir='ltr' id='par_1_101' title="bbox 1964 3973 3542 4066">
     <span class='ocr_line' id='line_1_101' title="bbox 1964 3973 3542 4066; baseline 0.016 -38"><span class='ocrx_word' id='word_1_794' title='bbox 1964 3973 2469 4038; x_wconf 77' lang='lat' dir='ltr'><strong>Thessalonicenses</strong></span> <span class='ocrx_word' id='word_1_795' title='bbox 2494 3982 2681 4039; x_wconf 86' lang='lat' dir='ltr'><strong>scribit</strong></span> <span class='ocrx_word' id='word_1_796' title='bbox 2708 3986 2996 4058; x_wconf 81' lang='lat' dir='ltr'><strong>Apostolus</strong></span> <span class='ocrx_word' id='word_1_797' title='bbox 3023 4007 3036 4044; x_wconf 93' lang='lat'><strong>:</strong></span> <span class='ocrx_word' id='word_1_798' title='bbox 3065 3989 3170 4047; x_wconf 77' lang='lat' dir='ltr'><strong>Pro</strong></span> <span class='ocrx_word' id='word_1_799' title='bbox 3195 4010 3254 4048; x_wconf 88' lang='lat' dir='ltr'><strong>eo</strong></span> <span class='ocrx_word' id='word_1_800' title='bbox 3290 3973 3426 4066; x_wconf 68' lang='lat' dir='ltr'><strong>quod</strong></span> <span class='ocrx_word' id='word_1_801' title='bbox 3467 4003 3542 4053; x_wconf 82' lang='lat' dir='ltr'><strong>di-</strong></span> 
     </span>
    </p>
   </div>
   <div class='ocr_carea' id='block_1_102' title="bbox 1962 4052 3545 4154">
    <p class='ocr_par' dir='ltr' id='par_1_102' title="bbox 1962 4052 3545 4154">
     <span class='ocr_line' id='line_1_102' title="bbox 1962 4052 3545 4154; baseline 0.016 -36"><span class='ocrx_word' id='word_1_802' title='bbox 1962 4052 2223 4121; x_wconf 74' lang='lat' dir='ltr'><strong>lectionem</strong></span> <span class='ocrx_word' id='word_1_803' title='bbox 2249 4070 2470 4127; x_wconf 81' lang='lat' dir='ltr'><strong>ueritatis</strong></span> <span class='ocrx_word' id='word_1_804' title='bbox 2507 4088 2610 4128; x_wconf 88' lang='lat' dir='ltr'><strong>non</strong></span> <span class='ocrx_word' id='word_1_805' title='bbox 2635 4052 2945 4147; x_wconf 74' lang='lat' dir='ltr'><strong>receperunt,</strong></span> <span class='ocrx_word' id='word_1_806' title='bbox 2976 4090 3029 4134; x_wconf 89' lang='lat' dir='ltr'><strong>ut</strong></span> <span class='ocrx_word' id='word_1_807' title='bbox 3057 4081 3186 4138; x_wconf 80' lang='lat' dir='ltr'><strong>salui</strong></span> <span class='ocrx_word' id='word_1_808' title='bbox 3221 4052 3418 4154; x_wconf 45' lang='lat' dir='ltr'><strong>ﬁdem,</strong></span> <span class='ocrx_word' id='word_1_809' title='bbox 3448 4101 3492 4143; x_wconf 88' lang='lat' dir='ltr'><strong>ct</strong></span> <span class='ocrx_word' id='word_1_810' title='bbox 3529 4093 3545 4120; x_wconf 70' lang='lat'>‘</span> 
     </span>
    </p>
   </div>
   <div class='ocr_carea' id='block_1_103' title="bbox 1961 4156 3544 4241">
    <p class='ocr_par' dir='ltr' id='par_1_103' title="bbox 1961 4156 3544 4241">
     <span class='ocr_line' id='line_1_103' title="bbox 1961 4156 3544 4241; baseline 0.016 -33"><span class='ocrx_word' id='word_1_811' title='bbox 1961 4156 2075 4212; x_wconf 83' lang='lat' dir='ltr'><strong>ideo</strong></span> <span class='ocrx_word' id='word_1_812' title='bbox 2104 4159 2262 4221; x_wconf 82' lang='lat' dir='ltr'><strong>mittet</strong></span> <span class='ocrx_word' id='word_1_813' title='bbox 2304 4162 2406 4217; x_wconf 84' lang='lat' dir='ltr'><strong>illis</strong></span> <span class='ocrx_word' id='word_1_814' title='bbox 2445 4163 2579 4221; x_wconf 86' lang='lat' dir='ltr'><strong>Deus</strong></span> <span class='ocrx_word' id='word_1_815' title='bbox 2622 4170 2964 4240; x_wconf 84' lang='lat' dir='ltr'><strong>operationem</strong></span> <span class='ocrx_word' id='word_1_816' title='bbox 2992 4175 3199 4241; x_wconf 86' lang='lat' dir='ltr'><strong>erroris,</strong></span> <span class='ocrx_word' id='word_1_817' title='bbox 3244 4188 3298 4232; x_wconf 82' lang='lat' dir='ltr'><strong>ut</strong></span> <span class='ocrx_word' id='word_1_818' title='bbox 3336 4186 3544 4237; x_wconf 78' lang='lat' dir='ltr'><strong>credam</strong></span> 
     </span>
    </p>
   </div>
   <div class='ocr_carea' id='block_1_104' title="bbox 1963 4250 3539 4343">
    <p class='ocr_par' dir='ltr' id='par_1_104' title="bbox 1963 4250 3539 4343">
     <span class='ocr_line' id='line_1_104' title="bbox 1963 4250 3539 4343; baseline 0.018 -41"><span class='ocrx_word' id='word_1_819' title='bbox 1963 4250 2222 4306; x_wconf 84' lang='lat' dir='ltr'><strong>mendacio</strong></span> <span class='ocrx_word' id='word_1_820' title='bbox 2254 4252 2318 4324; x_wconf 93' lang='lat' dir='ltr'><strong>(ll</strong></span> <span class='ocrx_word' id='word_1_821' title='bbox 2352 4252 2527 4311; x_wconf 78' lang='lat' dir='ltr'><strong>Thess.</strong></span> <span class='ocrx_word' id='word_1_822' title='bbox 2569 4274 2628 4326; x_wconf 89' lang='lat' dir='ltr'><strong>tt,</strong></span> <span class='ocrx_word' id='word_1_823' title='bbox 2662 4257 2773 4330; x_wconf 73' lang='grc'><strong>10).</strong></span> <span class='ocrx_word' id='word_1_824' title='bbox 2804 4261 2946 4319; x_wconf 82' lang='lat' dir='ltr'><strong>Ecce</strong></span> <span class='ocrx_word' id='word_1_825' title='bbox 2975 4278 3130 4333; x_wconf 61' lang='lat' dir='ltr'><strong>pinna</strong></span> <span class='ocrx_word' id='word_1_826' title='bbox 3160 4272 3383 4339; x_wconf 82' lang='lat' dir='ltr'><strong>peccati,</strong></span> <span class='ocrx_word' id='word_1_827' title='bbox 3415 4289 3507 4343; x_wconf 62' lang='lat' dir='ltr'><strong>pes</strong></span> <span class='ocrx_word' id='word_1_828' title='bbox 3534 4306 3539 4311; x_wconf 86' lang='grc'><strong>-</strong></span> 
     </span>
    </p>
   </div>
   <div class='ocr_carea' id='block_1_105' title="bbox 1962 4344 3543 4433">
    <p class='ocr_par' dir='ltr' id='par_1_105' title="bbox 1962 4344 3543 4433">
     <span class='ocr_line' id='line_1_105' title="bbox 1962 4344 3543 4433; baseline 0.015 -38"><span class='ocrx_word' id='word_1_829' title='bbox 1962 4352 2137 4398; x_wconf 89' lang='lat' dir='ltr'><strong>catum</strong></span> <span class='ocrx_word' id='word_1_830' title='bbox 2167 4352 2269 4399; x_wconf 87' lang='lat' dir='ltr'><strong>est.</strong></span> <span class='ocrx_word' id='word_1_831' title='bbox 2310 4344 2606 4419; x_wconf 84' lang='lat' dir='ltr'><strong>Utrumque</strong></span> <span class='ocrx_word' id='word_1_832' title='bbox 2658 4352 2849 4420; x_wconf 78' lang='lat' dir='ltr'><strong>claret,</strong></span> <span class='ocrx_word' id='word_1_833' title='bbox 2901 4353 3136 4413; x_wconf 84' lang='lat' dir='ltr'><strong>breviter</strong></span> <span class='ocrx_word' id='word_1_834' title='bbox 3186 4359 3382 4417; x_wconf 84' lang='lat' dir='ltr'><strong>dictum</strong></span> <span class='ocrx_word' id='word_1_835' title='bbox 3413 4376 3493 4420; x_wconf 86' lang='lat' dir='ltr'><strong>est</strong></span> <span class='ocrx_word' id='word_1_836' title='bbox 3531 4417 3543 4433; x_wconf 74' lang='grc'><em>,</em></span> 
     </span>
    </p>
   </div>
   <div class='ocr_carea' id='block_1_106' title="bbox 1960 4434 3545 4520">
    <p class='ocr_par' dir='ltr' id='par_1_106' title="bbox 1960 4434 3545 4520">
     <span class='ocr_line' id='line_1_106' title="bbox 1960 4434 3545 4520; baseline 0.015 -34"><span class='ocrx_word' id='word_1_837' title='bbox 1960 4444 2144 4501; x_wconf 87' lang='lat' dir='ltr'><strong>aperte</strong></span> <span class='ocrx_word' id='word_1_838' title='bbox 2169 4434 2367 4492; x_wconf 90' lang='lat' dir='ltr'><strong>dictum</strong></span> <span class='ocrx_word' id='word_1_839' title='bbox 2398 4446 2499 4504; x_wconf 84' lang='lat' dir='ltr'><strong>est,</strong></span> <span class='ocrx_word' id='word_1_840' title='bbox 2528 4439 2596 4494; x_wconf 90' lang='lat' dir='ltr'><strong>ab</strong></span> <span class='ocrx_word' id='word_1_841' title='bbox 2620 4457 2686 4497; x_wconf 86' lang='lat' dir='ltr'><strong>eo</strong></span> <span class='ocrx_word' id='word_1_842' title='bbox 2713 4442 2911 4500; x_wconf 82' lang='lat' dir='ltr'><strong>dictum</strong></span> <span class='ocrx_word' id='word_1_843' title='bbox 2934 4457 3038 4517; x_wconf 88' lang='lat' dir='ltr'><strong>est,</strong></span> <span class='ocrx_word' id='word_1_844' title='bbox 3066 4450 3215 4520; x_wconf 84' lang='lat' dir='ltr'><strong>cujus</strong></span> <span class='ocrx_word' id='word_1_845' title='bbox 3253 4453 3353 4509; x_wconf 86' lang='lat' dir='ltr'><strong>alia</strong></span> <span class='ocrx_word' id='word_1_846' title='bbox 3386 4459 3545 4513; x_wconf 73' lang='lat' dir='ltr'><strong>verba</strong></span> 
     </span>
    </p>
   </div>
   <div class='ocr_carea' id='block_1_107' title="bbox 1962 4526 3443 4609">
    <p class='ocr_par' dir='ltr' id='par_1_107' title="bbox 1962 4526 3443 4609">
     <span class='ocr_line' id='line_1_107' title="bbox 1962 4526 3443 4609; baseline 0.014 -30"><span class='ocrx_word' id='word_1_847' title='bbox 1962 4526 2013 4580; x_wconf 89' lang='lat' dir='ltr'><strong>in</strong></span> <span class='ocrx_word' id='word_1_848' title='bbox 2047 4534 2186 4583; x_wconf 89' lang='lat' dir='ltr'><strong>tuam</strong></span> <span class='ocrx_word' id='word_1_849' title='bbox 2214 4531 2531 4587; x_wconf 84' lang='lat' dir='ltr'><strong>sententiam</strong></span> <span class='ocrx_word' id='word_1_850' title='bbox 2559 4532 2753 4589; x_wconf 73' lang='lat' dir='ltr'><strong>{rusus</strong></span> <span class='ocrx_word' id='word_1_851' title='bbox 2781 4535 3101 4609; x_wconf 80' lang='lat' dir='ltr'><strong>detorquere</strong></span> <span class='ocrx_word' id='word_1_852' title='bbox 3119 4554 3343 4600; x_wconf 85' lang='lat' dir='ltr'><strong>conatus</strong></span> <span class='ocrx_word' id='word_1_853' title='bbox 3367 4562 3443 4601; x_wconf 83' lang='lat' dir='ltr'><strong>es.</strong></span> 
     </span>
    </p>
   </div>
   <div class='ocr_carea' id='block_1_108' title="bbox 2033 4617 3541 4695">
    <p class='ocr_par' dir='ltr' id='par_1_108' title="bbox 2033 4617 3541 4695">
     <span class='ocr_line' id='line_1_108' title="bbox 2033 4617 3541 4695; baseline 0.013 -24"><span class='ocrx_word' id='word_1_854' title='bbox 2033 4617 2119 4673; x_wconf 79' lang='lat' dir='ltr'><strong>l3.</strong></span> <span class='ocrx_word' id='word_1_855' title='bbox 2151 4617 2285 4689; x_wconf 81' lang='lat' dir='ltr'><strong>Quid</strong></span> <span class='ocrx_word' id='word_1_856' title='bbox 2320 4632 2403 4676; x_wconf 85' lang='lat' dir='ltr'><strong>est</strong></span> <span class='ocrx_word' id='word_1_857' title='bbox 2429 4631 2604 4679; x_wconf 84' lang='lat' dir='ltr'><strong>autent</strong></span> <span class='ocrx_word' id='word_1_858' title='bbox 2633 4627 2771 4695; x_wconf 85' lang='lat' dir='ltr'><strong>quod</strong></span> <span class='ocrx_word' id='word_1_859' title='bbox 2802 4627 2955 4695; x_wconf 75' lang='lat' dir='ltr'><strong>ditis,</strong></span> <span class='ocrx_word' id='word_1_860' title='bbox 2986 4630 3111 4686; x_wconf 85' lang='lat' dir='ltr'><strong>Cum</strong></span> <span class='ocrx_word' id='word_1_861' title='bbox 3136 4636 3401 4693; x_wconf 78' lang='lat' dir='ltr'><strong>desideriis</strong></span> <span class='ocrx_word' id='word_1_862' title='bbox 3438 4644 3541 4693; x_wconf 57' lang='lat' dir='ltr'><strong>suis</strong></span> 
     </span>
    </p>
   </div>
   <div class='ocr_carea' id='block_1_109' title="bbox 1959 4708 3507 4793">
    <p class='ocr_par' dir='ltr' id='par_1_109' title="bbox 1959 4708 3507 4793">
     <span class='ocr_line' id='line_1_109' title="bbox 1959 4708 3507 4793; baseline 0.015 -35"><span class='ocrx_word' id='word_1_863' title='bbox 1959 4708 2131 4761; x_wconf 82' lang='lat' dir='ltr'><strong>traditi</strong></span> <span class='ocrx_word' id='word_1_864' title='bbox 2158 4709 2413 4779; x_wconf 87' lang='lat' dir='ltr'><strong>dicuntur,</strong></span> <span class='ocrx_word' id='word_1_865' title='bbox 2441 4716 2600 4770; x_wconf 84' lang='lat' dir='ltr'><strong>relicti</strong></span> <span class='ocrx_word' id='word_1_866' title='bbox 2626 4734 2717 4786; x_wconf 84' lang='lat' dir='ltr'><strong>per</strong></span> <span class='ocrx_word' id='word_1_867' title='bbox 2756 4720 2977 4775; x_wconf 79' lang='lat' dir='ltr'><strong>divinam</strong></span> <span class='ocrx_word' id='word_1_868' title='bbox 3015 4725 3309 4793; x_wconf 75' lang='lat' dir='ltr'><strong>patientiam</strong></span> <span class='ocrx_word' id='word_1_869' title='bbox 3349 4730 3507 4783; x_wconf 67' lang='lat' dir='ltr'><strong>intelli</strong></span> 
     </span>
    </p>
   </div>
   <div class='ocr_carea' id='block_1_110' title="bbox 1958 4801 3541 4888">
    <p class='ocr_par' dir='ltr' id='par_1_110' title="bbox 1958 4801 3541 4888">
     <span class='ocr_line' id='line_1_110' title="bbox 1958 4801 3541 4888; baseline 0.015 -36"><span class='ocrx_word' id='word_1_870' title='bbox 1958 4801 2110 4870; x_wconf 67' lang='lat' dir='ltr'><strong>gendi</strong></span> <span class='ocrx_word' id='word_1_871' title='bbox 2135 4812 2273 4871; x_wconf 86' lang='lat' dir='ltr'><strong>sunt,</strong></span> <span class='ocrx_word' id='word_1_872' title='bbox 2319 4822 2420 4860; x_wconf 86' lang='lat' dir='ltr'><strong>non</strong></span> <span class='ocrx_word' id='word_1_873' title='bbox 2459 4822 2550 4878; x_wconf 82' lang='lat' dir='ltr'><strong>per</strong></span> <span class='ocrx_word' id='word_1_874' title='bbox 2590 4812 2864 4879; x_wconf 82' lang='lat' dir='ltr'><strong>potentiam</strong></span> <span class='ocrx_word' id='word_1_875' title='bbox 2902 4814 2953 4868; x_wconf 88' lang='lat' dir='ltr'><strong>in</strong></span> <span class='ocrx_word' id='word_1_876' title='bbox 2999 4827 3203 4883; x_wconf 78' lang='lat' dir='ltr'><strong>peccata</strong></span> <span class='ocrx_word' id='word_1_877' title='bbox 3248 4823 3541 4888; x_wconf 77' lang='lat' dir='ltr'><strong>compulsi!</strong></span> 
     </span>
    </p>
   </div>
   <div class='ocr_carea' id='block_1_111' title="bbox 1958 4894 3542 4979">
    <p class='ocr_par' dir='ltr' id='par_1_111' title="bbox 1958 4894 3542 4979">
     <span class='ocr_line' id='line_1_111' title="bbox 1958 4894 3542 4979; baseline 0.015 -36"><span class='ocrx_word' id='word_1_878' title='bbox 1958 4894 2104 4959; x_wconf 76' lang='lat' dir='ltr'><strong>quasi</strong></span> <span class='ocrx_word' id='word_1_879' title='bbox 2136 4909 2239 4948; x_wconf 90' lang='lat' dir='ltr'><strong>non</strong></span> <span class='ocrx_word' id='word_1_880' title='bbox 2271 4896 2425 4951; x_wconf 84' lang='lat' dir='ltr'><strong>simul</strong></span> <span class='ocrx_word' id='word_1_881' title='bbox 2468 4901 2643 4968; x_wconf 77' lang='lat' dir='ltr'><strong>posuit</strong></span> <span class='ocrx_word' id='word_1_882' title='bbox 2671 4901 2692 4934; x_wconf 84' lang='grc'><strong><em>⁸</em></strong></span> <span class='ocrx_word' id='word_1_883' title='bbox 2724 4902 2837 4959; x_wconf 74' lang='lat' dir='ltr'><strong>lucc</strong></span> <span class='ocrx_word' id='word_1_884' title='bbox 2868 4905 2974 4960; x_wconf 81' lang='lat' dir='ltr'><strong>duo</strong></span> <span class='ocrx_word' id='word_1_885' title='bbox 3002 4907 3142 4962; x_wconf 83' lang='lat' dir='ltr'><strong>idem</strong></span> <span class='ocrx_word' id='word_1_886' title='bbox 3170 4912 3461 4979; x_wconf 81' lang='lat' dir='ltr'><strong>apostolus,</strong></span> <span class='ocrx_word' id='word_1_887' title='bbox 3489 4928 3542 4966; x_wconf 69' lang='lat' dir='ltr'><strong>et</strong></span> 
     </span>
    </p>
   </div>
   <div class='ocr_carea' id='block_1_112' title="bbox 1959 4984 3543 5067">
    <p class='ocr_par' dir='ltr' id='par_1_112' title="bbox 1959 4984 3543 5067">
     <span class='ocr_line' id='line_1_112' title="bbox 1959 4984 3543 5067; baseline 0.014 -32"><span class='ocrx_word' id='word_1_888' title='bbox 1959 4984 2291 5051; x_wconf 74' lang='lat' dir='ltr'><strong>patientiam,</strong></span> <span class='ocrx_word' id='word_1_889' title='bbox 2333 4997 2386 5042; x_wconf 88' lang='lat' dir='ltr'><strong>et</strong></span> <span class='ocrx_word' id='word_1_890' title='bbox 2417 4992 2728 5058; x_wconf 88' lang='lat' dir='ltr'><strong>potentiam,</strong></span> <span class='ocrx_word' id='word_1_891' title='bbox 2778 4995 2863 5050; x_wconf 90' lang='lat' dir='ltr'><strong>ubi</strong></span> <span class='ocrx_word' id='word_1_892' title='bbox 2900 4996 3015 5067; x_wconf 46' lang='grc' dir='ltr'><strong>ειίι⁸</strong></span> <span class='ocrx_word' id='word_1_893' title='bbox 3037 4994 3097 5052; x_wconf 89' lang='lat' dir='ltr'><strong>Si</strong></span> <span class='ocrx_word' id='word_1_894' title='bbox 3129 4998 3149 5028; x_wconf 82' lang='lat'><strong>‘</strong></span> <span class='ocrx_word' id='word_1_895' title='bbox 3176 5012 3346 5058; x_wconf 81' lang='lat' dir='ltr'><strong>autem</strong></span> <span class='ocrx_word' id='word_1_896' title='bbox 3378 5005 3543 5057; x_wconf 72' lang='lat' dir='ltr'><strong>colens</strong></span> 
     </span>
    </p>
   </div>
   <div class='ocr_carea' id='block_1_113' title="bbox 1960 5073 3537 5158">
    <p class='ocr_par' dir='ltr' id='par_1_113' title="bbox 1960 5073 3537 5158">
     <span class='ocr_line' id='line_1_113' title="bbox 1960 5073 3537 5158; baseline 0.014 -30"><span class='ocrx_word' id='word_1_897' title='bbox 1960 5073 2095 5130; x_wconf 86' lang='lat' dir='ltr'><strong>Deus</strong></span> <span class='ocrx_word' id='word_1_898' title='bbox 2120 5078 2379 5134; x_wconf 84' lang='lat' dir='ltr'><strong>ostendere</strong></span> <span class='ocrx_word' id='word_1_899' title='bbox 2409 5081 2541 5137; x_wconf 87' lang='lat' dir='ltr'><strong>irant</strong></span> <span class='ocrx_word' id='word_1_900' title='bbox 2580 5093 2626 5137; x_wconf 86' lang='lat' dir='ltr'><strong>et</strong></span> <span class='ocrx_word' id='word_1_901' title='bbox 2674 5084 3018 5143; x_wconf 85' lang='lat' dir='ltr'><strong>demonstrare</strong></span> <span class='ocrx_word' id='word_1_902' title='bbox 3052 5092 3326 5158; x_wconf 77' lang='lat' dir='ltr'><strong>potentiam</strong></span> <span class='ocrx_word' id='word_1_903' title='bbox 3362 5113 3501 5149; x_wconf 79' lang='lat' dir='ltr'><strong>suam</strong></span> <span class='ocrx_word' id='word_1_904' title='bbox 3525 5139 3537 5157; x_wconf 89' lang='lat'><strong>.</strong></span> 
     </span>
    </p>
   </div>
   <div class='ocr_carea' id='block_1_114' title="bbox 1957 5160 3531 5252">
    <p class='ocr_par' dir='ltr' id='par_1_114' title="bbox 1957 5160 3531 5252">
     <span class='ocr_line' id='line_1_114' title="bbox 1957 5160 3531 5252; baseline 0.013 -32"><span class='ocrx_word' id='word_1_905' title='bbox 1957 5168 2126 5223; x_wconf 89' lang='lat' dir='ltr'><strong>attulit</strong></span> <span class='ocrx_word' id='word_1_906' title='bbox 2150 5170 2201 5224; x_wconf 89' lang='lat' dir='ltr'><strong>in</strong></span> <span class='ocrx_word' id='word_1_907' title='bbox 2224 5171 2380 5225; x_wconf 87' lang='lat' dir='ltr'><strong>multa</strong></span> <span class='ocrx_word' id='word_1_908' title='bbox 2401 5174 2644 5244; x_wconf 85' lang='lat' dir='ltr'><strong>patientia</strong></span> <span class='ocrx_word' id='word_1_909' title='bbox 2672 5192 2789 5232; x_wconf 75' lang='lat' dir='ltr'><strong>uasa</strong></span> <span class='ocrx_word' id='word_1_910' title='bbox 2818 5179 2928 5245; x_wconf 69' lang='lat' dir='ltr'><strong>ira,</strong></span> <span class='ocrx_word' id='word_1_911' title='bbox 2957 5160 3068 5248; x_wconf 66' lang='lat' dir='ltr'><strong>qua:</strong></span> <span class='ocrx_word' id='word_1_912' title='bbox 3095 5188 3315 5252; x_wconf 62' lang='lat' dir='ltr'><strong>perlecta</strong></span> <span class='ocrx_word' id='word_1_913' title='bbox 3344 5200 3460 5241; x_wconf 81' lang='lat' dir='ltr'><strong>sunt</strong></span> <span class='ocrx_word' id='word_1_914' title='bbox 3483 5192 3531 5240; x_wconf 76' lang='lat' dir='ltr'><strong>in</strong></span> 
     </span>
    </p>
   </div>
   <div class='ocr_carea' id='block_1_115' title="bbox 2024 5263 3540 5339">
    <p class='ocr_par' dir='ltr' id='par_1_115' title="bbox 2024 5263 3540 5339">
     <span class='ocr_line' id='line_1_115' title="bbox 2024 5263 3540 5339; baseline 0.012 -29"><span class='ocrx_word' id='word_1_915' title='bbox 2024 5263 2038 5293; x_wconf 86' lang='grc'>¹</span> <span class='ocrx_word' id='word_1_916' title='bbox 2062 5263 2386 5339; x_wconf 54' lang='grc' dir='ltr'><strong>[ογαηξρᾳβεδ</strong></span> <span class='ocrx_word' id='word_1_917' title='bbox 2408 5274 2578 5339; x_wconf 70' lang='lat' dir='ltr'><strong>putant</strong></span> <span class='ocrx_word' id='word_1_918' title='bbox 2599 5267 2882 5339; x_wconf 66' lang='lat' dir='ltr'><strong>legendum,</strong></span> <span class='ocrx_word' id='word_1_919' title='bbox 2904 5271 3135 5339; x_wconf 75' lang='lat' dir='ltr'><strong>traditur.</strong></span> <span class='ocrx_word' id='word_1_920' title='bbox 3152 5277 3265 5333; x_wconf 85' lang='lat' dir='ltr'><strong>Quia</strong></span> <span class='ocrx_word' id='word_1_921' title='bbox 3290 5280 3360 5329; x_wconf 87' lang='lat' dir='ltr'><strong>sic</strong></span> <span class='ocrx_word' id='word_1_922' title='bbox 3375 5294 3448 5339; x_wconf 63' lang='lat' dir='ltr'><strong>sui</strong></span> <span class='ocrx_word' id='word_1_923' title='bbox 3468 5297 3540 5339; x_wconf 75' lang='lat' dir='ltr'><strong>ru,</strong></span> 
     </span>
    </p>
   </div>
   <div class='ocr_carea' id='block_1_116' title="bbox 1956 5319 3539 5398">
    <p class='ocr_par' dir='ltr' id='par_1_116' title="bbox 1956 5319 3539 5398">
     <span class='ocr_line' id='line_1_116' title="bbox 1956 5319 3539 5398; baseline 0.012 -28"><span class='ocrx_word' id='word_1_924' title='bbox 1956 5319 2091 5391; x_wconf 72' lang='lat' dir='ltr'><strong>aliud</strong></span> <span class='ocrx_word' id='word_1_925' title='bbox 2114 5322 2251 5398; x_wconf 77' lang='lat' dir='ltr'><strong>tradi</strong></span> <span class='ocrx_word' id='word_1_926' title='bbox 2266 5325 2368 5387; x_wconf 83' lang='lat' dir='ltr'><strong>eis;</strong></span> <span class='ocrx_word' id='word_1_927' title='bbox 2405 5319 2566 5398; x_wconf 75' lang='lat' dir='ltr'><strong>utique</strong></span> <span class='ocrx_word' id='word_1_928' title='bbox 2609 5319 2665 5379; x_wconf 72' lang='lat' dir='ltr'><strong>ul</strong></span> <span class='ocrx_word' id='word_1_929' title='bbox 2674 5319 3134 5398; x_wconf 43' lang='grc' dir='ltr'><strong>’.ροηδεγᾷὣήάόίέἰέ</strong></span> <span class='ocrx_word' id='word_1_930' title='bbox 3156 5319 3456 5398; x_wconf 57' lang='lat' dir='ltr'><strong>ﬁaiiniiizii}</strong></span> 
     </span>
    </p>
   </div>
   <div class='ocr_carea' id='block_1_117' title="bbox 1957 5381 3149 5450">
    <p class='ocr_par' dir='ltr' id='par_1_117' title="bbox 1957 5381 3149 5450">
     <span class='ocr_line' id='line_1_117' title="bbox 1957 5381 3149 5450; baseline 0.01 -16"><span class='ocrx_word' id='word_1_931' title='bbox 1957 5381 2062 5450; x_wconf 77' lang='lat' dir='ltr'><strong>eis;</strong></span> <span class='ocrx_word' id='word_1_932' title='bbox 2085 5394 2155 5444; x_wconf 86' lang='lat' dir='ltr'><strong>et,</strong></span> <span class='ocrx_word' id='word_1_933' title='bbox 2178 5398 2266 5450; x_wconf 78' lang='lat' dir='ltr'><strong>nec</strong></span> <span class='ocrx_word' id='word_1_934' title='bbox 2287 5381 2371 5439; x_wconf 79' lang='lat' dir='ltr'><strong>eas</strong></span> <span class='ocrx_word' id='word_1_935' title='bbox 2391 5381 2626 5450; x_wconf 77' lang='lat' dir='ltr'><strong>sequitur,</strong></span> <span class='ocrx_word' id='word_1_936' title='bbox 2647 5391 2691 5441; x_wconf 85' lang='lat' dir='ltr'><strong>si</strong></span> <span class='ocrx_word' id='word_1_937' title='bbox 2712 5404 2805 5442; x_wconf 86' lang='lat' dir='ltr'><strong>non</strong></span> <span class='ocrx_word' id='word_1_938' title='bbox 2825 5392 2897 5444; x_wconf 83' lang='lat' dir='ltr'><strong>eis</strong></span> <span class='ocrx_word' id='word_1_939' title='bbox 2920 5381 3149 5446; x_wconf 65' lang='lat' dir='ltr'><strong>traditur.</strong></span> 
     </span>
    </p>
   </div>
   <div class='ocr_carea' id='block_1_118' title="bbox 2022 5447 3192 5529">
    <p class='ocr_par' dir='ltr' id='par_1_118' title="bbox 2022 5447 3192 5529">
     <span class='ocr_line' id='line_1_118' title="bbox 2022 5447 3192 5529; baseline 0 0"><span class='ocrx_word' id='word_1_940' title='bbox 2022 5447 2327 5529; x_wconf 50' lang='lat' dir='ltr'><strong>iteite:</strong></span> <span class='ocrx_word' id='word_1_941' title='bbox 2353 5447 2739 5529; x_wconf 55' lang='grc' dir='ltr'><strong>εξίέιὲἒιξςεέιάςεε</strong></span> <span class='ocrx_word' id='word_1_942' title='bbox 2991 5527 2999 5529; x_wconf 18' lang='grc' dir='ltr'><em>Α</em></span> <span class='ocrx_word' id='word_1_943' title='bbox 3080 5518 3089 5529; x_wconf 93' lang='grc'><em>.</em></span> <span class='ocrx_word' id='word_1_944' title='bbox 3184 5520 3192 5529; x_wconf 89' lang='grc'><strong>.</strong></span> 
     </span>
    </p>
   </div>
   <div class='ocr_carea' id='block_1_119' title="bbox 2022 5507 3539 5578">
    <p class='ocr_par' dir='ltr' id='par_1_119' title="bbox 2022 5507 3539 5578">
     <span class='ocr_line' id='line_1_119' title="bbox 2022 5507 3539 5578; baseline 0.012 -23"><span class='ocrx_word' id='word_1_945' title='bbox 2022 5507 2328 5578; x_wconf 66' lang='lat' dir='ltr'><strong>&#39;ttic__etiam</strong></span> <span class='ocrx_word' id='word_1_946' title='bbox 2365 5507 2687 5578; x_wconf 76' lang='lat' dir='ltr'><strong>Lovauienscs</strong></span> <span class='ocrx_word' id='word_1_947' title='bbox 2719 5514 3024 5578; x_wconf 85' lang='lat' dir='ltr'><strong>addiderunt,</strong></span> <span class='ocrx_word' id='word_1_948' title='bbox 3071 5518 3275 5572; x_wconf 77' lang='lat' dir='ltr'><strong>hostium</strong></span> <span class='ocrx_word' id='word_1_949' title='bbox 3305 5537 3322 5574; x_wconf 82' lang='lat'><strong>.‘</strong></span> <span class='ocrx_word' id='word_1_950' title='bbox 3348 5534 3539 5578; x_wconf 68' lang='lat' dir='ltr'><strong>totum:</strong></span> 
     </span>
    </p>
   </div>
   <div class='ocr_carea' id='block_1_120' title="bbox 1958 5570 2810 5625">
    <p class='ocr_par' dir='ltr' id='par_1_120' title="bbox 1958 5570 2810 5625">
     <span class='ocr_line' id='line_1_120' title="bbox 1958 5570 2810 5625; baseline 0.009 -8"><span class='ocrx_word' id='word_1_951' title='bbox 1958 5570 2021 5617; x_wconf 86' lang='lat' dir='ltr'><strong>ab</strong></span> <span class='ocrx_word' id='word_1_952' title='bbox 2038 5570 2265 5620; x_wconf 88' lang='lat' dir='ltr'><strong>omnibus</strong></span> <span class='ocrx_word' id='word_1_953' title='bbox 2286 5578 2390 5620; x_wconf 75' lang='lat' dir='ltr'><strong>Mss.</strong></span> <span class='ocrx_word' id='word_1_954' title='bbox 2417 5573 2542 5622; x_wconf 81' lang='lat' dir='ltr'><strong>absit</strong></span> <span class='ocrx_word' id='word_1_955' title='bbox 2559 5582 2608 5625; x_wconf 89' lang='lat' dir='ltr'><strong>et</strong></span> <span class='ocrx_word' id='word_1_956' title='bbox 2631 5587 2659 5623; x_wconf 82' lang='lat' dir='ltr'><strong>a</strong></span> <span class='ocrx_word' id='word_1_957' title='bbox 2683 5583 2810 5625; x_wconf 69' lang='lat' dir='ltr'><strong>LXX.</strong></span> 
     </span>
    </p>
   </div>
   <div class='ocr_carea' id='block_1_121' title="bbox 2023 5630 3544 5713">
    <p class='ocr_par' dir='ltr' id='par_1_121' title="bbox 2023 5630 3544 5713">
     <span class='ocr_line' id='line_1_121' title="bbox 2023 5630 3544 5713; baseline 0.015 -37"><span class='ocrx_word' id='word_1_958' title='bbox 2023 5632 2041 5659; x_wconf 69' lang='grc'><strong><em>³</em></strong></span> <span class='ocrx_word' id='word_1_959' title='bbox 2068 5630 2181 5680; x_wconf 72' lang='lat' dir='ltr'><strong>Editi</strong></span> <span class='ocrx_word' id='word_1_960' title='bbox 2201 5664 2215 5688; x_wconf 90' lang='lat'><strong>,</strong></span> <span class='ocrx_word' id='word_1_961' title='bbox 2240 5639 2291 5703; x_wconf 79' lang='lat' dir='ltr'><strong>ut</strong></span> <span class='ocrx_word' id='word_1_962' title='bbox 2314 5631 2434 5713; x_wconf 52' lang='lat' dir='ltr'><strong>salui</strong></span> <span class='ocrx_word' id='word_1_963' title='bbox 2460 5631 2627 5713; x_wconf 58' lang='lat' dir='ltr'><strong>ﬁerent</strong></span> <span class='ocrx_word' id='word_1_964' title='bbox 2650 5635 2922 5713; x_wconf 77' lang='lat' dir='ltr'><strong>mittet</strong></span> <span class='ocrx_word' id='word_1_965' title='bbox 3096 5655 3289 5704; x_wconf 74' lang='lat' dir='ltr'><strong>omisso,</strong></span> <span class='ocrx_word' id='word_1_966' title='bbox 3309 5657 3354 5713; x_wconf 64' lang='lat' dir='ltr'><strong>et</strong></span> <span class='ocrx_word' id='word_1_967' title='bbox 3374 5686 3386 5704; x_wconf 89' lang='lat'><strong>,</strong></span> <span class='ocrx_word' id='word_1_968' title='bbox 3414 5652 3544 5713; x_wconf 76' lang='lat' dir='ltr'><strong>qucd</strong></span> 
     </span>
    </p>
   </div>
   <div class='ocr_carea' id='block_1_122' title="bbox 1960 5694 3355 5770">
    <p class='ocr_par' dir='ltr' id='par_1_122' title="bbox 1960 5694 3355 5770">
     <span class='ocr_line' id='line_1_122' title="bbox 1960 5694 3355 5770; baseline 0.014 -32"><span class='ocrx_word' id='word_1_969' title='bbox 1960 5694 2006 5741; x_wconf 85' lang='lat' dir='ltr'><strong>in</strong></span> <span class='ocrx_word' id='word_1_970' title='bbox 2025 5696 2378 5770; x_wconf 45' lang='lat' dir='ltr'><strong>.tuapusciiptis</strong></span> <span class='ocrx_word' id='word_1_971' title='bbox 2409 5694 2615 5746; x_wconf 77' lang='lat' dir='ltr'><strong>habetur</strong></span> <span class='ocrx_word' id='word_1_972' title='bbox 2641 5702 2760 5768; x_wconf 77' lang='lat' dir='ltr'><strong>ct_iu</strong></span> <span class='ocrx_word' id='word_1_973' title='bbox 2780 5713 2942 5759; x_wconf 63' lang='grc' dir='ltr'><strong>αττρεο</strong></span> <span class='ocrx_word' id='word_1_974' title='bbox 2963 5694 3106 5754; x_wconf 72' lang='lat' dir='ltr'><strong>textu</strong></span> <span class='ocrx_word' id='word_1_975' title='bbox 3133 5694 3355 5770; x_wconf 51' lang='lat' dir='ltr'><strong>Alatstt&#39;ib.</strong></span> 
     </span>
    </p>
   </div>
   <div class='ocr_carea' id='block_1_123' title="bbox 2023 5750 2745 5821">
    <p class='ocr_par' dir='ltr' id='par_1_123' title="bbox 2023 5750 2745 5821">
     <span class='ocr_line' id='line_1_123' title="bbox 2023 5750 2745 5821; baseline 0.019 -25"><span class='ocrx_word' id='word_1_976' title='bbox 2023 5754 2043 5821; x_wconf 64' lang='grc' dir='ltr'><strong>ξ</strong></span> <span class='ocrx_word' id='word_1_977' title='bbox 2195 5750 2340 5803; x_wconf 74' lang='lat' dir='ltr'><strong>editio</strong></span> <span class='ocrx_word' id='word_1_978' title='bbox 2364 5761 2492 5815; x_wconf 71' lang='lat' dir='ltr'><strong>l.o\&#39;.,</strong></span> <span class='ocrx_word' id='word_1_979' title='bbox 2518 5773 2675 5821; x_wconf 64' lang='lat' dir='ltr'><strong>pusum</strong></span> <span class='ocrx_word' id='word_1_980' title='bbox 2692 5760 2745 5810; x_wconf 82' lang='lat' dir='ltr'><strong>it.</strong></span> 
     </span>
    </p>
   </div>
   <div class='ocr_carea' id='block_1_124' title="bbox 2024 5812 2313 5871">
    <p class='ocr_par' dir='ltr' id='par_1_124' title="bbox 2024 5812 2313 5871">
     <span class='ocr_line' id='line_1_124' title="bbox 2024 5812 2313 5871; baseline 0.017 -15"><span class='ocrx_word' id='word_1_981' title='bbox 2024 5815 2044 5844; x_wconf 76' lang='grc'><strong><em>⁸</em></strong></span> <span class='ocrx_word' id='word_1_982' title='bbox 2070 5812 2200 5871; x_wconf 69' lang='grc' dir='ltr'><strong>[(ἰίιὶ,</strong></span> <span class='ocrx_word' id='word_1_983' title='bbox 2224 5829 2236 5859; x_wconf 59' lang='grc' dir='ltr'><em>θ</em></span> <span class='ocrx_word' id='word_1_984' title='bbox 2254 5829 2313 5863; x_wconf 79' lang='lat' dir='ltr'><strong>tc.</strong></span> 
     </span>
    </p>
   </div>
  </div>
