4038 6182
500 376 602 445 illi

504 500 835 565 partitionem
860 494 1038 569 (Rom.
1076 510 1154 566 lx,
1184 495 1301 569 22).
1331 495 1468 566 Quid
1511 495 1703 551 horum
1744 502 1919 549 tamen
1949 491 2083 546 dicis

504 606 624 648 esse
646 587 787 661 quod
810 590 1068 660 scriptum
1099 597 1202 657 est,
1232 587 1299 643 Et
1330 589 1576 659 propheta
1599 588 1646 642 si
1672 585 1911 641 erraverit
1932 593 1977 639 et
2004 579 2084 639 lo-

503 692 650 737 cutus
676 683 849 753 fuerit,
892 696 984 753 ego
1022 680 1271 737 Dominus
1294 681 1474 738 seduxi
1509 682 1807 755 prophetam
1837 674 2014 747 illum,
2038 687 2087 732 et

500 771 767 826 extendam
793 788 998 826 manum
1025 788 1187 828 meam
1214 789 1364 846 super
1383 789 1518 842 cum,
1546 782 1593 829 et
1612 772 1950 830 exterminabo
1971 787 2089 826 eum

500 867 565 919 de
586 863 751 919 tnedio
779 864 956 935 populi
980 865 1078 919 mei
1101 863 1271 921 Israel
1291 863 1505 938 (Ezech.
1548 881 1654 931 xiv,
1692 856 1786 937 9)?
1831 864 2086 936 patientia

501 966 604 1022 est,
636 972 704 1012 an
730 958 1007 1027 potentia?
1032 958 1321 1027 Quodlibet
1347 957 1543 1031 eligas,
1571 959 1658 1015 vel
1691 968 1975 1029 utrumque
2008 955 2087 1010 fa-

504 1049 696 1113 tearis;
729 1048 880 1105 vides
904 1058 1080 1105 tamen
1100 1048 1231 1106 falsa
1253 1050 1624 1121 prophetantis
1644 1057 1919 1121 peceatum
1944 1062 2085 1114 esse,

501 1156 822 1214 pugnamque
849 1142 1073 1211 peccati.
1115 1142 1196 1201 An
1230 1151 1287 1198 et
1313 1142 1399 1197 hic
1428 1141 1671 1199 dicturus
1695 1156 1775 1205 es,
1802 1139 1944 1209 quod
1972 1138 2085 1204 ait,

501 1229 617 1303 Ego
645 1228 893 1285 Dominus
916 1231 1097 1286 seduxi
1122 1232 1418 1305 prophetam
1453 1228 1599 1286 illum
1622 1271 1637 1297 ,
1687 1227 2087 1300 intelligendum

502 1338 647 1392 esse,
674 1323 916 1389 Deserui,
941 1331 997 1379 ut
1024 1338 1120 1394 pro
1148 1325 1266 1395 ejus
1292 1324 1309 1355 ¹
1341 1323 1545 1379 meritis
1566 1321 1818 1378 seductus
1838 1318 2089 1376 erraret?

503 1415 617 1486 Age
641 1424 696 1470 ut
722 1415 835 1479 vis,
872 1423 1048 1469 tamen
1078 1428 1144 1469 eo
1173 1413 1332 1470 modo
1361 1412 1573 1482 punitus
1596 1419 1680 1468 est
1708 1429 1801 1483 pro
1822 1419 2044 1483 peccato
2070 1452 2085 1477 ,

506 1515 565 1563 ut
608 1505 800 1563 falsum
837 1506 1210 1578 prepbetando
1250 1517 1517 1579 peccaret.
1563 1506 1668 1564 Sed
1713 1506 1843 1562 illud
1884 1505 2091 1559 intuere

503 1594 648 1666 quod
676 1594 808 1651 vidit
831 1595 1080 1652 Michteas
1107 1596 1393 1669 propheta,
1424 1595 1701 1650 Dominum
1729 1595 1978 1651 sedentem
2004 1610 2091 1648 su-

504 1702 596 1760 per
619 1685 857 1742 thronum
884 1703 1069 1754 suum,
1099 1697 1147 1741 et
1173 1688 1336 1743 omnis
1361 1688 1608 1743 exercitus
1628 1687 1739 1741 caeli
1767 1688 1929 1740 stabat
1956 1684 2093 1739 circa

505 1793 620 1833 eum
644 1793 677 1831 a
694 1777 885 1832 dextris
905 1777 1014 1848 ejus
1045 1786 1090 1833 et
1109 1794 1141 1831 a
1163 1776 1382 1833 sinistris
1410 1778 1540 1848 ejus.
1570 1777 1636 1831 Et
1660 1776 1788 1834 dixit
1815 1776 2091 1830 Dominus:

508 1868 637 1937 Quis
660 1869 858 1924 seducet
882 1868 1056 1924 Achab
1081 1886 1248 1941 regem
1270 1868 1471 1937 Israel,
1499 1879 1545 1924 et
1569 1870 1824 1938 ascendet,
1864 1878 1913 1925 et
1946 1863 2093 1921 cadet

506 1961 561 2014 in
605 1958 825 2015 Ramoth
867 1958 1111 2015 Galaad?
1164 1959 1233 2014 Et
1261 1960 1389 2015 dixit
1426 1961 1521 2014 iste
1559 1961 1654 2027 sic,
1697 1969 1746 2015 et
1781 1959 1875 2016 iste
1901 1959 1993 2012 sic.
2026 1954 2094 2013 Et

507 2052 630 2109 exiit
647 2051 876 2124 'spiritus
899 2092 915 2119 ,
959 2062 1007 2107 et
1052 2053 1187 2107 stetit
1220 2053 1275 2106 in
1303 2058 1573 2122 conspectu
1600 2051 1827 2119 Domini,
1855 2060 1899 2104 et
1924 2046 2051 2103 dixit
2074 2066 2093 2104 :

508 2141 622 2215 Ego
644 2141 880 2199 scducam
905 2159 1039 2197 cum.
1065 2141 1129 2197 Et
1154 2141 1283 2196 dixit
1312 2141 1555 2196 Dominus
1584 2143 1651 2196 ad
1683 2157 1835 2199 eum:
1860 2138 1925 2194 In
1952 2138 2095 2211 quo?

510 2233 579 2288 Et
606 2235 735 2289 dixit
765 2250 786 2290 :
814 2234 975 2290 Exibo
1000 2243 1047 2290 et
1074 2250 1160 2289 ero
1186 2235 1396 2306 spiritus
1436 2233 1655 2287 mendax
1685 2234 1735 2286 in
1758 2249 1846 2288 ere
1869 2232 2095 2285 omnium

512 2326 870 2394 prapltetarum
909 2325 1039 2397 ejus.
1081 2323 1149 2379 Et
1176 2327 1305 2380 dixit
1344 2342 1363 2379 :
1405 2325 1661 2391 Seduces,
1687 2333 1733 2378 et
1764 2322 2095 2395 prterulebis;

507 2416 591 2469 cxi
613 2426 661 2468 et
693 2417 776 2487 [ac
803 2416 877 2469 sic
916 2414 1003 2488 (ιιι
1032 2414 1159 2488 Reg.
1191 2432 1327 2479 χχιι,
1358 2415 1565 2486 lii-22).
1590 2414 1727 2483 Quid
1763 2417 1827 2469 ad
1874 2413 1975 2469 ista
2010 2409 2094 2469 di-

510 2515 696 2560 cturus
719 2504 817 2560 es?
842 2521 1038 2578 nempe
1080 2522 1175 2561 rex
1212 2508 1325 2577 ipse
1362 2507 1619 2577 peccavit,
1663 2505 1806 2561 falsis
1829 2505 2097 2562 credendo

513 2598 809 2668 prophetis.
836 2600 902 2653 At
930 2598 1044 2653 htec
1073 2598 1185 2670 ipsa
1215 2609 1333 2654 erat
1358 2607 1411 2655 ct
1434 2615 1587 2670 paena
1617 2598 1849 2669 peccati,
1883 2598 1993 2653 Deo
2012 2598 2099 2668 ju-

511 2687 751 2756 dicante,
789 2689 898 2744 Deo
927 2688 1169 2745 mittente
1206 2690 1453 2762 angelum
1499 2690 1731 2756 malum;
1765 2701 1820 2745 ut
1861 2690 2099 2760 apertius

512 2775 932 2847 intelligeremus
951 2779 1219 2848 quomodo
1247 2780 1297 2834 iu
1322 2779 1533 2836 Psalmo
1553 2780 1751 2836 dictum
1774 2781 1863 2845 sit,
1887 2778 2098 2836 misisse

511 2869 643 2921 iram
667 2867 1044 2939 indignationis
1059 2885 1169 2925 suae
1181 2885 1275 2940 per
1286 2872 1506 2943 angelos
1520 2872 1689 2928 malos
1701 2872 1720 2944 (
1730 2870 1873 2926 Psal.
1894 2887 2095 2937 ωας-ιι,

512 2959 627 3029 49).
658 2959 762 3015 Sed
798 2961 1050 3031 numquid
1097 2962 1328 3020 errando
1351 3005 1367 3032 ,
1416 2964 1672 3035 numquid
1724 2963 1918 3034 injuste
1946 2963 2099 3034 quid-

511 3065 671 3121 quam
694 3053 776 3106 vel
799 3062 998 3109 temere
1020 3053 1331 3127 judicando,
1352 3056 1465 3112 sive
1489 3055 1771 3113 faciendo?
1792 3055 1943 3114 Absit
1965 3074 1978 3110 :
2002 3056 2096 3112 sed

513 3160 619 3198 non
650 3143 843 3200 frustra
869 3146 944 3201 illi
970 3146 1170 3203 dictum
1212 3158 1317 3217 est,
1358 3147 1567 3204 Iudicia
1609 3160 1698 3205 tua
1730 3146 1861 3206 sicut
1885 3151 2098 3222 abyssus

512 3234 673 3287 multa
702 3233 870 3303 (Psal.
894 3251 1061 3301 xxxv,
1093 3237 1171 3303 7).
1210 3236 1325 3293 Non
1351 3237 1548 3294 frustm
1576 3240 1841 3295 exclamat
1867 3243 2098 3311 Aposto-

515 3325 616 3388 lus,
660 3322 707 3379 ο
753 3325 967 3381 altitudo
1000 3326 1291 3382 divitiarum
1333 3330 1596 3399 sapientia
1630 3339 1678 3385 et
1716 3332 1934 3385 scientia
1961 3330 2099 3387 Dei!

512 3431 664 3486 quam
698 3417 1048 3473 inscrutaln'lia
1087 3429 1204 3473 sunt
1228 3419 1431 3490 judicia
1467 3422 1596 3492 ejus,
1645 3430 1692 3477 et
1730 3422 2097 3495 investigabiles

511 3506 609 3560 vim
644 3507 798 3578 ejus!
842 3507 966 3573 Quis
1017 3511 1151 3564 enim
1189 3511 1419 3583 cognovit
1474 3528 1675 3567 sensum
1715 3511 1965 3569 Domini?
2006 3524 2099 3567 aut

512 3598 625 3667 quis
662 3596 982 3654 consiliarius
1010 3602 1119 3671 ejus
1150 3601 1292 3671 fuit?
1314 3602 1414 3655 Aut
1434 3603 1544 3671 quis
1568 3604 1708 3673 prior
1736 3603 1876 3657 dedit
1913 3605 2013 3668 illi,
2042 3612 2098 3657 ut

513 3688 818 3743 retribuatur
840 3689 887 3744 ei
906 3688 1081 3761 (Rom.
1108 3707 1183 3756 xx,
1209 3692 1432 3762 δεμ-55η
1452 3691 1661 3748 Nullum
1684 3694 1833 3765 eligit
1851 3695 2093 3766 dignum,

513 3778 610 3835 sed
652 3780 899 3852 eligendo
942 3781 1104 3837 efﬁcit
1136 3781 1353 3854 dignum
1389 3785 1440 3845 ¹;
1487 3785 1686 3839 nullum
1725 3796 1899 3841 tamen
1945 3788 2098 3857 punit

513 3870 808 3941 indignum.
916 3878 923 3885 '

583 3959 812 4017 CAPUT
840 3961 925 4015 IV.
951 3993 1023 4004 —-
1051 3965 1134 4018 li.
1169 3982 1188 4016 ι
1208 3966 1326 4033 Ait,
1356 3986 1374 4019 ι
1402 3967 1599 4037 inquis,
1619 3986 1638 4019 ί
1659 3968 1976 4040 Apostolus,
1996 3966 2099 4025 Βοε

514 4055 646 4108 nitas
670 4054 759 4108 Dei
784 4056 854 4108 ad
872 4058 1211 4125 paenitentiam
1240 4068 1286 4112 te
1306 4059 1565 4117 adducit.»
1596 4060 1787 4117 Verum
1816 4072 1899 4117 est
1916 4105 1931 4127 ,
1962 4078 2094 4119 con-

510 4158 650 4215 stat;
682 4150 775 4205 sed
797 4165 955 4219 quem
984 4152 1381 4221 prmdestiuavit
1419 4153 1673 4211 adducit:
1703 4156 1943 4225 quamvis
1982 4157 2096 4228 ipse

513 4242 806 4297 secundum
836 4242 1084 4298 duritiam
1122 4258 1271 4300 suam
1316 4254 1371 4302 et
1398 4262 1492 4301 cor
1519 4247 1888 4316 impmnitens,
1931 4265 2097 4318 quan-

515 4344 625 4386 tutn
647 4334 711 4387 ad
742 4333 912 4403 ipsum
943 4337 1151 4403 attinet,
1180 4337 1502 4393 thesaurizet
1535 4339 1635 4394 sibi
1665 4339 1797 4394 iram
1823 4340 1873 4394 in
1898 4332 2095 4395 dieirze

513 4430 569 4475 et
592 4424 931 4479 revelationis
950 4426 1076 4495 justi
1099 4427 1281 4496 judicii
1312 4428 1424 4494 Dei,
1455 4430 1543 4500 qui
1583 4430 1771 4486 reddet
1811 4432 2094 4502 unicuique

514 4510 806 4567 secundum
831 4527 991 4582 opera
1022 4516 1137 4585 ejus
1162 4516 1274 4587 (Id.
1303 4534 1361 4583 u,
1381 4519 1930 4589 4.6).Quantamlibct
1953 4524 2093 4578 enim

514 4601 756 4672 pra'beat
782 4604 1126 4672 patientiam;
1153 4608 1251 4663 nisi
1280 4608 1393 4679 ipse
1416 4609 1642 4677 dederit,
1662 4614 1780 4682 quis
1798 4614 1905 4685 agit
1924 4615 2097 4685 paeni-

517 4694 737 4748 tentiam
763 4693 890 4748 ‘lAn
920 4695 1116 4750 oblitus
1142 4711 1201 4753 es
1226 4697 1366 4768 quod
1385 4700 1523 4755 idem
1553 4702 1666 4773 ipse
1691 4703 1880 4759 doctor
1893 4706 1987 4772 ait,
2014 4703 2097 4758 Ne

515 4789 646 4855 forte
664 4785 747 4839 det
770 4786 872 4840 illis
898 4784 1038 4841 Deus
1068 4789 1411 4858 paenitentiam
1435 4792 1502 4845 ad
1540 4792 1934 4862 cognoscendam
1963 4797 2094 4850 veri.

514 4886 691 4941 tatem;
709 4889 757 4933 et
773 4880 1068 4949 resipiscam
1084 4898 1115 4935 a
1129 4881 1317 4937 diaboli
1332 4884 1524 4953 laqueis
1540 4884 1604 4958 (ll
1621 4885 1815 4951 Tim.n,
1831 4889 1900 4943 23
1917 4900 1961 4944 et
1977 4890 2096 4959 26)?

512 4967 617 5025 Sed
639 4967 837 5040 judicia
866 4969 984 5040 ejus
1012 4972 1177 5027 multa
1201 4972 1443 5047 abyssus.
1473 4975 1582 5032 Nos
1605 4987 1750 5034 certe
1792 4980 1836 5033 si
1884 4995 2007 5045 eos,
2042 4983 2094 5036 in

513 5076 651 5130 quos
679 5060 832 5125 nobis
860 5070 1098 5131 potestas
1122 5072 1233 5130 est,
1266 5074 1390 5121 ante
1437 5067 1621 5121 oculos
1665 5075 1875 5123 nostros
1905 5086 2095 5138 perpe-

516 5161 657 5206 trare
693 5150 895 5206 scelera
936 5154 1336 5222 permittamus,
1382 5156 1457 5210 rei
1507 5172 1629 5212 cum
1676 5158 1803 5226 ipsis
1853 5161 2091 5216 erimus:

512 5259 671 5312 quam
699 5259 827 5300 vero
860 5244 1261 5301 innumerabilia
1282 5246 1372 5302 ille
1402 5247 1787 5317 permittitﬁeri
1816 5262 1939 5305 ante
1964 5268 2095 5307 ocu-

514 5332 594 5389 los
620 5350 766 5396 suos,
798 5351 916 5407 qua:
942 5337 1141 5408 utique,
1174 5340 1218 5393 si
1236 5340 1511 5405 noluisset,
1541 5341 1682 5397 nulla
1720 5346 1925 5399 ratione
1973 5359 2096 5414 per-

516 5432 746 5480 mitteret
766 5426 791 5479 ?
809 5436 864 5481 et
885 5434 1060 5481 tamen
1082 5427 1258 5499 justus
1283 5440 1336 5485 et
1361 5430 1531 5486 bonus
1558 5443 1658 5487 est.
1687 5434 1753 5488 Et
1776 5435 1916 5504 quod
1957 5452 2095 5505 pra:-

516 5508 691 5568 licndo
711 5516 1017 5584 patientiam
1044 5517 1134 5572 dat
1167 5518 1341 5574 locum
1375 5521 1719 5592 paenitenter,
1768 5526 1955 5580 nolens
1996 5527 2095 5581 ali-

581 5650 594 5713 ξ
626 5655 802 5713 sanet
824 5655 928 5713 Mss.
955 5650 1114 5701 Gallic.
1140 5660 1191 5702 et
1215 5656 1380 5713 \'atic.,
1406 5656 1493 5707 eis.

580 5712 598 5739 ’
624 5708 1014 5783 ιξᾼὶιῇεεριὶίιιιοι
1040 5719 1165 5771 Mss,
1199 5708 1381 5764 Vultum
1400 5716 1539 5780 elegit
1569 5717 1783 5780 dignam,
1808 5721 1891 5769 sed
1917 5719 2095 5783 eligen-

516 5772 585 5825 de
596 5771 750 5835 ἐπείη
771 5769 987 5833 dignum.

1283 379 1557 439 CONTRA
1594 376 1933 437 JULIANUM
1973 374 2437 447 PELAGIANUM,
2478 379 2537 434 S.
2577 381 2948 440 AUGUSTINI

3681 391 3795 449 τεθὲ

2198 508 2354 563 quem
2388 486 2565 563 perire
2618 495 2685 570 (ll
2708 488 2849 555 Petr.
2877 512 2955 566 tu,
2982 496 3059 572 9),
3089 502 3224 557 nouit
3255 495 3502 558 Dominus
3533 506 3622 574 qui
3667 518 3795 561 sunt

2196 580 2303 654 ejus
2350 575 2417 648 (ll
2450 576 2584 641 Tim.
2612 588 2807 659 11,19),
2833 598 2888 644 et
2914 592 3083 643 omnia
3109 604 3416 661 cooperatur
3440 594 3456 626 ⁸
3484 594 3537 648 in
3567 594 3790 661 bonum,

2196 677 2290 733 sed
2308 672 2386 732 his
2409 680 2494 750 qui
2517 682 2795 736 secundum
2821 683 3131 753 propositum
3153 685 3318 738 vocati
3341 695 3478 740 sunt.
3504 686 3619 741 Non
3634 689 3790 743 enim

2195 784 2383 826 omnes
2406 774 2497 843 qui
2527 774 2699 830 vocati
2738 782 2895 839 sunt,
2948 775 3241 831 secundum
3297 779 3626 847 propositum
3658 792 3792 836 sunt

2195 861 2388 916 vocati.
2438 860 2592 917 Multi
2631 864 2763 917 enim
2800 864 2996 929 uocati,
3037 865 3191 935 pauci
3231 879 3348 920 vero
3375 867 3518 921 electi
3560 865 3782 939 (Matth.

2196 966 2325 1018 χιιι,
2350 952 2460 1023 il).
2492 952 2594 1020 Qui
2634 967 2761 1024 ergo
2813 953 2970 1009 electi
2991 997 3006 1022 ,
3034 954 3089 1009 bi
3118 956 3415 1014 secundum
3445 959 3785 1028 propositum

2195 1045 2388 1098 vocati.
2428 1043 2578 1100 Unde
2607 1054 2661 1100 et
2694 1044 2822 1100 alibi
2851 1045 2982 1102 dicit
3015 1064 3029 1117 ς
3078 1046 3376 1102 Secundum
3413 1049 3648 1103 uirtutem
3688 1048 3790 1104 Dei

2196 1135 2359 1190 salvos
2383 1151 2483 1189 non
2509 1136 2739 1207 facientis
2782 1145 2829 1190 et
2874 1138 3099 1192 vocantis
3128 1138 3389 1194 vocatione
3421 1156 3518 1194 sua
3554 1151 3786 1204 sancta;

2196 1242 2296 1280 non
2324 1227 2599 1281 secundum
2624 1244 2780 1299 opera
2802 1238 2995 1298 nostra,
3028 1229 3118 1285 sed
3135 1231 3411 1307 secundum
3429 1248 3579 1286 suum
3588 1250 3761 1302 prope
3776 1262 3790 1272 -

2195 1318 2344 1375 situm
2371 1329 2416 1372 et
2439 1320 2680 1391 gratiam,
2712 1337 2826 1391 qua:
2853 1322 2975 1376 data
3010 1332 3082 1377 est
3122 1321 3264 1377 nobis
3310 1324 3362 1379 in
3410 1322 3614 1379 Christo
3660 1323 3789 1379 Iesu

2195 1422 2315 1468 ante
2337 1416 2523 1468 swcula
2554 1424 2743 1470 (eterna
2781 1414 2858 1489 (ll
2890 1415 3020 1471 Tim.
3044 1432 3083 1485 ι,
3109 1417 3145 1474 8
3165 1427 3213 1473 et
3234 1417 3314 1489 9).
3343 1418 3584 1489 Denique
3612 1428 3672 1473 et
3703 1419 3791 1472 hic

2195 1519 2317 1560 cum
2356 1505 2614 1572 dixisset,
2642 1507 2828 1562 Omnia
2865 1519 3166 1580 cooperatur
3191 1511 3244 1567 in
3269 1509 3456 1565 bonum
3484 1511 3563 1564 his
3589 1512 3685 1581 qui
3712 1529 3790 1565 se-

2196 1596 2415 1652 cundum
2429 1599 2742 1667 propositum
2758 1600 2916 1653 vocati
2927 1610 3045 1653 sunt
3063 1615 3082 1655 .'
3100 1601 3355 1657 continuo
3363 1600 3619 1666 subdidit,
3645 1600 3788 1665 Quo-

2198 1689 2335 1742 niam
2358 1705 2484 1759 quos
2529 1699 2646 1744 ante
2688 1691 2972 1762 prtescivit,
2999 1701 3047 1746 et
3088 1692 3460 1763 prmdestinauit
3497 1695 3790 1762 confortatus

2196 1780 2434 1850 imaginis
2453 1779 2580 1836 Filii
2609 1783 2738 1852 ejus,
2769 1791 2825 1837 ut
2859 1783 2925 1838 sit
2949 1784 3313 1854 primogenitus
3333 1784 3384 1837 iu
3409 1784 3582 1839 multis
3607 1784 3787 1853 {ratri-

2198 1872 2291 1927 bns
2313 1889 2331 1926 :
2351 1890 2476 1942 quos
2499 1884 2666 1928 autem
2693 1876 3102 1946 praedestinavit,
3128 1877 3246 1931 illos
3272 1887 3319 1930 et
3345 1878 3560 1942 merit;
3583 1886 3634 1930 et
3662 1893 3789 1947 quos

2199 1965 2411 2031 uocauit,
2430 1966 2566 2037 ipsos
2586 1975 2632 2020 et
2643 1967 2966 2037 justi/icauit;
2982 1984 3109 2037 quos
3124 1978 3290 2023 autem
3300 1969 3622 2041 justificaoit,
3643 1970 3784 2038 ipsos

2199 2064 2245 2109 et
2272 2056 2775 2128 gloriﬁcacitmom.
2811 2074 2923 2124 vut,
2952 2058 3161 2128 28-30).
3210 2059 3272 2114 lli
3319 2070 3444 2115 sunt
3483 2058 3786 2116 secundum

2202 2140 2532 2210 propositum
2554 2144 2745 2199 vocati.
2768 2143 2870 2214 Ipsi
2897 2158 3027 2214 ergo
3050 2144 3292 2211 electi,et
3316 2144 3417 2200 hoc
3445 2155 3569 2200 ante
3598 2146 3785 2207 mundi

2199 2230 2632 2288 constitutionem
2662 2228 2877 2304 (Ephes.
2925 2249 2963 2299 ι,
2990 2233 3066 2307 4),
3097 2235 3164 2290 ab
3188 2249 3254 2289 eo
3283 2235 3370 2305 qui
3398 2244 3550 2290 vocat
3569 2252 3632 2290 ea
3666 2252 3787 2306 qua:
3874 2231 3891 2251 '

2202 2334 2306 2373 non
2325 2330 2449 2376 sunt
2477 2331 2724 2394 tanquam
2753 2324 2861 2381 sint
2888 2323 3063 2398 (Rom.
3094 2340 3168 2390 tv,
3202 2325 3314 2395 l7).
3337 2323 3444 2380 Sed
3469 2325 3626 2380 electi
3646 2367 3663 2387 ,
3696 2342 3790 2394 per

2202 2410 2515 2467 electionem
2532 2408 2734 2483 gratiae.
2759 2412 2911 2470 Unde
2928 2414 3051 2469 dicit
3075 2414 3214 2469 idem
3240 2414 3425 2471 doctor
3439 2414 3569 2470 etde
3586 2415 3754 2471 Israel
3772 2434 3786 2468 :

2203 2496 2452 2575 Reliquiae
2479 2519 2568 2574 per
2582 2500 2870 2559 electionem
2896 2505 3074 2576 gratia:
3100 2507 3249 2577 facta:
3268 2507 3440 2559 sunt’.
3460 2504 3528 2560 Et
3554 2521 3619 2559 ne
3650 2504 3791 2559 forte

2202 2601 2325 2648 ante
2354 2594 2783 2649 constitutionem
2825 2593 3007 2652 mundi
3045 2610 3112 2651 ex
3156 2595 3407 2665 operibus
3440 2595 3789 2665 prazcognitis

2204 2692 2516 2753 putarentur
2538 2684 2691 2739 electi
2711 2727 2725 2752 ,
2755 2696 2969 2741 secutus
2994 2692 3077 2741 est
3097 2728 3112 2749 ,
3141 2695 3195 2742 et
3223 2684 3465 2757 adiunxit
3486 2703 3499 2739 :
3523 2684 3585 2743 Si
3612 2695 3791 2741 autem

2202 2773 2389 2844 gratia,
2405 2773 2521 2844 jam
2541 2789 2640 2827 non
2666 2789 2729 2828 ea:
2756 2774 3011 2845 aperibus;
3035 2774 3261 2845 alioquin
3283 2776 3447 2846 gratia
3461 2777 3575 2846 jam
3592 2793 3703 2829 non
3714 2783 3791 2830 est

2202 2865 2369 2937 gratia
2395 2863 2503 2937 (Id.
2533 2881 2607 2931 xl,
2638 2866 2692 2928 5.
2716 2865 2797 2937 6).
2816 2866 2894 2922 Ex
2911 2866 3012 2921 isto
3028 2882 3251 2922 numero
3270 2867 3561 2923 electorum
3577 2876 3629 2921 et
3653 2884 3792 2937 prm-

2202 2956 2586 3014 destinatorum
2610 2959 2768 3013 etiam
2785 2958 2876 3029 qui,
2891 2959 3176 3029 pessimam
3197 2957 3464 3014 duxerunt
3482 2959 3671 3023 vitam,
3695 2975 3791 3029 per

2204 3049 2298 3108 Dei
2330 3049 2711 3122 benignitatem
2760 3049 3094 3106 adducuntur
3136 3050 3203 3105 ad
3247 3049 3652 3121 pmnitcntiam,
3698 3064 3792 3119 per

2190 3144 2355 3227 cujus
2380 3145 2689 3215 patientiam
2704 3158 2807 3199 non
2837 3153 2960 3199 sunt
2985 3142 3110 3198 huic
3139 3143 3260 3198 vitae
3290 3142 3341 3198 in
3371 3142 3483 3213 ipsa
3514 3142 3782 3196 scelerum

2203 3238 2598 3308 perpetratioue
2616 3236 2874 3293 subtracti
2900 3243 2988 3302 ;nt
3016 3234 3328 3294 ostendatur
3351 3243 3401 3287 et
3432 3231 3561 3304 ipsis
3592 3240 3649 3285 et
3671 3231 3792 3284 aliis

2204 3326 2573 3384 cobzeredibus
2602 3341 2819 3392 eorum,
2845 3325 2914 3380 de
2931 3340 3087 3396 quam
3130 3323 3393 3395 profundo
3431 3323 3571 3379 malo
3620 3322 3790 3391 possit

2205 3420 2295 3474 Dei
2325 3420 2492 3490 gratia
2511 3418 2759 3473 liberare.
2786 3419 2863 3472 Ex
2884 3418 2965 3473 his
2983 3432 3141 3471 nemo
3172 3416 3326 3485 perit,
3354 3427 3695 3485 quacmnque
3719 3430 3790 3466 ων

2204 3520 2311 3565 tate
2337 3510 2612 3564 moriatur.
2643 3508 2795 3564 Absit
2818 3507 2960 3562 enim
2980 3546 2997 3572 ,
3026 3516 3083 3561 ut
3108 3504 3509 3575 pratdestinatus
3534 3504 3603 3557 ad
3625 3506 3788 3558 vtam

2202 3600 2319 3656 sine
2342 3600 2688 3655 Sacramento
2714 3598 3023 3655 Mediatoris
3076 3597 3227 3652 linire
3270 3599 3608 3667 permittatur
3650 3595 3789 3649 hanc

2202 3694 2364 3749 vitam
2384 3692 2426 3747 ³.
2476 3691 2698 3763 Pr0pter
2743 3691 2842 3746 hos
2869 3690 2892 3722 ⁸
2920 3690 3177 3747 Dominus
3208 3689 3319 3755 ait,
3351 3684 3478 3743 Ηαξο
3503 3697 3578 3742 est
3615 3699 3787 3740 autem

2202 3786 2432 3840 uoluntas
2462 3785 2569 3851 eius
2587 3784 2672 3853 qui
2715 3784 2850 3838 misit
2895 3798 2975 3838 me
3014 3776 3209 3844 Patris,
3237 3792 3291 3834 ut
3320 3796 3464 3838 omne
3483 3779 3621 3852 quod
3645 3779 3789 3833 dedit

2202 3858 2465 3943 mihi,non
2479 3873 2686 3946 perdam
2713 3889 2776 3930 ea:
2798 3888 2857 3927 eo
2883 3870 3080 3943 (Joan.
3114 3886 3185 3936 vt,
3210 3868 3278 3927 39
3310 3869 3355 3941 ).
3384 3870 3574 3927 Czeteri
3604 3879 3783 3923 autem

2204 3967 2455 4023 mortales
2481 3966 2572 4038 qui
2601 3980 2665 4021 ex
2700 3966 2804 4019 isto
2834 3978 3057 4019 numero
3086 3977 3192 4018 non
3219 3972 3377 4026 sunt,
3418 3969 3472 4016 et
3500 3977 3565 4017 ex
3597 3961 3783 4015 eadem

2202 4058 2416 4129 quidem
2440 4070 2615 4111 massa
2644 4069 2711 4111 ex
2739 4069 2842 4123 qua
2870 4062 2924 4108 et
2950 4052 3058 4121 isti,
3087 4051 3181 4107 sed
3211 4067 3334 4105 vasa
3355 4051 3445 4105 ira:
3475 4049 3598 4104 facti
3626 4059 3747 4103 sunt
3766 4086 3783 4114 ,

2202 4152 2267 4205 ad
2295 4149 2572 4203 utilitatem
2603 4154 2891 4201 nascuntur
2912 4145 3156 4199 istorum.
3171 4140 3286 4197 Non
3302 4141 3443 4196 enim
3461 4153 3783 4210 quemquam

2201 4256 2385 4296 eorum
2419 4239 2556 4294 Dens
2578 4246 2776 4293 temere
2800 4250 2861 4290 ac
2889 4234 3111 4290 fortuito
3123 4242 3292 4297 creat,
3312 4243 3402 4289 aut
3427 4230 3554 4301 quid
3581 4232 3651 4285 de
3672 4231 3778 4285 illis

2202 4328 2329 4387 boni
2354 4339 2603 4401 operetur
2632 4329 2841 4399 ignorat
2866 4344 2879 4380 :
2910 4341 3032 4381 cum
3058 4336 3114 4381 et
3143 4325 3243 4379 hoc
3283 4325 3398 4394 ipso
3425 4323 3625 4380 bonum
3654 4336 3784 4392 ope-

2203 4434 2369 4490 retur,
2402 4421 2543 4494 quod
2563 4422 2614 4476 in
2642 4420 2720 4476 eis
2741 4419 3033 4477 humanam
3053 4427 3200 4473 creat
3229 4426 3473 4473 naturam
3493 4456 3508 4478 .
3543 4422 3600 4469 et
3624 4429 3687 4466 ex
3708 4414 3786 4467 eis

2203 4517 2441 4573 ordinem
2471 4515 2653 4570 sreculi
2686 4514 2962 4584 prmsentis
2989 4520 3231 4566 exornat.
3263 4509 3487 4564 istorum
3514 4507 3781 4563 nemiuem

2206 4607 2421 4661 adducit
2441 4606 2504 4659 ad
2527 4604 2889 4675 ptenitentiam
2909 4602 3175 4655 salubrem
3207 4609 3261 4654 et
3290 4598 3652 4667 Spiritualcm,
3682 4612 3782 4662 qua

2203 4699 2363 4753 homo
2394 4698 2445 4752 in
2472 4694 2683 4750 Christo
2706 4693 3082 4751 reco:;ciliatnr
3121 4691 3249 4755 Deo,
3278 4690 3390 4744 sive
3421 4687 3526 4742 illis
3561 4685 3783 4755 amplio-

2203 4806 2317 4846 rem
2347 4788 2672 4860 patientiam,
2701 4786 2811 4841 sive
2842 4800 2946 4839 non
2969 4785 3227 4853 imparem
3259 4781 3510 4852 praebeat.
3532 4778 3784 4846 Quamvis

2203 4896 2331 4951 ergo
2355 4894 2540 4934 manes
2568 4895 2631 4930 ex
2663 4876 2849 4931 eadem
2881 4890 3054 4930 maSsa
3105 4871 3418 4943 perditionis
3467 4881 3521 4925 et
3559 4869 3783 4924 daumao

2205 4970 2364 5025 tionis
2389 4967 2680 5023 secundum
2713 4965 2965 5021 duritiam
3011 4963 3192 5019 cordis
3232 4963 3314 5019 sui
3340 4971 3394 5017 et
3420 4976 3513 5016 cor
3535 4959 3784 5027 itttpmlti-

2206 5072 2321 5115 trns
2342 5102 2357 5123 ,
2402 5070 2656 5129 quantum
2689 5058 2752 5110 ad
2786 5056 2932 5125 ipsos
2964 5052 3228 5122 pertinet,
3278 5052 3638 5108 thesaurizent
3682 5048 3783 5100 sibi

2205 5154 2336 5207 iram
2367 5153 2525 5206 indie
2557 5169 2680 5211 me,
2727 5166 2831 5220 quo
2882 5147 3120 5201 redditur
3157 5147 3443 5215 unicuique
3489 5142 3783 5197 secundum

2204 5260 2363 5315 cupa-ra
2390 5258 2482 5295 sua
2509 5261 2519 5294 :
2555 5243 2693 5297 Deus
2725 5250 2899 5293 tamen
2926 5239 3060 5292 alios
3089 5236 3213 5292 inde
3248 5251 3342 5307 per
3380 5232 3780 5290 misericordem

2270 5359 2284 5388 ι
2315 5367 2411 5403 am.
2438 5361 2511 5416 ur.
2539 5362 2592 5404 et
2613 5351 2828 5416 nonnulli
2865 5355 3353 5416 mss.,coopera:tur.
3376 5349 3493 5398 vide
3519 5346 3694 5396 librum
3718 5344 3783 5391 du

2204 5419 2358 5466 Gratia
2376 5424 2427 5465 et
2451 5414 2606 5465 libero
2626 5415 2849 5471 Arbitrio,
2874 5428 2925 5462 ιι.
2951 5415 3015 5463 53

2268 5482 2286 5510 ²
2312 5479 2403 5542 Hie
2417 5477 2631 5542 \aticani
2644 5467 2846 5524 Codices
2857 5481 2907 5523 et
2921 5472 3232 5524 Floriaceusis
3250 5469 3449 5542 addunt,
3473 5467 3621 5521 salt-te
3642 5467 3781 5529 {artic

2203 5540 2504 5605 situt._Abest
2520 5573 2534 5596 ,
2559 5536 2724 5605 salue,
2748 5550 2775 5585 a
2793 5550 2955 5605 graeco
2969 5531 3358 5605 ιθςιιιρυιιιιρριιυιὶΖ
3426 5593 3457 5605 ._
3522 5602 3531 5605 Α
3647 5585 3728 5605 ΔΜ,

2270 5585 2623 5649 {ieiunitas
2658 5585 3255 5660 51s.,"utpraédestittalos
3292 5593 3358 5645 ad
3641 5585 3781 5649 ﬁnire

2468 5660 2591 5706 hanc
2607 5659 2766 5706 citam.

2455 5666 3010 5782 έιῗξῗὶξῇᾕὲῑξωηυείτὶε
3028 5719 3090 5769 tis
3114 5725 3166 5770 et
3185 5713 3559 5774 Cemblscemxs,
3583 5713 3779 5774 I'topm

2225 5796 2309 5829 χοε.

2225 5796 2309 5833 iGC.
