4038 6182
326 374 438 430 193

329 490 625 545 bonitatem
675 481 892 540 adducit
958 479 1022 535 ad
1079 467 1489 550 pteniteutiam,
1549 475 1681 528 alios
1734 488 1930 527 secun—

329 583 460 637 dum
493 576 697 651 justum
721 565 980 648 judicium
1023 578 1130 626 nou
1172 568 1407 625 adducit.
1446 560 1616 623 liabet
1659 565 1803 621 enim
1840 573 1933 635 po-

329 683 578 730 testatem
620 666 919 725 adducendi
973 670 1030 720 et
1085 660 1360 724 trahendi,
1412 659 1529 729 ipso
1576 652 1799 712 Domino
1843 654 1929 711 di-

326 773 521 828 cente,
555 761 720 817 Nemo
770 760 902 814 venit
944 757 1014 811 ad
1040 772 1119 811 me
1143 794 1160 820 ,
1193 752 1291 808 nisi
1317 742 1492 815 Pater,
1540 749 1626 819 qui
1656 749 1792 803 misit
1818 764 1930 812 me,

330 855 543 911 traxerit
566 870 679 909 eunt
706 850 883 925 (Joan.
908 865 977 915 vt,
1006 848 1124 920 44).
1140 836 1406 914 Numquid
1431 846 1608 897 autem
1640 836 1822 895 Achab
1845 848 1931 896 re-

327 965 455 1021 gem
481 944 799 1016 sacrilegum
826 954 882 999 et
911 941 1131 1010 impium
1159 936 1380 994 adduxit
1400 1020 1403 1021 7
1424 935 1490 991 ad
1524 934 1889 1005 pmuiteutiam
1915 949 1931 999 ;

330 1020 429 1096 aut
446 1039 634 1095 saltem
664 1050 758 1107 per
783 1032 1096 1091 mendacem
1128 1028 1372 1100 spiritum
1393 1020 1501 1099 iam
1528 1024 1748 1081 seducto
1775 1033 1933 1095 atque

286 1136 289 1137 ⁷
333 1134 579 1203 decepto,
598 1127 904 1201 patientiam
923 1132 978 1181 et
992 1120 1445 1192 longanimitatem
1467 1116 1690 1189 praabuit
1706 1116 1730 1168 ?
1746 1113 1934 1170 Nonne

336 1224 390 1276 in
419 1237 486 1277 eo
510 1219 712 1280 statim,
742 1225 963 1287 propter
981 1211 1122 1284 quod
1148 1219 1265 1265 erat
1305 1207 1555 1264 seductus
1574 1248 1589 1272 ,
1634 1214 1806 1265 morte
1843 1220 1932 1259 ra-

337 1312 516 1382 piente
539 1307 977 1379 complctumest
999 1301 1087 1377 (Ill
1118 1301 1244 1372 Reg.
1274 1296 1414 1369 χιιι)
1436 1297 1457 1351 ?
1477 1297 1607 1367 Quis
1632 1312 1752 1351 eum
1788 1295 1933 1350 dicat

339 1419 443 1456 nou
466 1414 740 1471 peccasse,
772 1395 981 1468 spiritui
1030 1391 1301 1448 credendo
1341 1390 1582 1446 mendaci
1604 1388 1628 1443 ?
1649 1389 1768 1460 quis
1793 1387 1935 1441 dicat

342 1493 445 1548 hoc
473 1498 749 1561 peccatum
779 1499 991 1558 poenam
1025 1499 1129 1539 non
1180 1482 1346 1537 fuisse
1375 1481 1599 1551 peccati,
1629 1479 1931 1534 venientem

339 1583 407 1638 de
428 1582 628 1653 judicio
661 1575 783 1643 Dci,
815 1578 881 1632 ad
927 1591 1086 1648 quem
1129 1574 1255 1644 legit
1301 1571 1613 1626 mendacem
1656 1569 1929 1641 spiritum,

338 1676 454 1728 sive
509 1672 752 1734 missum,
799 1672 911 1722 sive
944 1663 1310 1737 permissum?
1358 1662 1488 1730 Quis
1515 1661 1704 1715 horum
1738 1659 1934 1728 aliquid

338 1765 493 1829 dicit,
527 1762 624 1816 nisi
651 1761 739 1831 qui
767 1760 897 1815 dicit
925 1756 1065 1830 quod
1091 1755 1229 1822 vult,
1252 1761 1306 1810 et
1343 1752 1484 1824 quod
1513 1766 1694 1807 verum
1736 1759 1819 1805 est
1843 1764 1935 1804 au-

344 1856 461 1911 dire
488 1871 592 1909 non
621 1850 777 1906 vult?

420 1945 506 2001 15.
531 1943 659 2012 Quis
680 1956 809 1997 vero
835 1940 905 1993 ita
934 1936 1185 2008 desipiat,
1220 1943 1277 2013 ut
1300 1946 1423 1990 cum
1461 1931 1691 1987 audierit
1714 1930 1854 2002 quod
1883 1930 1935 1985 in

348 2034 550 2109 psalmo
600 2034 831 2098 canitur,
866 2031 948 2086 Ne
993 2029 1168 2084 tradas
1196 2045 1309 2094 me,
1355 2027 1600 2092 Domine,
1632 2042 1663 2079 α
1692 2025 1939 2079 desiderio

350 2145 457 2182 meo
483 2120 731 2197 peccatori
762 2120 935 2190 (Psal.
962 2135 1185 2186 CXXXIX,
1206 2118 1263 2190 9)
1287 2135 1301 2172 :
1332 2117 1434 2171 hoc
1458 2116 1602 2171 dicat
1632 2129 1816 2169 orasse
1839 2114 1937 2167 lio-

351 2220 571 2282 minem,
605 2233 673 2271 ne
700 2217 838 2272 Deus
868 2215 937 2268 sit
957 2210 1163 2285 patiens
1181 2226 1308 2283 erga
1331 2209 1511 2276 illum;
1552 2200 1598 2263 si
1622 2227 1639 2260 ι
1663 2199 1803 2263 Deus
1832 2222 1939 2261 non

354 2310 518 2366 tradit
543 2312 602 2365 ut
627 2308 760 2362 mala
806 2304 950 2369 llaut,
980 2303 1081 2359 nisi
1127 2304 1415 2374 patientem
1453 2296 1749 2356 bonitatem
1796 2313 1940 2368 prte-

354 2400 532 2457 beudo
547 2410 669 2455 cum
684 2396 929 2471 liunt(a)?
949 2414 968 2449 ι
990 2393 1128 2464 Quid
1144 2398 1228 2450 est
1242 2400 1420 2448 autem
1440 2389 1583 2464 quod
1609 2389 1843 2460 quotidie
1855 2389 1943 2444 di-

354 2494 547 2562 cimus,
579 2490 666 2549 Ne
691 2506 782 2548 nos
802 2489 991 2562 inferas
1019 2486 1422 2547 intentationem
1452 2475 1664 2562 (Matth.
1695 2498 1774 2548 vt,
1820 2478 1941 2554 l3);

359 2586 457 2640 nisi
487 2593 544 2639 ut
572 2598 676 2639 non
706 2581 982 2638 tradamur
1000 2578 1450 2652 concupiscentiis
1498 2573 1696 2632 nostris
1713 2573 1740 2629 ?
1764 2571 1945 2632 Unus-

359 2676 581 2747 quisque
600 2675 744 2730 enim
765 2681 999 2729 tentatur
1014 2688 1043 2727 a
1065 2670 1494 2742 concupiscentia
1526 2685 1621 2725 sua
1648 2668 1946 2735 abstractus

359 2777 413 2821 et
451 2766 656 2820 illectus
692 2763 895 2837 (Jacobi
941 2779 981 2832 ι,
1013 2761 1126 2836 14).
1174 2764 1255 2817 An
1285 2761 1420 2816 forte
1458 2761 1560 2816 hoc
1598 2774 1628 2813 a
1671 2758 1780 2812 Deo
1812 2757 1948 2827 peti-

361 2871 498 2921 mus,
527 2864 584 2909 ut
613 2869 717 2909 non
738 2854 808 2908 sit
834 2868 958 2925 erga
1003 2867 1102 2907 nos
1133 2852 1340 2922 patiens
1385 2849 1592 2905 bonitas
1634 2846 1751 2919 ejus
1777 2847 1802 2900 ?
1830 2844 1945 2900 Non

360 2961 489 3017 ergo
516 2945 632 3016 ejus
662 2945 971 2999 invocamus
1001 2939 1421 2997 misericordiam
1446 2980 1460 3003 ,
1493 2938 1586 2993 sed
1620 2938 1797 3008 potius
1845 2935 1948 2990 ira-

360 3035 607 3091 cundiam
632 3048 1009 3105 provocamus.
1031 3029 1161 3100 Quis
1182 3031 1282 3084 ista
1305 3029 1474 3098 sapiat
1498 3028 1698 3081 sanus?
1713 3026 1819 3080 imo
1830 3025 1950 3095 quis

363 3131 447 3186 vel
473 3129 706 3184 furiosus
729 3126 845 3183 lucc
872 3124 1057 3181 dicat?
1080 3122 1259 3178 Tradit
1282 3136 1411 3192 ergo
1424 3120 1562 3175 Deus
1592 3120 1643 3173 in
1675 3116 1952 3189 passiones

362 3218 672 3291 ignominim
696 3261 712 3286 ,
745 3226 802 3272 ut
833 3217 963 3271 fiant
1003 3230 1122 3286 quae
1165 3228 1271 3267 non
1298 3210 1654 3275 conveniunt;
1702 3208 1796 3264 sed
1837 3208 1953 3279 ipse

364 3310 747 3368 convenienter
771 3308 930 3363 tradit
955 3325 967 3361 :
996 3314 1052 3362 et
1078 3306 1209 3359 fiunt
1237 3302 1424 3359 eadem
1451 3311 1671 3372 peccata
1691 3341 1707 3368 ,
1749 3308 1805 3356 et
1825 3315 1953 3370 pce-

366 3412 610 3457 catorum
641 3399 897 3470 supplicia
926 3382 1338 3469 praeteritorum,
1371 3402 1425 3449 et
1449 3393 1956 3464 suppliciorumme-

328 3480 332 3484 θ
367 3494 467 3548 rita
498 3493 791 3546 futurorum
818 3507 831 3543 :
861 3485 1430 3543 sicutlradiditAcltab
1452 3485 1503 3537 in
1525 3482 1957 3554 pseutlopmpIte-

368 3592 542 3637 tarunt
570 3580 940 3644 mendacium;
972 3578 1110 3632 sicut
1153 3574 1369 3630 tradidit
1416 3573 1652 3628 [iubeam
1684 3574 1733 3625 iu
1766 3574 1954 3626 falsum

367 3674 651 3735 consilium
683 3671 775 3745 (Ill
801 3671 929 3744 Reg.
959 3670 1076 3740 xu).
1104 3669 1255 3725 Facit
1279 3668 1398 3722 lucc
1435 3665 1587 3720 miris
1630 3673 1684 3720 et
1712 3663 1954 3719 iuell‘abi-

368 3764 510 3822 libus
537 3765 729 3830 modis,
759 3764 849 3834 qui
881 3761 1182 3832 novitjusta
1204 3758 1403 3830 judicia
1432 3771 1550 3823 sua,
1575 3770 1680 3811 non
1708 3754 1879 3809 stilum
1905 3755 1956 3807 iu

369 3859 683 3929 corporibus
699 3852 1107 3920 hominum,sed
1133 3861 1184 3907 et
1212 3851 1264 3904 in
1289 3850 1418 3919 ipsis
1444 3846 1694 3902 cordibus
1721 3844 1953 3915 operari.

370 3951 471 4020 Qui
500 3963 605 4004 non
636 3947 762 4002 facit
786 3946 1092 4001 voluntates
1120 3942 1323 4007 malas;
1353 3939 1446 3995 sed
1484 3941 1650 3993 utitur
1676 3939 1757 3993 eis
1788 3945 1845 3990 ut
1868 3949 1962 3988 vo-

372 4024 550 4105 luerit,
578 4053 699 4094 eum
734 4035 933 4107 aliquid
977 4035 1159 4106 inique
1199 4032 1335 4087 velle
1374 4029 1694 4099 non'possit.
1734 4028 1962 4082 Exaudit

372 4129 652 4201 propitius,
677 4142 781 4183 non
812 4126 1026 4182 exaudit
1064 4125 1228 4179 iratus
1261 4140 1274 4175 :
1307 4131 1362 4177 et
1377 4136 1582 4186 rursus,
1609 4134 1713 4174 non
1738 4119 1957 4173 exaudit

372 4220 658 4292 propitius,
691 4217 907 4275 exaudit
940 4217 1126 4271 iratus.
1171 4214 1348 4270 Parcit
1378 4212 1657 4283 propitius,
1689 4227 1794 4267 non
1837 4228 1960 4279 par—

370 4313 446 4365 cit
466 4311 672 4366 iratus:
703 4318 759 4364 et
778 4323 986 4374 rursus,
1019 4323 1123 4361 nou
1157 4307 1326 4376 parcit
1350 4304 1632 4376 propitius,
1657 4306 1825 4374 parcit
1853 4304 1958 4358 ira-

374 4410 494 4455 tus:
522 4408 677 4471 atque
699 4398 751 4454 in
777 4398 864 4453 his
886 4398 1134 4454 omnibus
1157 4398 1327 4452 bonus
1353 4405 1657 4466 perseverat
1685 4404 1738 4450 et
1763 4394 1960 4465 justus.

375 4492 486 4548 Sed
525 4493 594 4552 ad
640 4491 756 4547 lucc
801 4490 923 4562 quis
963 4489 1187 4545 idoneus
1208 4487 1272 4562 (Il
1296 4488 1414 4543 Cor.
1438 4504 1496 4552 ιι,
1532 4487 1618 4558 16)
1642 4487 1665 4541 ?
1688 4487 1869 4557 utique
1896 4485 1964 4541 ad

376 4582 495 4638 haec
513 4582 627 4652 ejus
656 4580 1045 4653 perscrutanda
1075 4590 1128 4636 et
1155 4578 1523 4649 investiganda
1564 4577 1800 4648 judicia,
1845 4578 1965 4646 quis

376 4675 539 4730 ltomo
563 4673 784 4729 idoneus
804 4714 819 4739 ,
868 4690 1026 4743 quem
1071 4672 1416 4743 corruptibile
1449 4681 1699 4741 aggravat
1726 4686 1923 4740 corpus
1948 4715 1962 4737 ,

372 4766 585 4821 etiamsi
619 4764 804 4819 habeat
825 4766 934 4835 jam
964 4766 1130 4818 sancti
1161 4764 1389 4833 Spiritus
1411 4762 1642 4833 pignus?

450 4856 539 4912 16.
566 4855 673 4912 Sed
699 4856 861 4911 homo
890 4857 1190 4923 intelligens
1214 4864 1269 4910 et
1306 4865 1513 4919 acutus,
1547 4853 1803 4921 «justam:
1831 4851 1967 4907 dicis

381 4966 401 5000 ι
430 4959 554 5004 esse
578 4946 855 5002 libidinem
885 4955 938 5001 et
958 4945 1131 5000 laudis
1162 4945 1426 5013 pneconio
1454 4942 1847 5015 praedicandam
1875 4984 1889 5008 ,
1919 4944 1963 4996 si

375 5055 497 5094 eum
528 5038 619 5108 qui
650 5037 764 5094 Deo
793 5051 899 5091 non
947 5035 1203 5097 obcdivit,
1230 5050 1335 5089 non
1378 5034 1452 5089 illi
1484 5034 1783 5091 obcdiendo
1809 5036 1965 5105 puni.

375 5133 472 5187 vit.
488 5151 508 5185 ι
536 5130 595 5187 Si
618 5127 911 5203 prudenter
931 5127 1019 5183 hic
1041 5141 1279 5196 sapores,
1306 5124 1548 5199 profecto
1568 5141 1689 5183 esse
1712 5127 1967 5197 iniquita-

377 5234 485 5277 tem
499 5221 728 5289 videres,
759 5229 864 5292 qua
884 5220 899 5250 ’
931 5231 1054 5289 pars
1078 5214 1303 5272 inferior
1333 5216 1564 5271 hominis
1592 5226 1854 5288 repugnat
1877 5232 1969 5273 su«

378 5314 577 5382 periori
598 5322 761 5383 atque
794 5310 999 5368 meliori
1031 5326 1046 5363 :
1081 5318 1137 5364 et
1180 5319 1355 5363 tamen
1388 5310 1532 5379 juste
1575 5310 1812 5380 iniquum
1857 5325 1969 5365 suae

381 5405 563 5460 carnis
583 5406 863 5472 iniquitate
880 5404 1144 5475 punitum,
1176 5404 1309 5458 sicut
1339 5411 1420 5459 est
1452 5419 1540 5457 rex
1575 5402 1783 5472 iniquus
1814 5403 1967 5457 mali-

380 5498 466 5566 gni
494 5500 711 5568 spiritus
731 5497 1007 5569 iniquitate
1030 5495 1271 5570 punitus.
1295 5496 1374 5549 An
1407 5503 1459 5547 et
1482 5495 1650 5561 ipsum
1683 5494 1969 5564 malignum

381 5591 625 5662 Spiritum
649 5590 865 5647 laudare
895 5587 1182 5663 disponis?
1212 5588 1304 5644 Eia
1334 5603 1429 5658 age
1451 5628 1465 5652 ,
1494 5586 1619 5657 quid
1649 5587 1873 5642 moraris
1900 5589 1920 5619 '
1948 5588 1971 5641 ?

445 5684 461 5714 ι
487 5684 631 5732 vatio.
655 5690 862 5744 quatuor
885 5689 990 5732 Mss.
1017 5689 1071 5732 et
1090 5680 1306 5744 Pieriae,
1322 5678 1460 5744 quia.

447 5746 472 5812 t
656 5715 1526 5812 iI-thlid'i'm'us,
1564 5753 1669 5804 age,
1706 5755 1767 5792 ex
1806 5754 1969 5793 manu-

384 5808 565 5864 scrij-tn
591 5803 892 5853 Floriacensi.

444 5868 518 5921 (ιιι
556 5866 725 5919 λιιιιειιιι
749 5868 850 5918 tuo
874 5868 1065 5920 videtur
1089 5876 1351 5918 sententia.

1708 356 1907 414 LIBl-th
1949 352 2266 426 QL‘l.\'fL'S.

3517 353 3619 408 79%

2042 473 2201 528 Decet
2228 471 2373 526 enini
2417 476 2465 524 tc
2498 461 2769 524 inimicum
2798 464 3039 536 gratuita:
3069 463 3162 519 Dei
3191 466 3476 532 bonitatis,
3509 469 3623 522 lam

2035 562 2276 617 datorem
2321 560 2541 633 spiritus
2570 575 2690 616 esse
2720 560 3009 616 mendacis.
3040 559 3148 616 Nec
3177 558 3442 615 laborabis
3470 559 3624 617 iuves

2036 657 2151 711 nire
2179 643 2304 725 quid
2334 648 2481 709 dicas
2515 646 2735 708 :laudes
2761 654 2876 724 ejus
2910 663 3122 724 paratas
3169 652 3367 717 habes,
3410 655 3454 708 si
3509 652 3626 708 ha-c

2037 747 2146 817 ipsa
2175 746 2227 801 in
2251 759 2373 801 eum
2398 744 2558 801 verba
2580 744 2947 811 transtuleris,
2981 761 3099 815 quae
3129 745 3354 816 posuisti
3388 743 3438 799 in
3470 744 3625 800 laude

2036 837 2271 895 libidinis
2291 877 2306 905 ,
2335 837 2482 901 velut
2513 837 2891 908 consequentia
2943 836 3259 891 sententiam
3285 851 3492 900 meam,
3523 851 3625 905 qua

2036 944 2135 1000 ego
2154 928 2262 984 disi
2287 970 2301 995 ,
2339 947 2359 981 ι
2389 925 2648 997 lujustum
2677 927 2819 981 enim
2864 935 2978 981 erat
3007 934 3064 980 ut
3092 926 3555 995 obtemperaretur
3595 943 3623 978 a

2036 1035 2193 1076 servo
2219 1037 2335 1086 suo,
2367 1019 2469 1075 hoc
2499 1030 2581 1075 est
2608 1035 2638 1074 a
2670 1034 2895 1088 corpore
2936 1034 3064 1084 suo,
3087 1018 3136 1072 ei
3167 1020 3254 1088 qui
3285 1035 3391 1073 non
3418 1019 3626 1073 obtutu-

2040 1112 2318 1180 peraverat
2344 1107 2572 1164 Domino
2596 1123 2693 1162 suo
2719 1127 2737 1160 ι
2762 1105 2864 1180 (De
2882 1107 3090 1177 Nuptiis
3112 1117 3156 1162 et
3187 1106 3627 1176 Concupisccntia,

2037 1194 2105 1256 lib
2148 1205 2196 1267 l,
2225 1218 2279 1255 η.
2313 1198 2392 1271 7).
2422 1199 2575 1269 Quod
2609 1208 2665 1253 tu
2686 1214 2905 1269 negans,
2925 1209 2975 1253 et
2998 1197 3187 1252 falsum
3210 1213 3329 1254 esse
3346 1198 3626 1261 derideus,

2035 1293 2180 1348 velut
2218 1290 2509 1348 ostendere
2554 1290 2769 1345 voluisti
2793 1304 2914 1359 quae
2943 1276 3260 1358 sequeretur
3287 1288 3624 1354 absurditas;

2038 1393 2287 1455 tanquam
2313 1383 2560 1439 ultricem
2580 1383 2806 1453 peccati,
2822 1382 2868 1437 si
2889 1381 2991 1436 hoc
3008 1383 3075 1436 ita
3097 1391 3199 1448 est,
3225 1381 3495 1436 libidinem
3523 1381 3630 1434 lau-

2044 1476 2198 1532 dans.
2230 1475 2389 1532 Certe
2419 1476 2580 1531 istum
2616 1475 2927 1531 mendacem
2973 1476 3219 1544 Spiritum
3248 1475 3375 1546 quia
3408 1475 3629 1545 impium

2036 1582 2250 1637 regem,
2281 1566 2421 1621 sicut
2448 1568 2773 1631 merebatur,
2805 1564 3035 1620 fallendo
3062 1566 3222 1619 traxit
3270 1563 3337 1618 ad
3367 1575 3631 1631 mortem,

2038 1672 2146 1712 non
2167 1672 2327 1728 negas
2354 1656 2645 1727 iniquitatis
2674 1656 2923 1712 ultorem.
2979 1655 3116 1710 Ecce
3148 1672 3245 1727 ego
3272 1664 3327 1710 ct
3358 1654 3445 1713 hic
3472 1655 3593 1710 dico
3614 1696 3629 1721 ,

2039 1748 2294 1820 lujustum
2321 1746 2463 1803 enim
2490 1756 2605 1802 erat
2636 1760 2691 1802 ut
2714 1746 2803 1818 qui
2836 1763 2940 1802 non
2971 1745 3275 1802 crediderat
3318 1747 3429 1801 Deo
3460 1761 3587 1800 vero
3614 1789 3629 1811 ,

2040 1855 2145 1896 non
2162 1840 2500 1911 deciperetur
2518 1857 2548 1894 a
2576 1840 2730 1897 falso.
2756 1841 2936 1897 Lauda
2960 1857 3089 1913 ergo
3115 1849 3169 1896 et
3193 1842 3347 1895 istius
3367 1842 3630 1910 ]ιιῖιῑιι;ιιιι

2039 1931 2308 1999 falsitatis,
2339 1940 2394 1987 et
2421 1932 2510 2011 die
2538 1950 2656 2003 qum
2681 1933 2859 1988 dixisti
2889 1934 2939 1989 in
2971 1934 3127 1988 laude
3154 1934 3386 1988 libidinis
3415 1952 3427 1988 :
3453 1952 3471 1984 ι
3499 1933 3631 1999 Quia

2044 2021 2178 2076 nihil
2207 2037 2267 2077 ea
2294 2031 2471 2093 potest
2513 2023 2832 2079 laudabilius
2873 2024 3159 2089 arstimari,
3213 2024 3258 2078 si
3304 2024 3633 2094 iniquitatem

2041 2116 2149 2169 ulta
2178 2116 2450 2170 commissi
2504 2116 2645 2183 est‘,
2676 2115 2721 2169 si
2756 2116 3044 2171 vindicavit
3095 2117 3345 2185 iujuriam
3397 2117 3530 2180 Dei,
3580 2127 3637 2170 et

2041 2207 2165 2277 quia
2196 2204 2269 2260 ita
2300 2206 2625 2260 consortium
2660 2208 2858 2276 peccati
2889 2222 2993 2261 non
3035 2207 3235 2273 lzaltuit,
3291 2215 3349 2261 ut
3398 2208 3633 2261 olliciuzu

2042 2295 2362 2351 vindicantis
2386 2304 2734 2351 assumeret.»
2766 2295 2954 2352 Omnia
3000 2295 3116 2351 live
3166 2297 3460 2351 secundum
3518 2306 3635 2350 tuos

2042 2385 2767 2450 acutissimosscnsus,rccte
2787 2385 3038 2441 dicuntur
3059 2396 3109 2439 et
3142 2386 3193 2440 in
3226 2387 3636 2440 illiusimmmuii

2044 2478 2261 2549 spiritus
2288 2476 2448 2533 laude
2470 2477 2515 2530 ³.
2547 2476 2690 2548 Ergo
2718 2477 3043 2553 prwconiut‘n
3068 2476 3249 2531 vocis"
3278 2490 3377 2531 llttu
3404 2479 3454 2531 in
3481 2478 3638 2532 simili

2046 2583 2229 2638 causa,
2253 2576 2341 2626 aut
2362 2567 2602 2627 mendaci
2623 2566 2789 2625 redde
2813 2566 3041 2641 spiritui,
3072 2575 3164 2625 aut
3194 2566 3491 2626 contumaci
3517 2568 3640 2622 tolle

2049 2664 2279 2720 libidini.

2120 2757 2207 2812 17.
2225 2755 2360 2824 Quid
2385 2754 2513 2824 fugis
2540 2754 2606 2809 ad
2635 2753 3066 2809 obscurissimam
3087 2754 3154 2828 de
3180 2755 3353 2808 anima
3386 2757 3638 2825 quaestio-

2051 2863 2171 2903 nem
2188 2849 2212 2899 ?
2228 2846 2280 2900 lu
2298 2846 2541 2917 paradiso
2564 2845 2632 2899 ab
2652 2845 2828 2898 animo
2844 2844 3056 2916 quidem
3090 2847 3251 2915 cwpit
3275 2845 3434 2900 elatio
3457 2889 3471 2911 ,
3502 2856 3552 2900 et
3574 2848 3640 2900 ad

2050 2950 2374 3015 praeceptum
2397 2937 2891 3010 transgrediendum
2932 2937 3052 2992 inde
3071 2939 3354 2992 consmisio
3374 2980 3388 3002 ,
3418 2947 3638 3008 propter

2051 3036 2190 3106 quod
2210 3034 2410 3088 dictum
2440 3042 2522 3087 est
2541 3048 2570 3084 a
2600 3041 2869 3102 serpente,
2902 3028 3057 3084 Erilis
3084 3031 3210 3084 sicut
3250 3032 3322 3083 dii
3369 3030 3519 3096 (Gen.
3559 3046 3635 3093 tu,

2052 3128 2142 3199 5):
2176 3125 2269 3181 sed
2299 3135 2568 3195 peccatum
2595 3123 2721 3178 illud
2753 3125 2911 3177 homo
2942 3132 3082 3176 totus
3113 3123 3366 3192 implevit.
3386 3122 3534 3177 Tunc
3562 3133 3646 3176 est

2053 3232 2179 3271 caro
2204 3215 2335 3271 facta
2370 3215 2603 3284 peccati,
2631 3213 2785 3281 cujus
2815 3208 2939 3267 vitia
2970 3222 3230 3268 sanantur
3255 3214 3364 3267 sola
3395 3212 3645 3266 similitu-

2054 3306 2179 3363 dine
2206 3306 2385 3360 carnis
2413 3303 2635 3375 peccati.
2668 3298 2738 3360 Ut
2766 3318 2893 3373 ergo
2930 3312 2984 3358 et
3010 3304 3186 3357 anima
3208 3314 3261 3359 et
3289 3321 3414 3359 caro
3452 3303 3649 3373 pariter

2058 3411 2340 3468 utrumque
2386 3396 2634 3467 puniatur
2658 3438 2672 3461 ,
2712 3394 2810 3449 nisi
2841 3395 2981 3466 quod
3012 3397 3246 3449 nascitur
3269 3436 3284 3451 .
3319 3395 3648 3451 renasceudo

2055 3489 2374 3545 etnuudetur
2402 3486 2425 3519 ⁸
2450 3504 2464 3553 ;
2495 3488 2734 3559 proiecto
2760 3496 2851 3541 aut
2878 3498 3159 3557 utrumque
3189 3488 3425 3542 vitiatum
3452 3504 3517 3542 ex
3547 3489 3645 3542 lto-

2058 3582 2199 3636 mine
2227 3579 2472 3644 trahitur,
2528 3590 2619 3633 aut
2658 3579 2885 3633 alterum
2914 3593 2965 3633 ιιι
2994 3582 3164 3634 altero
3209 3590 3457 3649 tauquam
3490 3583 3541 3647 in
3572 3580 3648 3634 vi-

2058 3672 2187 3725 tiato
2234 3684 2360 3725 vase
2403 3667 2782 3738 corrumpitur,
2835 3668 2922 3723 ubi
2970 3669 3178 3722 occulta
3214 3668 3416 3738 justitia
3456 3669 3649 3724 divina:

2059 3764 2190 3833 legis
2216 3759 2524 3815 includitur.
2553 3758 2689 3825 Quid
2720 3768 2900 3813 autem
2929 3758 3118 3812 horum
3146 3758 3214 3812 sit
3246 3774 3452 3828 verum,
3482 3761 3650 3815 liben-

2062 3858 2163 3907 tius
2189 3852 2338 3907 disco
2364 3867 2521 3921 quam
2547 3849 2689 3916 dico,
2710 3864 2776 3904 ne
2799 3849 3023 3904 audeant
3048 3847 3243 3923 docere
3268 3850 3410 3921 quod
3440 3852 3645 3905 nescio.

2062 3944 2173 3999 lloc
2219 3955 2394 3997 tamen
2436 3942 2568 4008 scio,
2616 3941 2666 3995 id
2713 3940 2904 3996 borum
2932 3956 3053 3998 esse
3099 3957 3304 4007 verum,
3347 3940 3651 4012 quodlich

2063 4052 2209 4102 vera,
2255 4035 2495 4104 au'iqua,
2542 4031 2826 4101 catholica,
2874 4048 2978 4103 qua
3023 4032 3258 4088 creditur
3298 4043 3351 4088 et
3397 4034 3652 4088 asscritur

2062 4125 2321 4197 originale
2361 4133 2638 4195 peccatum
2664 4164 2681 4191 ,
2709 4138 2814 4177 non
2843 4138 2965 4179 esse
2989 4124 3277 4177 conviccrit
3308 4124 3517 4178 falsum.
3550 4122 3650 4177 Ista

2067 4218 2197 4274 ﬁdes
2224 4235 2326 4272 non
2359 4227 2579 4288 negetur
2611 4234 2624 4270 :
2658 4226 2711 4272 et
2739 4215 2839 4270 hoc
2867 4215 3007 4285 quod
3042 4215 3110 4271 de
3153 4215 3327 4270 anima
3370 4216 3525 4279 latet,
3563 4224 3654 4270 aut

2065 4326 2129 4365 ex
2155 4308 2263 4363 otio
2289 4307 2536 4373 discitur;
2559 4314 2671 4374 aut,
2700 4306 2838 4361 sicut
2868 4305 2968 4359 alia
2998 4307 3161 4360 multa
3191 4305 3242 4359 in
3269 4304 3368 4361 hac
3384 4305 3509 4370 vita,
3538 4306 3654 4360 sine

2065 4402 2250 4458 salutis
2276 4401 2394 4456 labe
2422 4401 2676 4456 nescitur.
2710 4400 2873 4470 Magis
2899 4398 3038 4453 enim
3068 4397 3361 4453 curandum
3392 4408 3475 4453 cst
3497 4440 3511 4463 ,
3542 4399 3655 4454 sive

2067 4495 2119 4549 in
2163 4492 2418 4565 parvulis,
2465 4493 2579 4548 sive
2623 4492 2676 4546 iu
2718 4489 3041 4561 grandibus,
3073 4505 3179 4560 quo
3221 4489 3395 4543 anima
3440 4498 3657 4544 sanetur

2067 4585 2266 4640 auxilio
2293 4625 2307 4651 ,
2340 4599 2498 4655 quam
2524 4598 2631 4654 quo
2654 4582 2834 4637 vitiata
2874 4581 2944 4636 sit
2979 4582 3173 4636 merito
3203 4598 3215 4634 :
3246 4597 3365 4651 qua:
3406 4591 3582 4635 tamen
3613 4579 3655 4633 si

2068 4678 2249 4732 vitiata
2276 4675 2573 4747 negabitur,
2599 4690 2697 4730 nec
2722 4673 3015 4729 sanabitur.

2140 4772 2228 4826 18.
2251 4768 2385 4824 Illud
2415 4783 2542 4824 sane
2566 4785 2662 4823 cur
2689 4765 2911 4832 dixeris,
2938 4766 3241 4835 excogitare
3273 4778 3374 4818 non
3407 4764 3569 4832 potui,
3605 4762 3655 4815 iu

2068 4877 2135 4918 eo
2163 4860 2306 4932 quod
2335 4857 2768 4916 commemorasti
2803 4856 3002 4912 dixisse
3033 4852 3350 4925 Apostolum
3374 4893 3390 4918 ,
3421 4851 3489 4904 Et
3517 4860 3656 4905 teuc-

2073 4954 2175 5008 bris
2200 4952 2459 5024 oppletum
2506 4960 2577 5005 est
2604 4950 2843 5022 insipiens
2885 4964 2973 5004 cor
3016 4963 3189 5002 eorum
3220 4943 3411 5016 (Rom.
3444 4959 3494 5005 ι.
3530 4941 3657 5013 21).

2072 5042 2337 5099 Addidisti
2363 5041 2525 5107 enim,
2562 5059 2580 5092 ‹
2615 5040 2902 5095 notandum
2933 5054 3054 5095 esse
3078 5080 3094 5106 ,
3123 5037 3375 5108 quoniam
3403 5034 3662 5107 insipien-

2073 5135 2202 5188 tiam
2231 5148 2449 5189 causam
2494 5132 2638 5187 dicat
2668 5131 2905 5186 omnium
2934 5130 3219 5185 malorum.
3258 5147 3276 5178 ι
3311 5126 3419 5180 lloc
3444 5126 3658 5197 quidem

2073 5227 2273 5282 dixisse
2319 5226 2631 5296 Apostolum
2673 5239 2779 5279 non
2811 5222 2940 5277 Satis
2979 5229 3211 5276 constat.
3246 5218 3352 5274 Sed
3385 5233 3487 5272 nou
3537 5218 3661 5271 inde

2073 5316 2341 5374 contendo
2368 5333 2381 5368 :
2416 5326 2468 5370 tu
2500 5316 2673 5383 potius
2693 5329 2787 5368 cur
2819 5313 2922 5368 hoc
2959 5311 3157 5367 dixeris
3186 5325 3368 5379 quatro
3420 5310 3498 5363 Au
3527 5308 3661 5362 forte

2074 5412 2194 5482 quia
2245 5407 2448 5479 parvuli
2494 5422 2600 5461 non
2649 5414 2793 5461 recte
2838 5404 3087 5460 dicuntur
3134 5404 3486 5473 insipientes,
3539 5402 3662 5469 quia

2141 5537 2157 5568 ¹
2185 5535 2321 5594 mliti,
2364 5532 2408 5589 si
2453 5529 2702 5594 iniquitate
2742 5528 2845 5581 ulta
2883 5541 3136 5581 commissa
3166 5533 3253 5579 est.
3289 5526 3612 5578 Emendantur
3636 5538 3665 5574 ει

2074 5605 2185 5648 Mss.
2213 5598 2355 5646 Vatic.
2383 5603 2436 5646 et
2457 5594 2619 5645 Gallic.
3092 5615 3096 5619 -

2141 5663 2160 5692 ³
2183 5666 2279 5707 Sex
2302 5664 2433 5714 Mss,
2453 5655 2662 5706 tandem.

2143 5722 2163 5752 ³
2189 5728 2291 5767 Am.
2317 5724 2391 5767 Er.
2421 5724 2472 5766 et
2493 5717 2591 5766 duo
2606 5724 2735 5778 Mss,
2758 5714 2935 5769 laudis.

2140 5781 2163 5812 δ
2186 5779 2588 5845 Sictiloriacensis
2607 5768 2760 5829 codex
2787 5788 2838 5832 et
2859 5781 3077 5845 quinque
3101 5778 3307 5827 vaticant
3332 5768 3667 5833 mauscrhui.

2081 5849 2137 5895 At
2157 5843 2291 5905 cdtti,
2317 5840 2616 5893 cmf'ttd.‘i\'t'.
