4014 6184
243 332 346 388 797

237 453 293 496 vt
327 439 650 498 erubescere
707 443 760 492 te
803 431 938 492 dicis
973 431 1041 488 de
1087 431 1322 488 libidinis
1365 430 1596 488 motibus
1651 429 1834 502 dispu-

243 543 382 590 tare.

317 624 410 680 2t.
440 617 578 692 Quid
607 627 789 675 autem
817 631 1068 687 magnum
1091 614 1264 669 fuerat
1290 612 1504 677 intueri,
1529 611 1672 683 quod
1697 621 1844 682 post-

245 729 472 784 eaquam
497 711 628 780 dixi,
661 729 680 762 ι
709 710 778 768 Ut
801 709 904 764 alia
923 707 1162 764 membra
1191 716 1506 762 moveantur
1529 706 1760 773 positum
1785 703 1840 760 in

247 813 514 876 potestate
541 811 658 868 est;
709 821 729 854 ι
763 803 1018 858 continuo
1043 798 1248 869 subjeci
1273 839 1288 864 ,
1329 797 1543 870 quando
1569 797 1636 852 ab
1666 797 1841 868 impe-

247 883 506 952 dimentis
533 907 730 964 corpus
759 893 986 947 liberum
1031 889 1292 946 habemus
1337 897 1392 944 et
1429 887 1660 943 sanum?
1688 887 1844 943 Som-

247 1003 352 1044 nus
379 987 521 1042 enim
552 985 768 1056 quando
795 984 992 1038 invitos
1021 981 1236 1052 premit,
1265 988 1320 1035 et
1340 979 1616 1046 lassitudo,
1649 980 1834 1049 utique

249 1079 633 1150 impedimenta
675 1085 820 1143 sunt,
863 1073 1057 1144 quibus
1093 1071 1458 1127 membrorum
1487 1071 1698 1140 agilitas
1742 1070 1843 1126 im-

255 1171 488 1243 peditur.
522 1168 727 1224 Deinde
753 1166 898 1238 quod
929 1165 1074 1232 aisti,
1114 1183 1133 1218 ι
1165 1179 1263 1219 nec
1290 1163 1342 1218 in
1367 1177 1488 1218 eam
1517 1171 1724 1234 partem
1752 1177 1838 1217 se-

249 1263 342 1333 qui
369 1261 608 1318 membra
653 1274 812 1330 quam
846 1258 1093 1312 volumus
1114 1298 1129 1322 ,
1159 1255 1203 1309 si
1238 1255 1310 1309 ita
1339 1254 1564 1310 velimus
1605 1263 1662 1310 ut
1688 1253 1843 1312 habi-

254 1363 338 1408 tus
363 1353 476 1422 ipse
516 1367 621 1406 non
649 1350 846 1421 patitur
877 1366 892 1399 :
927 1367 949 1402 ι
983 1363 1089 1402 non
1133 1345 1408 1400 attendisti
1453 1353 1732 1416 propterea
1759 1360 1845 1402 me

255 1443 584 1514 praedixisse,
620 1460 640 1493 r
679 1449 740 1496 ut
781 1440 847 1494 ad
887 1453 1048 1510 opera
1094 1437 1195 1492 sibi
1221 1451 1454 1508 congrua
1479 1445 1841 1504 moveantur;

251 1553 317 1593 ac
347 1552 442 1606 per
472 1535 573 1590 hoc
605 1534 650 1590 si
688 1548 750 1589 ea
776 1533 1019 1588 volumus
1040 1519 1262 1586 flectere
1289 1545 1396 1602 quo
1437 1545 1622 1586 eorum
1655 1539 1844 1586 natura

253 1646 360 1684 non
389 1631 586 1698 patitur
611 1667 628 1696 ,
656 1627 722 1682 ad
747 1640 910 1698 opera
943 1625 1042 1680 sibi
1071 1640 1178 1680 non
1203 1639 1436 1695 congrua
1476 1640 1582 1680 non
1607 1639 1844 1695 sequun-c

253 1729 358 1774 tur.
406 1718 610 1773 Tamen
651 1715 866 1787 quando
916 1731 982 1771 ea
1023 1715 1303 1786 sequentia
1347 1714 1648 1770 voluntario
1694 1723 1844 1772 motu

250 1811 492 1882 agimus,
525 1809 760 1864 libidinis
805 1808 1072 1878 adjutorio
1109 1823 1216 1864 non
1253 1822 1515 1879 egemus:
1543 1815 1746 1864 etcum
1773 1807 1844 1863 ah

251 1904 332 1957 eis
375 1899 654 1956 movendis
703 1913 917 1955 cessare
946 1898 1224 1962 volumus,
1253 1898 1509 1954 continuo
1549 1913 1842 1965 cessamus,

249 2009 354 2048 nec
389 2001 574 2050 contra
614 1991 945 2048 Voluntatem
992 2001 1232 2046 nostram
1276 1991 1508 2048 stimulis
1555 1991 1844 2048 ‘libidinis

249 2085 570 2142 excitantur.

323 2178 414 2234 22.
470 2177 612 2236 Sane
655 2177 796 2252 quod
852 2177 1006 2244 dicis,
1065 2193 1085 2229 ε
1138 2178 1298 2234 etiam
1351 2178 1602 2248 genitalia
1641 2177 1843 2234 servire

253 2271 419 2328 animi
437 2272 664 2344 imperio
681 2288 696 2338 ;
711 2291 728 2324 ι
751 2287 940 2326 novam
967 2271 1252 2341 quamdam
1277 2270 1550 2326 libidinem
1567 2271 1724 2338 dicis,
1751 2281 1842 2326 aut

248 2362 389 2418 forte
419 2363 577 2420 nimis
601 2363 872 2433 antiquam
899 2405 914 2430 ,
943 2363 1118 2433 qualis
1147 2371 1201 2417 et
1230 2362 1282 2416 in
1316 2363 1564 2432 paradiso
1587 2377 1708 2418 esse
1739 2377 1838 2432 po-

253 2455 464 2524 tuisset,
507 2456 552 2510 si
601 2469 760 2511 nemo
803 2463 1096 2526 peccasset.
1147 2453 1253 2510 Sed
1309 2455 1436 2523 quid
1492 2455 1614 2509 hinc
1665 2465 1839 2510 tecum

249 2560 402 2615 agam
429 2586 444 2610 ,
495 2545 707 2616 quando
756 2545 1144 2616 posterioribus
1199 2545 1376 2598 verbis
1425 2553 1478 2600 et
1527 2543 1628 2600 hoc
1677 2545 1838 2614 tollis,

251 2636 445 2704 quibus
481 2637 616 2692 dicis
637 2677 655 2704 ,
683 2655 704 2688 ι
737 2652 844 2692 non
875 2636 1076 2692 moveri
1105 2635 1224 2690 haec
1244 2635 1312 2690 ad
1341 2636 1502 2690 animi
1533 2637 1835 2706 imperium,

247 2727 345 2784 sed
385 2727 563 2798 potius
607 2737 919 2798 exspectare
947 2725 1300 2782 consensum?
1331 2747 1349 2779 ι
1385 2725 1496 2782 Nec
1519 2737 1694 2782 tamen
1721 2724 1842 2784 ideo

249 2819 422 2876 debes
447 2821 603 2876 istam
632 2820 906 2876 libidinem
937 2819 1062 2874 fami
1087 2820 1169 2875 vel
1197 2819 1318 2876 aliis
1355 2819 1616 2874 molestiis
1638 2820 1840 2876 nostris

248 2925 584 2982 comparare.
630 2907 782 2980 Quod
825 2909 966 2966 enim
1022 2925 1181 2966 nemo
1224 2924 1346 2965 cum
1377 2910 1487 2964 vult
1531 2909 1716 2974 esurit,
1751 2918 1842 2963 aut

247 3005 402 3076 sitit,
433 3011 528 3060 aut
553 3003 774 3075 digerit;
805 3002 1128 3076 indigentia:
1160 3012 1286 3060 sunt
1313 3003 1430 3058 istm
1461 3002 1731 3060 reﬁciendi
1755 3003 1838 3058 vel

247 3098 574 3154 cxonerandi
602 3099 844 3170 corporis
867 3140 886 3165 ,
940 3099 1133 3169 quibus
1172 3099 1592 3156 subveniendum
1621 3109 1704 3156 est
1725 3143 1740 3166 ,
1771 3116 1838 3156 ne

247 3191 473 3245 laedatur
499 3231 515 3257 ,
559 3198 654 3244 aut
687 3191 898 3246 occidat
951 3209 965 3246 :
1009 3191 1267 3262 numquid
1305 3201 1483 3246 autem
1514 3191 1722 3248 larditur
1747 3201 1841 3248 aut

246 3281 444 3336 occidit
477 3297 692 3352 corpus,
722 3281 768 3338 si
813 3283 1018 3338 libidini
1057 3297 1164 3338 non
1194 3283 1510 3338 adhibeatur
1549 3286 1839 3342 assensus?

249 3373 507 3428 Discerne
545 3388 674 3444 ergo
703 3373 840 3428 mala
867 3389 990 3444 quae
1019 3388 1114 3444 per
1139 3375 1450 3446 patientiam
1491 3377 1833 3442 sustinemus,

245 3463 316 3516 ab
339 3462 417 3518 eis
443 3464 594 3519 malis
623 3481 742 3536 qua:
766 3481 863 3538 per
889 3467 1273 3522 continentiam
1303 3467 1663 3524 refrenamus.
1699 3469 1834 3524 Nam

245 3566 302 3609 et
327 3554 414 3610 illa
459 3556 598 3612 mala
644 3567 804 3622 sunt,
835 3574 956 3629 qure
985 3559 1038 3614 in
1081 3573 1308 3630 corpore
1333 3560 1520 3618 mortis
1545 3562 1706 3631 hujus
1745 3577 1840 3632 po-

249 3645 446 3701 tuimus
469 3647 723 3717 experiri.
767 3647 990 3718 Quantae
1027 3659 1206 3706 autem
1250 3659 1306 3706 et
1331 3666 1490 3720 quam
1535 3653 1838 3723 tranquilla:

250 3737 528 3805 potestatis
549 3752 794 3796 eSScmus
819 3739 980 3795 etiam
1009 3740 1078 3796 de
1104 3741 1186 3796 his
1222 3744 1454 3799 motibus
1474 3786 1489 3810 ,
1521 3745 1714 3814 quibus
1739 3745 1838 3800 ali-

243 3839 426 3886 menta
451 3839 736 3886 sumuntur
749 3840 804 3888 et
829 3831 1158 3902 digeruntur,
1193 3835 1246 3888 in
1276 3835 1362 3890 illa
1401 3833 1654 3892 felicitate
1675 3852 1833 3907 para-

244 3919 370 3988 disi,
395 3921 516 3992 quis
544 3921 716 3992 possit
742 3931 800 3977 ut
839 3932 1044 3978 certum
1073 3933 1156 3979 est
1191 3923 1442 3995 indagare
1465 3967 1482 3992 ,
1529 3915 1648 3996 quis
1676 3938 1732 3982 ut
1757 3928 1838 3982 di-

243 4027 406 4080 gnum
435 4019 520 4067 est
543 4013 846 4084 explicare?
893 4013 989 4070 Ubi
1015 4013 1156 4069 absit
1185 4023 1242 4068 ttt
1269 4015 1552 4074 credamus
1575 4058 1591 4081 ,
1623 4017 1828 4088 aliquid

243 4095 411 4158 fuisse
439 4103 578 4158 unde
606 4117 822 4158 sensum
852 4112 1092 4159 nostrum
1117 4144 1134 4171 ,
1181 4105 1294 4160 sive
1333 4107 1654 4162 intrinsecus
1675 4149 1691 4174 ,
1723 4108 1838 4164 sive

242 4195 582 4250 extrinsecus
621 4207 711 4252 aut
761 4196 916 4254 dolor
941 4205 1220 4269 pangeret,
1249 4209 1344 4256 aut
1370 4199 1519 4256 labor
1563 4199 1834 4271 fatigaret,

241 4297 336 4344 aut
365 4290 536 4360 pudor
574 4289 960 4357 confunderet,
989 4299 1081 4348 aut
1106 4291 1270 4348 ardor
1314 4301 1518 4360 ureret,
1549 4303 1644 4349 aut
1688 4295 1838 4365 algor

241 4383 552 4452 stringeret.
585 4391 676 4438 aut
705 4383 897 4438 horror
919 4383 1237 4439 offenderet.

311 4473 403 4528 25.
427 4472 586 4540 Quid,
609 4473 749 4543 quod
775 4474 927 4528 istam
953 4474 1367 4542 pulcherrimam
1393 4476 1642 4534 famulam
1667 4487 1832 4546 tuam,

238 4575 401 4632 quam
428 4579 514 4620 me
540 4563 704 4634 pudet
731 4563 944 4620 assidue
967 4565 1048 4620 vel
1077 4565 1428 4636 vituperando
1455 4571 1752 4637 nominare,
1785 4582 1836 4628 te

239 4660 423 4709 autem
455 4653 748 4724 praedicare
775 4671 880 4710 non
913 4654 1094 4725 pudet,
1125 4673 1146 4708 ι
1179 4658 1690 4716 commendatiorem
1721 4661 1834 4718 fieri

239 4754 418 4815 putas,
451 4746 596 4816 quod
624 4747 671 4802 ei
701 4747 962 4812 serviunt,
988 4757 1045 4804 ut
1068 4747 1340 4808 ardentius
1367 4751 1650 4821 excitetur,
1674 4755 1834 4809 etiam

240 4844 451 4891 cetera:
477 4837 718 4906 corporis
741 4847 943 4909 partes,
967 4839 1082 4894 sive
1107 4839 1248 4900 oculi
1275 4839 1520 4896 videntes
1546 4842 1614 4897 ad
1639 4859 1838 4900 concu-

239 4929 578 4998 piscendum,
609 4930 724 4986 sive
750 4931 856 4985 alia
895 4931 1136 4987 membra
1175 4931 1230 4986 in
1261 4933 1458 4988 osculis
1488 4943 1544 4989 et
1571 4937 1835 5006 amplexi-

238 5019 380 5076 bus?
413 5039 434 5074 ι
470 5023 642 5076 Aures
677 5037 892 5093 quoque
919 5021 1154 5084 hominis
1190 5024 1462 5093 quomodo
1490 5026 1540 5082 ei
1569 5028 1834 5086 subderes

237 5111 528 5180 invenisti,
575 5121 632 5168 et
673 5113 890 5170 erexisti
942 5113 1058 5184 ejus
1103 5114 1524 5174 vetustissimum
1577 5119 1826 5192 quidem,

238 5201 336 5256 sed
385 5203 540 5270 plane
599 5204 1042 5273 gloriosissimum
1094 5205 1344 5274 titulum,
1403 5224 1832 5269 commemorans

235 5293 382 5362 quod
416 5294 467 5348 in
499 5296 836 5364 expositione
865 5295 1224 5354 Consiliorum
1255 5313 1470 5356 suorum
1501 5301 1708 5359 Tullius
1738 5320 1834 5374 po-

235 5383 374 5436 suit:
405 5401 424 5436 ι
454 5383 590 5452 Quia
610 5400 732 5440 cum
745 5385 997 5442 vinolenti
1014 5386 1382 5446 adolescentes
1406 5391 1828 5450 tibiarnmetiam

233 5482 395 5528 ea-utn
419 5516 434 5539 ,
475 5485 534 5530 ut
562 5475 656 5543 lit,
687 5475 956 5543 instincti,
985 5478 1226 5535 mulieris
1257 5481 1461 5551 pudicae
1508 5483 1646 5538 fores
1679 5483 1824 5539 frau-

233 5575 454 5635 gerent;
486 5566 832 5624 admonuisse
859 5568 1154 5635 tibicinam,
1179 5580 1237 5625 ut
1265 5572 1558 5642 spondeum
1587 5587 1823 5642 caneret,

233 5653 564 5728 Pythagoras
591 5657 822 5715 dicitur:
854 5659 994 5730 quod
1021 5675 1139 5716 cum
1172 5661 1260 5718 illa
1293 5663 1542 5732 fecisset,
1574 5665 1824 5726 tarditate

300 5767 318 5804 ⁸
341 5768 482 5826 aliti.
504 5767 712 5822 stimulo.
739 5770 927 5836 Aliquot
949 5779 1078 5836 3:53.,
1103 5772 1300 5828 unum.

1599 315 1800 374 LIBER
1838 307 2158 382 QUINTUS.

3427 324 3534 384 798

1956 429 2236 484 modorum
2267 437 2320 483 et
2343 429 2602 499 gravitate
2629 439 2816 492 cantus
2843 429 3059 488 illorum
3090 433 3353 492 furentem
3383 447 3534 506 petu-

1949 521 2168 578 lantiam
2195 521 2462 578 resedisse
2483 524 2524 578 ¹.
2567 541 2588 576 ι
2627 523 2786 578 Vides
2813 538 2938 594 ergo
2963 539 3124 594 quam
3158 530 3538 597 congruentius

1947 628 2046 684 ego
2075 613 2302 670 dixerim
2321 655 2338 681 ,
2365 613 2450 668 sui
2471 613 2608 684 juris
2634 613 2772 670 hanc
2800 629 2921 672 esse
2949 616 3182 685 quodam
3215 618 3375 674 modo
3395 660 3408 682 ,
3451 621 3536 674 cui

1947 708 2178 762 servitur
2203 707 2270 763 ab
2299 705 2420 762 aliis
2441 707 2710 775 sensibus,
2753 716 2812 762 ut
2841 708 2892 762 in
2925 723 3062 781 opus
3091 725 3246 765 suum
3291 710 3538 780 dignetur

1947 811 2251 868 assurgere,
2283 799 2370 854 vel
2408 814 2438 855 a
2483 813 2580 854 sua
2620 800 2982 856 commotione
3020 803 3384 871 requiescere.
3427 801 3539 857 [loc

1947 887 2088 943 enim
2105 903 2206 960 ego
2228 889 2347 944 ideo
2367 889 2496 955 (iitii,
2517 891 2660 961 quia,
2678 891 2812 945 sicut
2833 892 2844 944 i
2853 905 2944 961 pse
2963 891 3240 947 contessus
3258 907 3338 960 es,
3359 911 3377 944 ι
3399 907 3530 948 con-

1947 977 2179 1034 sentitur
2219 979 2268 1034 ei
2315 980 2492 1050 potius
2537 996 2700 1050 quam
2737 981 3050 1051 imperatur.
3097 1001 3118 1034 ›
3153 981 3286 1038 Nam
3317 993 3370 1038 et
3397 983 3538 1052 quod

1955 1086 1972 1118 ι
2009 1068 2132 1124 aliis
2160 1071 2460 1126 concitatur
2489 1072 2753 1140 stimulis,
2798 1073 2884 1128 vel
2927 1072 3291 1128 modulamine
3334 1073 3538 1145 frangi-

1951 1165 2035 1212 tur
2059 1167 2113 1214 et
2135 1159 2371 1226 sedatur,
2393 1180 2427 1213 1
2459 1161 2598 1216 sicut
2629 1162 2745 1232 ipse
2773 1163 3138 1233 prosequeris,
3164 1163 3402 1234 profecto
3433 1181 3537 1220 non

1949 1251 2122 1317 fieret,
2155 1251 2198 1306 si
2231 1251 2458 1308 serviret
2487 1252 2722 1310 hominis
2753 1253 3037 1310 voluntati.
3069 1253 3306 1310 Femina:
3335 1264 3536 1322 autem,

1947 1359 2080 1414 quas
2107 1346 2174 1400 ab
2203 1345 2306 1402 isto
2343 1357 2489 1402 motu
2523 1348 2790 1404 immunes
2833 1346 2999 1414 facis,
3047 1348 3290 1418 quan'ivis
3332 1333 3538 1418 possini

1948 1437 2088 1492 virili
2119 1439 2567 1510 concupiscentiae
2604 1440 2905 1512 subjaeerc,
2949 1449 3006 1496 et
3042 1440 3258 1512 quando
3299 1457 3402 1496 non
3449 1456 3542 1508 ja-

1951 1529 2153 1586 tiuntur
2177 1546 2360 1598 suam;
2395 1543 2572 1588 tamen
2599 1542 2853 1604 quantum
2881 1533 2999 1603 ejus
3027 1535 3190 1590 etiam
3223 1534 3352 1604 ipsa:
3378 1534 3540 1588 suti'e-

1947 1631 2068 1684 rant
2091 1622 2366 1694 impetum,
2391 1626 2478 1680 cui
2505 1634 2765 1697 repugnat
2791 1625 2954 1682 decus
2981 1625 3344 1697 honestosque
3368 1638 3540 1681 casta-

1949 1731 2090 1782 rum,
2123 1717 2481 1789 interrogetur
2495 1717 2694 1790 Ioseph
2711 1717 2864 1790 (Gen.
2885 1733 3056 1774 xxxtx
3081 1719 3119 1788 ).
3141 1719 3378 1774 Debuisti
3408 1733 3540 1774 sane

1951 1807 2114 1862 homo
2133 1808 2556 1866 ecclesiasticus”
2573 1809 2936 1866 ecclesiastica
2959 1811 3160 1866 musica
3178 1811 3353 1880 potius
3374 1825 3535 1880 quam

1949 1897 2299 1968 Pythagorica
2330 1902 2682 1968 commoneri,
2695 1900 2820 1971 quid
2842 1899 3090 1956 Davidira
3108 1900 3130 1932 ³
3147 1900 3350 1956 cithara
3367 1901 3538 1970 egerit

1949 1992 2002 2046 in
2030 1991 2210 2059 Saule,
2241 1995 2456 2065 quando
2477 1997 2622 2050 malo
2647 1996 2836 2066 spiritu
2865 1995 3177 2062 vexabatur,
3205 2005 3262 2050 et
3291 2005 3538 2065 tangente

1948 2083 2206 2138 citharam
2247 2095 2432 2140 sancto
2458 2086 2525 2142 ab
2551 2085 2638 2140 illa
2671 2085 2912 2141 molestia
2961 2085 3256 2156 respirabat
3299 2083 3360 2156 (Ι
3409 2083 3532 2153 Reg.

1949 2176 2066 2244 xw)
2094 2195 2108 2230 :
2137 2193 2206 2232 ne
2243 2177 2364 2232 ideo
2407 2177 2604 2232 bonum
2627 2178 2824 2249 aliquid
2851 2179 3133 2234 existimes
3159 2178 3538 2247 concupiscen-

1950 2267 2074 2322 tiam
2097 2269 2426 2339 carnis,quia
2445 2285 2825 2340 nonnunquam
2843 2272 3060 2326 musicis
3077 2270 3356 2326 cohibetur
3366 2271 3533 2324 sonis.

2018 2356 2246 2414 CAPUT
2279 2357 2442 2413 Vl.-—-
2455 2357 2544 2414 2t.
2573 2360 2724 2428 Quod
2747 2370 2924 2415 autem
2943 2361 3076 2415 dicis
3095 2363 3420 2427 exclamans,
3443 2378 3462 2412 ι
3493 2361 3538 2415 Ο

1947 2462 2106 2517 quam
2153 2450 2312 2522 digne
2349 2451 2608 2507 J-eremia’s
2664 2467 2786 2508 cum
2835 2453 3214 2522 prophetarum
3273 2453 3440 2507 choro
3483 2464 3538 2507 et

1945 2549 2254 2596 sanctorum
2285 2542 2524 2598 omnium
2553 2543 2898 2610 exclamaret,
2925 2543 3052 2610 Qui:
3078 2543 3214 2598 dabit
3243 2544 3398 2614 capiti
3427 2560 3536 2598 mro

1944 2649 2150 2701 aquam,
2177 2643 2224 2688 et
2252 2633 2414 2690 oculis
2441 2633 2562 2689 meis
2589 2637 2778 2706 fortuna
2797 2635 3140 2707 lacrymarum
3165 2654 3184 2690 ι
3215 2633 3426 2711 (larem.
3455 2651 3530 2702 nt,

1948 2722 1972 2776 1
2001 2721 2061 2794 )?
2111 2731 2168 2780 ut
2197 2723 2498 2793 insipientis
2523 2725 2704 2795 populi
2731 2735 2946 2795 peccata
2967 2726 3220 2782 deﬁeret!
3263 2729 3386 2798 quia
3428 2729 3533 2782 Ec-

1944 2814 2108 2872 clesia
2135 2814 2334 2872 Christi
2362 2815 2615 2872 doctores
2645 2816 2916 2888 Pelagiani
2961 2819 3160 2873 erroris
3188 2820 3424 2888 expellit.
3478 2821 3532 2875 Si

1945 2905 2076 2960 ﬂere
2103 2905 2388 2962 salubriter
2409 2908 2596 2969 velles,
2627 2907 2729 2962 hoc
2757 2906 2936 2972 ﬂeres,
2967 2909 3105 2978 quod
3145 2909 3239 2964 illo
3263 2925 3322 2964 es
3352 2909 3527 2980 impfi-

1945 3007 2096 3052 catus
2117 3012 2323 3062 errore,
2347 2997 2532 3067 eisque
2555 3011 2606 3052 te
2631 2996 2884 3069 lacrymis
2911 2999 2976 3052 ab
2999 2997 3188 3053 eadem
3219 3015 3353 3054 nova
3385 3015 3527 3070 ιιι-...κ-

1945 3087 2199 3144 dilueres.
2227 3088 2310 3144 An
2344 3089 2578 3158 ignoras,
2609 3088 2691 3142 vel
2723 3088 2922 3143 oblitus
2949 3103 3028 3152 es,
3069 3090 3152 3144 vel
3191 3091 3532 3144 considerare

1945 3178 2236 3245 detrectas,
2275 3179 2571 3234 Ecclesium
2603 3188 2842 3234 sanctam
2865 3219 2883 3246 ,
2931 3195 3090 3234 uuam
3115 3221 3128 3242 ,
3175 3179 3532 3245 catholicam,

1946 3271 2107 3330 etiam
2158 3270 2386 3340 paradisi
2433 3271 2786 3340 significatam
2834 3270 3000 3326 fuisse
3047 3271 3346 3327 vocabula?
3396 3271 3534 3338 Quid

1945 3379 2074 3434 ergo
2103 3363 2390 3431 miramini,
2422 3363 2466 3418 si
2509 3362 2576 3420 de
2616 3363 2721 3418 isto
2757 3363 3006 3440 paradiso
3045 3365 3187 3419 foras
3225 3367 3532 3428 mittimini,

1944 3455 2033 3523 qni
2076 3455 2246 3524 legem
2289 3471 2408 3524 qua:
2439 3464 2522 3508 est
2565 3455 2616 3508 in
2662 3453 2922 3510 membris
2967 3455 3186 3521 nostris,
3231 3471 3535 3526 repugnans

1946 3544 2046 3614 legi
2089 3545 2306 3610 utentis,
2351 3544 2404 3599 in
2434 3544 2588 3600 illum
2620 3545 2924 3615 paradisum
2956 3545 3118 3600 vultis
3149 3545 3424 3615 inducere,
3465 3548 3536 3604 de

1943 3651 2050 3706 quo
2080 3634 2226 3690 foras
2255 3649 2286 3690 a
2315 3635 2546 3691 Domino
2571 3637 2720 3692 missi
2751 3653 2958 3701 sumus,
2989 3653 3090 3694 nec
3113 3638 3182 3693 ad
3205 3655 3327 3694 cum
3354 3639 3534 3696 redire

1947 3724 2260 3795 poterimus,
2303 3725 2404 3780 nisi
2445 3725 2584 3780 hanc
2613 3727 2668 3781 in
2708 3726 2812 3782 isto
2843 3726 3088 3796 paradiso
3131 3728 3454 3784 vicerimus?
3478 3730 3532 3785 Si

1944 3818 2086 3874 enim
2131 3832 2240 3874 non
2283 3818 2386 3875 ista
2427 3819 2861 3890 concupiscentia
2893 3836 3051 3891 quam
3091 3819 3332 3877 defendis
3375 3839 3536 3893 repu-

1942 3918 2070 3979 gnat
2111 3908 2216 3982 legi
2261 3910 2498 3978 mentis,
2542 3911 2748 3967 nullum
2791 3899 3050 3970 adversus
3095 3927 3215 3969 eam
3259 3922 3531 3972 certamen

1943 4004 2224 4074 quisquam
2271 4014 2490 4062 sanctus
2519 4015 2756 4062 exercet.
2787 4005 2866 4061 Tu
2894 4016 3072 4063 autem
3115 4007 3394 4066 confessus
3435 4025 3528 4078 es,

1944 4096 2202 4154 adversus
2233 4098 2392 4154 istam
2421 4113 2579 4168 quam
2611 4099 2800 4167 tueris,
2831 4114 3086 4155 exercere
3111 4111 3326 4156 sanctos
3357 4119 3378 4153 ι
3413 4103 3532 4172 glo-

1943 4189 2086 4244 riosa
2123 4189 2416 4245 certamina
2453 4207 2474 4242 ι
2519 4189 2760 4258 (Supra,
2789 4189 2879 4244 tib.
2922 4192 2978 4257 5,
3023 4207 3078 4244 τι.
3123 4189 3260 4263 ‘2).
3303 4191 3422 4262 Ipsa
3449 4203 3533 4249 est

1944 4281 2104 4351 igitur
2139 4295 2258 4350 qua:
2295 4289 2555 4351 repugnat
2593 4281 2696 4350 legi
2735 4281 2930 4336 mentis
2975 4282 3030 4336 in
3075 4297 3301 4352 corpore
3345 4287 3534 4340 mortis

1943 4370 2122 4442 hujus,
2152 4371 2221 4427 de
2249 4386 2353 4442 qua
2383 4385 2442 4426 se
2471 4371 2641 4441 gratia
2670 4369 2765 4426 Dei
2795 4385 2888 4442 per
2913 4371 3093 4427 Jcsnm
3119 4373 3392 4430 Christum
3425 4375 3530 4431 Do-

1943 4465 2150 4526 minum
2177 4473 2422 4522 nostrum
2452 4465 2669 4521 liberari
2696 4465 2910 4520 dicebat
2929 4466 3219 4536 Apostolus
3235 4468 3412 4540 (Rom.
3437 4487 3530 4528 vn.

1939 4556 2115 4616 2535
2139 4559 2182 4628 ).
2213 4557 2462 4616 Sentisne
2499 4559 2612 4629 jam
2657 4557 2894 4622 tandem,
2925 4561 3114 4630 gratia:
3141 4559 3299 4632 hujus
3330 4563 3528 4618 inimici

1942 4659 2150 4720 quanto
2177 4651 2286 4706 sint
2315 4650 2461 4706 fonte
2487 4652 2844 4724 lacrymarum
2873 4653 3180 4724 plangendi,
3209 4663 3266 4709 et
3305 4671 3373 4710 ne
3399 4657 3532 4710 alios

1943 4741 2012 4800 ad
2041 4741 2316 4800 interitum
2355 4757 2546 4800 secum.
2575 4743 2814 4811 trahant,
2849 4755 3048 4816 quanta
3079 4747 3360 4816 pastoralis
3387 4763 3532 4802 cura:

1943 4831 2318 4890 observatione
2344 4833 2581 4890 vitandi?
2605 4835 2710 4890 Vcs
2737 4833 2880 4891 enim
2915 4853 2936 4888 ι
2968 4838 3175 4906 augetis
3209 4855 3226 4889 ι
3259 4837 3356 4892 ista
3385 4839 3535 4892 novi-

1944 4933 2052 4980 tate
2079 4941 2198 4984 cam
2227 4941 2348 4996 qua:
2379 4927 2432 4981 in
2474 4928 2724 4984 omnibus
2763 4937 2845 4984 est
2891 4927 3162 4988 haereticis
3185 4971 3200 4992 ,
3253 4947 3274 4982 ι
3323 4930 3530 4986 occidui

1940 5017 2198 5087 temporis
2247 5019 2582 5088 pravitatem.
2637 5041 2658 5074 ι
2707 5021 2812 5078 Vos
2841 5039 2864 5074 ε
2891 5023 3032 5089 estis
3063 5023 3217 5078 ruina
3246 5037 3474 5088 morum,
3507 5044 3526 5076 ι

1941 5108 2030 5180 qui
2063 5107 2228 5178 ipsius
2258 5108 2379 5166 fidei
2420 5125 2582 5180 supra
2621 5127 2780 5182 quam
2819 5127 3001 5168 mores
3037 5111 3330 5168 :ndilieandi
3363 5121 3490 5170 sum
3513 5157 3528 5182 ,

1939 5199 2200 5254 molimini
2229 5198 2572 5258 fundamenta
2603 5203 2935 5259 subvertere.
2957 5203 3060 5258 Vos
3087 5223 3106 5255 ι
3137 5204 3352 5274 pudoris
3373 5209 3532 5262 inter-

1937 5290 2064 5357 itus,
2101 5311 2120 5343 ι
2155 5307 2288 5362 quos
2317 5293 2536 5350 laudare
2567 5310 2670 5349 non
2706 5295 2888 5366 pudet,
2937 5304 3126 5352 c0ntra
3157 5299 3300 5369 quod
3329 5315 3531 5372 pugnat

2000 5539 2015 5569 ί
2044 5538 2236 5608 Boetius
2273 5537 2346 5608 in“
2368 5539 2650 5608 praefatione.
2685 5543 2999 5608 cpusculiﬂde
3043 5548 3234 5608 musica,
3279 5549 3364 5599 ubi
3403 5551 3525 5602 imm:

1935 5599 2277 5674 it‘sttmrlqcum‘
2301 5597 2408 5648 libri
2437 5602 2678 5674 ciceronis
2700 5597 2762 5653 de
2795 5605 3009 5657 consiliis
3034 5597 3138 5659 suis
3161 5597 3524 5674 citatfproﬁe:

1934 5659 2140 5720 sedisse,
2161 5659 2301 5724 legit,
2327 5663 2628 5724 comedasse.

2000 5726 2021 5792 ξ
2045 5725 2158 5773 [ιόίῑὶ
2179 5759 2192 5780 ,
2218 5721 2378 5773 Ἰτωηο
2410 5721 2744 5792 ecclesiastico.
2794 5735 2898 5786 Mss.
2917 5765 2931 5792 ,
2983 5729 3121 5784 homo
3159 5731 3526 5786 erctcsiasticus.

2005 5789 2023 5818 ³
2048 5797 2146 5835 Am.
2177 5795 2222 5838 et
2249 5793 2376 5844 3155.,
2411 5789 2640 5838 narium.
