3972 6178
338 233 433 288 δίη
1682 230 1884 288 LIBER
1922 230 2236 300 QUINTUS.

340 326 545 397 pudias.
583 342 601 375 t
640 323 867 393 Possunt
906 324 1049 379 enim
1090 323 1362 388 homines,
1406 342 1425 377 ι
1456 323 1670 395 inquis,
1707 342 1727 376 ι
1764 338 1924 379 omne

339 420 505 473 vitare
532 426 826 486 peceatum.
849 432 970 473 eum
996 412 1217 487 possunt
1242 432 1457 472 vincere
1481 415 1925 484 concupiscentia:

337 508 557 561 malum.
578 505 634 562 Si
652 507 793 562 enim
817 505 982 561 libido
1008 507 1250 562 naturale
1275 505 1472 560 malum
1499 514 1599 572 est,
1619 515 1673 559 et
1699 504 1925 559 vincitur

334 613 520 652 amore
546 599 789 662 virtutis;
819 598 987 652 multo
1014 599 1181 670 magis
1211 618 1230 650 ι
1265 597 1398 654 dicis
1433 616 1451 649 ι
1481 598 1567 652 illa
1595 597 1771 652 omnia
1800 596 1921 651 vilia

336 690 600 761 superari,
621 705 739 760 qua:
754 689 822 746 de
837 689 950 745 sola
970 692 1236 746 voluntate
1251 691 1581 761 contingunt.
1608 708 1627 743 ι
1651 689 1768 746 Jam
1789 688 1925 743 mul-

338 787 404 835 tis
429 782 603 837 modis
627 781 694 836 ad
721 781 820 837 ista
847 790 1043 847 vestra,
1062 791 1114 837 et
1142 796 1285 851 smpe
1312 795 1625 851 reSpmtsum
1656 788 1759 835 est.
1789 778 1921 851 Quia

334 872 461 927 dum
488 872 576 928 hic
600 872 864 939 vivimus,
891 873 979 927 ubi
1012 887 1142 929 caro
1168 871 1497 944 concupiscit
1532 869 1789 925 adversus
1815 869 1923 941 spi-

335 964 516 1027 ritum,
540 972 594 1020 et
619 964 836 1034 spiritus
852 963 1108 1020 adversus
1121 978 1336 1020 carnem
1362 960 1554 1033 (Galat.
1571 963 1742 1033 v,l7),
1756 978 1918 1034 qnan'

336 1054 579 1109 tumlibet
603 1053 654 1110 in
682 1052 786 1109 isto
807 1054 1055 1110 conﬂictu
1081 1053 1382 1125 superiores
1407 1053 1598 1119 simus,
1629 1068 1729 1109 nec
1754 1068 1925 1108 mem-

335 1146 427 1199 hra
454 1155 634 1201 nostra
661 1146 1016 1201 exhibeamus
1041 1162 1189 1201 arma
1214 1144 1509 1216 iniquitatis
1533 1155 1775 1217 peccato,
1794 1145 1924 1201 obe-

333 1238 542 1293 dientes
579 1237 858 1294 desideriis
874 1237 1000 1308 ejus
1045 1236 1221 1309 (Rom.
1251 1252 1300 1290 vi
1321 1278 1334 1299 ,
1368 1238 1435 1292 15
1456 1280 1470 1301 ,
1504 1235 1628 1309 19.);
1661 1245 1835 1292 tamen
1864 1245 1925 1291 ut

334 1340 540 1388 taceam
566 1331 635 1388 de
673 1330 917 1401 corporis
945 1330 1191 1386 sensibus
1211 1370 1225 1389 .
1254 1339 1310 1385 et
1338 1331 1391 1385 in
1419 1328 1579 1386 rebus
1600 1370 1615 1395 ,
1644 1328 1835 1400 quibus
1862 1329 1924 1383 li-

334 1424 439 1479 cite
466 1422 696 1488 utimur,
727 1421 1065 1492 subrepentis
1084 1420 1373 1491 voluptatis
1397 1419 1706 1475 excessibus
1725 1461 1741 1485 ,
1771 1418 1822 1473 in
1845 1418 1925 1487 ip-

334 1516 408 1569 sis
436 1523 584 1571 certc
612 1525 811 1570 nostrze
850 1512 1186 1584 cogitationis
1228 1511 1458 1567 motibus
1486 1520 1540 1568 et
1567 1509 1842 1566 affectibus
1880 1510 1925 1564 si

333 1607 611 1661 dixerimus
636 1607 754 1677 quia
784 1614 1044 1677 peccatum
1072 1621 1173 1660 non
1200 1604 1439 1658 habemus
1457 1644 1473 1669 ,
1504 1619 1596 1658 nos
1617 1603 1754 1673 ipsos
1776 1602 1925 1656 sedu-

332 1699 524 1764 cimur,
555 1708 602 1752 et
626 1698 807 1754 raritas
833 1697 885 1751 in
914 1697 1055 1752 nobis
1084 1713 1186 1751 non
1212 1704 1283 1751 est
1313 1696 1357 1770 (l
1381 1695 1536 1750 Joan.
1584 1710 1634 1758 ι.
1676 1692 1753 1766 8).
1784 1692 1923 1747 Fru-

334 1805 442 1849 stra
473 1794 633 1863 igitur
658 1793 711 1848 in
739 1792 837 1847 alia
867 1800 969 1846 tuae
993 1791 1275 1847 sententia:
1304 1799 1455 1862 parte
1482 1787 1741 1859 tripudias
1772 1803 1789 1840 :
1821 1788 1923 1842 nisi

336 1885 472 1940 forte
515 1883 833 1940 sententiam
861 1881 1082 1937 Joannis
1107 1882 1333 1952 apostoli
1370 1880 1630 1950 sacrilega
1658 1884 1921 1949 praesum-

336 1974 515 2044 ptione
542 1970 811 2043 repudias.
839 1971 991 2041 Quod
1017 1979 1193 2028 autem
1224 1986 1366 2027 nunc
1390 1971 1564 2043 agitur
1582 2010 1599 2036 ,
1626 1969 1922 2026 naturalem

334 2079 455 2119 esse
484 2063 757 2120 libidinem
785 2072 839 2117 et
854 2076 954 2134 ego
980 2052 1123 2129 dico,
1144 2061 1265 2134 quia
1295 2076 1416 2117 cum
1440 2060 1525 2116 illa
1552 2060 1787 2117 nascitur
1807 2074 1923 2115 om-

335 2156 418 2209 nis
448 2155 643 2219 homo;
670 2161 727 2209 et
752 2162 805 2209 tu
845 2153 1019 2209 multo
1046 2152 1310 2224 amplius,
1341 2152 1430 2223 qui
1463 2150 1598 2207 dicis
1627 2149 1769 2222 quod
1798 2165 1921 2205 cum

332 2245 424 2300 illa
450 2245 520 2300 sit
544 2243 788 2301 conditus
813 2244 1019 2317 primus
1044 2243 1224 2300 homo.
1256 2243 1386 2299 item
1410 2244 1427 2275 ¹
1459 2243 1772 2299 vincendam
1801 2255 1923 2298 esse

334 2335 608 2392 libidinem
630 2378 646 2404 ,
677 2344 836 2408 atque
866 2344 923 2392 ut
950 2336 1195 2391 vincatur
1236 2335 1285 2390 ei
1330 2333 1688 2390 resistendum
1719 2348 1840 2389 esse
1869 2341 1925 2387 et

332 2428 732 2501 repugnandum
752 2469 769 2494 ,
814 2437 867 2484 et
896 2443 996 2499 ego
1024 2427 1145 2484 dico
1165 2469 1180 2494 ,
1229 2435 1286 2482 et
1315 2438 1405 2493 tu,
1450 2442 1520 2483 ne
1548 2441 1575 2480 a
1608 2442 1695 2482 me
1741 2426 1924 2480 audias

331 2518 472 2588 quod
496 2518 625 2574 mihi
655 2518 769 2591 ipse
794 2504 1015 2585 dixisti,
1052 2538 1070 2571 ι
1109 2518 1345 2590 profiteri
1373 2526 1429 2574 te
1456 2518 1797 2589 turpitudinis
1823 2517 1922 2572 ati-

330 2619 611 2678 vocatum,
641 2612 684 2666 si
729 2611 1001 2667 libidinem
1033 2612 1309 2683 negaveris
1350 2624 1470 2666 esse
1495 2609 1809 2664 vincendant
1843 2626 1857 2662 :
1897 2628 1918 2662 ι

328 2715 451 2772 qua:
479 2700 663 2771 utique
706 2715 812 2755 non
846 2700 1104 2763 vincitur,
1136 2703 1181 2755 si
1223 2700 1428 2755 nullum
1459 2715 1580 2753 cum
1609 2714 1671 2754 ea
1720 2698 1924 2769 geritur

330 2793 552 2849 bellum.
583 2790 716 2848 Cum
749 2793 910 2863 igitur
937 2792 1209 2851 libidinem
1254 2800 1308 2847 et
1336 2790 1632 2845 naturalem
1680 2806 1834 2857 esse,
1869 2799 1924 2846 et

330 2884 469 2937 vinci
519 2897 709 2952 posse,
754 2882 914 2937 ambo
951 2883 1224 2948 dicamus;
1268 2891 1445 2937 utrum
1494 2881 1696 2936 bonum
1735 2880 1919 2937 vinca-

329 2989 469 3039 mus,
496 2989 563 3028 an
594 2975 814 3038 malum,
861 2975 973 3044 ipsa
1000 2974 1140 3030 inter
1164 2989 1261 3029 nos
1288 2973 1512 3029 vertitur
1533 2973 1778 3043 qumstio.
1811 2971 1920 3028 St-d

331 3066 452 3124 vide
479 3083 637 3139 quam
683 3068 758 3123 sis
798 3067 1061 3122 absurdus
1081 3109 1096 3133 ,
1124 3067 1213 3138 qui
1253 3075 1307 3122 et
1332 3067 1410 3121 sic
1431 3068 1451 3098 ¹
1484 3065 1691 3121 hostem
1719 3064 1799 3121 vis
1821 3079 1921 3120 ex-

330 3173 565 3228 pugnare
613 3157 920 3223 libidinem,
953 3166 1009 3215 et
1048 3156 1117 3212 de
1146 3157 1286 3213 malo
1329 3157 1445 3227 ejus
1488 3172 1593 3211 non
1637 3155 1719 3212 vis
1764 3155 1920 3212 finire

328 3249 712 3319 (μιτεςιὶυηοιιις
745 3258 802 3302 ιιι
827 3249 871 3303 si
905 3257 958 3304 te
999 3247 1051 3303 in
1079 3247 1523 3320 concupiscentiae
1549 3247 1789 3303 diabolus
1818 3247 1920 3302 ad-

330 3341 583 3395 versitate
626 3354 729 3394 ιιοιι
762 3339 982 3408 vicerit,
1022 3339 1199 3395 vincat
1240 3347 1292 3394 te
1331 3339 1382 3394 in
1416 3337 1764 3409 perversitate
1791 3352 1916 3394 sen-

331 3429 528 3484 tentia}.

400 3516 491 3573 28.
525 3517 712 3575 Adhuc
737 3533 839 3573 non
866 3518 1119 3591 evigilas,
1163 3528 1220 3575 ut
1248 3519 1510 3591 intelligas
1540 3527 1775 3574 nostram
1818 3532 1917 3573 na-

332 3618 501 3664 turam
531 3625 635 3665 non
664 3625 785 3666 esse
804 3652 818 3675 ,
844 3603 937 3666 sed
969 3612 1150 3666 vitium
1174 3654 1188 3679 ,
1215 3619 1401 3668 contra
1426 3610 1566 3683 quod
1597 3612 1794 3666 virtute
1821 3626 1920 3681 pii-

327 3702 595 3773 gnamus?
621 3702 804 3773 Neque
830 3704 971 3758 enim
1000 3703 1141 3759 bono
1177 3704 1370 3759 bonum
1393 3744 1408 3771 ,
1439 3701 1532 3759 sed
1573 3701 1713 3757 bono
1738 3703 1918 3772 utique

332 3792 528 3847 malum
558 3793 836 3848 vincimus.
855 3792 1143 3849 Considera
1175 3808 1293 3848 cum
1317 3808 1424 3866 quo
1452 3793 1648 3858 vincat,
1670 3807 1793 3847 cum
1810 3808 1918 3862 quo

330 3884 593 3938 vincatur.
620 3883 842 3952 Quando
867 3883 1007 3937 enim
1050 3883 1214 3937 libido
1241 3883 1402 3937 vincit
1420 3924 1434 3947 ,
1465 3882 1627 3939 vincit
1651 3893 1702 3937 et
1728 3882 1918 3937 diabo-

333 3978 414 4030 lus
448 3994 461 4029 :
493 3975 706 4049 quando
748 3975 914 4031 libido
958 3976 1222 4044 vincitur,
1272 3986 1325 4030 et
1373 3974 1618 4031 diabolus
1666 3975 1917 4030 vincitur.

326 4068 498 4136 Quem
527 4083 656 4139 ergo
688 4068 853 4122 vincit
879 4067 1058 4133 libido,
1088 4075 1143 4123 et
1170 4083 1197 4120 a
1227 4081 1335 4138 quo
1365 4066 1612 4131 vincitur,
1645 4066 1812 4120 hostis
1837 4074 1921 4121 est

330 4161 447 4230 ejus
480 4177 494 4212 :
525 4175 647 4216 cum
680 4169 1005 4231 quo.autem
1051 4160 1211 4215 vincit
1239 4168 1294 4215 et
1319 4160 1582 4226 vincitur,
1628 4168 1814 4214 auctor
1839 4168 1923 4214 est

329 4252 466 4322 ejus.
498 4251 648 4325 Rogo
674 4263 746 4315 te.
770 4251 954 4307 oculos
979 4252 1146 4323 aperi,
1169 4262 1222 4307 et
1245 4267 1406 4306 cerne
1429 4266 1543 4321 quae
1569 4259 1751 4320 aperta
1774 4259 1919 4306 sunt.

332 4344 483 4400 Nulla
504 4359 676 4414 pugna
694 4352 776 4399 est
800 4344 915 4398 sine
938 4344 1097 4398 malo.
1121 4342 1341 4411 Quando
1361 4343 1503 4397 enim
1532 4351 1812 4412 pugnatur,
1830 4349 1924 4396 aut

336 4435 533 4490 bonum
566 4441 760 4505 pugnat
787 4443 840 4489 et
880 4433 1076 4487 malum
1098 4475 1112 4499 ,
1145 4443 1236 4487 aut
1262 4434 1458 4487 malum
1486 4442 1541 4488 et
1569 4432 1764 4487 malum
1788 4473 1803 4497 ,
1831 4441 1922 4488 aut

332 4526 377 4580 si
402 4527 508 4581 duo
534 4525 670 4581 bona
697 4525 835 4581 inter
858 4539 917 4581 se
941 4533 1195 4599 pugnant,
1227 4524 1337 4594 ipsa
1365 4539 1537 4594 pugna
1563 4533 1644 4579 est
1670 4540 1921 4595 magnum

334 4617 552 4671 malum.
585 4617 735 4685 Quod
762 4617 813 4670 in
844 4631 1069 4685 corpore
1094 4615 1308 4687 quando
1335 4617 1611 4687 contingit,
1642 4627 1697 4670 ut
1722 4633 1781 4672 ea
1805 4616 1923 4687 qni-

333 4709 431 4763 bus
470 4718 712 4775 constat,
743 4708 794 4763 id
837 4719 919 4764 est
946 4708 1223 4763 humidum
1252 4709 1529 4763 et-siccum
1549 4750 1564 4774 ,
1595 4708 1824 4764 calidum
1866 4716 1922 4764 et

332 4799 581 4870 frigidum
603 4841 615 4863 .
642 4799 888 4870 quamvis
916 4798 1024 4853 sint
1050 4798 1188 4853 inter
1209 4813 1268 4854 se
1294 4799 1557 4854 contraria
1581 4839 1595 4863 ,
1623 4813 1806 4870 pacem
1836 4812 1921 4852 se-

331 4905 453 4946 cum
495 4891 941 4962 concordiamque
970 4906 1077 4945 non
1119 4898 1369 4955 teneant,
1414 4890 1585 4947 morbi
1615 4888 1919 4961 regretatio-

332 4998 538 5054 aesque
561 4991 872 5039 nascuntur.
904 4981 971 5037 Et
995 4980 1115 5053 quis
1143 4981 1339 5038 audeat
1361 4982 1575 5050 dicere,
1607 4980 1804 5055 aliquid
1828 4996 1922 5035 eo-

332 5090 448 5131 rum
467 5091 571 5131 uon
589 5090 709 5131 esse
724 5074 943 5142 bonum;
960 5089 1083 5133 cum
1105 5075 1281 5131 omnis
1300 5083 1541 5130 creatura
1566 5074 1656 5129 Dei
1674 5074 1810 5129 bona
1827 5072 1917 5137 sit,

329 5175 384 5221 et
408 5166 726 5222 benedicant
749 5166 802 5222 in
834 5165 1034 5239 hymno
1053 5166 1217 5224 trium
1240 5180 1528 5236 puerorum
1558 5163 1721 5235 frigus
1747 5171 1802 5218 et
1819 5178 1922 5220 ass-

330 5266 418 5310 tus
439 5256 719 5311 Dominum
746 5254 905 5327 (Dan.
933 5271 990 5312 ιιι
1009 5299 1024 5323 ,
1054 5255 1186 5326 67)?
1213 5257 1340 5323 Qua.-
1365 5256 1505 5309 inter
1526 5269 1587 5309 se
1610 5254 1876 5310 contraria
1898 5295 1916 5324 ,

258 5416 265 5419 _
331 5358 546 5404 servant
573 5358 748 5402 tamen
788 5361 885 5417 pro
913 5362 1092 5404 rerum
1122 5346 1486 5403 incolumitate
1522 5344 1864 5401 concordiam
1898 5361 1914 5399 :

394 5550 410 5581 ¹
437 5548 572 5606 aditi,
595 5554 680 5611 (ta.
706 5547 877 5598 Melius
898 5554 1026 5608 Mss,
1056 5554 1190 5611 Item.

330 5682 366 5723 α
392 5612 422 5677 '_
453 5615 516 5659 tta
565 5610 878 5661 Floriaccnsts
927 5606 1019 5659 his.
1070 5606 1124 5660 at
1173 5608 1325 5671 editi,
1376 5615 1422 5661 et
1474 5607 1642 5671 sicut;
1697 5606 1876 5658 omisso

366 5684 441 5723 ut.

3518 246 3622 300 80?.

2039 339 2158 379 cum
2189 342 2313 380 vero
2343 327 2394 381 in
2439 337 2623 383 nostro
2650 344 2873 399 corpore
2902 330 3239 405 discrepant,
3285 324 3507 405 seseque
3536 341 3619 392 in.

2037 418 2207 471 vicem
2236 427 2574 489 oppugnant,
2620 421 2868 477 valetudo
2899 422 3159 479 turbatur.
3187 426 3255 481 Et
3282 427 3382 483 hoc
3408 436 3576 483 totum
3602 470 3619 493 ,

2033 507 2169 562 sicut
2196 510 2303 580 ipsa
2332 523 2500 578 mors,
2522 510 2590 567 de
2615 516 2813 583 peccati
2834 516 2974 571 illius
3002 520 3383 590 propagatione
3399 521 3623 577 descen-

2033 597 2127 651 dit.
2156 597 2338 669 Neque
2366 602 2509 657 enim
2537 611 2590 671 et
2633 602 2747 661 hmc
2789 606 3069 677 quisquam
3113 608 3342 676 dixerit,
3371 613 3416 667 si
3461 628 3621 667 nemo

2035 701 2337 760 peccasset,
2374 708 2472 747 nos
2502 694 2554 749 in
2583 695 2669 749 illa
2697 695 3024 754 beatitudine
3049 701 3281 769 paradisi
3308 702 3470 759 fuisse
3497 719 3625 776 pas-

2032 793 2205 834 suros.
2237 781 2339 837 Sed
2368 783 2488 840 alia:
2530 796 2653 840 sunt
2698 802 2876 842 rerum
2908 792 3264 858 corporalium
3296 793 3578 865 qualitates
3601 837 3617 857 .

2031 887 2149 941 ane
2179 887 2359 929 secum
2390 890 2420 929 a
2450 878 2731 933 contrariis
2777 888 3143 949 temperantur
3170 892 3229 937 ut
3269 883 3409 940 bene
3441 886 3619 941 valea-

2031 978 2176 1026 inns;
2201 973 2253 1018 et
2278 980 2398 1020 cum
2426 967 2532 1021 sint
2558 967 2609 1022 in
2636 967 2849 1025 diverso
2878 986 3073 1042 genere
3098 971 3270 1036 bonae,
3299 982 3474 1029 tamen
3495 990 3618 1031 cum

2030 1051 2358 1121 discordant,
2390 1056 2583 1113 malam
2608 1059 2966 1116 valetudinem
2993 1059 3193 1118 faciunt
3217 1077 3233 1128 ;
3275 1073 3330 1120 et
3353 1065 3471 1120 alia:
3496 1075 3621 1122 sunt

2030 1146 2222 1200 anima:
2250 1146 2597 1217 cupiditates,
2644 1164 2763 1220 quae
2805 1159 3086 1222 pr0pterea
3125 1154 3306 1210 carnis
3330 1155 3580 1211 dicuntur
3604 1198 3620 1222 ,

2029 1237 2151 1307 quia
2195 1239 2485 1294 secundum
2513 1255 2729 1297 carnem
2768 1242 2944 1298 anima
2986 1245 3347 1315 concupiscit,
3376 1260 3496 1302 eum
3543 1248 3622 1303 sic

2029 1330 2389 1399 concupiscit,
2420 1340 2479 1386 ut
2507 1332 2556 1388 ei
2586 1333 2802 1403 spiritus
2821 1377 2838 1402 ,
2866 1334 2918 1390 id
2946 1343 3029 1391 est
3055 1351 3189 1419 pars
3206 1337 3325 1407 ejus
3348 1337 3541 1395 melior
3568 1348 3622 1393 et

2002 1468 2005 1473 .
2029 1421 2292 1490 superior,
2313 1423 2503 1479 debeat
2522 1440 2838 1497 repugnare.
2862 1427 3098 1499 Denique
3119 1428 3219 1483 ista
3235 1429 3360 1484 vitia
3384 1445 3488 1489 non
3510 1446 3621 1486 me-

2029 1510 2177 1566 dicos
2204 1512 2338 1568 ullos
2360 1528 2644 1584 corporum
2671 1526 2937 1588 qttmrunt,
2957 1518 3053 1574 sed
3081 1519 3247 1588 gratia
3274 1519 3476 1576 Christi
3508 1534 3623 1576 me-

2029 1602 2241 1659 dicante
2265 1614 2548 1661 curanthr:
2571 1608 2740 1681 prius,
2761 1620 2818 1662 ut
2842 1618 2991 1664 reatu
3009 1624 3115 1664 non
3145 1618 3380 1676 teneant;
3398 1609 3617 1679 deinde,

2030 1701 2087 1748 ut
2111 1694 2361 1749 conﬂictu
2391 1711 2497 1751 non
2528 1698 2774 1778 vincant;
2803 1708 3094 1769 postremo,
3119 1708 3175 1754 ut
3200 1702 3344 1756 omni
3373 1717 3437 1758 ex
3466 1713 3619 1773 parte

2028 1794 2212 1839 sanata
2258 1786 2400 1840 nulla
2428 1789 2646 1844 omnino
2691 1799 3020 1846 remaneant.
3055 1792 3288 1849 Proinde
3329 1808 3449 1848 cum
3481 1794 3620 1850 mala

2028 1876 2405 1947 concupiscere
2431 1878 2625 1935 malum
2653 1882 2739 1946 sit,
2764 1890 2821 1938 et
2844 1882 2982 1938 bona
3006 1884 3388 1955 concupiscere
3414 1883 3614 1940 bonum

2028 1966 2117 2034 sit,
2145 1976 2303 2038 atque
2331 1968 2432 2026 hoc
2457 1969 2655 2027 bellum
2689 1972 2942 2045 quamdiu
2970 1973 3057 2028 hic
3081 1974 3275 2029 vivitur
3319 1988 3424 2030 non
3462 1974 3618 2045 quic-

2027 2071 2164 2129 scat,
2194 2078 2314 2119 cum
2340 2078 2466 2121 caro
2489 2066 2817 2139 concupiscit
2845 2065 3102 2123 adversus
3124 2066 3393 2138 Spiritum,
3421 2075 3477 2123 et
3501 2067 3616 2138 spi-

2026 2152 2161 2208 ritus
2186 2152 2440 2211 adversus
2465 2171 2715 2224 carnem;
2752 2156 2875 2227 quis
2900 2171 2986 2213 me
3012 2156 3259 2213 liberabit
3281 2156 3350 2213 de
3389 2170 3618 2227 corpore

2027 2247 2213 2301 mortis
2239 2246 2417 2318 hujus,
2443 2247 2542 2303 nisi
2570 2249 2738 2319 gratia
2764 2248 2861 2305 Dei
2888 2263 2984 2319 per
3006 2248 3188 2305 Jesum
3218 2248 3487 2305 Christum
3510 2249 3617 2305 Do-

2026 2337 2229 2391 minum
2272 2338 2553 2392 nostrum?
2577 2337 2673 2396 Cui
2711 2340 2896 2409 gratiae
2924 2339 3085 2397 nimis
3121 2338 3397 2395 inimicum
3422 2338 3614 2411 dogma

2029 2425 2390 2483 horrescimus
2417 2439 2676 2483 vestrum.

2096 2515 2188 2571 29.
2219 2517 2323 2573 Sed
2351 2519 2432 2573 vir
2455 2519 2795 2587 fortissimus,
2823 2529 3205 2577 nocturnorum
3234 2529 3290 2578 et
3317 2521 3494 2578 sinon
3517 2519 3616 2576 ad-

2028 2606 2389 2672 ministrator,
2434 2619 2581 2663 certe
2621 2611 2933 2665 exhortator
2975 2611 3394 2683 prmdicatorque
3444 2612 3613 2668 bellu-

2027 2710 2169 2764 rum,
2207 2713 2227 2748 ι
2253 2710 2502 2752 enervem
2534 2706 2589 2754 et
2617 2699 2831 2755 mollem
2861 2713 2980 2758 esse
3014 2718 3035 2753 ι
3069 2700 3205 2757 dicis
3236 2718 3258 2753 ι
3286 2701 3612 2774 opinionem.

2027 2801 2128 2857 qua
2156 2788 2392 2844 creditur
2418 2790 2472 2845 in
2499 2790 2748 2859 paradiso
2774 2791 2838 2846 ad
2867 2800 3051 2847 nutum
3079 2793 3367 2857 voluntatis
3402 2794 3612 2865 genita-

2026 2879 2095 2935 lia
2122 2881 2354 2951 potuisse
2377 2882 2599 2938 servire.
2637 2900 2659 2933 ι
2694 2883 2867 2938 Tanto
2888 2884 3032 2940 enim
3059 2884 3193 2955 tibi,
3221 2894 3471 2957 tanquam
3498 2886 3615 2943 viro

2026 2980 2175 3026 casto
2194 3011 2210 3038 ,
2238 2971 2592 3028 effeminatior
2615 2973 2827 3029 videtur
2851 2990 2972 3031 esse
2997 2975 3207 3031 animus
3226 3016 3240 3040 ,
3265 2984 3464 3047 quanto
3494 2977 3614 3047 plus

2028 3059 2186 3116 habet
2208 3064 2485 3131 potestatis
2505 3064 2558 3118 in
2583 3079 2797 3134 corpus.
2825 3062 2931 3121 Sed
2960 3079 3085 3120 ecce
3113 3082 3219 3121 non
3246 3066 3519 3122 vobiscum
3543 3067 3613 3122 de

2026 3152 2258 3207 libidinis
2283 3153 2521 3210 absentia
2566 3157 2918 3225 praesentiave
2958 3157 3332 3214 contendimus
3352 3200 3369 3227 ,
3402 3174 3502 3216 nec
3528 3159 3613 3215 di-

2026 3242 2307 3300 lectionem
2334 3245 2718 3316 quam'debcre
2746 3262 2841 3303 vos
2869 3248 2918 3303 ei
2946 3248 3187 3305 videmus
3205 3292 3219 3315 ,
3252 3250 3609 3315 offendimus;

2026 3333 2213 3389 saltem
2242 3335 2410 3405 ipsam
2438 3336 2648 3393 subdite
2672 3338 2960 3394 voluntatis
2988 3340 3212 3410 imperio
3238 3342 3290 3397 in
3322 3342 3412 3397 illo
3440 3342 3612 3399 felici-

2027 3426 2149 3479 tatis
2173 3426 2310 3481 loco.
2337 3425 2558 3483 Auferte
2587 3427 2709 3483 inde
2735 3429 3187 3487 evitlentissitnam
3221 3446 3467 3503 pugnam,
3492 3449 3612 3505 qua:

2027 3514 2086 3569 fit
2112 3516 2225 3587 ejus
2269 3517 2489 3573 motioni
2529 3527 2708 3574 mente
2733 3521 2995 3575 renitente
3027 3538 3041 3574 :
3072 3522 3282 3579 auferte
3328 3522 3452 3578 inde
3494 3534 3609 3579 lur-

2025 3608 2297 3679 pissimam
2326 3625 2533 3680 pacem,
2558 3626 2679 3681 quas
2705 3611 2763 3665 ﬁt
2787 3612 2902 3682 ejus
2922 3612 3270 3667 dominationi
3295 3626 3472 3670 mente
3492 3630 3612 3670 ser-

2028 3699 2218 3754 vit-nte.
2253 3700 2313 3755 Et
2345 3708 2510 3766 certe,
2539 3701 2662 3771 quia
2692 3715 2798 3755 non
2828 3715 2945 3756 eam
2977 3703 3133 3757 talem
3162 3703 3371 3765 videtis,
3399 3704 3610 3773 qualem

2026 3789 2096 3844 ibi
2124 3790 2467 3856 constituere,
2491 3791 2535 3845 si
2562 3791 2767 3846 ratione
2792 3806 2898 3846 non
2921 3791 3271 3859 .revocamini,
3300 3793 3504 3863 pudore
3521 3808 3614 3848 cn-

2025 3881 2233 3953 gimini,
2254 3882 2304 3936 iu
2330 3897 2395 3937 ea
2412 3882 2584 3953 qualis
2600 3897 2742 3938 nunc
2765 3889 2849 3938 est
2865 3882 3048 3937 vitium
3066 3883 3323 3955 originale
3350 3882 3609 3952 fatemini;

2025 3975 2110 4029 eui
2138 3974 2182 4028 si
2209 3974 2472 4029 servimus
2498 3975 2736 4045 perimus
2754 4015 2770 4041 ,
2801 3974 2886 4029 cui
2929 3987 3288 4044 repugnamus
3314 3988 3382 4029 ne
3406 3972 3611 4029 servia-

2025 4078 2165 4120 mus.
2195 4066 2332 4121 Eccc
2357 4065 2499 4135 quod
2537 4065 2750 4132 laudas,
2779 4080 2878 4122 nec
2903 4065 3059 4119 times
3085 4079 3152 4119 ne
3178 4064 3270 4119 tibi
3310 4064 3483 4134 potius
3511 4063 3609 4118 ad-

2027 4169 2247 4211 moneas
2270 4170 2391 4211 esse
2413 4155 2695 4211 dicendum
2715 4198 2731 4223 ,
2769 4155 2910 4226 quod
2938 4155 3004 4209 ad
3034 4155 3231 4225 flagitia
3256 4153 3490 4210 concites
3517 4153 3606 4208 ho.

2026 4246 2221 4312 mines,
2242 4260 2309 4300 ne
2332 4246 2581 4300 resistant
2595 4247 3062 4315 concupiscentiis,
3081 4261 3237 4316 quam
3260 4246 3397 4301 sicut
3415 4246 3612 4302 bonum

2026 4340 2265 4394 naturale
2289 4337 2654 4394 commendas.
2682 4337 2819 4407 Quid
2845 4339 2986 4393 enim
3019 4347 3070 4393 te
3096 4339 3327 4409 adjuvat,
3358 4339 3500 4408 quod
3527 4355 3605 4392 re-

2025 4430 2359 4503 prehendere
2374 4430 2568 4486 videris
2585 4431 2702 4500 ejus
2723 4444 3024 4496 excessum,
3046 4431 3199 4500 cujus
3213 4429 3479 4501 approbas
3500 4445 3614 4484 inn—

2027 4524 2172 4581 tum?
2194 4524 2344 4579 'l'uuc
2368 4523 2508 4579 enim
2534 4523 2744 4578 excedit
2768 4523 2968 4578 licitum
2999 4523 3242 4591 limitem,
3266 4523 3477 4595 quando
3497 4522 3616 4593 ejus

2025 4618 2259 4674 motibus
2285 4618 2510 4673 ceditur.
2536 4615 2670 4671 Mala
2695 4627 2776 4672 est
2804 4624 2983 4671 tamen
3011 4624 3066 4671 et
3090 4618 3303 4688 quando
3331 4631 3434 4671 non
3466 4616 3614 4670 cedi-

2026 4720 2146 4778 tur;
2177 4712 2298 4782 quia
2326 4712 2467 4766 man
2502 4710 2804 4774 resistitur,
2836 4725 2904 4765 ne
2929 4710 3127 4764 bonum
3156 4707 3417 4765 castitatis
3444 4707 3615 4761 inter-

2025 4814 2147 4869 eat,
2178 4805 2222 4859 si
2250 4804 2371 4858 huic
2396 4804 2536 4859 malo
2562 4819 2668 4858 non
2712 4804 3011 4858 resistatur.
3056 4801 3226 4868 Quam
3255 4809 3310 4853 tu
3354 4814 3476 4853 eum
3519 4798 3618 4851 bo-

2024 4911 2147 4951 nam
2175 4895 2486 4949 naturaliter
2512 4894 2646 4951 dieis
2664 4934 2680 4960 ,
2710 4902 2885 4949 astute
2928 4891 3003 4946 illi
3030 4905 3245 4961 semper
3268 4888 3616 4945 consentien-

2025 4987 2150 5042 dum
2173 5001 2293 5042 esse
2317 4986 2580 5052 decernis;
2601 5002 2668 5041 ne
2695 4986 2878 5041 renisu
2904 4982 3148 5053 improbo
3172 4990 3498 5052 repugnetur
3524 4993 3619 5033 na-

2026 5079 2181 5135 turali
2202 5079 2362 5135 bono.
2391 5078 2462 5134 Ita
2480 5078 2678 5150 quippe
2698 5085 2876 5149 potest
2899 5076 3148 5132 facillime
3170 5088 3296 5130 vera
3317 5085 3437 5129 esse
3456 5071 3619 5129 etiam

2024 5171 2114 5227 illa
2137 5181 2311 5227 vestra
2354 5172 2617 5227 sententia
2637 5212 2652 5235 ,
2683 5184 2787 5239 qua
2815 5169 2993 5224 dicitis
3033 5167 3302 5223 hominem
3346 5166 3464 5221 sine
3489 5178 3619 5236 pec-

2022 5273 2146 5320 cato
2172 5262 2373 5329 esse,si
2402 5262 2548 5319 velit.
2576 5260 2694 5316 Non
2724 5270 2806 5317 est
2830 5262 2973 5317 enim
2999 5246 3284 5331 quomodo'
3296 5257 3453 5313 faciat
3475 5254 3617 5326 quod

2023 5371 2129 5409 non
2155 5354 2300 5421 licet,
2325 5352 2539 5423 quando
2563 5353 2688 5408 licet
2711 5351 2965 5423 quidquid
2991 5351 3140 5417 libet,
3166 5348 3288 5422 quia
3310 5350 3511 5405 bonum
3535 5355 3621 5403 est

2021 5447 2167 5518 quod
2194 5446 2510 5501 naturaliter
2551 5445 2699 5499 libet.
2744 5446 2800 5499 Si
2841 5460 2971 5514 ergo
2998 5444 3226 5508 adsunt,
3259 5439 3621 5512 voluptatibus

2021 5542 2324 5613 perimatur
2358 5554 2372 5593 :
2405 5537 2449 5593 si
2480 5546 2657 5592 autem
2699 5553 2805 5593 non
2834 5537 3061 5605 adsunt,
3091 5536 3221 5608 ipsis
3247 5551 3430 5591 earum
3470 5532 3621 5602 cogi-

2024 5636 2349 5703 tatiouibus,
2379 5631 2517 5689 sicut
2561 5630 2792 5704 Epicuro
2840 5629 3011 5686 visum
3061 5639 3178 5695 est,
3206 5627 3536 5692 oblectetur,
3567 5631 3617 5680 et
