4014 6186
429 353 534 407 81ὶῦ

428 479 536 524 erit
557 468 674 522 sine
702 470 939 536 peccato,
958 475 1057 515 nec
1087 473 1146 512 sc
1178 455 1280 509 ullo
1309 449 1572 507 fraudabit
1599 449 1737 504 bono
1765 459 1898 500 :ncc
1924 458 2019 536 cu-

425 534 742 630 juscumque
768 552 1022 609 doctrinae
1066 546 1406 620 opinionibus
1433 543 1647 597 resistat
1692 534 2020 592 naturalibus

431 629 683 713 motibus,
712 646 827 713 Sed,
858 645 994 699 sicut
1017 643 1090 696 ait
1115 638 1448 699 Hortensius,
1486 653 1505 686 ‹
1545 643 1669 686 tunc
1694 629 2020 700 obsequatur

428 753 660 804 naturae,
688 754 809 795 cum
835 738 950 790 sine
976 733 1230 804 magistro
1255 728 1484 785 senserit
1508 723 1633 796 quid
1664 731 1853 776 natura
1879 719 2023 774 desi-

426 833 579 887 deret
601 849 620 882 ›
643 829 916 900 (Ciceronis
944 824 1198 895 dialogus,
1217 822 1300 876 cui
1325 835 1504 874 nomen
1539 812 1883 883 Hortensius).
1903 811 2018 866 Non

426 924 569 977 enim
597 928 772 989 potest
793 933 914 988 quae
932 917 1069 972 bona
1095 922 1177 970 est
1201 910 1507 968 desiderare
1533 905 1673 978 quod
1692 905 1890 960 malum
1913 909 2017 968 est,

425 1023 518 1065 ant
540 1009 839 1080 negandum
859 1018 942 1063 est
960 1007 1112 1062 bonae
1128 1000 1344 1074 aliquod
1371 1000 1588 1055 bonum.
1607 995 1725 1051 Fiat
1746 994 1921 1062 itaque
1940 1001 2022 1046 to—

429 1113 536 1156 tum
564 1103 704 1171 quod
733 1099 999 1156 desiderat
1026 1095 1188 1152 libido
1214 1095 1375 1160 bona,
1404 1107 1472 1147 ne
1500 1091 1613 1161 ipse
1643 1087 1712 1142 sit
1738 1086 1908 1141 malus
1928 1084 2019 1155 qui

427 1196 627 1249 resistit
659 1195 817 1248 bono.

499 1287 586 1340 30.
619 1284 733 1340 Non
765 1285 864 1337 hoc
901 1283 1043 1346 dico,
1073 1279 1300 1349 inquies,
1327 1285 1380 1331 et
1410 1274 1661 1342 injustam
1689 1277 1771 1322 est
1797 1276 1852 1322 ut
1874 1265 2018 1321 aliud

426 1395 516 1435 me
559 1379 846 1448 suspiceris
876 1377 1074 1432 sentire
1103 1387 1262 1443 quam
1291 1371 1496 1438 loquor.
1545 1363 1661 1418 Noli
1687 1376 1815 1432 ergo
1843 1359 2019 1413 facere

427 1469 569 1540 quod
599 1473 703 1539 pati
731 1485 834 1524 non
862 1469 962 1534 vis,
989 1476 1043 1522 ct
1068 1465 1245 1520 dicere
1279 1479 1298 1512 ι
1336 1458 1474 1528 quod
1505 1456 1792 1510 invitemus
1817 1450 1882 1504 ad
1903 1449 2020 1540 dul,

427 1539 509 1621 cia
537 1567 696 1624 furta,
718 1561 907 1631 quibus
929 1555 1243 1628 Apostolum
1272 1551 1559 1607 recitamus
1583 1545 1872 1608 dicentem,
1899 1539 2020 1596 Scio

426 1659 546 1728 quia
571 1673 671 1710 non
697 1654 887 1708 habitat
911 1651 963 1704 in
985 1664 1063 1703 me
1081 1689 1096 1713 ,
1129 1647 1222 1700 hoc
1250 1653 1321 1699 est
1349 1644 1403 1697 in
1429 1656 1582 1695 carne
1603 1653 1716 1692 mea
1734 1678 1749 1702 ,
1781 1635 1966 1728 bonum
1993 1650 2013 1684 ι

431 1727 606 1820 (Rom.
639 1761 734 1810 vn,
769 1743 880 1813 l8).
913 1741 1024 1796 Etsi
1052 1739 1194 1795 enim
1224 1750 1331 1791 non
1359 1734 1444 1788 hic
1465 1733 1481 1764 ¹
1513 1729 1794 1800 perficiunt
1820 1727 2018 1820 bonum

425 1819 568 1910 quod
597 1839 777 1894 volunt
800 1879 816 1903 ,
845 1845 901 1891 ut
926 1849 1030 1888 non
1055 1829 1469 1900 concupiscant;
1497 1825 1694 1878 faciunt
1722 1832 1897 1910 tamen
1924 1819 2021 1874 bo-

427 1909 553 1988 num
574 1973 588 1995 ,
621 1941 678 1986 ut
722 1937 842 2000 post
867 1922 1323 1995 concupiscentias
1367 1933 1492 1974 suas
1523 1930 1628 1970 non
1659 1922 1782 1969 eant
1828 1909 2015 1984 (Eccli.

411 2041 553 2078 -xviu
573 2066 588 2090 ,
615 2021 726 2094 30).
757 2021 811 2074 Si
840 2019 982 2074 enim
1005 2032 1103 2094 vos
1133 2014 1433 2070 castitatem
1464 2008 1616 2063 vobis
1642 2004 1891 2062 videmini
1917 2002 2018 2057 do.

426 2133 573 2182 cere,
596 2093 716 2169 cum
737 2113 932 2176 dicitis,
956 2093 1075 2166 Noli
1102 2107 1240 2162 vinci
1269 2121 1301 2161 a
1326 2105 1487 2164 bono,
1511 2100 1604 2158 sed
1627 2099 1779 2154 vince
1803 2098 1857 2151 in
1881 2096 2019 2151 bono

428 2209 660 2271 bonum;
689 2213 890 2276 quanto
931 2201 1098 2271 magis
1127 2213 1244 2255 eam
1289 2212 1388 2251 nos
1417 2194 1707 2254 docemus,
1733 2205 1854 2245 cum
1881 2187 2018 2243 dici-

427 2315 566 2365 mus,
589 2297 713 2351 Noli
739 2295 869 2350 vinci
897 2311 928 2347 a
957 2291 1114 2358 maio,
1133 2289 1222 2346 sed
1247 2289 1386 2343 vince
1410 2288 1462 2340 in
1479 2285 1606 2340 bono
1633 2282 1824 2336 nmium
1841 2281 2014 2352 (Rom.

429 2406 540 2455 xu,
570 2388 703 2456 ευτ’
735 2386 867 2441 Vide
893 2399 1051 2453 quam
1076 2383 1147 2436 sit
1169 2381 1421 2450 injustum
1443 2419 1457 2442 ,
1486 2385 1544 2430 nt
1572 2389 1670 2428 nos
1709 2373 1851 2443 quod
1878 2369 2018 2425 vitu-

428 2494 675 2548 peramus
704 2488 1010 2545 expugnare
1037 2487 1143 2526 non
1171 2469 1358 2524 credas
1378 2509 1392 2531 ,
1421 2465 1510 2536 qui
1539 2474 1589 2519 te
1615 2463 1758 2518 credi
1806 2477 1911 2516 non
1941 2461 2018 2515 vis

426 2585 493 2623 eo
515 2568 616 2621 frui
632 2566 768 2621 velle
787 2563 928 2634 quod
952 2561 1153 2616 laudas.
1173 2555 1452 2625 Quomodo
1474 2554 1607 2608 casti
1629 2568 1747 2606 esse
1767 2567 1872 2608 non
1898 2566 2019 2620 pos-

426 2667 552 2713 sunt
579 2657 774 2711 inimici
797 2653 1050 2716 libidinis,
1071 2652 1114 2705 si
1137 2648 1270 2705 casti
1291 2662 1409 2703 esse
1433 2654 1653 2715 possunt
1677 2652 1730 2697 et
1749 2641 1866 2710 cjus
1885 2640 2018 2695 ami-

425 2749 512 2803 ci?
541 2747 692 2816 Quod
735 2760 864 2816 ergo
905 2753 1160 2813 negantes
1199 2737 1455 2808 originale
1483 2742 1754 2805 peccatum
1779 2772 1792 2793 ,
1837 2740 1890 2785 et
1933 2730 2016 2784 in-

425 2841 668 2895 videntes
707 2836 942 2908 paruulis
983 2834 1300 2888 salvatorem
1339 2828 1559 2894 Jcsum,
1601 2825 1773 2894 legem
1820 2823 2017 2893 peccati

426 2940 806 3002 repugnantem
836 2927 939 2998 legi
975 2926 1166 2981 mentis
1192 2921 1528 2979 introducere
1557 2918 1718 2972 vultis
1745 2925 1799 2972 ct
1837 2915 1890 2970 in
1919 2930 2017 2984 pa.-

427 3025 660 3081 radisum
691 3033 814 3076 ante
841 3029 1117 3090 peccatum
1139 3057 1155 3082 ,
1184 3016 1286 3070 hoc
1313 3017 1363 3068 in
1391 3013 1544 3068 vobis
1570 3013 1672 3066 isto
1698 3025 1861 3079 opere
1889 3024 2019 3078 con-

427 3116 680 3175 futanms.
729 3114 922 3167 Eorum
951 3125 1069 3179 qum
1097 3123 1201 3163 non
1247 3106 1490 3161 videmus
1517 3104 1570 3159 in
1615 3101 1766 3157 vobis
1793 3115 1892 3155 nec
1917 3117 2018 3155 au-

424 3207 604 3259 dimus
648 3220 712 3256 ex
741 3203 890 3255 vobis
910 3242 923 3265 ,
957 3201 1202 3256 nolumus
1229 3212 1351 3254 esse
1389 3196 1596 3266 judiccs
1629 3209 1643 3248 :
1679 3191 1807 3247 nihil
1839 3201 2014 3245 nostra

431 3299 683 3360 interest,
714 3295 838 3365 quid
872 3294 922 3346 in
971 3292 1184 3346 occulto
1228 3301 1388 3360 agant
1413 3287 1584 3358 aperti
1625 3285 1857 3340 libidinis
1901 3285 2016 3337 lau-

427 3387 660 3441 datores.

498 3474 724 3532 CAPUT
755 3474 862 3528 V'lll
893 3471 988 3546 (η).
1007 3502 1078 3514 --
1111 3472 1170 3529 '5!
1187 3511 1202 3524 .
1225 3471 1357 3526 Cum
1378 3485 1506 3524 vero
1527 3469 1644 3524 aliis
1667 3467 1846 3523 verbis
1882 3467 2016 3522 meis

430 3567 735 3634 propositis,
764 3565 906 3619 illam
924 3563 1318 3618 distinctionem
1337 3575 1532 3626 meam,
1550 3576 1708 3630 quam
1737 3559 1802 3613 de
1820 3559 2016 3628 nuptiis

428 3669 482 3712 et
520 3658 945 3727 concupiscentia
977 3658 1215 3728 priorum
1255 3655 1528 3710 hominum
1559 3654 1745 3725 posui,
1791 3652 1974 3706 dicens
1997 3693 2013 3715 ,

435 3769 452 3800 ι
491 3749 643 3817 Quod
671 3749 812 3803 cuitu
859 3749 932 3802 illi
975 3759 1154 3816 postea
1187 3747 1567 3818 propagatione
1611 3745 1884 3807 fecerunt,
1916 3745 2018 3798 hoc

428 3852 510 3897 est
545 3841 796 3897 connubii
825 3841 1056 3904 bonum;
1087 3839 1229 3908 quod
1258 3853 1384 3893 vero
1422 3838 1568 3906 prius
1592 3834 1904 3890 confusione
1934 3844 2016 3889 te-

402 3959 405 3964 π
430 3942 650 3998 xerunt,
683 3934 783 3988 boc
809 3941 894 3987 est
916 3929 1362 4000 concupiscentia
1386 3928 1584 3983 malum
1623 3945 1641 3978 ι
1679 3925 1780 4000 (De
1808 3924 2016 3996 Nuptiis

428 4036 474 4081 et
513 4025 929 4096 Concupiscentia
947 4064 963 4090 ,
993 4022 1082 4076 lib.
1109 4023 1136 4077 1
1161 4063 1178 4086 ,
1208 4038 1262 4075 n.
1290 4020 1347 4094 8)
1383 4038 1396 4074 :
1429 4020 1507 4076 sic
1533 4017 1879 4076 refellendam
1921 4034 2017 4088 pu-

429 4117 571 4180 tasti,
602 4127 659 4170 ut
681 4116 914 4180 diceres,
949 4132 970 4166 ι
1000 4113 1113 4170 fieri
1143 4105 1246 4168 non
1276 4126 1432 4183 posse
1455 4120 1516 4166 ut
1539 4109 1678 4181 quod
1707 4109 1905 4164 bonum
1935 4117 2018 4163 est

428 4224 533 4270 non
562 4209 757 4265 haheat
775 4220 1112 4263 communem
1133 4221 1254 4262 cum
1281 4218 1347 4260 eo
1372 4203 1606 4267 laudem,
1624 4203 1739 4256 sine
1765 4216 1873 4272 quo
1897 4216 2017 4256 esse

427 4316 534 4355 non
559 4308 762 4370 potest;
792 4319 809 4350 ι
837 4299 906 4353 ita
931 4301 1113 4354 volens
1135 4312 1294 4352 unam
1313 4293 1663 4365 eamdemque
1689 4294 1896 4348 laudem
1921 4310 2017 4347 nu-

431 4393 551 4460 ptiis
567 4400 622 4446 et
638 4390 840 4445 libidini
865 4405 984 4446 esse
1000 4403 1336 4446 communem
1359 4406 1371 4442 :
1389 4386 1657 4458 quomodo
1682 4395 1896 4441 corruat
1913 4384 2015 4440 ista

427 4493 517 4538 tua
546 4484 700 4539 velut-
712 4483 982 4538 delinitiva
1013 4482 1278 4541 sententia
1298 4522 1313 4547 ,
1343 4481 1613 4552 paulisper
1637 4478 1873 4535 attende.
1901 4477 2020 4532 Pri-

428 4591 613 4644 mum,
641 4575 786 4646 quod
821 4576 1139 4632 universitas
1164 4591 1342 4632 rerum
1368 4590 1526 4646 qnam
1571 4573 1807 4632 condidit
1835 4574 1974 4628 Deus
1997 4615 2012 4640 ,

428 4687 533 4725 non
563 4678 741 4740 potest
764 4683 885 4723 esse
903 4668 1020 4724 sine
1045 4669 1222 4732 malis,
1241 4683 1342 4724 nec
1365 4667 1484 4723 ideo
1501 4675 1678 4723 tamen
1706 4668 1843 4721 mala
1866 4681 2016 4724 com-

426 4776 643 4818 munem
671 4759 882 4815 laudem
910 4769 1134 4829 possunt
1173 4759 1374 4815 habere
1400 4774 1520 4814 cum
1561 4758 1736 4814 bonis.
1767 4758 1972 4814 Deinde
1995 4798 2011 4825 ,

427 4854 472 4908 si
509 4870 528 4904 ι
567 4851 680 4906 fieri
723 4867 826 4906 non
858 4859 1034 4922 potest
1061 4860 1116 4905 ut
1156 4849 1300 4923 quod
1341 4849 1536 4905 bonum
1565 4857 1649 4905 est
1688 4866 1791 4904 non
1819 4848 2018 4905 habeat

427 4960 766 5004 communem
783 4959 905 4999 cum
923 4959 988 5000 eo
1004 4943 1050 4999 la
1059 4943 1236 5011 udem,
1255 4943 1371 4998 sine
1386 4957 1492 5013 quo
1507 4956 1626 4998 esse
1644 4956 1748 4995 non
1767 4948 1962 5012 potest;
1991 4959 2010 4992 ι

432 5035 669 5104 profecto
692 5035 908 5106 etquod
935 5035 1134 5090 malum
1161 5042 1278 5098 est,
1310 5033 1424 5088 fieri
1449 5050 1555 5088 non
1582 5041 1755 5102 potest
1774 5034 1795 5064 ³
1827 5042 1883 5087 ιιι
1909 5047 2014 5088 non

383 5155 390 5162 -
432 5128 624 5183 habeat
646 5143 985 5185 communem
1011 5143 1136 5185 cum
1163 5143 1228 5184 eo
1251 5127 1696 5198 vituperationem
1718 5169 1734 5193 ,
1763 5127 1882 5182 sine
1912 5141 2016 5196 quo

428 5234 550 5275 esse
577 5236 681 5274 non
709 5229 906 5291 potest.
936 5219 1312 5291 Vituperemus
1338 5219 1498 5290 igitur
1535 5233 1696 5288 opera
1726 5217 1852 5283 Dei,
1879 5218 2017 5273 sicut

432 5311 792 5380 vituperamus
808 5313 946 5368 mala
963 5328 1082 5382 qua:
1106 5313 1223 5367 sine
1241 5312 1342 5366 illis
1367 5325 1488 5367 esse
1508 5325 1610 5364 non
1628 5319 1872 5380 possunt.
1890 5309 2017 5363 Nul-

431 5403 538 5456 lum
565 5404 704 5457 enim
730 5405 926 5458 malum
945 5414 1026 5459 est
1051 5405 1150 5459 uisi
1180 5405 1232 5459 in
1254 5403 1432 5474 aliquo
1462 5419 1624 5473 opere
1653 5402 1765 5467 Dei,
1787 5419 1882 5458 nec
1899 5404 2016 5456 sine

433 5495 521 5553 illo
547 5509 666 5550 esse
709 5499 928 5552 omnino
954 5498 1144 5566 alicubi
1177 5508 1368 5567 potest.
1401 5499 1647 5569 Vitupera
1674 5511 1835 5567 ergo,
1865 5506 1919 5550 ut
1963 5505 2015 5550 te

495 5630 509 5659 ¹
540 5629 609 5676 Sic
628 5635 736 5678 \tss.
761 5637 812 5680 Αι
838 5631 972 5689 editi,
998 5644 1091 5682 non
1115 5631 1221 5683 hor.

493 5691 513 5721 ί
539 5691 655 5738 mliti
676 5725 690 5747 ,
716 5691 795 5756 sic
817 5691 927 5754 ﬁeri
961 5705 1053 5741 non
1075 5701 1237 5756 ροιρτι.
1278 5696 1440 5756 Abest,
1478 5694 1569 5754 sic,
1609 5707 1634 5743 a
1661 5695 2010 5756 ιιιειιιιιςίτὶνιίε.

491 5756 561 5808 (α)
599 5755 724 5810 illud
761 5764 848 5801 ιω.
879 5763 927 5802 et
952 5759 1045 5808 ΕΓ..
1068 5753 1100 5804 ϐ

1223 336 1497 394 CONTRA
1535 328 1874 388 JULMNUM
1919 323 2379 393 l‘ELAGlANUM,
2425 329 2484 384 S.
2525 328 2894 386 Αυουδτικι

3613 335 3720 392 805

2129 456 2232 494 non
2263 441 2468 514 longius
2497 454 2723 508 mittam,
2744 445 2980 499 membra
3011 444 3260 512 hnn'tana,
3279 445 3416 501 sicut
3444 447 3727 519 vituperas

2126 530 2383 586 adulteria
2405 575 2419 598 ,
2451 549 2568 603 quae
2594 533 2710 589 sine
2753 535 2857 589 illis
2884 535 3137 590 membris
3165 550 3286 592 esse
3313 551 3420 591 non
3468 547 3722 608 possunt.

2126 624 2279 692 Quod
2305 626 2350 680 si
2377 642 2480 680 non
2511 625 2640 681 facis
2659 669 2675 692 ,
2714 642 2780 681 ne
2809 627 2901 681 tibi
2929 643 3141 698 quoque
3169 628 3268 700 ipsi
3297 631 3612 686 manufestus
3642 633 3728 686 in-

2126 730 2287 771 sanus
2314 731 2574 785 apparcas
2606 735 2620 770 :
2655 727 2830 786 potest
2856 719 3014 788 igitur
3043 721 3346 790 nuptiarum
3378 721 3574 776 bonum
3609 740 3723 778 non

2125 806 2325 862 habere
2350 808 2560 863 laudem
2578 823 2916 864 communem
2933 826 3052 866 cum
3083 812 3323 881 libidine,
3341 814 3457 870 sine
3473 831 3572 890 qua
3595 831 3725 873 esse

2125 911 2268 952 nunc
2295 913 2398 954 non
2416 909 2609 970 potest;
2629 902 2766 956 sicut
2789 901 3060 971 quodlibet
3078 903 3274 964 malum
3296 916 3473 975 potest
3500 922 3604 960 non
3625 907 3724 963 ha-

2123 989 2251 1046 bere
2276 1005 2615 1048 communem
2641 992 3086 1063 vituperationem
3115 1011 3237 1050 cum
3263 1011 3429 1068 opere
3458 997 3572 1063 Dei,
3599 1001 3724 1057 sine

2123 1095 2230 1149 quo
2251 1096 2370 1136 esse
2387 1097 2654 1152 nunquam
2675 1091 2866 1154 potest.
2885 1082 3033 1140 Sicut
3053 1094 3228 1145 autem
3249 1086 3344 1144 ista
3364 1087 3608 1143 definitio
3631 1099 3723 1151 tua

2123 1168 2254 1227 falsa
2280 1180 2334 1225 et
2352 1171 2522 1227 inanis
2545 1183 2650 1240 est,
2671 1174 2741 1227 ita
2761 1173 2938 1229 omnia
2962 1191 3080 1246 qua:
3095 1191 3160 1234 ex
3187 1175 3279 1233 illa
3307 1183 3560 1247 tantulam
3588 1194 3725 1234 con-

2121 1264 2395 1331 sequentia
2429 1265 2680 1320 nexuisti.

2194 1353 2283 1410 δελ.
2317 1373 2336 1406 ι
2378 1355 2628 1412 lnvictam
2659 1375 2680 1415 ι
2714 1372 2842 1412 sane
2891 1348 3161 1427 nunqnaiu
3187 1374 3287 1431 ego
3325 1378 3344 1412 ι
3386 1361 3721 1431 voluptatem

2122 1447 2319 1513 carnis,
2354 1464 2373 1498 ι
2406 1448 2542 1502 sicut
2574 1466 2592 1500 ι
2640 1449 2816 1505 solere
2847 1465 2933 1505 me
2969 1470 2987 1503 ι
3019 1451 3331 1518 insimulas,
3372 1453 3502 1508 dixi.
3543 1455 3724 1508 Ambo

2121 1551 2239 1592 eam
2284 1549 2338 1592 et
2378 1537 2574 1594 debere
2622 1549 2674 1594 et
2717 1556 2874 1610 posse
2913 1541 3138 1598 dicimus
3165 1543 3304 1604 vinci
3336 1561 3351 1599 :
3379 1544 3472 1600 sed
3504 1555 3560 1604 tn
3596 1556 3724 1609 Litt-

2122 1645 2278 1706 quam
2325 1629 2523 1688 bounm
2575 1642 2906 1703 repugnante
2945 1633 3052 1688 alio
3102 1633 3277 1700 bono,
3325 1651 3426 1706 ego
3465 1645 3720 1706 tanquam

2122 1721 2319 1776 malum
2360 1733 2688 1792 repugnante
2730 1723 2906 1789 bono;
2935 1735 2990 1780 et
3016 1732 3071 1779 tu
3103 1725 3302 1780 viribus
3323 1726 3552 1796 propriis
3572 1769 3586 1791 ,
3614 1742 3722 1799 ego

2120 1813 2288 1882 gratia
2318 1811 2627 1881 Salvatoris,
2663 1825 2719 1869 ut
2747 1832 2854 1870 non
2885 1817 2986 1870 alia
3014 1817 3239 1892 reproba
3265 1817 3555 1888 cupiditate
3580 1861 3594 1884 ,
3618 1820 3719 1874 sed

2123 1903 2219 1958 Dei
2243 1903 2501 1960 cbaritate
2528 1907 2788 1975 vincatur,
2820 1923 2940 1978 quae
2960 1924 3064 1963 non
3083 1908 3282 1968 viribus
3299 1911 3498 1968 nostris
3521 1911 3721 1974 diliun:

2122 1992 2262 2048 ditur
2291 1993 2343 2049 in
2371 1995 2620 2052 cordibus
2649 1998 2875 2066 nostris,
2901 1998 2996 2054 sed
3042 2014 3140 2070 per
3173 1999 3430 2071 Spiritum
3463 2014 3717 2066 sanctum

2121 2083 2210 2154 qui
2237 2083 2392 2139 datus
2415 2094 2498 2141 est
2524 2086 2680 2141 nobis
2705 2086 2884 2158 (Rom.
2919 2103 2973 2155 v,
3003 2089 3080 2160 5).

2192 2175 2282 2233 3'5.
2311 2193 2329 2227 ι
2369 2176 2445 2232 De
2489 2177 2804 2234 confusione
2842 2196 2861 2231 ι
2905 2189 3080 2234 autem
3114 2199 3134 2233 ι
3177 2180 3389 2240 illorum
3439 2182 3718 2240 hominum

2122 2263 2490 2338 pudendisque
2516 2269 2784 2338 coopertis
2802 2267 3000 2326 frustra
3030 2280 3081 2326 te
3108 2290 3128 2324 ι
3153 2285 3545 2328 commemoras
3572 2293 3591 2328 ι
3614 2277 3717 2330 ali-

2120 2355 2247 2426 quid
2282 2358 2540 2426 Apostolo
2567 2367 2850 2416 attestante
2877 2370 3225 2418 monstrasse.
3256 2381 3276 2417 ι
3307 2363 3387 2418 Tu
3413 2365 3555 2420 enim
3585 2385 3603 2418 ι
3623 2383 3717 2422 ve-

2122 2447 2438 2502 rccundiora
2475 2465 2495 2502 ›
2529 2448 2664 2512 dicis
2687 2491 2703 2516 ,
2737 2466 2856 2522 qua:
2898 2451 2990 2508 ille
3039 2451 3168 2508 dicit
3219 2454 3485 2509 inhonesta
3521 2472 3539 2510 :
3571 2459 3718 2513 unde

2116 2535 2226 2605 jam
2264 2548 2519 2607 quantum
2563 2541 2694 2597 satis
2722 2543 2890 2597 visum
2931 2553 3047 2610 est,
3076 2544 3460 2616 disputavimus
3494 2548 3593 2621 (α).
3635 2551 3718 2605 Tu

2124 2626 2300 2697 itaque
2325 2627 2520 2684 frustra
2569 2631 2768 2702 refugis
2814 2649 2996 2690 rursus
3025 2635 3090 2690 ad
3120 2637 3368 2703 Balbum,
3400 2647 3560 2710 atque
3592 2643 3718 2712 plri-

2122 2715 2466 2788 losiipborum
2517 2721 2724 2778 litteras
2750 2724 2824 2795 (ὁ)
2856 2742 2869 2778 :
2899 2727 3049 2796 quasi
3106 2727 3300 2782 Balbus
3342 2739 3393 2784 te
3433 2729 3591 2785 faciat
3632 2734 3723 2786 lo-

2121 2819 2370 2879 quentem
2393 2855 2409 2880 ,
2436 2814 2649 2884 quando
2675 2816 2740 2872 de
2767 2817 2856 2872 illa
2885 2819 3200 2877 confusione
3227 2823 3518 2893 primorum
3549 2827 3723 2888 homi-

2121 2906 2247 2954 num
2301 2917 2407 2956 non
2459 2913 2609 2973 potes
2665 2905 2907 2962 invenire
2963 2910 3091 2980 quid
3139 2911 3305 2970 dicas.
3337 2913 3394 2969 Si
3434 2924 3614 2972 autem
3661 2919 3718 2981 in

2119 2990 2436 3059 quibusdam
2490 2993 2630 3051 veris
2695 2999 2974 3056 sententiis
3025 3003 3213 3057 saltem
3265 3004 3714 3075 pliilosOpborum

2121 3079 2309 3136 litteris
2339 3083 2557 3140 cederes
2575 3127 2589 3149 ,
2625 3103 2729 3142 non
2751 3090 2912 3144 surdo
2938 3091 3100 3146 corde
3127 3093 3256 3153 illud
3297 3095 3511 3151 audires
3532 3139 3547 3163 ,
3570 3101 3718 3169 quod

2122 3171 2420 3242 voluptates
2464 3176 2739 3232 illecebras
2788 3187 2947 3249 atque
2973 3197 3123 3247 escas
3150 3185 3442 3254 malorum,
3475 3202 3528 3243 et
3560 3192 3720 3246 viio-

2119 3276 2231 3315 sam
2274 3273 2475 3333 partem
2519 3267 2684 3321 animi
2714 3267 2963 3324 dixerunt
3001 3286 3123 3328 esse
3149 3274 3418 3329 libidinem
3448 3278 3543 3350 (ι’).
3577 3279 3713 3343 Nam

2120 3354 2334 3422 quodin
2363 3367 2546 3411 nostro
2573 3373 2801 3430 corpore
2827 3361 2940 3416 loca
2958 3363 3268 3434 digestionis
3296 3367 3487 3426 Balbus
3509 3385 3717 3430 remota

2119 3445 2252 3501 dixit
2301 3463 2332 3500 a
2376 3451 2658 3518 sensibus,
2687 3452 2808 3509 ideo
2849 3469 3033 3516 verum
3081 3467 3197 3526 est,
3230 3463 3480 3531 quoniam
3521 3482 3718 3523 sensus

2121 3545 2333 3594 nostros
2357 3554 2421 3595 ea
2465 3557 2586 3611 qua:
2625 3543 2916 3613 digerimus
2960 3562 3066 3602 non
3108 3549 3352 3607 alliciunt
3372 3595 3392 3622 ,
3421 3556 3518 3611 sed
3545 3557 3720 3613 omne-

2118 3626 2252 3681 dunt
2283 3647 2297 3683 :
2326 3643 2608 3701 propterea
2636 3649 2760 3703 pars
2784 3651 2889 3706 qua
2916 3648 3225 3710 egeruntur,
3250 3648 3568 3704 naturaliter
3593 3651 3718 3706 atii:

2120 3721 2356 3789 partibus
2381 3723 2698 3781 altrinsecus
2747 3730 3170 3798 prominentibus
3211 3739 3508 3794 occultatur
3530 3781 3546 3804 ,
3577 3743 3716 3798 sicut

2118 3812 2277 3864 etiam
2306 3822 2428 3868 tunc
2469 3825 2624 3877 erant
2665 3818 2877 3887 quando
2923 3822 3049 3876 nudi
3085 3839 3190 3879 non
3223 3826 3711 3898 confundebantur,

2118 3904 2209 3996 qui
2241 3915 2360 3973 post
2410 3918 2682 3976 peccatum
2731 3913 2984 3969 continuo
3012 3930 3119 3972 non
3153 3918 3359 3983 occulta
3382 3961 3398 3988 ,
3429 3922 3525 3978 sed
3557 3924 3716 3996 plane

2123 3993 2172 4047 in
2207 4007 2454 4068 promptu
2491 4000 2660 4069 posita
2692 4004 2930 4059 membra
2955 4016 3221 4067 texerunt.
3264 4011 3470 4084 Quibus
3511 3993 3715 4086 quanto

2121 4088 2287 4157 magis
2335 4105 2439 4146 non
2489 4092 2710 4149 horrore
2756 4095 3160 4168 offendebatur,
3206 4104 3302 4158 sed
3355 4104 3715 4173 delectatione

2119 4181 2448 4238 alliciebatur
2472 4196 2719 4255 aspectus
2744 4228 2760 4256 ,
2792 4198 2846 4244 et
2893 4192 3140 4248 movebat
3167 4205 3468 4266 susceptam
3517 4208 3663 4256 tuam
3697 4221 3712 4267 ;

2121 4278 2267 4326 tanto
2290 4275 2458 4344 magis
2481 4290 2544 4330 ea
2573 4287 2752 4348 tegere
2772 4279 2838 4334 ad
2866 4281 3084 4350 pudoris
3107 4282 3341 4341 ofﬁcium
3388 4290 3710 4358 pertinebat.

2190 4364 2278 4419 54.
2308 4364 2459 4434 Quod
2488 4376 2664 4423 autem
2688 4388 2707 4422 ι
2735 4371 2803 4426 de
2831 4371 3217 4433 claudicatione
3248 4386 3304 4433 et
3320 4383 3669 4449 perventione
3687 4405 3707 4437 ι

2119 4453 2229 4544 dixi
2260 4455 2373 4524 (De
2422 4456 2632 4529 Nuptiis
2651 4469 2698 4515 et
2736 4461 3190 4534 Cancnpiscentia,
3224 4467 3311 4522 lib.
3342 4471 3404 4538 l,
3432 4487 3485 4524 η.
3516 4472 3592 4544 8)
3617 4515 3632 4538 ,
3666 4476 3711 4529 si

2121 4543 2308 4602 fraude
2353 4563 2461 4604 non
2514 4550 2662 4620 agis,
2692 4566 2800 4608 non
2842 4553 3168 4610 intellexisti.
3199 4556 3314 4613 Non
3358 4562 3499 4616 enim
3533 4579 3553 4613 ‹
3588 4578 3713 4634 per-

2120 4639 2425 4694 ventionem
2443 4641 2609 4712 accipi
2639 4643 2781 4700 volui
2812 4644 3084 4701 hominem
3115 4649 3206 4718 qui
3230 4651 3468 4708 nascitur
3491 4652 3559 4708 de
3587 4672 3712 4710 con-

2119 4729 2298 4784 cubitu
2345 4732 2607 4802 conjugali
2637 4775 2652 4799 ,
2692 4752 2711 4787 ο
2743 4736 2885 4804 quod
2933 4753 3018 4793 me
3047 4741 3282 4798 sensisse
3323 4741 3603 4799 arbitraris
3625 4756 3714 4804 aut

2122 4819 2277 4891 fingis
2305 4839 2317 4874 :
2351 4823 2445 4877 sed
2469 4825 2874 4892 perventionem
2896 4827 3004 4882 dixi
3034 4831 3176 4904 quod
3207 4832 3404 4889 bonum
3433 4833 3636 4895 habent
3660 4839 3711 4891 in

2122 4910 2225 4967 line
2251 4912 2411 4968 ofﬁcii
2441 4915 2521 4968 sui
2552 4917 2748 4986 uupti:c
2770 4958 2785 4982 ,
2818 4918 3029 4974 etiamsi
3075 4923 3252 4977 nullus
3283 4923 3407 4979 inde
3437 4938 3708 4982 nascatur.

2121 5002 2400 5062 Seminare
2427 5006 2622 5079 quippe
2645 5009 2713 5065 ad
2740 5011 2911 5065 virum
2955 5014 3220 5082 pertinet,
3253 5017 3502 5087 excipere
3539 5020 3608 5073 ad
3639 5020 3714 5075 fe-

2121 5098 2340 5159 minam.
2369 5099 2480 5154 Huc
2516 5116 2687 5171 usque
2729 5103 2982 5175 conjuges
3028 5120 3192 5177 opere
3230 5123 3327 5162 suo
3358 5121 3599 5179 possunt.
3634 5112 3711 5167 Ad

2125 5189 2227 5245 boc
2251 5190 2361 5246 dixi
2385 5208 2518 5248 sane
2559 5193 2674 5249 sine
2702 5195 3083 5253 claudicatione
3124 5215 3227 5256 non
3259 5215 3435 5269 posse,
3464 5201 3566 5258 hoc
3590 5214 3710 5269 est,

2121 5281 2238 5336 sine
2277 5281 2495 5337 libidine
2519 5325 2534 5350 ,
2567 5285 2852 5353 perveniri.
2900 5286 2966 5342 Ut
2991 5298 3168 5342 autem
3217 5292 3547 5361 concipiatur
3581 5294 3715 5350 fetus

2121 5385 2279 5443 atque
2308 5385 2583 5442 nasia-itur,
2619 5377 2782 5432 divini
2831 5391 2911 5434 est
2939 5381 3139 5450 operis,
3171 5399 3274 5437 non
3321 5383 3535 5439 immani
3572 5403 3712 5458 :qua

2123 5476 2301 5521 tamen
2362 5467 2653 5523 intentione
2702 5483 2765 5524 ac
2795 5470 3095 5540 voluntate,
3127 5474 3283 5528 etiam
3337 5473 3464 5529 illud
3510 5475 3708 5532 bonum

2184 5623 2254 5744 ξίι)
2279 5629 2445 5700 supra,
2465 5621 2548 5696 lib.
2571 5622 2616 5683 4,
2638 5636 2720 5672 nn.
2741 5622 2905 5676 δυο-ΘΞ..

2206 5685 2256 5744 b)
2290 5686 2405 5733 inid.
2427 5699 2474 5733 ιι.
2495 5687 2572 5733 59.

2206 5685 2256 5746 ὁ)
2290 5686 2405 5733 liud.
2427 5699 2474 5733 ιι.
2495 5687 2572 5733 59.

2186 5753 2255 5810 (ι’)
2291 5747 2408 5801 ωιιι.
2429 5759 2474 5794 ιι.
2496 5746 2574 5802 72.
