3972 6178
315 267 414 324 8’35

313 377 450 448 quod
477 382 538 430 ad
571 389 754 430 earum
785 388 918 444 opus
945 374 1168 445 pertinet
1197 413 1211 442 ,
1244 381 1502 442 peragunt
1544 369 1760 438 nuptiae.
1789 366 1893 422 Sed

313 471 431 538 quia
463 469 572 536 ipse
599 467 740 520 fctus
775 465 1100 520 damnationi
1133 465 1386 526 nascitur,
1420 463 1464 516 si
1495 477 1600 514 non
1646 474 1896 514 renasca-

316 569 432 620 tur;
466 572 530 610 eo
572 571 736 626 usque
767 555 1124 626 portendunt,
1155 571 1259 608 non
1291 552 1468 621 operis
1498 551 1578 604 sui
1607 551 1749 604 velut
1778 564 1897 602 am-

313 647 636 712 bulationis,
678 645 771 700 sed
804 645 1088 698 voluntatis
1131 643 1234 698 lino
1281 641 1564 695 christiana
1609 638 1895 706 conjugia,

316 745 373 790 ut
401 735 793 806 regenerandos
821 743 1078 804 genercnt
1104 747 1120 787 ε
1149 741 1367 802 propter
1387 729 1524 798 quod
1557 729 1608 783 in
1640 729 1718 782 eis
1751 742 1893 790 vera,

316 829 416 882 hoc
438 837 514 882 est
537 871 552 892 ,
579 829 688 880 Deo
713 827 924 895 placens
950 834 1032 880 est
1063 823 1330 894 pudicitia.
1356 821 1484 876 Sine
1510 821 1612 875 fide
1641 821 1782 875 enim
1807 819 1899 872 im-

219 993 228 1000 _
321 920 570 990 1:05sibile
597 927 678 972 est
705 919 814 972 Deo
842 917 1052 986 placere
1080 913 1263 984 (Ηεωπ
1297 929 1348 968 ¹¹
1369 955 1384 980 ι
1415 913 1505 982 θ)’

386 1014 467 1066 CA
479 1009 607 1066 PUT
625 1009 694 1064 1X
716 1009 886 1080 (a).-—
901 1007 988 1066 55.
1012 1005 1175 1060 Venis
1198 1004 1388 1060 deinde
1407 1003 1472 1057 ad
1499 1001 1648 1070 illud,
1668 1000 1754 1056 ubi
1784 1000 1898 1071 cgi-

317 1117 432 1156 mus
460 1116 524 1154 ex
554 1105 590 1152 Α
602 1099 792 1168 postoli
819 1097 1144 1161 testimonio,
1163 1103 1216 1147 ut
1240 1095 1368 1147 sciat
1394 1093 1732 1164 unusquisque
1749 1107 1897 1144 suum

317 1209 421 1254 ras,
453 1189 503 1242 id
530 1199 612 1244 est
635 1203 781 1244 suam
798 1187 1096 1256 conjugem,
1122 1185 1395 1254 possidere,
1424 1201 1523 1238 non
1549 1175 1602 1236 in
1623 1187 1793 1236 morbo
1810 1182 1900 1234 de-

315 1279 509 1344 siderii,
529 1280 656 1332 sicut
675 1273 852 1332 Gentes
863 1276 1223 1348 quteignorant
1238 1273 1392 1328 Deum
1410 1274 1452 1346 (1
1471 1273 1642 1328 Thess.
1661 1289 1732 1336 tv,
1751 1273 1804 1336 4,
1821 1271 1896 1340 5):

319 1367 456 1438 quod
501 1381 774 1437 exponens
799 1365 908 1420 dixi
932 1407 946 1430 ,
985 1383 1003 1416 ‹
1039 1363 1156 1418 Non
1179 1363 1508 1432 conjugalem
1534 1405 1548 1428 ,
1582 1363 1685 1417 hoc
1724 1371 1804 1416 est
1835 1361 1898 1414 li-

318 1463 480 1515 citum
525 1459 912 1526 honestumque
957 1455 1292 1510 concubitum
1315 1497 1328 1518 ,
1359 1455 1518 1510 fuisse
1537 1453 1862 1524 prohibitum
1881 1490 1896 1514 ,

319 1552 412 1606 sed
463 1561 518 1612 ιιι
557 1550 734 1622 operis
775 1547 932 1618 hujus
959 1561 1118 1602 causa
1163 1545 1234 1601 sit
1277 1545 1517 1600 voluntas
1559 1542 1896 1615 propaginis,

323 1657 426 1695 non
456 1641 632 1694 carnis
659 1639 934 1708 voluptas;
966 1645 1020 1692 et
1060 1635 1200 1706 quod
1245 1636 1362 1690 sine
1390 1634 1606 1690 libidine
1653 1634 1763 1687 ﬁeri
1794 1649 1897 1686 non

323 1739 526 1800 potest,
553 1729 628 1785 sic
655 1738 828 1782 tamen
860 1727 982 1790 fiat,
1012 1737 1068 1782 ut
1094 1741 1198 1780 non
1228 1735 1444 1797 propter
1466 1725 1732 1779 libidinem
1766 1722 1848 1778 fiat
1877 1743 1893 1776 ι

322 1821 423 1888 (De
450 1819 656 1890 Nuptiis
701 1828 745 1873 et
785 1815 1232 1886 Concupiscentia,
1265 1815 1354 1870 lib.
1386 1817 1408 1870 l
1436 1856 1450 1880 ,
1475 1832 1562 1868 un.
1597 1813 1650 1878 9,
1680 1813 1792 1884 16).
1824 1813 1896 1868 lbi

325 1921 378 1966 tu
405 1911 670 1966 exclamas
701 1927 714 1965 :
738 1929 756 1960 ι
785 1907 829 1963 0
849 1907 1061 1962 altitudo
1077 1907 1364 1962 divitiarum
1391 1905 1652 1976 sapientiae
1666 1917 1712 1960 et
1740 1907 1900 1960 scien-

322 2005 406 2060 tia?
456 2001 596 2076 Dei(
636 2001 784 2056 Rom.
836 2017 920 2068 ιι,
953 1999 1098 2070 l3)!
1165 2000 1253 2070 qui
1304 2008 1450 2056 extra
1508 1995 1736 2054 futuram
1775 2012 1904 2068 ope-

323 2109 439 2171 rum
492 2093 892 2148 retributionem
957 2108 1024 2148 ex
1069 2091 1233 2146 multa
1285 2099 1434 2161 parte
1485 2089 1708 2145 liberum
1757 2090 1900 2142 arbi-

325 2185 482 2238 trium
541 2183 764 2238 lormam
823 2183 990 2239 voluit
1037 2183 1260 2252 implere
1325 2181 1545 2253 judicii!
1601 2179 1902 2237 Justissime

321 2275 466 2330 enim
490 2275 588 2328 sibi
617 2275 782 2328 bonus
809 2274 989 2339 homo,
1025 2291 1044 2324 ι
1081 2275 1277 2343 inquis,
1311 2291 1328 2325 ι
1358 2274 1632 2343 malusque
1659 2271 1905 2326 commit-

326 2369 486 2432 titur,
515 2375 570 2420 ut
599 2373 652 2420 et
697 2366 864 2422 bonus
885 2380 944 2420 se
971 2365 1196 2434 fruatur,
1237 2373 1291 2419 et
1318 2366 1486 2420 malus
1516 2380 1574 2420 se
1601 2365 1712 2434 ipse
1733 2365 1902 2432 patia-

325 2467 429 2513 tur.
469 2476 490 2510 ι
523 2457 650 2524 Qua:
683 2471 897 2527 prorsus
920 2455 1236 2511 exclamatio
1259 2463 1345 2509 tua
1373 2455 1389 2486 ί
1417 2454 1484 2509 ad
1513 2470 1626 2508 rem
1655 2469 1759 2508 non
1794 2469 1906 2522 pcr-

327 2549 488 2616 tinet,
511 2563 614 2619 qua
643 2559 692 2604 te
725 2550 891 2604 sentis
920 2549 1094 2619 urgeri
1129 2566 1141 2602 :
1169 2562 1270 2602 nec
1305 2554 1396 2602 tuo
1439 2547 1672 2602 clamore
1700 2547 1904 2615 pondus

324 2655 430 2710 quo
460 2639 720 2710 premeris
742 2639 1004 2703 sublevas,
1031 2638 1248 2708 impium
1274 2637 1464 2708 dogma
1491 2647 1727 2692 vestrum
1755 2652 1904 2691 mor-

324 2731 476 2786 dicus
503 2740 708 2796 tenens,
736 2745 840 2800 quo
862 2730 1006 2785 vobis
1031 2729 1201 2800 placet
1218 2731 1376 2783 etiam
1407 2729 1604 2784 bonum
1632 2727 1902 2782 hominem

324 2823 507 2876 divino
529 2820 730 2891 judicio
759 2821 858 2876 sibi
898 2834 1159 2890 quemque
1200 2818 1493 2884 committi,
1523 2833 1591 2872 ne
1616 2816 1822 2872 scilicet
1856 2817 1904 2872 ei

325 2915 394 2968 sit
442 2912 741 2967 necessaria
797 2911 891 2966 Dei
945 2909 1147 2980 gratia,
1179 2909 1321 2964 velut
1367 2909 1558 2965 idoneo
1583 2908 1671 2979 qui
1710 2917 1904 2962 semet-

327 3005 496 3072 ipsum
523 3011 663 3073 agat.
683 3001 788 3057 Sed
818 3001 953 3058 absit
971 3010 1028 3056 ut
1056 3001 1126 3056 ita
1153 3001 1238 3056 sit.
1271 3001 1493 3056 Prorsus
1523 3000 1612 3070 qui
1641 2999 1738 3052 sibi
1761 3013 1910 3053 com-

327 3094 635 3158 mittuntur,
663 3100 718 3146 et
763 3106 793 3146 a
820 3091 1121 3160 semetipsis
1164 3099 1411 3160 aguntur,
1441 3103 1546 3144 non
1589 3095 1712 3140 sunt
1743 3087 1900 3158 boni_,

327 3183 449 3252 quia
503 3197 606 3236 non
650 3191 772 3236 sunt
822 3181 912 3236 filii
957 3181 1074 3236 Dei.
1130 3179 1378 3251 Quotquot
1425 3179 1554 3232 enim
1595 3179 1774 3246 spiritu
1809 3177 1908 3232 Dei

329 3284 568 3343 aguntur,
593 3271 646 3326 hi
671 3272 764 3340 ﬁlii
801 3280 918 3328 sunt
961 3269 1058 3324 Dei
1088 3270 1264 3342 (llam.
1295 3257 1427 3336 vnt,
1463 3271 1571 3340 ill).
1606 3270 1738 3323 Puto
1766 3269 1906 3336 quod

292 3377 583 3430 agnoscas
614 3362 664 3415 in
695 3361 794 3415 hac
839 3359 1101 3414 sententia
1145 3359 1334 3430 dogma
1377 3359 1756 3430 apostolicum,
1801 3374 1908 3428 quo

331 3453 455 3506 illud
486 3451 810 3508 subvertitur
843 3460 1102 3504 vestrum.

401 3541 490 3596 36.
525 3539 897 3594 Verumtamen
942 3539 1075 3594 dicis
1104 3537 1302 3608 aliquid
1330 3547 1516 3592 contra
1545 3548 1624 3603 te,
1656 3537 1793 3608 quod
1828 3547 1907 3592 ta-

329 3635 466 3688 citus
489 3633 756 3704 praeterire
781 3647 885 3686 non
915 3631 1102 3686 debeo.
1134 3629 1484 3685 Meministine
1526 3629 1775 3700 quamdiu
1795 3627 1908 3683 dis-

333 3725 596 3794 putaveris
632 3735 814 3779 contra
857 3721 1235 3777 lucidissimam
1284 3737 1402 3791 quae
1445 3737 1540 3791 per
1598 3721 1908 3792 Apostolum

331 3815 640 3884 deprompta
690 3822 771 3868 est
813 3813 1119 3875 veritatem,
1149 3811 1453 3874 afﬁrmans,
1489 3830 1506 3862 ι
1543 3811 1699 3866 ΝυΙΙο
1753 3811 1911 3865 modo

269 3911 274 3914 ’
331 3921 452 3960 esse
479 3919 634 3976 posse
660 3903 854 3974 aliquid
883 3902 1020 3972 quod
1048 3910 1102 3958 et
1129 3911 1404 3972 peccatum
1435 3900 1503 3954 sit
1529 3909 1583 3954 et
1610 3915 1763 3969 paena
1789 3915 1911 3969 pee-

329 3995 478 4049 cati?
507 4014 525 4046 ι
551 3993 684 4062 Quid
716 4003 794 4047 cst
816 4007 942 4062 ergo
969 4007 1128 4058 nunc,
1149 3989 1289 4060 quod
1319 3989 1513 4044 oblitus
1542 3999 1700 4043 tanta:
1725 3989 1911 4060 loqua-

329 4089 508 4142 citatis
562 4099 663 4142 tuzc
713 4085 831 4140 ideo
879 4085 1062 4140 laudas
1101 4081 1430 4138 altitudinem
1470 4079 1772 4136 divitiarum
1819 4095 1909 4134 sa-

333 4177 545 4245 pientiae
574 4187 626 4232 et
647 4175 882 4229 scientiae
907 4173 1031 4239 Dei,
1060 4173 1181 4243 quia
1215 4190 1234 4224 ι
1267 4179 1418 4226 extra
1443 4169 1667 4225 futuram
1690 4184 1909 4237 operum

335 4267 734 4322 retributionem
766 4279 832 4319 ex
860 4264 1020 4320 multa
1055 4271 1205 4334 parte
1234 4261 1456 4316 liberum
1494 4261 1766 4320 arbitrium
1801 4259 1910 4312 for-

333 4375 474 4418 mam
517 4359 682 4411 voluit
719 4357 935 4425 implere
957 4353 1180 4424 judicii?
1205 4351 1503 4408 Justissime
1532 4351 1672 4406 enim
1721 4351 1856 4416 sibi,
1887 4367 1905 4402 ι

332 4453 468 4506 sicut
503 4448 724 4515 definis,
760 4467 778 4500 ι
813 4439 981 4502 bonus
1009 4447 1169 4502 homo
1205 4445 1482 4516 malusque
1525 4443 1907 4506 committitur,

333 4553 389 4594 ut
419 4551 469 4596 et
508 4541 678 4596 bonus
713 4556 771 4594 sc
800 4541 1034 4604 lruatur,
1071 4557 1090 4590 ι
1126 4537 1304 4606 utique
1335 4536 1384 4590 in
1413 4549 1574 4604 opere
1598 4535 1774 4600 bono;
1806 4553 1824 4585 ‹
1859 4544 1914 4589 ct

333 4632 506 4687 maius
530 4647 588 4687 se
617 4633 731 4700 ipse
751 4632 998 4700 patiatur,
1034 4648 1054 4684 ι
1089 4630 1267 4699 utique
1305 4629 1358 4682 in
1392 4643 1552 4698 opere
1573 4629 1732 4682 malo.
1758 4627 1908 4695 Quod

333 4723 573 4792 profecto
603 4722 676 4776 illi
721 4731 774 4778 et
806 4730 1078 4790 peccatum
1116 4729 1232 4786 est,
1261 4719 1378 4789 quia
1429 4717 1625 4772 malum
1673 4715 1790 4771 facit
1818 4735 1832 4781 ;
1859 4727 1913 4770 ct

335 4829 490 4884 poena
536 4813 779 4882 peccati,
811 4813 931 4880 quia
961 4810 1154 4864 malum
1195 4824 1253 4863 se
1297 4809 1534 4878 patitur:
1569 4817 1624 4860 ut
1652 4821 1716 4860 ex
1750 4807 1909 4859 multa

334 4915 484 4974 parte
525 4903 747 4956 formam
776 4901 987 4970 iudicii,
1016 4915 1121 4970 quo
1149 4899 1288 4952 bona
1315 4898 1466 4952 bonis
1498 4906 1552 4951 et
1581 4897 1722 4951 mala
1760 4897 1912 4950 malis

335 4996 732 5054 retribuuntur.
761 4993 871 5062 jam
915 4991 1130 5060 impleat
1173 4989 1394 5043 liberum
1447 4986 1765 5053 arbitrium,
1807 5001 1911 5053 quo

337 5093 476 5142 recte
507 5082 712 5154 agendo
732 5099 790 5137 se
821 5081 1011 5136 fruitur
1037 5081 1224 5144 bonus,
1259 5089 1310 5132 et
1338 5077 1604 5148 peccando
1629 5091 1686 5130 se
1719 5076 1912 5146 patitur

335 5171 528 5228 malus.
554 5172 737 5228 Cernis
764 5185 986 5240 nempe,
1020 5184 1140 5223 cum
1178 5183 1324 5222 arma
1353 5179 1438 5222 tua
1461 5181 1593 5220 vana
1615 5166 1826 5236 quidem
1859 5175 1912 5219 et

333 5265 522 5316 obtusa
553 5261 814 5332 iactanter
841 5259 1081 5322 ventilas,
1107 5258 1372 5330 quomodo
1398 5271 1498 5327 qua
1531 5254 1786 5320 ferireris,
1817 5271 1912 5308 ιιιι-

331 5353 582 5418 davcris;
616 5352 723 5408 imo
769 5363 818 5407 tc
844 5353 958 5422 ipse
999 5352 1343 5420 percusseris.
1389 5349 1458 5404 Et
1497 5353 1713 5420 lnsuper
1743 5347 1912 5418 jactus

337 5523 414 5632 tu
445 5523 650 5571 Vaticani
678 5529 780 5570 uss.
809 5529 860 5572 et
870 5520 966 5571 duo
985 5519 1224 5584 Gallicani,
1251 5519 1537 5572 exclanmtio
1560 5525 1604 5569 et
1628 5515 1912 5568 declamatio

339 5607 472 5704 mutu)
509 5644 636 5706 Αιυὰ
663 5655 758 5694 sm.
787 5658 830 5698 οι
861 5649 955 5704 Fr.,
977 5643 1025 5696 7.

1669 253 1872 311 LIBER
1903 251 2222 320 QUINTUS.

3177 201 3194 238 if

3177 243 3180 248 ’
3486 256 3588 312 sas

2010 381 2124 419 mea
2181 366 2317 418 inter
2361 381 2416 418 se
2447 364 2584 418 dit-ta
2637 380 2756 420 esse
2801 366 3100 435 contraria;
3143 386 3264 439 quia
3303 371 3447 438 dixi,
3479 390 3584 430 non

2005 455 2218 522 quidem
2259 467 2312 508 ut
2343 464 2395 509 tu
2423 457 2784 524 caiumniaris,
2821 477 2840 509 ι
2869 441 3210 516 concubitum
3239 477 3522 532 corporum
3553 481 3582 518 ,ι

2005 545 2218 600 diabolo
2247 545 2409 601 fuisse
2437 559 2728 617 repertum;
2759 567 2774 600 ι
2807 565 2925 602 cum
2949 552 3154 605 etiamsi
3188 567 3346 607 nemo
3377 569 3590 622 peccas-

2005 645 2115 700 Sol,
2147 637 2350 689 nonnisi
2399 639 2788 692 concumbente
2832 649 3055 710 utroque
3103 655 3234 698 sexu
3279 643 3368 697 lilii
3399 655 3589 700 nasce-

2007 737 2190 780 rentur
2227 745 2242 781 :
2273 727 2366 782 sed
2413 729 2561 794 disi,
2611 748 2628 781 ι
2675 730 3086 786 inobcdirntiam
3131 733 3312 788 carnis
3361 751 3480 804 qua:
3535 735 3586 790 in

2005 832 2168 873 carne
2193 820 2600 888 concupiscente
2630 820 2889 876 adversus
2931 824 3173 891 Spiritum
3200 835 3442 894 apparet,
3473 825 3588 879 dia-

2007 907 2182 962 bolico
2227 909 2447 964 vulnere
2491 910 2799 978 contigisse.
2841 929 2859 962 ι
2903 911 2966 965 Ει
2997 927 3214 978 rursus,
3261 914 3384 983 quia
3440 909 3586 978 dixi,

2012 1015 2031 1048 ι
2055 997 2191 1052 hanc
2221 999 2392 1068 legem
2419 999 2620 1068 peccati
2651 1011 3025 1071 repugnantem
3065 1003 3164 1072 legi
3200 1004 3389 1058 mentis
3417 1019 3446 1056 a
3476 1005 3586 1060 Deo

2007 1085 2204 1140 illatam
2239 1097 2454 1156 propter
2501 1089 2753 1142 ultionem
2779 1127 2792 1154 ,
2825 1100 2878 1144 et
2925 1090 3044 1145 ideo
3075 1105 3286 1160 pinnam
3315 1106 3436 1148 esse
3457 1107 3586 1163 pec-

2005 1178 2131 1231 cati.
2171 1196 2191 1230 ι
2224 1178 2349 1232 llaec
2375 1178 2515 1232 inter
2541 1193 2598 1232 se
2639 1193 2918 1234 asseveras
2947 1195 3065 1235 esse
3089 1184 3356 1238 contraria
3389 1201 3402 1236 :
3433 1185 3585 1254 quasi

2007 1270 2120 1322 fieri
2167 1283 2270 1322 non
2301 1271 2467 1338 possit
2491 1279 2550 1324 ut
2578 1285 2736 1326 unum
2780 1281 2939 1340 atque
2965 1272 3107 1327 idem
3151 1275 3347 1328 malum
3394 1284 3450 1329 et
3477 1276 3586 1330 dia-

2006 1360 2113 1416 boli
2163 1359 2438 1430 iniquitate
2493 1369 2547 1416 et
2591 1362 2684 1417 Dei
2729 1363 2977 1432 aequitate
3009 1366 3351 1434 peccantibus
3383 1365 3588 1436 ingera-

2008 1459 2110 1506 tur:
2139 1464 2259 1504 cum
2303 1452 2461 1506 etiam
2494 1452 2609 1520 ipse
2651 1451 2894 1508 diabolus
2925 1463 2979 1508 et
3019 1457 3230 1526 propria
3261 1457 3588 1526 malignitate

2006 1541 2074 1596 sit
2098 1541 2324 1597 infestus
2345 1541 2652 1597 hominibus
2677 1585 2691 1607 ,
2722 1555 2774 1599 et
2805 1545 2894 1601 Dei
2929 1545 3131 1616 judicio
3161 1547 3368 1604 sinatur
3391 1565 3588 1604 nocere

2007 1631 2370 1700 peccantibus.
2399 1631 2583 1700 Neque
2604 1632 2730 1688 hinc
2767 1635 2868 1688 sibi
2895 1634 3006 1704 ipsa
3030 1635 3208 1690 divina
3238 1638 3590 1696 adversantur

2005 1719 2248 1788 eloquia,
2295 1720 2420 1792 quia
2465 1723 2717 1791 scriptum
2755 1733 2869 1788 est,
2897 1723 3030 1780 Deus
3077 1737 3286 1782 mortem
3327 1745 3428 1783 non
3468 1731 3586 1801 [erit

2007 1809 2158 1880 (Sap.
2194 1810 2380 1882 1,15);
2413 1812 2644 1882 itemque
2692 1812 2949 1882 scriptum
2991 1825 3106 1881 est,
3143 1819 3254 1870 Vita
3289 1827 3340 1872 et
3377 1835 3513 1872 mors
3554 1836 3586 1873 τι

2011 1897 2226 1952 Domino
2257 1895 2365 1954 Deo
2397 1900 2578 1972 (Eccli.
2609 1917 2688 1968 at,
2729 1903 2849 1972 1-1).
2882 1903 3014 1972 Quia
3061 1903 3313 1976 deceptor
3357 1907 3587 1964 hominis

2007 2005 2166 2047 causa
2193 1993 2380 2046 mortis
2403 2002 2486 2047 est
2523 1993 2767 2050 diabolus
2785 2037 2799 2059 ,
2829 2011 2986 2065 quam
3015 2013 3120 2052 non
3171 2009 3230 2052 ut
3259 2000 3460 2069 primus
3487 2015 3586 2054 au-

2007 2093 2122 2136 ctor
2159 2084 2309 2154 ejus,
2338 2085 2430 2138 sed
2478 2095 2535 2139 ut
2583 2089 2784 2155 peccati
2821 2086 2961 2142 ultor
2998 2089 3171 2143 intulit
3197 2089 3354 2144 Deus.
3392 2090 3585 2146 Verum

2009 2175 2160 2230 istam
2213 2178 2558 2248 qumstionem
2612 2179 2742 2232 satis
2779 2177 3012 2235 dilucide
3056 2181 3169 2251 ipse
3207 2182 3449 2246 solviSti,
3493 2182 3585 2251 qui

2008 2267 2276 2323 hominem
2299 2270 2492 2323 malum
2510 2270 2692 2324 dixisti
2716 2262 2814 2324 sibi
2841 2285 2960 2326 esse
2975 2273 3340 2339 commissum,
3371 2281 3428 2326 ut
3441 2273 3584 2343 quod

2008 2359 2107 2414 sibi
2135 2369 2218 2413 est
2245 2359 2356 2428 ipse
2397 2360 2714 2430 supplicium
2735 2401 2749 2423 ,
2778 2362 2796 2393 ⁸
2828 2368 2884 2414 et
2911 2361 3146 2416 divinum
3174 2363 3244 2416 sit
3283 2363 3542 2431 judicium
3569 2403 3586 2426 ,

2008 2459 2062 2504 et
2111 2451 2281 2517 ipsum
2324 2449 2549 2504 liberum
2595 2449 2909 2516 arbitrium;
2945 2463 3043 2504 nec
3075 2452 3180 2504 sint
3211 2451 3350 2507 inter
3387 2467 3445 2508 se
3485 2453 3592 2508 duo

2009 2541 2108 2595 ista
2137 2541 2424 2606 contraria,
2455 2541 2596 2612 quod
2643 2543 2695 2596 in
2724 2557 2878 2612 pmua
2924 2558 3018 2597 sua
3047 2553 3100 2597 et
3121 2544 3234 2612 ipse
3257 2554 3442 2599 auctor
3467 2555 3548 2599 est
3571 2585 3588 2612 ,

2008 2640 2062 2686 et
2090 2633 2228 2685 ultor
2260 2633 2415 2686 Deus.

2080 2725 2169 2778 57.
2201 2725 2448 2780 Abuteris
2474 2733 2651 2780 autem
2677 2725 2904 2796 ingeniis
2931 2723 3268 2780 tardioribus.
3287 2723 3421 2781 Nolo
3447 2726 3589 2782 enim

2009 2815 2188 2870 dicere
2217 2817 2338 2884 quia
2362 2827 2415 2869 et
2441 2826 2495 2870 tu
2521 2831 2627 2871 non
2653 2817 2938 2886 intelligis,
2970 2826 3025 2871 ut
3049 2833 3156 2871 non
3177 2817 3452 2872 discemus
3478 2817 3592 2873 hinc

2009 2905 2148 2972 duo,
2197 2916 2249 2960 et
2291 2907 2518 2977 maligna
2560 2907 2848 2961 calliditate
2881 2915 2974 2962 aut
3017 2908 3300 2963 tenebrosa
3351 2910 3594 2962 czrc‘tate

2011 2995 2300 3050 confundas
2335 2997 2656 3051 voluntatem
2706 3005 2762 3052 et
2803 2998 3162 3066 voluptatem:
3188 3008 3242 3053 et
3275 2999 3410 3056 sicut
3436 3001 3457 3032 ²
3479 3001 3592 3072 ipsa

2013 3087 2224 3142 nomina
2251 3087 2537 3144 surdastris
2565 3089 2782 3143 auribus
2809 3105 2974 3144 unum
3012 3098 3172 3160 atque
3197 3091 3336 3146 idem
3361 3103 3553 3148 sonant
3575 3133 3590 3156 .

2012 3180 2080 3233 ita
2111 3193 2196 3234 res
2227 3179 2370 3250 ipsas
2395 3179 2684 3235 surdastris
2711 3180 2960 3236 cordibus
2991 3195 3155 3234 unum
3201 3181 3450 3253 idemque
3473 3199 3595 3238 esse

2015 3271 2335 3338 persuadere
2366 3279 2416 3324 te
2444 3285 2599 3339 posse
2639 3270 2896 3326 confidas.
2941 3271 3076 3327 llinc
3102 3281 3186 3326 est
3214 3273 3354 3342 quod
3376 3283 3595 3328 sentcn-

2015 3365 2114 3417 tias
2154 3377 2300 3417 meas
2345 3363 2486 3417 inter
2509 3377 2566 3416 se
2595 3364 2892 3417 contrarias
2917 3371 3072 3433 putas
3101 3364 3186 3418 vel
3211 3365 3379 3433 putari
3409 3366 3559 3435 cupis
3579 3405 3592 3428 ,

2017 3461 2262 3522 tauquam
2313 3453 2608 3522 improbem
2647 3452 2788 3522 quod
2839 3461 2962 3507 ante
3017 3455 3458 3524 approbaverim,
3505 3467 3600 3510 aut.

2013 3542 2305 3610 amplectar
2344 3541 2484 3611 quod
2513 3549 2637 3596 ante
2683 3543 3000 3611 respuerim.
3030 3543 3166 3598 Audi
3206 3559 3334 3614 ergo
3358 3554 3595 3614 apertam

2015 3633 2332 3687 sententiam
2381 3647 2553 3687 meam
2581 3673 2596 3698 ,
2641 3639 2695 3686 et
2737 3632 2972 3702 intelligo
3015 3633 3100 3688 vel
3138 3637 3256 3688 sine
3299 3635 3596 3706 intelligere

2013 3727 2148 3782 alios
2166 3767 2182 3792 ,
2211 3739 2316 3780 non
2344 3723 2668 3780 offendendo
2688 3724 2944 3795 caligines
2983 3724 3254 3780 nebulosae
3281 3725 3594 3795 disputatio.

2017 3820 2100 3874 nis
2147 3817 2418 3874 serenitati
2455 3817 2830 3872 sincerissima:
2880 3817 3140 3872 veritatis.
3185 3815 3336 3872 Sicut
3391 3817 3590 3880 bonum

2015 3921 2099 3966 cst
2125 3910 2262 3966 bene
2287 3909 2360 3964 uti
2383 3907 2556 3972 malis,
2589 3909 2660 3962 ita
2693 3909 2972 3964 honestum
2999 3916 3084 3963 est
3107 3907 3244 3963 bene
3271 3909 3345 3964 uti
3375 3907 3587 3963 inhone-

2017 4003 2134 4056 stis.
2167 4001 2318 4058 Unde
2345 4011 2399 4056 ct
2437 4001 2549 4070 ipsa
2575 4000 2812 4056 membra
2845 4015 2950 4055 non
2977 4009 3196 4070 propter
3220 4001 3385 4056 divini
3414 4003 3596 4072 operis

2017 4092 2497 4163 pulchritudinem,
2563 4091 2657 4146 sed
2709 4100 2926 4160 propter
2997 4091 3230 4146 libidinis
3304 4091 3594 4156 nuditatem

2017 4183 2277 4236 inhonesta
2316 4181 2450 4236 dixit
2491 4179 2776 4250 Apostolus
2805 4179 2862 4253 (ι
2889 4177 3008 4236 Cor.
3057 4195 3170 4246 xu,
3195 4181 3326 4253 23).
3373 4181 3485 4237 Nec
3522 4183 3591 4236 ad

2017 4283 2196 4342 stupra
2224 4280 2482 4340 coguntur
2519 4270 2836 4326 necessitate
2861 4271 2950 4341 qui
2995 4271 3126 4326 casti
3153 4280 3278 4326 sunt
3301 4287 3316 4326 :
3343 4272 3466 4342 quia
3504 4287 3594 4327 rce

2017 4364 2211 4417 sistunt
2254 4361 2545 4416 inhonesta:
2586 4361 2822 4424 libidini,
2863 4375 2930 4415 nc
2973 4361 3259 4430 compellat
3299 4377 3394 4418 eos
3443 4361 3592 4416 inbo-

2019 4461 2166 4506 uesta
2215 4453 2551 4506 committere
2571 4493 2584 4514 ,
2615 4451 2729 4504 sine
2753 4465 2859 4521 qua
2901 4461 3075 4506 tamen
3120 4467 3225 4507 non
3253 4463 3475 4523 possunt
3501 4454 3597 4506 lio-

2019 4555 2169 4599 neste
2219 4544 2352 4596 filios
2371 4557 2676 4611 procreare.
2714 4541 2786 4595 lta
2814 4541 2872 4594 fit
2915 4551 2972 4597 ut
3000 4543 3312 4614 conjugibns
3353 4545 3513 4599 castis
3542 4555 3594 4607 et

2019 4635 2261 4688 voluntas
2287 4633 2355 4686 sit
2397 4633 2448 4684 in
2485 4631 2684 4686 sobolis
2729 4633 3116 4700 procreatione,
3149 4643 3203 4688 et
3231 4633 3592 4692 necessitasin

2017 4724 2255 4779 libidine.
2287 4725 2361 4777 De
2407 4723 2691 4777 inhonesto
2737 4724 2933 4792 quippe
2961 4707 3212 4777 honestas
3253 4723 3428 4790 agitur
3473 4739 3594 4792 pro..-

2016 4813 2267 4880 creandi,
2291 4813 2501 4883 quando
2521 4813 2790 4867 libidinem
2821 4827 2924 4868 non
2954 4821 3124 4876 ainat,
3169 4811 3264 4867 sed
3293 4813 3482 4866 tolerat
3505 4829 3592 4868 ca-

2017 4910 2168 4962 stitas
2189 4905 2594 4960 concumbendi.

2087 4997 2174 5053 58.
2203 4997 2356 5051 Soles
2385 4994 2612 5049 libenter
2653 5007 3074 5049 commemorare
3097 5033 3112 5059 ,
3141 4992 3332 5062 quibus
3359 5002 3410 5048 te
3435 4993 3590 5064 adjn.

2019 5092 2128 5145 vari
2152 5101 2322 5159 putas,
2351 5097 2626 5143 auctorum
2653 5087 2944 5142 sententias
2985 5084 3340 5138 smculariuin.
3375 5085 3589 5145 Intuere

2021 5183 2240 5236 honesto
2267 5179 2430 5235 corde
2449 5220 2464 5246 ,
2489 5183 2532 5232 si
2554 5189 2744 5248 petes,
2774 5175 2897 5246 quid
2927 5175 2996 5232 de
3026 5173 3229 5230 Catone
3273 5184 3426 5244 poeta
3455 5175 3596 5230 ccci,

2020 5275 2154 5330 norit
2181 5291 2194 5326 :
3493 5255 3504 5272 ’

2466 5361 2573 5409 Urbi
2599 5359 2797 5420 (inquit)
2823 5368 2960 5422 pater
2984 5367 3090 5412 est.
3125 5359 3334 5422 urbique
3359 5359 3592 5422 naritus;

2079 5425 2278 5475 Justitiat
2299 5420 2472 5482 cultor,
2495 5421 2636 5484 rigidi
2659 5419 2878 5468 servator
2901 5419 3088 5470 homsti
3108 5455 3124 5482 ,

2083 5577 2098 5606 ι
2130 5570 2258 5634 apud
2290 5567 2494 5634 t.ov.hic
2515 5565 2719 5632 additur,
2743 5577 2904 5615 causa.

2085 5639 2102 5664 '
2127 5633 2434 5684 tluriacensis
2457 5635 2556 5686 ets,
2587 5634 2633 5675 ut
2653 5637 2790 5676 sunt.
