3972 6178
472 249 574 306 807

529 347 580 392 In
603 352 859 392 commune
877 339 1060 392 bonus;
1093 334 1348 396 nullosque
1369 332 1556 396 (monis
1576 331 1624 379 in
1647 337 1786 378 actus

527 391 780 467 subrepsit
794 391 1080 467 partemue
1096 397 1206 446 tulit
1225 391 1316 467 ξῴι
1341 402 1450 467 nata
1469 391 1705 467 voluptas.

1005 447 1198 520 (Lucan.
1225 454 1446 506 Pharsel.
1473 452 1553 504 tib.
1573 447 1622 510 2,
1646 464 1770 502 vers.
1797 447 2051 511 588-591).

469 567 654 638 (Idalis
669 565 816 620 enim
839 564 918 618 vir
945 561 1076 618 Cato
1115 558 1310 624 fuerit,
1337 565 1392 612 et
1420 565 1595 610 utrum
1618 553 1674 608 in
1705 568 1770 608 eo
1791 565 1916 607 vera
1943 550 2050 604 vir-

468 669 554 717 tus
603 658 955 726 honestasque
1006 651 1214 708 laudata
1260 649 1357 712 sil,
1388 648 1487 702 atia
1519 645 1742 718 quaestio
1783 652 1866 697 est
1917 657 1931 693 :
1982 639 2049 694 ad

467 749 758 820 quemlibet
797 754 972 802 tamen
1001 745 1160 799 finem
1187 757 1281 796 sua
1321 740 1544 795 referret
1569 737 1743 792 officia
1766 779 1778 802 ,
1805 749 1908 788 non
1942 732 2048 788 nti-

464 857 570 912 qne
596 843 712 898 sine
740 840 1011 910 voluptate
1057 837 1194 890 lilios
1220 832 1547 904 procreavit;
1577 839 1630 886 et
1671 839 1846 883 tamen
1870 825 2048 881 nullos

463 933 682 992 Catonis
710 931 764 986 in
791 939 942 992 actus
979 926 1243 997 subrepsit
1276 933 1587 994 partemque
1629 919 1746 974 tulit
1788 916 1888 972 sibi
1921 923 2043 970 nata

466 1025 707 1094 voluptas
737 1041 752 1078 :
787 1021 1036 1093 quoniam
1063 1027 1117 1074 et
1151 1015 1291 1087 quod
1335 1029 1441 1069 non
1485 1010 1713 1081 faciebat
1744 1007 1862 1064 sine
1888 1005 2045 1060 volu-

465 1123 628 1184 ptate,
659 1127 762 1170 non
785 1109 1011 1167 faciebat
1035 1115 1253 1178 propter
1281 1105 1629 1174 voluptatem;
1655 1113 1752 1154 nec
1775 1097 1830 1153 in
1853 1094 2046 1153 morbo

466 1204 624 1275 hujus
649 1203 901 1261 desiderii
940 1214 1094 1255 suum
1123 1213 1216 1251 vas
1248 1193 1594 1266 possidebat,
1624 1189 1867 1262 quamvis
1896 1187 2048 1258 igno-

465 1305 608 1352 raret
647 1295 846 1356 Deum;
879 1285 923 1346 Si
975 1289 1097 1344 talis
1133 1287 1228 1342 fuit
1254 1285 1426 1356 qualis
1463 1281 1804 1352 praedicatur.
1837 1277 1904 1332 Et
1937 1290 2042 1330 non

464 1390 545 1442 vis
573 1385 868 1456 intelligere
881 1381 1018 1453 quod
1039 1381 1116 1434 ait
1141 1377 1447 1449 Apostolus,
1475 1373 1542 1430 Ut
1560 1373 1686 1428 sciat
1703 1370 2045 1440 unusquisque

465 1487 678 1534 vestrum
717 1491 865 1530 suum
890 1489 976 1528 vas
1015 1470 1272 1542 possidere
1293 1509 1309 1533 ,
1335 1482 1435 1522 non
1477 1465 1531 1520 in
1559 1465 1733 1518 morbo
1772 1460 2039 1526 desiderii,

462 1568 593 1622 sicut
614 1565 824 1630 Gentes,
853 1577 966 1631 qua:
992 1561 1227 1633 ignorant
1259 1557 1440 1612 Deum.

531 1659 622 1716 39.
650 1659 796 1716 Bene
823 1654 1082 1710 discernis
1111 1653 1251 1708 inter
1288 1650 1486 1706 bonunt
1516 1649 1693 1704 minus
1723 1643 2003 1716 coniugale
2021 1684 2038 1710 ,

461 1761 516 1805 et
543 1751 738 1806 bonum
769 1745 996 1818 amplius
1015 1743 1358 1802 continentia:
1383 1758 1396 1794 :
1425 1739 1519 1796 sed
1548 1746 1694 1794 tuum
1715 1736 1906 1808 dogma
1933 1749 2040 1790 non

459 1841 664 1897 deseris
690 1835 1112 1895 inimicissimum
1143 1833 1344 1906 gratire.
1363 1831 1506 1886 Dicis
1525 1829 1691 1895 enim,
1715 1846 1735 1880 ι
1763 1826 1904 1899 quod
1933 1825 2040 1880 Do-

461 1932 637 1987 minus
659 1927 1000 1986 continentiae
1022 1924 1248 1998 gloriam
1284 1923 1530 1978 libertate
1559 1918 1840 1976 electionis
1865 1915 2040 1972 hono-

460 2023 685 2087 raverit,
715 2019 930 2092 dicens,
963 2015 1063 2083 Qui
1083 2023 1242 2087 potest
1264 2027 1476 2084 capere,
1499 2007 1705 2080 capiat;
1739 2027 1758 2061 ι
1788 2015 2039 2077 tanquam

461 2113 564 2171 hoc
592 2112 832 2182 capiatur
859 2123 963 2164 non
991 2105 1087 2162 Dei
1114 2118 1336 2160 munere
1353 2144 1368 2166 ,
1395 2101 1490 2159 sed
1519 2099 1724 2157 arbitrii
1753 2097 2036 2154 libertate:

457 2213 513 2262 et
529 2213 672 2261 taces
696 2199 838 2274 quod
862 2215 1018 2271 supra
1037 2198 1262 2262 dixerat,
1286 2194 1407 2251 Non
1428 2209 1600 2248 omnes
1617 2191 1824 2262 capiunt
1839 2189 2040 2245 meum

457 2296 573 2362 hoc,
586 2294 674 2351 sed
693 2293 872 2365 quibus
893 2292 1066 2346 datum
1087 2297 1158 2344 est
1179 2285 1388 2358 (Matth.
1407 2300 1518 2348 xta,
1540 2281 1626 2350 12,
1649 2279 1901 2352 il).Vide
1920 2293 2040 2350 quae

459 2398 657 2453 taceas,
684 2401 804 2458 quat
829 2384 995 2440 dicas.
1028 2381 1162 2438 Puto
1186 2377 1329 2450 quod
1369 2386 1422 2432 te
1449 2383 1646 2446 pungat
1668 2371 1996 2430 conscientia
2021 2387 2036 2424 :

457 2479 552 2536 sed
586 2477 754 2532 vincit
791 2481 996 2531 rectum
1028 2471 1272 2532 timorem
1294 2509 1312 2535 ,
1345 2481 1466 2522 cum
1509 2464 1696 2536 ingerit
1727 2476 2039 2534 perversum

459 2571 738 2643 pudorem,
770 2580 982 2638 quoquo
1009 2561 1168 2620 modo
1192 2561 1302 2629 jam
1341 2556 1672 2614 defendenda
1713 2553 2038 2626 prtecipitata

456 2662 738 2720 sententia.
765 2653 1154 2714 Tantummodo
1179 2665 1458 2708 excessum
1484 2647 1719 2702 libidinis
1749 2643 2036 2700 identidem

451 2754 671 2827 culpas,
704 2753 871 2822 ipsam
898 2745 1112 2802 laudare
1137 2757 1240 2798 non
1261 2753 1462 2797 cessas.
1482 2737 1592 2794 Nec
1613 2735 1845 2791 attendis
1863 2775 1879 2801 ,
1911 2747 2039 2788 sen-

457 2823 563 2910 ns;
577 2841 824 2912 intelligis
847 2837 1046 2894 malum
1071 2847 1214 2900 esse,
1241 2830 1328 2888 cui
1353 2845 1420 2885 ne
1448 2827 1672 2883 limitem
1697 2823 2038 2881 necessitatis

361 2921 369 2926 ’
453 2933 698 2999 excedat,
725 2929 934 3001 cogitur
957 2921 1304 2996 temperantia
1329 2932 1650 2990 repugnare.

525 3025 616 3080 ιο.
651 3021 906 3092 Quamvis
945 3028 1032 3082 tu,
1070 3012 1216 3086 quod
1260 3011 1468 3068 monuit
1503 3007 1828 3080 Apostolus,
1875 3021 1946 3063 nc
1983 3004 2038 3061 in

457 3113 648 3170 morbo
675 3107 925 3168 desiderii
955 3119 1112 3164 suum
1139 3115 1233 3158 vas
1260 3101 1486 3172 quisque
1513 3098 1804 3168 possideat,
1835 3112 1944 3152 non
1971 3095 2039 3152 de

455 3201 724 3273 conjttgio,
753 3199 846 3254 sed
872 3196 940 3254 de
969 3192 1320 3250 fornicatione
1341 3187 1707 3258 accipiendum
1738 3185 2034 3256 putaveris;

456 3303 614 3364 atque
637 3295 706 3350 ita
735 3285 1097 3358 temperantia;
1119 3291 1280 3340 totam
1303 3281 1638 3336 honestatem
1663 3277 1732 3336 de
1750 3275 2040 3332 concubitu

455 3384 740 3453 ceniugum
766 3376 1073 3442 abstuleris,
1103 3383 1162 3430 ut
1189 3386 1348 3428 nemo
1373 3371 1474 3426 sibi
1496 3368 1741 3425 videatur
1769 3370 1820 3422 itt
1851 3367 2042 3422 morbo

455 3474 706 3532 desiderii
732 3488 884 3532 suum
913 3484 1005 3524 vas
1031 3467 1326 3538 possidere,
1357 3472 1786 3535 quantacumque
1825 3461 2042 3516 libidine

458 3569 514 3623 in
545 3565 725 3622 uxoris
749 3561 1066 3635 genitalibus
1084 3554 1560 3630 potucritinsanire
1577 3554 1686 3610 ‘.Si
1703 3553 1845 3609 enim
1875 3553 2040 3608 ullum

460 3659 532 3718 ibi
581 3655 866 3712 tenendum
911 3650 1246 3708 existimares
1287 3646 1535 3708 modum,
1583 3644 1800 3713 potuisti
1838 3651 1895 3699 et
1935 3643 2045 3698 illic

457 3747 900 3819 conenpiseentim
939 3741 1332 3814 reprehendere
1365 3753 1642 3796 excessum
1665 3780 1680 3803 ,
1709 3752 1937 3806 eumque
1963 3736 2046 3790 di-

457 3861 583 3901 cere
620 3842 688 3898 ab
719 3839 972 3912 Apostolo
1000 3835 1354 3908 significatum
1387 3831 1635 3890 morbum
1675 3829 1958 3892 desiderii,
1991 3836 2046 3883 et

462 3951 568 3990 non
597 3931 836 4002 improbe
873 3941 1070 4000 negare
1089 3967 1103 3990 ,
1129 3940 1286 3982 suum
1316 3939 1410 3978 vas
1436 3922 1633 3978 dictum
1664 3921 1823 3977 fuisse
1855 3919 2046 3991 cuique

459 4027 740 4097 coniugem
767 4036 936 4080 suam.
959 4019 1076 4088 Quo
1097 4017 1258 4071 verbo
1285 4015 1336 4070 in
1363 4014 1551 4069 eadem
1581 4027 1638 4067 re
1665 4011 1825 4067 etiam
1852 4011 2044 4068 Petrus

460 4118 735 4190 apostolus
759 4115 940 4176 utitur,
979 4109 1066 4170 ubi
1095 4116 1275 4169 monet
1301 4115 1360 4160 ut
1386 4105 1482 4160 viri
1507 4103 1760 4167 uxoribus
1789 4103 1900 4158 suis
1923 4111 2042 4156 tan-

463 4225 618 4281 quam
647 4203 921 4266 infirmiori
945 4201 1056 4258 vasi
1084 4199 1318 4256 tribuant
1335 4195 1616 4260 honorem,
1642 4193 1785 4249 velttt
1811 4191 2048 4248 coluere-

463 4302 618 4356 dibus
645 4298 862 4370 gratim;
889 4293 1185 4363 adiungens
1213 4299 1268 4346 et
1295 4288 1496 4346 dicens.
1529 4285 1592 4339 Et
1615 4285 1776 4340 videte
1794 4301 1858 4339 ne
1882 4285 2046 4355 impe-

464 4395 668 4448 diantnr
689 4388 938 4445 orationes
965 4394 1138 4450 vestra:
1163 4381 1212 4452 (ι
1245 4378 1382 4433 Petr.
1408 4393 1484 4441 ttt,
1508 4377 1585 4448 7).
1609 4375 1760 4432 Sicut
1782 4383 1834 4428 et
1853 4389 2051 4445 coapo—

464 4484 635 4540 stolus
678 4481 792 4548 ejus
835 4487 1070 4545 tempora
1117 4471 1412 4543 prmseribit
1451 4467 1636 4524 orandi
1683 4466 2048 4538 temperantia:

463 4572 728 4644 eoujngali
758 4589 771 4624 :
799 4577 852 4622 et
897 4563 1188 4622 secundum
1233 4561 1439 4618 veniam
1483 4558 1760 4620 concedit.
1807 4555 2048 4627 quamvis

464 4682 587 4724 cum
615 4663 840 4734 conjuge
859 4660 903 4721 ’,
931 4670 1036 4714 non
1068 4655 1247 4722 utique
1290 4651 1437 4704 illum
1481 4648 1675 4718 prolis.
1721 4646 1814 4702 sed
1859 4645 1949 4714 qui
1991 4644 2051 4699 fit

466 4755 752 4828 voluptatis
792 4747 1088 4806 intentione
1126 4739 1466 4801 concubitum
1505 4737 1704 4809 (lCor.
1727 4752 1828 4798 vn,
1856 4737 1920 4799 5.
1951 4734 2047 4803 6).

469 4825 620 4904 Ilunc
641 4842 860 4899 audiant
883 4835 1170 4896 christiana
1201 4829 1444 4899 conjugis
1467 4869 1482 4893 ,
1511 4842 1618 4882 non
1654 4837 1735 4886 te.
1767 4827 1854 4897 qui
1885 4827 1967 4881 vis
1995 4825 2049 4881 in

467 4941 546 4996 eis
575 4950 732 5009 quam
763 4927 1008 4992 defendis
1031 4937 1299 4996 nunquam
1327 4920 1520 4976 frenari
1545 4917 2048 4988 concupiscentiam,

467 5031 562 5086 sed
596 5007 1042 5100 quotiescumque
1087 5031 1146 5072 se
1185 5010 1564 5076 commoverit,
1592 5009 1772 5062 satiari
1802 5007 2009 5062 avidam
2031 5049 2046 5074 ,

469 5135 694 5196 regnare
717 5130 980 5174 securam.
1010 5111 1159 5166 llnne
1177 5105 1415 5169 audiant,
1438 5104 1674 5174 inquam,
1696 5099 1881 5156 fideles
1905 5099 2052 5155 cmi.

471 5215 539 5267 sti
561 5213 652 5284 qui
680 5216 806 5266 sunt
840 5202 1108 5263 connubio
1137 5197 1367 5269 colligati
1390 5237 1402 5258 ,
1431 5203 1490 5250 ut
1517 5207 1588 5248 es
1614 5206 1878 5248 consensu
1911 5200 2050 5246 tem-

535 5328 553 5359 ι
581 5329 708 5382 νοεῖ,
743 5325 948 5386 μοιμοι-,ιι
981 5326 1213 5386 risumve»
1247 5312 1365 5386 εῖίὲίιι
1407 5318 1508 5386 5.!“-
1518 5312 1588 5386 ξι
1598 5312 1919 5386 £19593?!
1941 5306 2051 5386 αηὲ-

471 5369 917 5442 eam'tifniniié'npn
937 5369 1211 5442 addebant,
1251 5374 1308 5442 si
1331 5377 1467 5442 recte
1510 5369 1572 5419 de
1594 5369 1909 5442 temperantia
1927 5379 2049 5442 εςονςέ

467 5427 1208 5514 ᾗῖξίξιιῖνξᾷ-ῥέῆἶέέὲίὶιῳῑεὶῇιτιιξτξ
1225 5435 1342 5514 φής
1365 5427 1822 5514 ξεπῑξνεκςςςυξιεςξς,

477 5489 1266 5570 Si'iiaéioii'ﬁéii{niani};iniungi:
1311 5496 1498 5558 integra
1540 5492 1636 5570 [itte
1667 5489 1875 5570 potuerii
1904 5502 2058 5562 ,‘quaa

481 5555 626 5618 Vrina
656 5555 800 5615 liuere
823 5555 1042 5626 margine
1087 5555 1316 5612 translata
1343 5555 1476 5618 esse,
1519 5555 1729 5618 probant
1749 5555 2056 5618 antiquiores

479 5633 695 5684 codices.
723 5629 806 5687 qui
831 5630 906 5674 eis
927 5633 1096 5687 carent

543 5693 564 5728 ⁸
592 5680 921 5740 l‘loriacensts
945 5686 1052 5741 ;\ls.,
1091 5681 1310 5746 quamvis
1337 5680 1592 5747 conjugum
1617 5691 1709 5728 non
1747 5684 1926 5742 utique,
1954 5680 2050 5724 etc.

1268 235 1540 296 CONTRA
1579 234 1916 294 JULHNUH
1957 233 2422 301 I‘ELAGHNUM,
2463 234 2520 292 S.
2553 232 2921 292 AUGUSTINI

3619 236 3714 295 eis

2162 335 2368 396 perc-nt,
2387 341 2491 397 quo
2501 337 2688 382 vacent
2703 325 2927 380 orationi
2951 343 2963 380 :
2985 333 3036 380 et
3058 339 3180 380 cum
3193 323 3258 380 ad
3275 323 3500 396 idipsum
3516 327 3720 386 redeunt

2158 427 2376 487 propter
2423 418 2882 487 intemperantiam
2925 430 3106 481 suam,
3145 425 3389 470 novcnnt
3421 419 3575 472 etiam
3609 420 3720 477 inde

2152 510 2332 566 dicere
2355 511 2486 580 Deo,
2512 511 2717 566 Dimitte
2736 512 2876 564 nobis
2897 509 3060 564 debita
3082 521 3254 564 nostra
3275 508 3484 582 (Matth.
3508 527 3578 577 vt,
3610 513 3716 571 12).

2156 599 2307 666 Quod
2335 601 2476 655 enim
2505 599 2794 657 secundum
2823 599 3030 653 veniam
3051 641 3066 663 ,
3100 613 3206 653 non
3236 599 3522 654 secundum
3561 602 3720 670 impe-

2153 689 2287 742 rium
2329 705 2359 742 a
2407 701 2551 745 tanto
2577 689 2796 745 doctore
2821 687 3034 754 dicitur,
3065 687 3248 760 utique
3289 687 3593 760 ignoscitur,
3624 707 3720 746 non

2149 779 2382 850 jttbetttr.

2223 871 2449 928 CAPUT
2476 871 2523 926 Χ
2551 871 2644 942 (ιι).
2667 901 2739 912 -
2760 872 2818 926 Η
2835 911 2848 925 .
2879 869 2983 926 Sed
3014 869 3226 925 insertis
3245 871 3362 927 aliis
3384 870 3556 925 verbis
3577 871 3718 939 meis,

2150 963 2238 1020 ubi
2258 964 2584 1018 voluntatem
2609 979 2732 1018 vere
2749 963 2980 1034 piorum,
3009 962 3128 1032 quia
3148 959 3590 1028 Christianorum,
3607 979 3720 1018 eon-

2152 1057 2336 1128 jugttm
2358 1055 2748 1121 commendavi,
2781 1054 2870 1126 qui
2895 1053 3028 1108 filios
3052 1053 3118 1107 ad
3145 1053 3247 1108 hoc
3268 1065 3523 1122 generant
3551 1054 3602 1106 in
3633 1054 3720 1108 hoc

2157 1148 2358 1202 saeculo
2375 1189 2391 1214 ,
2419 1157 2476 1202 ut
2502 1162 2720 1218 propter
2740 1147 2964 1201 alterum
2993 1145 3248 1201 sarculum
3274 1156 3652 1216 regenerentur
3673 1147 3720 1200 in

2148 1238 2363 1294 Christo
2393 1238 2412 1310 (
2436 1237 2510 1292 De
2537 1236 2746 1308 Nuptiis
2783 1245 2830 1292 et
2865 1234 3320 1306 Concupiscentia,
3347 1236 3432 1289 lib.
3466 1235 3518 1301 Ι,
3541 1253 3593 1289 n.
3621 1235 3718 1307 9);

2147 1342 2533 1383 commemoras
2577 1336 2628 1384 te
2666 1327 2776 1396 jam
2817 1327 2868 1380 in
2909 1325 3154 1382 secundo
3180 1325 3320 1382 libro
3359 1326 3513 1380 istam
3559 1343 3717 1381 meam

2145 1417 2474 1473 destruxisse
2523 1417 2842 1472 sententiam
2873 1433 2887 1472 :
2919 1415 3009 1470 ubi
3047 1415 3178 1486 quid
3210 1415 3303 1472 tibi
3333 1415 3716 1485 responderim,

2145 1507 2219 1565 ibi
2244 1509 2418 1580 potius
2441 1509 2616 1580 legant
2633 1509 2722 1580 qui
2749 1509 2952 1564 volunt.
2975 1505 3072 1564 Sic
3099 1508 3241 1564 enim
3267 1523 3371 1562 non
3393 1517 3519 1564 sunt
3539 1507 3718 1565 facien-

2144 1598 2212 1654 da
2231 1599 2511 1665 adulteria,
2535 1600 2693 1658 etiam
2712 1598 2984 1656 voluntate
3002 1596 3292 1669 generandi
3314 1597 3715 1668 regenerandos,

2144 1688 2591 1760 quemadmodum
2621 1703 2722 1745 nec
2751 1686 2887 1743 furta
2916 1687 3156 1743 facienda
3182 1695 3327 1752 sunt,
3355 1688 3516 1745 etiam
3544 1686 3716 1742 volun-

2145 1788 2254 1834 tate
2281 1779 2528 1849 pascendi
2557 1793 2818 1850 pauperes
2845 1785 3058 1834 sanctos
3088 1793 3101 1830 :
3128 1773 3272 1847 quod
3313 1785 3489 1830 tamen
3533 1775 3716 1830 facien-

2143 1870 2268 1926 dum
2311 1880 2429 1938 est,
2479 1885 2586 1927 non
2627 1869 2763 1926 furta
2802 1866 3190 1940 perpetrando,
3233 1867 3328 1922 sed
3363 1866 3501 1923 bene
3532 1867 3716 1923 utenda

2143 1975 2446 2018 mammona
2477 1960 2766 2031 iniquitatis
2785 2000 2802 2027 ,
2833 1967 2893 2015 ut
2918 1967 2974 2015 et
3001 1959 3101 2029 ipsi
3129 1959 3428 2028 recipiant‘
3455 1958 3514 2014 in
3547 1957 3708 2014 taber-

2144 2053 2333 2108 nacula
2359 2063 2558 2109 reterns
2575 2051 2728 2124 (Luc.
2751 2067 2869 2120 xvr,
2895 2050 2985 2122 9);
3009 2051 3146 2106 sicut
3170 2062 3277 2105 non
3297 2049 3561 2106 adulteria
3579 2064 3712 2104 com-

2143 2143 2422 2212 mittendo,
2453 2143 2547 2200 sed
2572 2142 2918 2216 conjugallter
2937 2141 3076 2198 bene
3095 2141 3292 2198 utendo
3309 2140 3448 2196 malo
3470 2141 3708 2203 libidinis.

2141 2250 2205 2291 ea
2234 2235 2507 2292 voluntate
2533 2232 2822 2306 generandi
2847 2241 2970 2290 sunt
2997 2231 3110 2300 lilii,
3141 2241 3196 2287 ut
3220 2246 3338 2288 cum
3365 2231 3445 2288 eis
3471 2240 3709 2304 regnetur

2142 2327 2195 2382 in
2221 2335 2479 2384 aeternum
2504 2323 2603 2400 (a).

2213 2416 2302 2473 42.
2335 2416 2532 2472 Verum
2572 2415 2843 2486 eleganter
2885 2413 3068 2469 laudas
3111 2421 3408 2483 susceptam
3437 2422 3615 2479 tuam,
3639 2413 3712 2468 di-

2141 2521 2299 2573 cens,
2331 2515 2386 2562 et
2413 2521 2596 2561 verum
2623 2505 2849 2560 dicens'
2885 2521 2904 2555 s
2937 2503 3077 2574 quod
3119 2502 3250 2558 nihil
3291 2503 3376 2557 tali
3409 2506 3579 2572 possit
3604 2503 3712 2558 dum

2141 2599 2512 2655 concumbitur
2536 2597 2776 2669 cogitari.
2805 2616 2822 2648 ι
2855 2596 3078 2652 Prorsus
3103 2596 3173 2656 ita
3195 2605 3294 2652 est.
3316 2595 3450 2665 Quid
3477 2597 3619 2652 enim
3639 2611 3710 2652 eo-

2140 2691 2294 2762 gitari
2323 2697 2501 2762 potest
2524 2697 2680 2753 tunc,
2710 2687 2922 2758 quando
2950 2703 3102 2743 mens
3147 2687 3258 2757 ipsa
3299 2704 3401 2757 qua
3437 2690 3710 2760 cogitatur,

2142 2784 2229 2840 illa
2259 2782 2458 2840 carnali
2497 2780 2852 2837 delectatione
2893 2777 3292 2849 submergitur'!
3327 2777 3481 2835 Unde
3532 2779 3714 2850 optime

2142 2874 2230 2930 ille
2257 2873 2326 2929 de
2355 2873 2620 2943 voluptate
2658 2869 2972 2940 disputans,
3007 2867 3160 2939 cujus
3188 2867 3348 2922 verba
3381 2868 3432 2923 in
3467 2869 3608 2924 libro
3634 2883 3715 2923 su-

2141 2963 2351 3036 periore
2365 2963 2476 3032 jam
2502 2961 2652 3031 posui
2680 2979 2694 3014 :
2723 2978 2744 3013 ι
2771 2959 2934 3032 Cujus
2955 2969 3149 3024 motus,
3183 2977 3203 3010 ι
3231 2959 3420 3028 inquit,
3453 2975 3474 3010 ς
3511 2965 3572 3014 ut
3587 2961 3717 3028 quis-

2141 3071 2245 3128 que
2273 3065 2355 3112 est
2383 3053 2644 3109 maximus
2668 3094 2684 3119 ,
2711 3052 2782 3107 ita
2809 3062 2894 3107 est
2923 3049 3324 3106 inimicissimus
3354 3049 3714 3122 philosophis.

2141 3148 2444 3219 Congruere
2469 3145 2612 3202 enim
2637 3160 2757 3201 cum
2783 3143 3104 3215 cogitatione
3127 3157 3314 3213 magna
3339 3143 3590 3212 voluptas
3610 3159 3719 3199 cor-

2142 3240 2290 3310 poris
2317 3255 2421 3293 non
2453 3245 2646 3308 potest.
2680 3235 2810 3302 Quis
2833 3235 2975 3290 enim
3003 3249 3126 3289 cum
3165 3240 3344 3289 utatur
3368 3232 3668 3306 voluptate,
3697 3251 3714 3285 ι

2145 3332 2347 3409 inquit,
2378 3351 2396 3384 t
2425 3345 2489 3385 ea
2518 3343 2619 3400 qua
2665 3327 2807 3382 nulla
2851 3325 3022 3396 possit
3065 3325 3236 3396 major
3263 3339 3416 3390 esse,
3452 3325 3719 3381 attendere

2145 3425 2355 3489 animo,
2397 3423 2533 3476 inire
2574 3421 2866 3480 rationem,
2907 3418 3141 3488 cogitare
3186 3416 3406 3471 omnino
3443 3415 3718 3486 quidquam

2146 3526 2320 3587 potest
2341 3515 2560 3586 (Supra,
2586 3529 2640 3566 n.
2671 3511 2760 3574 72,
2783 3527 2847 3566 ea:
2871 3509 3128 3566 Ciceronis
3152 3507 3482 3579 Hortensio)?
3501 3507 3616 3564 Non
3639 3508 3722 3577 igi-

2146 3615 2232 3665 tur
2261 3607 2419 3662 etiam
2450 3615 2503 3658 tu
2533 3603 2746 3674 potuisti
2785 3601 2996 3673 gravius
3025 3614 3294 3676 accusare
3315 3613 3480 3670 quam
3521 3598 3717 3665 laudas,

2147 3699 2247 3772 nisi
2276 3697 2486 3754 fatendo
2512 3697 2562 3753 in
2588 3695 2703 3764 ejus
2730 3694 2929 3766 impetu
2952 3692 3218 3748 neminem
3245 3705 3402 3762 posse
3426 3700 3612 3746 sancta
3633 3705 3718 3745 co-

2147 3789 2334 3862 gitare.
2361 3787 2466 3844 Sed
2491 3787 2672 3856 utique
2700 3784 2979 3855 religiosus
3017 3781 3228 3836 animus
3271 3782 3375 3836 isto
3418 3781 3563 3834 malo
3598 3781 3720 3836 bene

2150 3893 2304 3937 utens
2333 3879 2436 3935 hoc
2461 3879 2685 3948 cogitat,
2725 3884 2782 3930 ut
2807 3873 3082 3934 libidinem
3121 3869 3535 3927 concumbendo
3563 3871 3718 3942 patia-

2149 3981 2254 4034 tur.
2282 3970 2421 4042 quod
2449 3985 2552 4023 non
2581 3975 2754 4036 potest
2772 3965 3008 4036 cogitare
3027 3977 3150 4018 cum
3176 3961 3391 4032 patitur.
3419 3960 3572 4018 Sicut
3591 3962 3718 4015 salu-

2149 4073 2256 4120 tem
2278 4063 2441 4118 homo
2461 4061 2678 4132 cogitat,
2698 4067 2757 4114 ut
2773 4072 2964 4113 somno
2983 4071 3044 4112 se
3069 4055 3360 4126 impertiat,
3383 4055 3532 4125 quod
3555 4055 3722 4132 utique

2149 4171 2257 4211 non
2300 4161 2475 4227 potest
2503 4125 2736 4222 cogitare
2767 4163 2887 4204 eum
2921 4146 3121 4204 dormit
3153 4164 3166 4200 :
3195 4145 3289 4202 sed
3335 4161 3562 4202 somnus
3610 4125 3719 4200 cunt

2149 4253 2374 4314 occupat
2401 4241 2662 4306 membra,
2689 4255 2796 4294 non
2817 4253 2879 4294 ea
2901 4237 3024 4294 facit
3053 4236 3412 4298 inobedientia
3439 4235 3720 4298 voluntati;

2149 4337 2271 4406 quia
2300 4344 2353 4391 et
2376 4335 2544 4404 ipsam
2569 4331 2896 4390 voluntatem
2921 4329 2990 4385 ab
3020 4327 3386 4398 hujuscemodi
3415 4329 3614 4384 alienat
3632 4327 3722 4384 imo

2150 4429 2321 4500 perio,
2350 4425 2640 4484 avertendo
2661 4424 2894 4480 animam
2923 4421 2988 4478 ad
3017 4422 3127 4478 visa
3156 4423 3514 4486 somniorum,
3539 4423 3591 4476 in
3619 4421 3726 4492 qui-

2151 4521 2251 4578 bus
2277 4534 2419 4589 saepe
2443 4518 2603 4576 etiam
2647 4515 2820 4572 futura
2859 4523 3153 4571 monstrata
3195 4522 3338 4568 sunt.
3364 4512 3524 4572 Unde
3548 4514 3592 4568 si
3621 4519 3724 4566 erat

2153 4612 2204 4667 in
2233 4609 2479 4681 paradiso
2506 4605 2820 4663 vicissitudo
2841 4602 3090 4674 vigilandi
3119 4613 3279 4673 atque
3299 4602 3623 4668 dormiendi,
3647 4601 3725 4656 ubi

2153 4709 2390 4757 nouerat
2409 4698 2606 4754 malum
2626 4693 3072 4767 concupiscendi;
3113 4703 3218 4748 tam
3264 4691 3436 4751 felicia
3467 4701 3622 4748 erant
3651 4706 3729 4746 so-

2153 4793 2296 4848 mnia
2321 4789 2720 4854 dormientium,
2747 4801 2906 4856 quam
2935 4784 3038 4839 vita
3067 4784 3418 4854 vigilantium.

2225 4885 2314 4942 43.
2341 4880 2493 4949 Quod
2536 4889 2714 4936 autem
2748 4887 2802 4933 te
2837 4875 3007 4946 iactas
3038 4915 3054 4941 ,
3095 4883 3152 4931 et
3192 4873 3421 4931 inaniter
3455 4887 3726 4944 spumeum

2156 4973 2413 5034 diffundis
2441 4971 2734 5040 eloquium,
2768 4985 2787 5018 ε
2817 4973 3070 5037 parentes
3092 4978 3411 5034 comparans
3437 4961 3726 5033 parricidis.

2157 5067 2208 5121 in
2236 5065 2314 5121 eis
2349 5075 2596 5118 asserens
2620 5073 2741 5114 esse
2765 5071 2981 5117 causam
3013 5062 3073 5109 ut
3098 5053 3186 5109 filii
3227 5069 3348 5109 cttm
3388 5052 3724 5108 damnatione

2156 5165 2477 5213 nascantur:
2508 5171 2528 5206 ι
2555 5149 2740 5210 feraris
2761 5147 2782 5179 ³
2807 5147 3025 5201 omnino
3045 5147 3237 5216 lingua!
3261 5156 3362 5199 tute
3383 5144 3525 5198 velut
3550 5141 3726 5200 exsul-

2157 5246 2388 5304 tantibus
2414 5252 2469 5298 et
2495 5238 2868 5314 plaudentibus
2903 5237 3092 5306 pennis
3113 5276 3126 5300 ,
3157 5249 3256 5291 nec
3302 5236 3355 5290 in
3385 5235 3486 5290 isto
3509 5234 3727 5302 strepitu

2155 5351 2312 5408 quem
2343 5335 2434 5394 tibi
2460 5334 2574 5404 ipse
2591 5330 2736 5392 facis,
2766 5327 2986 5394 respicis
3011 5327 3196 5381 Deum.
3219 5325 3324 5383 Cur
3342 5325 3480 5382 enim
3504 5337 3614 5379 non
3637 5323 3724 5378 ista

2219 5429 2234 5460 ι
2261 5427 2334 5475 sic
2354 5433 2458 5473 uss.
2485 5429 2542 5472 .tt
2563 5420 2698 5478 editi,
2717 5416 3032 5482 recipiantur.

2217 5491 2236 5521 ί
2253 5495 2352 5536 Duo
2369 5495 2495 5539 Mss,
2517 5482 2655 5532 diris.

2220 5551 2241 5582 ³
2258 5535 2343 5597 Sic
2372 5561 2465 5596 λιιι.
2488 5535 2564 5594 tr.
2591 5553 2643 5593 et
2665 5547 2772 5590 Mss.
2793 5545 2924 5600 tum,
2950 5535 3117 5601 ferris.

2217 5611 2289 5666 in)
2329 5610 2449 5670 \tstttl
2477 5619 2572 5670 sm.
2600 5615 2652 5670 et
2673 5601 2838 5670 Er.,_§.

2217 5663 2288 5732 (ἐρ)
2321 5665 2489 5731 supra.
2517 5668 2599 5716 lib.
2627 5668 2674 5722 4.
2695 5677 2744 5714 n.
2767 5663 2848 5713 39.
