3972 6178
421 332 536 389 τιι

439 453 521 506 vis
542 450 760 521 intelligi
782 493 797 516 ,
830 459 886 505 ut
913 449 1168 521 virginem
1210 447 1428 504 Mariam
1457 448 1575 519 ejus
1618 447 1899 519 conjugem
1934 443 2020 502 di-

437 548 604 596 ceret.
629 540 739 595 Hoc
760 547 1005 609 putemus
1025 540 1402 611 evangelistam
1425 538 1601 596 facere
1618 540 1873 609 potuisse,
1899 552 2022 592 cum

438 632 522 688 vel
535 646 647 696 sua,
674 631 758 686 vel
773 631 1060 702 cujuslibet
1079 631 1299 688 alterius
1318 631 1549 686 hominis
1573 629 1736 686 verba
1755 636 2020 694 narraret,

437 729 498 777 nt
524 721 815 776 secundum
861 722 1166 792 opinionem
1193 723 1466 776 hominum
1495 722 1804 792 loqueretur
1833 738 1845 774 :
1871 733 2025 774 num-

424 811 564 883 quid
601 822 655 868 et
694 815 915 885 angelus
943 813 1168 885 loquens
1194 829 1330 868 unus
1372 812 1440 868 ad
1465 829 1626 868 unum
1645 853 1664 882 ,
1689 822 1872 868 contra
1897 826 2026 866 cono

436 904 714 964 scientiam
753 915 806 959 et
847 919 1004 964 suam
1026 914 1080 960 et
1123 905 1290 975 ipsius
1330 904 1416 959 cui
1453 903 1800 974 loquebatur,
1829 917 2023 958 secun-

435 997 563 1052 dum
613 997 919 1068 opinionem
965 997 1140 1068 potius
1191 1011 1352 1067 quam
1397 995 1688 1050 secundum
1747 994 2022 1048 veritatem

435 1086 612 1144 fuerat
652 1089 958 1153 locuturus,
987 1088 1078 1159 qui
1122 1088 1171 1144 ei
1215 1087 1382 1152 dixit,
1417 1086 1544 1141 Noli
1574 1087 1746 1140 timere
1798 1085 2026 1154 accipere

439 1180 662 1236 Mariam
693 1183 960 1253 conjugem
1008 1182 1188 1236 niam!
1217 1180 1451 1246 Deinde,
1498 1178 1624 1250 quid
1651 1192 1785 1247 opus
1822 1186 1938 1231 erat
1964 1181 2026 1229 ut

432 1287 606 1344 usque
633 1272 698 1327 ad
723 1271 924 1345 Joseph
953 1272 1329 1344 generationes
1356 1270 1776 1340 perducerentur
1809 1265 2020 1339 (Matth.

436 1383 489 1432 ι,
519 1367 607 1431 20,
645 1367 757 1438 16),
786 1367 828 1422 si
860 1382 963 1420 non
993 1381 1052 1421 ea
1079 1365 1300 1419 veritate
1331 1364 1520 1417 factum
1551 1371 1651 1425 est,
1678 1376 1779 1430 qua
1811 1360 1862 1413 in
1895 1373 2023 1412 eon-

433 1459 581 1530 jngio
605 1473 764 1514 sexus
794 1459 960 1511 virilis
989 1456 1237 1511 exet-llit?
1264 1452 1413 1519 Quod
1443 1468 1542 1522 ego
1573 1452 1623 1505 in
1653 1451 1792 1506 libro
1819 1452 1903 1503 cui
1935 1464 2021 1502 re-

436 1549 690 1620 apondcs,
708 1565 825 1603 cum
847 1548 1140 1618 posuissem
1170 1543 1274 1613 (De
1293 1543 1497 1614 Nuptiis
1525 1553 1570 1595 et
1588 1539 2022 1611 Coucupiscentia,

437 1641 526 1694 lib.
558 1641 619 1706 l,
645 1656 697 1692 η.
732 1638 820 1709 12)
843 1680 858 1704 ,
893 1648 948 1692 ιιι
979 1649 1197 1705 prorsus
1213 1635 1474 1704 attingere
1497 1632 1736 1686 timuisti.
1771 1630 2022 1684 Dicitauo

437 1740 542 1784 tem
573 1729 743 1783 Lucas
770 1727 1090 1797 evangelista
1120 1725 1187 1779 de
1219 1725 1461 1790 Domino,
1485 1721 1624 1791 quod
1659 1720 1927 1793 putabatur
1956 1721 2022 1787 ﬁ-

433 1819 534 1872 lius
559 1818 750 1889 Ioseph
779 1817 932 1887 (Luc.
966 1833 1019 1872 ttt
1041 1857 1056 1878 .
1087 1815 1180 1886 2'5)
1206 1833 1221 1878 ;
1254 1814 1374 1884 quia
1407 1814 1476 1868 ita
1503 1812 1814 1884 putabatur,
1847 1819 1902 1865 ut
1930 1826 2024 1880 per

431 1910 550 1980 ejus
574 1910 914 1964 concubitum
945 1908 1152 1977 genitus
1174 1905 1502 1960 crederetur.
1527 1905 1676 1959 llane
1696 1903 1882 1958 falsam
1926 1917 2021 1956 vo-

436 2003 535 2056 luit
561 2015 834 2056 removere
863 2000 1202 2070 opinionem,
1237 2013 1341 2051 non
1372 1997 1589 2051 Mariam
1631 1995 1773 2050 illius
1799 1993 1896 2048 viri
1927 2007 2023 2046 ne-

434 2109 560 2165 gare
583 2092 861 2163 conjugem
879 2133 894 2156 ,
925 2101 1110 2145 contra
1134 2088 1377 2160 angelum
1408 2096 1616 2143 testem.

505 2185 596 2241 48.
620 2185 932 2253 Quanquam
980 2189 1037 2237 et
1063 2190 1116 2236 ιιι
1162 2180 1277 2252 ipse
1314 2179 1475 2235 etiam
1503 2198 1522 2232 ι
1558 2193 1625 2234 ex
1650 2174 2023 2247 desponsionis

436 2276 540 2331 ﬁde
577 2292 693 2330 eam
738 2290 932 2330 nomen
964 2272 1208 2344 conjugis
1230 2271 1505 2342 accepisse
1556 2287 1575 2322 ι
1625 2268 1861 2325 fatearis.
1893 2267 2023 2336 Quae

438 2366 570 2422 fides
613 2367 793 2437 utique
839 2365 1089 2420 inviolata
1139 2363 1453 2434 permansit.
1496 2361 1677 2432 Neque
1720 2362 1864 2416 enim
1897 2375 2018 2415 cum

436 2472 556 2510 eam
583 2456 803 2510 vidisset
837 2455 947 2526 jam
977 2455 1232 2525 virginem
1261 2468 1468 2508 sacram
1496 2451 1673 2506 divina
1700 2450 2022 2508 fecunditate

437 2547 717 2614 donatam,
751 2547 864 2618 ipse
905 2547 1061 2601 aliam
1107 2547 1349 2617 quaesivit
1393 2559 1610 2600 uxorem
1646 2561 1660 2598 :
1691 2560 1812 2600 cum
1845 2545 2024 2616 utique

437 2651 536 2692 nec
577 2637 730 2690 istam
778 2635 1088 2706 quaxsisset,
1119 2636 1162 2690 si
1208 2635 1563 2691 necessariam
1606 2636 1886 2705 conjugem
1913 2651 2023 2691 non

438 2727 658 2781 haberet
699 2742 711 2778 :
755 2726 849 2781 sed
878 2726 1141 2780 vinculum
1171 2725 1290 2781 fidei
1321 2724 1613 2797 conjugalis
1639 2741 1746 2782 non
1789 2727 1910 2784 ideo
1929 2727 2022 2798 ju-

434 2819 630 2874 dicavit
677 2833 799 2875 esse
854 2817 1205 2885 solvendum,
1260 2818 1385 2888 quia
1441 2833 1566 2888 spes
1613 2819 2022 2875 commiscendze

435 2912 612 2968 carnis
637 2911 812 2966 ablata
849 2918 951 2965 est.
985 2909 1178 2966 Verum
1221 2909 1289 2964 de
1332 2910 1432 2964 isto
1462 2909 1708 2982 conjugio
1753 2910 1896 2982 quod
1943 2911 2024 2966 vis

436 3007 713 3071 existima;
759 3019 856 3058 nos
903 3012 1078 3058 tamen
1123 3019 1228 3058 non
1281 3012 1335 3058 ut
1378 3003 1720 3058 calumniaris
1761 3003 2021 3072 dicimus,

445 3115 464 3148 ι
511 3097 586 3149 sic
615 3094 777 3149 fuisse
803 3094 1005 3163 primos
1041 3093 1294 3164 conjuges
1320 3094 1622 3161 institutos,
1645 3103 1704 3148 ut
1731 3094 1847 3150 sine
1875 3109 2023 3150 com-

439 3186 693 3240 mistione
747 3185 1019 3253 utriusque
1071 3197 1231 3238 sexus
1277 3183 1529 3256 conjuges
1573 3193 1753 3240 essent
1791 3201 1805 3238 :
1860 3203 1881 3238 ι
1927 3185 2022 3240 sed

441 3288 615 3332 utrum
661 3276 713 3330 in
757 3275 1005 3346 paradiso
1039 3282 1163 3328 ante
1207 3285 1482 3344 peccatum
1507 3290 1634 3331 caro
1662 3278 2024 3347 concupiverit

436 3368 694 3423 adversus
720 3367 998 3438 spiritum;
1027 3366 1111 3422 vel
1140 3374 1314 3421 utrum
1337 3381 1476 3421 nunc
1505 3367 1557 3422 in
1582 3367 1896 3438 conjugibus
1923 3369 2024 3427 hoc

441 3475 543 3513 non
580 3460 702 3526 llat,
734 3458 946 3529 quando
986 3458 1226 3529 ejusdem
1257 3459 1701 3530 concupiscentia:
1739 3461 1897 3516 etiam
1927 3477 2026 3533 per

437 3549 744 3618 pudicitiam
771 3547 1102 3620 conjugalem
1145 3548 1422 3605 cohibetur
1443 3565 1728 3617 excessus;
1763 3560 1818 3607 et
1844 3559 2021 3607 utrum

439 3641 636 3696 malum
687 3656 790 3694 non
835 3639 932 3704 sit,
965 3641 1049 3695 cui
1092 3640 1405 3712 repugnanti
1448 3644 1886 3700 consentiendum
1916 3661 2022 3700 non

436 3743 552 3798 est,
580 3747 648 3788 ne
685 3732 739 3786 in
785 3746 938 3786 suum
970 3741 1154 3803 pergat
1175 3748 1488 3800 excessum;
1533 3743 1588 3788 et
1614 3743 1792 3790 utrum
1819 3751 1926 3790 non
1953 3751 2022 3793 ex

438 3821 551 3892 ipsa
582 3829 636 3877 et
673 3836 792 3875 cum
822 3822 931 3892 ipsa
965 3822 981 3853 ¹
1012 3822 1440 3893 concupiscentia
1476 3833 1757 3892 nascatur,
1785 3825 1868 3882 cui
1904 3841 2021 3882 ma-

439 3915 546 3969 lum
605 3915 783 3969 inesse
838 3913 998 3968 ullum
1040 3929 1237 3984 negas;
1292 3924 1346 3970 et
1383 3924 1561 3970 utrum
1601 3915 1668 3971 ab
1715 3917 2022 3988 ingeneran

441 4006 582 4060 malo
623 4005 786 4074 possit
829 4003 1103 4059 hominum
1150 4005 1430 4076 quisquam
1481 4005 1581 4061 nisi
1622 4008 2022 4078 regeneratione

438 4097 690 4161 liberari;
724 4094 826 4151 hoc
854 4095 991 4151 inter
1020 4108 1119 4150 nos
1161 4094 1458 4150 disseritur.
1495 4092 1551 4150 in
1598 4093 1684 4151 his
1712 4099 2020 4167 quaestioni-

441 4189 539 4243 bus
559 4185 818 4243 catholica
867 4185 1088 4241 veritate
1118 4185 1406 4256 antiquitus
1435 4185 1622 4241 tradita
1653 4196 1830 4243 vestra
1860 4188 2020 4261 impia

438 4281 645 4336 novitas
672 4279 976 4334 sulfocatur.

509 4369 594 4427 CA
605 4369 735 4427 PUT
775 4368 911 4425 χιιι.
935 4399 1006 4411 --
1027 4369 1114 4424 t9.
1143 4368 1293 4437 Quod
1319 4379 1494 4427 autem
1517 4372 1709 4442 putasti
1729 4387 2021 4444 congeren-

435 4463 504 4518 da
561 4475 680 4518 esse
728 4475 999 4516 sacrarum
1054 4462 1354 4517 testimonia
1418 4461 1774 4532 Litterarum,
1827 4466 2020 4536 quibus

438 4553 694 4626 probares
721 4551 861 4606 unde
907 4551 1044 4606 inter
1081 4567 1180 4606 nos
1225 4553 1365 4607 nulla
1385 4556 1610 4624 qumstio
1651 4565 1764 4623 est,
1799 4575 1817 4609 ι
1852 4574 1879 4611 a
1911 4558 2021 4614 Deo

437 4643 609 4699 creari
661 4641 967 4709 hominem,
1003 4659 1024 4694 ι
1056 4642 1199 4712 quod
1241 4643 1309 4697 de
1337 4643 1572 4713 quolibet
1598 4648 1885 4704 vermiculo
1927 4666 2022 4705 nc-

437 4751 567 4808 gnte
597 4734 674 4791 fas
701 4750 805 4790 non
832 4744 948 4800 est;
978 4751 1083 4806 quo
1115 4736 1399 4805 pertinuit,
1437 4737 1539 4794 nisi
1570 4747 1628 4793 ut
1653 4749 1704 4794 te
1740 4754 2022 4811 appareret

436 4843 656 4899 cnnpos
678 4826 934 4900 qutesisse
961 4827 1240 4882 verborum
1261 4867 1278 4894 ,
1309 4828 1396 4884 ubi
1418 4839 1638 4886 ventose
1664 4841 1823 4902 atque
1851 4835 2022 4890 inani-

436 4928 508 4976 ter
543 4917 822 4974 currerch
850 4917 954 4974 Sed
983 4933 1102 4974 cum
1133 4921 1294 4975 etiam
1319 4908 1486 4978 sancti
1511 4921 1614 4977 Job
1658 4925 2017 4982 testiinonium

439 5020 546 5063 tam
599 5009 893 5079 loquaciter
937 5007 1256 5078 adhiberes,
1300 5026 1466 5081 quare
1511 5029 1614 5067 non
1648 5015 1739 5068 tibi
1786 5017 1929 5071 venit
1967 5019 2019 5073 in

437 5107 672 5154 mentem
711 5099 850 5172 quod
893 5100 966 5154 ait
1006 5101 1143 5156 idem
1175 5102 1285 5172 ipse
1313 5103 1471 5158 homo
1501 5105 1628 5172 Dei,
1658 5121 1780 5162 cum
1805 5107 1870 5162 de
1893 5123 2020 5178 pee-

437 5191 571 5243 catis
601 5204 778 5245 sermo
807 5190 856 5245 ei
882 5192 902 5223 ¹
931 5201 1074 5246 esset
1097 5192 1343 5248 humanis
1363 5235 1377 5259 ,
1408 5197 1674 5251 neminem
1704 5197 1958 5254 mundum
1988 5216 2020 5255 a

438 5281 632 5343 sorde.
665 5297 763 5338 nec
806 5282 1057 5338 infantem
1088 5285 1239 5354 cujus
1279 5297 1361 5340 cst
1403 5287 1561 5342 unius
1599 5289 1702 5344 diei
1729 5291 1832 5347 vita
1860 5307 2020 5363 super

439 5379 632 5426 terram
659 5371 778 5443 (Job
825 5386 946 5438 xw,
979 5377 1032 5439 5,
1063 5393 1162 5430 sec.
1198 5375 1411 5451 LXX)?
1439 5379 1571 5434 Nam
1601 5383 2018 5440 tni>ericordiant

439 5471 492 5516 et
519 5463 723 5532 magnis
751 5473 804 5519 et
837 5466 1040 5537 pusillis
1083 5470 1330 5525 omnibus
1375 5473 1613 5541 prmstari
1644 5474 1710 5528 ab
1739 5475 1828 5529 illo
1855 5492 1882 5530 a
1913 5493 2018 5546 quo

445 5659 456 5668 δ
503 5596 520 5628 ι
557 5602 606 5643 ιιι
629 5601 963 5661 manuscrirtis
1002 5604 1235 5652 Vaticanis
1260 5612 1310 5654 et
1332 5606 1580 5656 mllicmis
1601 5607 1776 5668 deest,
1814 5617 1858 5660 rt
1909 5624 2017 5662 cum

436 5668 562 5715 ipsa.

504 5716 525 5745 ι
560 5711 676 5760 Editi
692 5744 708 5763 .
733 5713 854 5769 eius.

1217 330 1488 386 CONTRA
1525 327 1864 388 JULIANUM
1905 323 2368 395 PELAGIANUM,
2409 329 2466 386 S.
2510 323 2873 390 AUGUSTINI

3614 334 3723 397 Si!

2133 445 2276 499 salus
2304 455 2386 500 est
2411 454 2464 500 et
2487 445 2763 501 hominum
2792 456 2847 502 et
2884 463 3135 520 pecorum
3157 491 3172 516 ,
3204 461 3257 507 et
3282 453 3372 522 qui
3397 453 3518 512 facit
3546 460 3726 516 solem

2131 550 2287 590 suum
2339 536 2467 591 oriri
2517 552 2679 606 super
2723 536 2894 592 bonos
2917 548 2972 593 et
3001 539 3170 594 malos
3219 539 3433 614 (Matth.
3474 560 3535 616 v,
3579 547 3723 621 45),

2131 628 2253 696 quis
2280 627 2504 694 abnuat,
2533 629 2632 684 nisi
2663 627 2753 698 qui
2783 629 2948 684 Deum
2978 643 3097 686 esse
3117 672 3130 694 ,
3161 641 3254 687 aut
3283 642 3492 690 terrena
3526 653 3728 696 curare

2132 731 2238 770 non
2265 717 2474 772 credit?
2502 717 2653 784 Quod
2683 728 2737 772 tu
2762 719 2913 789 quasi
2942 720 3067 778 inde
3108 723 3556 782 contenderemus
3580 769 3600 795 ,
3625 744 3724 798 per

2133 807 2497 863 testimonium
2527 810 2698 864 sancti
2735 809 2837 866 Job
2873 810 3071 868 docere
3102 813 3347 884 voluisti,
3380 819 3502 888 quia
3545 819 3687 874 dixit
3708 864 3724 885 ,

2135 898 2343 955 Ossibus
2367 913 2414 956 et
2435 903 2598 957 nervis
2626 905 2918 975 compegisti
2939 922 3018 958 me
3035 947 3051 972 ,
3073 909 3226 961 vitam
3246 919 3292 962 et
3323 911 3730 967 misericordiam

2131 991 2349 1045 tribuisti
2377 993 2502 1046 mihi
2529 991 2650 1064 (Job
2686 1011 2748 1062 ι,
2785 996 2879 1061 ιι,
2908 995 3017 1066 te).
3049 996 3149 1054 Ubi
3175 999 3388 1069 quidem
3432 1002 3525 1059 ille
3552 1007 3732 1074 patuit

2131 1098 2237 1138 non
2279 1099 2494 1141 omnem
2547 1086 2848 1157 signiﬁcare
2896 1087 3204 1158 hominem,
3252 1092 3347 1147 sed
3375 1094 3444 1149 de
3495 1108 3555 1149 se
3610 1095 3728 1164 ipso

2130 1172 2331 1244 gratias
2350 1188 2545 1245 agere,
2579 1176 2720 1246 quod
2759 1193 2880 1232 eum
2912 1179 3200 1235 carnaliter
3223 1192 3403 1236 natum
3441 1200 3546 1238 non
3576 1184 3731 1240 dese-

2131 1265 2330 1330 ruerit,
2359 1265 2453 1320 sed
2483 1266 2530 1322 ei
2559 1267 2979 1324 misericordiam
3003 1279 3061 1324 ttt
3089 1286 3214 1326 vere
3243 1272 3260 1305 ι
3292 1273 3526 1341 viveret,
3555 1275 3615 1330 id
3646 1286 3727 1329 est

2123 1351 2270 1423 juste
2291 1355 2522 1422 viveret,
2552 1357 2643 1428 qui
2668 1372 2792 1414 eum
2817 1359 3088 1426 condidit,
3114 1362 3227 1432 ipse
3257 1365 3589 1434 prtestiterit.
3619 1370 3729 1422 Ant

2129 1453 2277 1500 certe
2313 1450 2436 1515 quia
2491 1462 2672 1515 parum
2727 1458 2842 1504 erat
2890 1451 3033 1517 vita,
3088 1468 3246 1522 quam
3297 1457 3568 1511 nascendo
3617 1473 3728 1512 sero

2131 1533 2260 1587 titus
2310 1542 2425 1598 est,
2475 1534 2599 1591 ideo
2639 1537 2871 1604 addidit,
2919 1549 2967 1593 et
3021 1542 3452 1610 misericordiam;
3499 1562 3570 1602 ne
3638 1565 3724 1603 re-

2130 1634 2373 1680 maneret
2419 1623 2730 1683 naturaliter
2782 1630 2922 1686 filius
2965 1632 3058 1686 ira:
3108 1635 3248 1690 sicut
3299 1645 3354 1691 et
3381 1640 3561 1694 cmteri
3592 1679 3610 1704 ,
3641 1650 3724 1694 at-

2129 1731 2234 1787 que
2290 1717 2430 1773 inter
2474 1735 2600 1776 vasa
2654 1721 2783 1789 iraa,
2833 1737 2940 1778 non
2985 1724 3125 1781 inter
3164 1741 3290 1782 vasa
3336 1729 3724 1786 misericordis:

2131 1806 2306 1864 fleret.

2200 1897 2290 1952 50.
2335 1897 2442 1954 Cur
2493 1909 2672 1957 autem
2720 1901 2786 1956 de
2841 1902 2984 1957 malo
3035 1905 3176 1975 quod
3227 1907 3277 1961 ei
3319 1907 3526 1978 adjaeet
3559 1920 3723 1981 atrpte

2131 1987 2272 2042 inest
2301 1989 2555 2045 membris
2582 1990 2699 2061 ejus
2721 2007 2844 2047 reus
2869 2009 2975 2049 non
3006 1996 3071 2050 sit
3111 1995 3314 2064 ﬁdelis,
3343 2006 3399 2053 ct
3420 2015 3486 2055 ex
3511 2015 3584 2056 eo
3615 2019 3722 2058 meo

2133 2077 2186 2133 lo
2236 2088 2410 2136 tamen
2449 2083 2538 2151 qui
2589 2084 2828 2139 nascitur
2871 2095 3079 2146 reatum
3126 2089 3333 2158 trahat,
3377 2091 3486 2162 jam
3533 2097 3721 2150 nescio

2129 2169 2339 2238 quoties
2399 2170 2652 2227 diximus.
2694 2171 2863 2228 Fideli
2921 2176 3063 2230 enim
3108 2175 3211 2233 hoc
3265 2180 3585 2237 beneficium
3640 2201 3720 2239 re-

2127 2258 2401 2327 generatio
2439 2261 2696 2328 contulit,
2742 2277 2849 2318 non
2885 2267 3182 2335 generatio.
3213 2267 3339 2324 Inde
3380 2285 3512 2342 ergo
3556 2275 3631 2328 ab
3654 2275 3720 2329 is-

2131 2357 2187 2404 to
2216 2358 2366 2406 reatu
2413 2353 2668 2409 solvenda
2697 2364 2780 2410 est
2828 2358 3039 2428 proles,
3101 2360 3241 2417 unde
3261 2362 3466 2418 solutus
3515 2375 3607 2420 est
3633 2383 3720 2437 pa-

2129 2455 2273 2496 rens.

2199 2531 2423 2591 CAPUT
2462 2535 2600 2592 XIV.
2629 2569 2702 2579 —
2729 2539 2818 2594 5i.
2847 2538 2952 2596 Sed
2992 2558 3240 2612 magnum
3285 2535 3480 2616 aliquid
3509 2557 3564 2602 te
3604 2549 3721 2604 dia-

2128 2624 2313 2681 lectica
2341 2626 2523 2684 docuit
2543 2630 2585 2695 ',
2621 2649 2640 2683 ι
2675 2630 2806 2686 Rem
2838 2647 2956 2702 qute
2988 2634 3038 2688 in
3069 2635 3312 2708 subjecto
3329 2634 3446 2704 est,
3478 2641 3604 2696 sine
3633 2643 3718 2698 illa

2128 2731 2188 2772 re
2235 2732 2356 2775 esse
2398 2735 2503 2776 non
2536 2737 2727 2793 posse,
2781 2725 2833 2780 in
2860 2741 2964 2795 qua
3009 2729 3245 2798 subjecta
3293 2741 3394 2786 est.
3442 2732 3509 2786 Et
3537 2734 3666 2790 ideo
3696 2755 3714 2788 I

2128 2816 2285 2880 putas
2319 2827 2339 2862 ι
2376 2812 2573 2868 malum
2603 2815 2743 2885 quod
2774 2825 2855 2870 est
2884 2815 2936 2870 in
2979 2829 3199 2888 parente
3220 2860 3236 2888 ,
3281 2823 3463 2892 utique
3507 2825 3565 2880 in
3595 2828 3721 2882 sub-

2124 2897 2306 2970 jecto,
2353 2901 2442 2958 alii
2483 2904 2593 2970 rei,
2628 2904 2680 2960 id
2706 2917 2789 2962 est
2819 2909 2982 2977 proli,
3014 2910 3080 2966 ad
3109 2927 3265 2981 quam
3296 2929 3402 2970 non
3428 2919 3682 2986 pervenit
3704 2960 3720 2985 ,

2129 3000 2339 3047 reatum
2371 3009 2476 3048 non
2509 3011 2666 3066 posse
2697 3001 3072 3056 transmittere.
3117 3022 3135 3056 ι
3169 3003 3332 3060 Recte
3353 3005 3454 3062 hoc
3478 3008 3719 3073 diceres.

2129 3082 2175 3138 si
2203 3083 2399 3140 malum
2427 3088 2872 3159 concupiscentia:
2899 3091 2967 3148 de
3012 3103 3234 3163 parente
3263 3113 3366 3152 non
3412 3103 3724 3169 perveniret

2133 3171 2200 3228 ad
2232 3176 2437 3245 prolem
2485 3196 2499 3233 :
2547 3193 2668 3233 cum
2709 3197 2838 3236 vero
2868 3184 3004 3237 sicut
3031 3185 3147 3241 sine
3172 3186 3267 3241 illo
3291 3203 3452 3244 nemo
3475 3193 3720 3248 semina-

2131 3269 2250 3331 tur,
2283 3264 2351 3320 ita
2383 3265 2500 3322 sine
2546 3267 2635 3323 illo
2663 3285 2822 3326 nemo
2851 3283 3131 3341 nascatur;
3162 3279 3434 3347 quomodo
3468 3281 3612 3338 dicis
3655 3300 3720 3342 eo

2132 3370 2236 3410 non
2269 3359 2579 3427 pervenire,
2609 3377 2716 3432 quo
2757 3365 2981 3420 transit?
3025 3367 3141 3424 Non
3171 3369 3314 3425 cnim
3359 3373 3718 3441 Aristoteles.

2128 3445 2282 3517 cujus
2307 3450 2604 3520 categorias
2642 3452 2953 3522 insipienter
2988 3459 3160 3527 sapis,
3191 3460 3292 3519 sed
3313 3462 3608 3532 Apostolus
3635 3467 3719 3522 di-

2128 3537 2202 3592 cit
2231 3555 2245 3594 ;
2269 3538 2372 3594 Per
2398 3557 2554 3595 unum
2581 3542 2833 3599 hominem
2859 3557 3117 3618 peceatum
3137 3551 3342 3606 intravit
3363 3554 3418 3608 in
3444 3557 3719 3622 mundun;

2129 3638 2176 3682 et
2191 3646 2285 3699 per
2300 3646 2470 3686 omnes
2488 3632 2714 3688 homines
2729 3639 3014 3706 pertransiit
3037 3639 3212 3710 (Rom.
3229 3658 3281 3708 ν,
3305 3643 3414 3714 12).
3443 3644 3562 3703 Nec
3585 3663 3716 3704 sane

2131 3719 2224 3774 tibi
2238 3719 2510 3780 dialectica
2527 3723 2612 3778 illa
2630 3727 2904 3795 mentitur,
2924 3728 3018 3784 sed
3035 3738 3088 3784 tu
3105 3746 3210 3786 non
3227 3733 3498 3805 intelligis.
3516 3736 3717 3794 Verum

2128 3811 2270 3866 enim
2297 3821 2380 3866 est
2403 3812 2541 3882 quod
2574 3813 2644 3870 ibi
2675 3818 2924 3888 accepisti
2944 3862 2960 3886 ,
2991 3835 3054 3876 ea
3079 3837 3201 3892 quas
3229 3823 3281 3879 in
3302 3824 3547 3895 subjecto
3569 3841 3713 3896 sunt,

2127 3901 2266 3956 sicut
2291 3909 2418 3956 sunt
2441 3903 2754 3973 qualitates,
2787 3907 2902 3964 sine
2925 3909 3166 3981 subjecto
3193 3916 3245 3968 ιιι
3271 3929 3378 3986 quo
3401 3926 3565 3984 sunt,
3597 3935 3716 3975 esse

2128 4005 2234 4046 non
2262 4004 2418 4061 posse
2437 4032 2451 4056 ,
2480 3992 2617 4048 sicut
2640 4004 2722 4049 est
2743 3995 2794 4050 in
2816 3995 3056 4067 subjecto
3074 4015 3302 4073 corpore
3319 4005 3471 4062 color
3489 4018 3584 4063 aut
3607 4007 3715 4064 for-

2128 4095 2250 4147 ma;
2273 4080 2368 4136 sed
2388 4081 3002 4156 afllcicndo’transeunt,
3024 4105 3128 4146 non
3147 4093 3492 4165 emigrando:
3515 4114 3713 4168 queui-

2125 4172 2414 4228 admodum
2449 4173 2764 4246 Ethiopes,
2787 4179 2907 4248 quia
2935 4182 3070 4252 nigri
3103 4195 3248 4250 sunt,
3275 4187 3455 4257 nigros
3467 4190 3712 4260 gignunt.

2129 4279 2233 4319 non
2246 4273 2421 4320 tamen
2437 4265 2487 4319 in
2503 4265 2639 4322 ﬁlios
2653 4280 2898 4337 parentes
2910 4273 3143 4329 colorem
3159 4290 3312 4332 suum
3323 4278 3468 4333 velut
3477 4283 3712 4338 tunicam

2129 4355 2478 4423 transferunt;
2522 4357 2616 4413 sed
2661 4358 2744 4414 sui
2767 4363 3010 4433 corporis
3054 4365 3306 4435 qualitate
3345 4384 3544 4440 corpus
3571 4376 3712 4444 quod

2127 4445 2193 4500 de
2236 4447 2339 4502 illis
2387 4459 2706 4520 propagatur
2747 4451 3006 4510 afficiunt.
3061 4456 3352 4515 Mirabilitn
3401 4472 3486 4517 est
3529 4475 3711 4522 autem

2125 4537 2337 4606 quando
2379 4555 2556 4593 rerum
2585 4543 2938 4611 corporalium
2968 4546 3248 4615 qualitates
3273 4549 3323 4602 in
3349 4565 3438 4606 res
3463 4551 3714 4624 incorpo-

2127 4630 2264 4684 rales
2295 4639 2600 4697 transeunt,
2633 4642 2687 4688 et
2718 4643 2893 4690 tamen
2939 4635 2995 4689 iit
3014 4677 3028 4702 ,
3058 4639 3271 4708 quando
3299 4640 3492 4699 fortnas
3518 4659 3715 4716 oorpo-

2127 4740 2241 4777 rum
2283 4737 2414 4794 quas
2454 4725 2728 4791 videmus,
2775 4725 3050 4784 haurimus
3073 4731 3302 4800 quodam
3347 4735 3545 4801 modo,
3575 4747 3634 4792 et
3660 4739 3712 4792 in

2127 4813 2381 4867 memoria
2409 4814 2782 4882 rccondimus,
2815 4824 2871 4873 et
2912 4833 3246 4890 quocumque
3272 4825 3578 4893 pergimus,
3613 4843 3713 4883 no-

2125 4905 2328 4960 biscum
2372 4905 2590 4962 ferimus
2637 4924 2780 4963 :nec
2823 4909 2928 4963 illa:
2970 4923 3307 4968 recesserunt
3334 4930 3363 4967 a
3392 4919 3712 4987 corporibus

2125 4996 2236 5050 suis
2255 5036 2268 5058 ,
2300 5003 2353 5050 et
2392 5005 2566 5052 tamen
2594 4997 2658 5052 ad
2689 5014 2785 5054 nos
2809 5000 3041 5056 mirabili
3083 5002 3243 5059 modo
3274 5003 3484 5061 affectis
3513 5011 3714 5065 nostris

2126 5088 2369 5142 sensibus
2397 5090 2736 5144 transierunt.
2765 5091 3044 5158 Quomodo
3080 5102 3258 5150 autem
3297 5095 3367 5151 de
3389 5112 3620 5168 corpore
3645 5101 3711 5155 ad

2125 5177 2403 5246 spiritum,
2446 5193 2512 5233 eo
2551 5179 2710 5234 modo
2742 5190 3018 5238 transeunt
3057 5185 3125 5240 de
3171 5186 3359 5256 spiritu
3386 5188 3454 5242 ad
3491 5205 3710 5259 corpus.

2125 5267 2253 5322 Nam
2283 5268 2489 5326 colores
2529 5271 2795 5342 virgarum
2822 5288 2956 5343 quas
2983 5276 3205 5331 variavit
3245 5277 3442 5342 Jaoob.
3474 5279 3710 5336 afﬁcien-

2125 5359 2193 5412 do
2238 5359 2560 5418 transierunt
2603 5364 2655 5418 in
2694 5366 2901 5422 animas
2944 5381 3195 5437 pecorum
3237 5380 3506 5438 matrum,
3550 5389 3706 5445 azqus

2187 5496 2204 5569 ι
2238 5492 2671 5569 rint-tacensls‘usq
2709 5497 2986 5569 ttt_t-irerct,
3015 5502 3209 5561 omisso,
3241 5515 3379 5565 tere;
3423 5508 3560 5569 aius
3604 5507 3712 5559 loro

2120 5554 2216 5604 duo
2240 5557 2521 5618 e_vaticanis
2544 5554 2741 5618 habent.
2766 5561 2898 5613 bene.

2187 5619 2206 5680 ξ
2241 5616 2372 5680 Idem
2395 5617 2708 5670 Floriacensis
2728 5616 2830 5680 λιιι,
2857 5623 3093 5676 docuerit.

2191 5678 2210 5749 ξ
2242 5678 2509 5749 cas‘alensi‘s
2529 5687 2633 5740 δίδη
2680 5683 2764 5731 sed
2791 5678 2894 5733 lucc
2918 5682 3186 5748 alliciendo.
3221 5687 3563 5749 Floriacensis,
3611 5689 3703 5741 sed

2126 5736 2238 5788 inde
2271 5736 2533 5800 amciemlo.
