3972 6178
339 382 445 438 817

409 494 497 555 60.
542 495 743 552 Deinde
790 509 995 566 ponens
1034 494 1136 548 alia
1178 495 1336 550 verba
1367 508 1504 559 mea,
1534 493 1610 549 sic
1634 508 1918 564 argumen-

340 587 468 644 taris
487 587 636 657 quasi
669 600 769 657 ego
791 584 1036 650 dixerim,
1072 583 1199 639 Cum
1225 584 1377 640 servit
1402 583 1685 656 coniugatis
1709 582 1777 637 ad
1803 598 1922 651 pro-

337 679 623 752 pagandam
665 678 877 751 prolem,
912 685 1032 732 tunc
1058 660 1299 732 ltonorari
1336 675 1612 731 libidinem.
1657 676 1797 731 Dicis
1828 676 1920 731 tibi

337 771 449 839 ipse
477 769 618 840 quod
649 770 768 825 vis:
796 784 918 823 nam
964 783 1064 845 ego
1105 767 1206 822 hoc
1250 782 1350 823 nec
1389 767 1498 823 dixi
1541 766 1780 834 omnino,
1822 783 1921 823 nec

336 860 500 917 sensi.
531 859 810 929 Quomodo
850 860 994 915 enim
1033 859 1198 914 libido
1235 874 1355 914 cum
1398 861 1562 914 servit
1604 858 1915 926 honoratur,

332 951 548 1022 quando
578 966 646 1007 ne
687 960 875 1022 pergat
918 953 969 1006 in
1012 951 1211 1007 liberos
1248 964 1518 1014 excessus,
1559 949 1918 1007 dominatione

335 1042 528 1098 mentis
559 1041 913 1111 opprimitur?
954 1041 1066 1097 Nos
1108 1029 1288 1112 itaque
1322 1056 1428 1096 non
1462 1041 1691 1097 diximus
1721 1058 1918 1114 semper

334 1132 402 1184 ad
430 1141 624 1185 reatum
667 1132 917 1198 pertinere
957 1131 1032 1185 uti
1081 1131 1308 1185 libidine.
1354 1131 1506 1199 Quod
1537 1132 1691 1187 velut
1717 1131 1915 1188 dixeri-

334 1236 471 1285 mus,
502 1220 572 1274 ita
601 1220 828 1290 colligis,
863 1221 1026 1275 minus
1068 1237 1274 1289 peccare
1297 1220 1552 1276 adulteros
1575 1239 1725 1293 quam
1754 1224 1910 1278 utari-

333 1321 444 1376 tos;
491 1312 611 1383 quia
646 1312 881 1377 maritis,
934 1311 1127 1383 inquis,
1179 1312 1335 1367 libido
1391 1314 1541 1367 servit
1587 1322 1639 1366 ut
1685 1324 1909 1384 peccent,

331 1402 581 1457 adulteris
620 1402 855 1472 imperat.
891 1401 996 1458 Sed
1039 1417 1160 1457 cum
1201 1417 1302 1473 ego
1350 1403 1481 1458 illud
1524 1418 1631 1458 non
1657 1404 1907 1470 dixerim,

330 1493 716 1563 qualecumque
738 1493 839 1548 hoc
862 1492 932 1546 sit
957 1502 1103 1547 tuum
1129 1492 1271 1563 quod
1306 1500 1552 1563 tanquam
1578 1507 1912 1564 consequens

330 1599 449 1639 esse
476 1583 713 1651 voluisti,
740 1583 872 1637 nihil
899 1581 964 1637 ad
995 1598 1080 1638 me
1107 1583 1313 1638 attinet.
1348 1572 1469 1654 'Ego
1491 1583 1632 1639 enim
1661 1582 1805 1648 dico,
1830 1583 1909 1638 uti

330 1674 680 1730 libidinc'non
706 1689 920 1744 semper
947 1688 1068 1730 esse
1096 1684 1398 1745 peceatum;
1437 1675 1559 1745 quia
1600 1676 1741 1730 malo
1770 1676 1908 1733 bene

329 1766 403 1820 uti
436 1781 539 1820 non
570 1775 652 1821 est
680 1775 973 1836 peccatum.
1002 1764 1113 1820 Nec
1138 1780 1487 1836 quaecumque
1513 1780 1599 1820 res
1625 1766 1744 1821 ideo
1767 1766 1906 1822 bona

327 1867 429 1920 est,
461 1856 581 1928 quia
611 1871 672 1912 ea
703 1856 837 1912 bene
884 1857 1051 1911 utitur
1092 1855 1282 1912 bonus.
1314 1857 1444 1912 Nam
1490 1866 1545 1912 et
1588 1857 1656 1913 de
1701 1856 1906 1913 duobus

328 1948 632 2005 hominibus
673 1950 927 2020 scriptum
959 1958 1041 2005 est
1065 1967 1078 2003 :
1108 1948 1278 2004 Filius
1307 1951 1532 2005 eruditus
1559 1951 1761 2021 sapiens
1785 1952 1900 2018 erit,

325 2040 639 2110 imprudente
661 2051 827 2095 autem
850 2042 1079 2096 ministro
1110 2050 1278 2097 utetur
1301 2039 1478 2113 (Prov.
1501 2057 1557 2108 x,
1580 2057 1679 2095 sec.
1704 2041 1899 2113 LXX).

324 2130 583 2203 Numquid
637 2133 755 2188 ideo
800 2133 995 2189 bonum
1039 2141 1126 2189 est
1167 2149 1287 2189 esse
1332 2134 1741 2205 imprudentem,
1777 2136 1899 2205 quia

322 2223 458 2277 bene
486 2224 575 2278 illo
603 2224 767 2278 utitur
807 2225 1065 2295 sapiens?
1114 2224 1242 2279 inde
1270 2232 1327 2279 et-
1369 2225 1641 2294 apostolus
1666 2225 1900 2280 Joannes

320 2328 427 2366 non
449 2312 542 2376 ait,
571 2313 745 2368 Nolite
772 2315 848 2369 ιιιὶ
888 2314 1123 2381 mundo;
1164 2313 1279 2381 sed,
1312 2314 1490 2370 Nolite
1512 2315 1721 2387 diligere
1749 2333 1899 2372 mun-

320 2403 441 2455 dum
465 2417 484 2455 :
514 2403 598 2455 ubi
641 2404 903 2472 posuit.et
929 2406 1410 2474 concupiscentiam
1441 2406 1619 2461 carnis
1660 2404 1713 2480 (l
1735 2405 1894 2464 Joan.

318 2507 374 2554 ιι,
405 2493 497 2561 iii,
546 2492 655 2565 16).
699 2494 796 2562 Qui
828 2495 967 2549 enim
1008 2510 1114 2550 non
1146 2495 1370 2566 diligens
1396 2499 1581 2561 utitur,
1610 2499 1760 2567 quasi
1789 2513 1895 2553 non

317 2593 473 2638 utens
499 2585 695 2649 utitur;
724 2587 843 2655 quia
877 2602 982 2640 non
1005 2587 1120 2656 ejus
1147 2586 1223 2642 rei
1252 2601 1412 2642 causa
1433 2588 1617 2655 utitur,
1640 2589 1733 2644 sed
1762 2590 1895 2645 aite-

317 2673 425 2726 rius
467 2689 624 2742 quam
669 2674 894 2746 diligens
937 2676 1188 2744 intuetur,
1235 2686 1291 2731 ut
1318 2677 1479 2738 etiam
1522 2692 1629 2732 non
1667 2678 1896 2749 diligens

317 2763 418 2817 hac
442 2773 639 2817 utatur.
662 2764 889 2835 Propter
907 2765 1046 2836 quod
1071 2766 1266 2821 Paulus
1289 2768 1627 2837 coapostoius
1646 2769 1795 2838 ejus:
1828 2768 1894 2822 Et

312 2853 402 2924 qui
446 2863 672 2918 utuntur,
721 2855 907 2924 inquit,
963 2856 1296 2923 hocmundo,
1345 2858 1492 2928 quasi
1538 2874 1640 2912 non
1683 2866 1892 2912 utantur

312 2943 362 3013 (Ι
384 2941 503 2999 Cor.
529 2960 620 3008 vtt,
646 2943 759 3016 5i).
785 2944 917 3012 Quid
947 2928 1220 3018 est,'quasi
1241 2964 1339 3002 non
1364 2957 1603 3014 utantur;
1633 2949 1753 3014 nisi,
1775 2948 1890 3004 Non

311 3035 532 3105 diligant
556 3051 662 3106 quo
692 3044 930 3106 utuntur,
949 3040 1198 3109 quoniam
1231 3041 1336 3096 tale
1361 3049 1463 3108 est,
1490 3049 1549 3095 ut
1577 3041 1714 3097 bene
1739 3042 1892 3096 aliter

311 3140 416 3177 non
447 3125 702 3178 utantur?
732 3125 799 3180 Et
836 3126 937 3182 hoc
965 3128 1176 3198 quidem
1202 3129 1361 3184 etiam
1400 3129 1453 3184 in
1500 3128 1582 3184 his
1606 3129 1764 3185 rebus
1789 3131 1888 3186 ob-

311 3215 629 3270 servandum
658 3227 758 3282 est,
787 3233 905 3288 quae
936 3219 988 3273 in
1017 3219 1117 3275 hoc
1142 3220 1343 3275 mundo
1371 3221 1450 3275 sic
1475 3219 1630 3276 bonae
1657 3230 1801 3285 sunt,
1831 3228 1892 3276 ut

312 3315 487 3359 tamen
520 3321 609 3360 cas
630 3305 776 3377 diligi
811 3322 916 3362 non
942 3309 1351 3378 oporteat.Quis
1374 3309 1515 3366 enim
1542 3310 1738 3365 malum
1769 3325 1889 3367 csse

312 3396 588 3464 pecuniam
639 3405 785 3452 recte
828 3397 1065 3453 dixerit?
1108 3398 1178 3453 Et
1223 3407 1398 3454 tamen
1447 3413 1605 3454 nemo
1644 3413 1707 3453 ea
1752 3398 1890 3455 bene

311 3488 476 3541 utitur
498 3489 587 3557 qui
613 3486 893 3544 dilexerit:
926 3499 1126 3560 quanto
1154 3491 1321 3563 magis
1348 3490 1602 3547 libidine?
1628 3490 1762 3547 Nam
1791 3507 1887 3562 pe-

308 3578 518 3631 cuniam
557 3579 730 3634 malus
766 3581 981 3651 quidem
1010 3581 1611 3652 spiritusconcupiscit;
1642 3583 1736 3637 sed
1773 3583 1884 3653 ipsa

309 3678 500 3723 contra
528 3669 726 3724 bonum
770 3673 1015 3742 spiritum
1043 3687 1149 3727 non
1173 3673 1519 3742 concupiscit,
1545 3672 1685 3743 quod
1722 3672 1886 3728 libido

307 3757 435 3814 facit
465 3777 479 3813 :
520 3771 678 3831 atque
703 3761 824 3817 ideo
865 3772 917 3818 et
943 3763 1033 3833 qui
1064 3763 1162 3819 ho‘c
1201 3778 1321 3819 esse
1356 3764 1551 3819 malum
1578 3772 1733 3835 negat
1757 3779 1885 3834 pec-

308 3860 415 3917 cat,
441 3861 493 3907 et
520 3854 607 3922 qui
654 3855 753 3909 hoc
796 3854 937 3909 malo
980 3855 1118 3911 bene
1161 3857 1324 3911 utitur
1353 3870 1457 3910 non
1487 3864 1691 3927 peccat.
1722 3855 1885 3912 Recte

307 3941 470 4010 igitur
492 3945 958 4013 argumentareris,
993 3945 1195 4011 dicens,
1227 3946 1529 4011 Libidinem,
1555 3946 1603 4002 si
1626 3946 1763 4002 mala
1790 3956 1881 4014 est,

304 4034 495 4103 majori
529 4045 670 4089 reatu
723 4034 1028 4107 obstringere
1070 4036 1247 4108 quibus
1299 4036 1584 4108 obsequitur
1623 4039 1881 4110 eonjuges,

304 4139 456 4191 quam
481 4125 658 4195 quibus
688 4126 976 4180 dominatur
1014 4127 1312 4194 adulteros;
1342 4128 1388 4183 si
1414 4128 1681 4184 diceretur
1723 4147 1751 4186 ει
1789 4145 1885 4185 no-

304 4213 411 4281 bis,
431 4217 553 4271 eos‘
586 4219 840 4289 conjuges
864 4219 954 4291 qui
984 4221 1249 4276 serviente
1272 4221 1715 4297 concupiscentia:
1742 4223 1885 4277 malo

304 4304 371 4359 ad
404 4306 573 4360 solum
600 4309 887 4377 generandi
922 4319 1143 4365 utuntur
1168 4310 1506 4377 ofﬁcium,ad
1540 4312 1714 4382 aliqua
1742 4312 1880 4366 mala

303 4410 467 4464 opera
489 4411 553 4451 co
575 4398 693 4453 illos
714 4399 811 4466 uti,
829 4401 964 4454 sicut
984 4400 1048 4454 ad
1071 4400 1272 4456 facinus
1298 4404 1706 4471 perpetrandum
1728 4412 1884 4458 servo

303 4487 473 4539 tttitnr
499 4485 783 4542 homicida.
814 4488 946 4544 Cum
975 4500 1151 4546 autem
1178 4491 1421 4547 dicamus
1445 4492 1640 4546 bonum
1671 4507 1791 4548 esse
1827 4493 1882 4548 in

305 4576 620 4647 conjugibus
640 4577 871 4634 cilicium
898 4581 1232 4649 procreandi,
1260 4583 1501 4651 quamvis
1526 4582 1718 4639 vulnus
1739 4584 1881 4654 quod

303 4667 361 4721 in
391 4680 574 4723 renato
613 4671 789 4724 sanari
832 4679 1024 4740 potest,
1055 4673 1228 4727 trahat
1273 4682 1426 4728 natus
1453 4674 1523 4730 de
1561 4674 1714 4744 primi
1752 4689 1881 4729 con-

305 4757 515 4826 tagione
546 4758 788 4828 peccati;
839 4769 1004 4816 restat
1040 4763 1203 4817 utsic
1231 4772 1446 4817 utantur
1471 4766 1723 4836 conjngcs
1758 4766 1880 4821 boni

304 4849 446 4903 tualo
484 4850 944 4920 concupiscentizc,
985 4852 1120 4907 sicut
1153 4854 1367 4922 sapiens
1396 4854 1468 4909 ad
1510 4869 1670 4925 opera
1701 4857 1881 4926 utique

303 4938 445 4992 bona
474 4939 720 4995 ministro
748 4942 912 4995 utitur
941 4941 1295 5011 imprudente.

378 5030 468 5084 (il.
510 5030 615 5085 Sed
669 5029 911 5087 homines
962 5034 1257 5090 acutissimi
1308 5035 1427 5092 ideo
1478 5052 1584 5092 non
1640 5037 1878 5106 modum,

303 5137 412 5176 non
430 5137 617 5191 genus,
645 5122 737 5177 sed
767 5126 1345 5194 cxcessumvolnptatis
1364 5128 1580 5198 arguitis
1608 5139 1661 5183 et
1684 5144 1879 5200 expro—

301 5213 564 5268 braudum
595 5217 824 5291 censetis
852 5215 1117 5284 obscenis,
1148 5219 1264 5289 quia
1293 5235 1407 5274 eum
1440 5222 1620 5290 nostis,
1647 5234 1702 5276 ut
1727 5225 1880 5292 dicis,

305 5302 437 5357 intra
462 5320 724 5358 concessas
741 5306 868 5372 ﬁnes
895 5307 1052 5360 animi
1076 5316 1316 5378 potestate
1348 5326 1494 5380 posse
1529 5313 1752 5367 retineri.
1776 5315 1881 5370 Fa-

300 5395 409 5450 ciat
436 5397 598 5450 animi
636 5405 889 5466 potestas,
916 5397 962 5452 si
998 5407 1190 5467 potest,
1227 5409 1287 5455 ut
1321 5402 1386 5455 ad
1416 5405 1884 5474 transgrediendos

304 5487 459 5553 lines,
485 5503 515 5542 a
545 5489 740 5558 quibus
782 5492 1232 5562 transgredieudis
1265 5507 1383 5548 eam
1419 5504 1657 5564 revocat,
1688 5511 1792 5554 non
1822 5514 1883 5556 se

303 5574 470 5632 libido
497 5587 847 5635 commoveat.
875 5580 1029 5649 Quod
1061 5581 1105 5636 si
1135 5582 1306 5638 facere
1347 5600 1456 5641 non
1497 5595 1702 5659 potest;
1754 5602 1881 5660 pro-

379 5755 397 5789 ι
424 5753 733 5807 Monacensis
753 5762 857 5817 διδ..
886 5754 958 5808 sic
980 5769 1076 5809 eos.

1709 382 1914 437 LIBER
1949 381 2266 448 QUINTUS.

2031 492 2172 591 lecto
2196 506 2254 553 ut
2288 499 2423 557 lines
2454 518 2559 560 non
2596 513 3036 588 transgrediatur,
3064 518 3310 591 improbo
3346 523 3485 584 hosti
3523 546 3610 588 re-

2026 584 2253 656 sistitur,
2297 593 2387 662 qui
2432 610 2526 651 eos
2569 604 2863 673 transgredi
2913 584 3118 670 nititur.
3141 584 3273 671 'Sed
3321 584 3607 679 universum

2023 683 2362 783 fontcmptum
2407 685 2545 783 ejus,
2577 688 2772 761 inquis,
2827 695 3102 770 virginibus
3142 705 3608 783 rontinentibusque

2020 763 2184 822 inesse
2212 776 2471 828 testantur.
2500 776 2762 850 Numquid
2786 763 3164 861 ideovvirgincs
3187 802 3242 849 et
3264 763 3602 855 continenles

2021 865 2205 912 contra
2232 865 2718 933 concupiscentiam
2754 876 2929 930 carnis
2955 894 3059 934 non
3089 884 3361 953 "pugnant?
3388 887 3453 943 Et
3475 892 3598 960 quid

2020 952 2105 1047 est
2129 956 2314 1047 contra
2350 955 2491 1024 quod
2532 971 2786 1018 exercent
2826 965 2923 1021 abs
2965 979 3019 1025 te
3060 970 3273 1044 quoque
3318 952 3603 1047 praedicata

2018 1031 2106 1130 illa
2160 1036 2391 1106 gloriosa
2413 1043 2750 1119 certamina,
2805 1062 2863 1111 ut
2910 1031 3264 1130 virginitatem

2020 1125 2595 1228 tiamquemeustodiant
2623 1139 2852 1213 (Supra,
2895 1125 3071 1217 lib.'5,
3110 1154 3163 1208 η.
3200 1155 3286 1224 42,
3334 1168 3380 1213 et
3421 1125 3588 1228 ιῑῡξι,

2017 1216 2213 1321 1.9)?
2244 1220 2300 1276 Si
2329 1236 2459 1321 ergo
2487 1240 2744 1301 pugnant,
2775 1235 2972 1292 malum
2994 1216 3078 1297 est
3103 1245 3243 1313 quod
3270 1216 3594 1321 expugnant:

2017 1304 2084 1361 Et
2122 1309 2213 1407 ubi
2240 1323 2323 1369 est
2350 1315 2451 1373 hoc
2471 1322 2690 1407 malum,
2711 1325 2815 1380 nisi
2840 1328 2893 1382 in
2918 1328 3090 1401 ipsis?
3112 1304 3272 1407 largo,
3303 1304 3442 1395 Aloi:

2014 1407 2087 1497 tat
2114 1401 2166 1454 in
2193 1406 2416 1470 me,‘ltoc
2454 1421 2527 1466 est
2566 1414 2621 1469 in
2654 1404 2811 1472 carne
2837 1435 2966 1490 mea,
2995 1401 3488 1497 bonundveracitcr
3515 1436 3598 1492 di-

2011 1489 2153 1545 citur
2177 1496 2324 1551 etab
2350 1498 2501 1569 ipsis.
2598 1516 2603 1521 '
2712 1512 2771 1521 "
2954 1489 2958 1490 ί
3110 1522 3115 1527 ·

2007 1764 2115 1819 sine
2143 1770 2379 1841 appetitu
2414 1784 2589 1832 mutuo
2610 1786 2658 1832 et
2688 1782 2800 1836 sine
2820 1799 2970 1854 opere
3000 1764 3226 1845 naturali
3264 1764 3592 1867 prepagatio:

2006 1868 2261 1953 nentesse
2292 1877 2394 1953 non
2429 1880 2592 1934 posse.
2637 1867 2904 1942 Numquid
2943 1884 3116 1934 tamen
3166 1896 3348 1953 negas,
3378 1885 3590 1943 sibimet

1974 1951 1981 1957 '
2004 1945 2166 2002 etiam
2194 1949 2468 2011 adulteros
2503 1959 2743 2027 appetitu
2786 1972 2971 2020 mutuo
2996 1975 3049 2022 et
3076 1945 3262 2038 opere.
3281 1945 3508 2029 naturali
3534 1984 3591 2032 et

2315 2047 2696 2107 commixtione
2724 2055 3013 2129 conjungi?
3056 2059 3176 2117 Non
3206 2072 3289 2119 est
3327 2080 3456 2138 ergo
3487 2069 3586 2124 ista

2010 2124 2250 2185 deﬁnitio
2289 2135 2624 2229 nnuptiarum.
2674 2142 2829 2200 Aliud
2874 2124 2959 2228 est
3006 2150 3150 2207 enim
3196 2154 3337 2225 quod
3388 2124 3588 2229 nuptiae

2001 2225 2146 2284 sunt,
2172 2229 2227 2275 et
2253 2221 2397 2279 aliud
2426 2235 2511 2282 est
2533 2230 2650 2286 sine
2677 2248 2785 2303 quo
2812 2224 2973 2292 etiam
3004 2221 3360 2311 nuptiaelilios
3388 2221 3584 2318 propa-

2001 2320 2262 2404 garenon
2303 2327 2546 2385 possunt.
2572 2320 2701 2378 Nam
2727 2335 2780 2381 et
2807 2327 2924 2384 sine
2952 2334 3151 2401 nuptiis
3176 2347 3397 2404 possunt
3434 2342 3580 2396 nasci

2004 2397 2265 2473 homines,
2280 2416 2336 2461 et
2362 2409 2479 2466 sine
2504 2426 2787 2484 corporum
2813 2424 3195 2481 commixtione
3220 2438 3443 2497 possunt
3463 2444 3584 2488 esse

1999 2493 2250 2588 conjuges
2286 2515 2299 2552 :
2342 2501 2576 2574 alioquin
2631 2522 2737 2562 non
2791 2520 2951 2568 erunt
3000 2493 3288 2588 conjuges,
3338 2530 3395 2575 ut
3447 2522 3580 2577 nihil

1999 2584 2141 2639 aliud
2185 2587 2379 2658 dicam,
2425 2604 2572 2651 certe
2619 2612 2740 2652 eum
2787 2604 3084 2673 senuerint,
3102 2584 3324 2679 sibique
3368 2612 3579 2666 misceri

1997 2677 2216 2771 vetnon
2259 2685 2550 2752 potuerint,
2578 2687 2661 2742 vel
2708 2689 2827 2746 sine
2869 2692 2965 2763 spe
3014 2677 3366 2767 suscipienda:
3412 2701 3579 2771 prolis

1995 2768 2305 2824 erubuerint
2331 2780 2491 2843 atque
2518 2776 2802 2834 noluerint.
2838 2782 2996 2838 Vides
3027 2799 3154 2857 ergo
3183 2803 3344 2858 quam
3383 2768 3572 2848 incon-

1995 2857 2223 2916 siderate
2250 2864 2460 2933 nuptias
2489 2865 2778 2935 deﬁnieris,
2810 2871 3035 2929 dicendo
3062 2857 3311 2932 cas‘aliud
3334 2897 3434 2934 non
3468 2897 3577 2937 esse

1993 2950 2094 3004 nisi
2124 2967 2393 3022 cor-parm
2426 2960 2851 3018 commixtioneltt.
2882 2963 3235 3023 Tolerabilius
3262 2968 3573 3029 forte-dicc-

1995 3053 2105 3104 res,
2134 3055 2247 3095 non
2266 3057 2358 3097 eas
2383 3044 2623 3102 inchoari
2652 3050 2754 3105 nisi
2796 3067 2895 3122 per
2916 3046 3202 3125 corporum
3227 3059 3571 3117 commixtio-

1967 3146 2115 3186 'nem
2146 3152 2162 3187 :
2190 3134 2312 3204 quia
2341 3135 2570 3194 filiorum
2602 3145 3059 3211 procreandorum
3082 3164 3239 3206 causa
3266 3144 3571 3224 ntiquedu-

1990 3230 2184 3312 cuntur
2221 3240 2444 3293 uxores,
2465 3238 2521 3284 et
2557 3230 2719 3287 aliter
2745 3249 2850 3289 non
2878 3246 3097 3306 possunt
3143 3239 3253 3295 lilii
3280 3246 3569 3312 procreari.

1989 3309 2095 3366 Sed
2140 3317 2455 3384 procreandi
2501 3332 2660 3375 causa
2710 3326 3021 3381 commixtio
3070 3309 3356 3399 corporum
3414 3333 3572 3389 aliter

1988 3415 2165 3472 quam
2196 3420 2340 3460 nunc
2381 3416 2463 3463 est
2511 3406 2719 3478 fuisset,
2765 3414 2809 3468 si
2863 3430 3020 3471 nemo
3072 3429 3363 3486 peccasset.
3418 3423 3572 3480 Absit

1987 3493 2131 3548 enim
2169 3505 2228 3549 ut
2268 3495 2643 3554 honestissima
2679 3501 2770 3556 illa
2809 3503 3031 3560 lelieitas
3059 3522 3112 3561 tn
3140 3510 3388 3581 paradiso
3423 3526 3570 3568 eom-

1987 3593 2148 3675 motat
2175 3584 2379 3641 libidini
2403 3602 2619 3659 semper
2646 3592 3070 3664 obtemperaret:
3102 3594 3238 3655 absit
3269 3610 3325 3656 ut
3352 3602 3439 3658 illa
3465 3617 3566 3675 pax

1986 3673 2153 3728 animi
2187 3684 2242 3730 et
2265 3680 2506 3746 corporis
2544 3678 2764 3737 haberet
2803 3683 3021 3754 aliquid,
3047 3696 3266 3759 promer
3299 3693 3439 3762 quod
3468 3673 3567 3750 ad-

1988 3776 2176 3851 versus
2216 3780 2279 3821 se
2305 3766 2475 3836 ipsam
2524 3769 2726 3839 prima‘
2775 3773 3007 3830 hominis
3047 3786 3235 3833 natura
3285 3793 3563 3851 pugnaret.

1987 3849 2043 3906 Si
2081 3867 2210 3924 ergo
2249 3854 2323 3910 ibi
2371 3871 2472 3912 nec
2511 3858 2851 3915 serviendum
2893 3862 3121 3932 libidini,
3165 3880 3267 3922 nec
3304 3849 3565 3927 adversus

1986 3957 2105 3999 eam
2145 3944 2447 4001 bellandum
2488 3947 2616 4016 fuit;
2644 3959 2736 4005 aut
2773 3966 2879 4007 non
2906 3950 2977 4009 ibi
3022 3955 3138 4021 fuit,
3164 3968 3253 4011 aut
3297 3974 3402 4014 non
3445 3961 3567 4017 talis

1985 4033 2157 4103 qualis
2198 4050 2340 4091 nunc
2378 4044 2462 4091 est
2501 4037 2619 4093 luit.
2651 4039 2802 4097 Nunc
2839 4043 2979 4098 enim
3010 4045 3211 4100 libidini
3241 4062 3459 4105 necesse
3482 4060 3567 4107 est

1988 4130 2046 4176 ut
2083 4132 2371 4194 repugnet,
2415 4127 2504 4196 qui
2552 4130 2756 4186 servire
2802 4132 3030 4188 noluerit
3064 4152 3080 4190 :
3126 4150 3345 4194 necesse
3386 4148 3468 4194 est
3506 4150 3566 4196 ut

1986 4211 2202 4280 serviat,
2229 4215 2321 4284 qui
2347 4222 2678 4287 repugnare”
2718 4220 3031 4291 neglexerit.
3072 4226 3308 4294 Quorum
3337 4228 3561 4285 duorum

1988 4317 2151 4357 unum
2176 4314 2258 4359 est
2283 4305 2587 4373 molestum,
2619 4310 2721 4365 etsi
2749 4311 3011 4371 laudabile
3038 4332 3054 4368 :
3084 4318 3307 4374 alterum
3335 4330 3562 4393 turpeet

1986 4393 2308 4451 miserabile.
2340 4395 2521 4467 itaque
2544 4398 2599 4454 in
2642 4398 2748 4472 hoc
2765 4402 2962 4461 saeculo
2999 4421 3167 4461 unum
3190 4407 3377 4466 horum
3399 4413 3561 4467 cistis

1985 4492 2069 4574 est
2083 4486 2467 4559 necessarium,
2484 4489 2539 4546 in
2565 4492 2811 4563 paradiso
2831 4505 3007 4552 autem
3026 4502 3560 4574 utrummeweatia

1985 4571 2158 4629 l‘ucrat
2182 4574 2437 4634 alienum.
3226 4571 3241 4574 v
3270 4610 3273 4611 '

2059 4664 2145 4720 (i3.
2188 4665 2295 4724 Sed
2325 4669 2518 4727 iterum
2554 4689 2638 4730 me
2675 4675 2810 4732 dicis
2837 4678 3561 4753 mibimetipsiessocontrs-

1985 4754 2148 4823 rium,
2180 4764 2470 4831 propositis
2507 4765 2751 4822 videlicet
2772 4769 2891 4823 aliis
2918 4773 3099 4828 verbis
3133 4775 3285 4842 meis,
3315 4775 3403 4831 ubi
3432 4791 3559 4846 pro-

1987 4848 2282 4918 pagationis
2301 4853 2580 4910 oﬂieiuma
2600 4858 2826 4913 carnalis
2849 4858 3215 4918 delectationis
3237 4865 3561 4934 appetitione

1987 4938 2319 5008 discernens,
2341 4943 2495 4998 Aliud
2511 4961 2619 5001 esse
2644 4948 2751 5003 dixi
2777 4963 2879 5004 non
2898 4954 3229 5008 concumbere
3254 4956 3352 5011 nisi
3378 4956 3558 5012 solun-

1990 5041 2091 5086 tate
2117 5036 2406 5104 generandi,
2432 5039 2567 5107 quod
2591 5056 2697 5094 non
2720 5040 2866 5095 habet
2891 5044 3130 5114 culpam;
3156 5047 3299 5100 aliud
3325 5063 3561 5104 concutis-

1988 5122 2151 5179 bendo
2178 5128 2344 5180 carnis
2371 5139 2608 5198 appetere
2638 5132 2962 5203 voluptatem,
2988 5137 3078 5190 sed
3098 5153 3208 5192 non
3228 5150 3410 5208 preter
3434 5156 3562 5196 con.

1979 5213 2178 5285 jugem,
2224 5218 2358 5284 quod
2401 5219 2647 5273 venialem
2692 5224 2840 5276 habet
2878 5224 3083 5296 culpant
3127 5225 3236 5296 (De
3270 5227 3484 5300 Nuptiis
3507 5244 3559 5288 et

1987 5302 2421 5376 Concupiscentia,
2449 5311 2539 5364 lib.
2569 5312 2623 5378 l,
2650 5329 2704 5367 η.
2730 5314 2841 5384 l7).
2886 5314 3031 5372 Nihil
3061 5317 3258 5375 habent
3301 5319 3408 5380 duo
3435 5322 3558 5391 ista,

1986 5407 2246 5467 quantum
2289 5416 2495 5456 mecum
2543 5418 2742 5460 omnes
2766 5405 2948 5465 vident
2986 5410 3078 5482 qui
3123 5426 3310 5469 verum
3357 5415 3558 5484 vident,

1988 5488 2130 5543 unde
2153 5504 2238 5544 me
2261 5490 2509 5545 ostendas
2526 5492 2651 5547 mihi
2684 5509 2804 5551 esse
2831 5501 3175 5557 contrarium.
3206 5503 3341 5559 Audi
3384 5514 3560 5562 tamen

1988 5578 2274 5636 idemidem
2293 5582 2444 5650 quod
2481 5598 2665 5639 eorum
2710 5589 2956 5646 sensibus
2998 5578 3311 5653 inculcatius
3350 5597 3559 5659 intimos

2055 5708 2159 5777 fin
2177 5708 2347 5759 decem
2370 5717 2461 5762 Mss
2483 5748 2498 5772 ,
2520 5711 2683 5777 primi.

2052 5772 2074 5802 ⁸
2107 5778 2204 5820 Am.
2227 5777 2297 5819 Fr.
2327 5779 2376 5822 et
2397 5772 2530 5836 3155.,"
2545 5790 2774 5840 pugnare.
