  <div class='ocr_page' id='page_1' title='image "/cluster/home/n/w/nwhite01/storage/ocr_20150623/44/hvd.32044069687945/415.png"; bbox 0 0 3972 6178; ppageno 0'>
   <div class='ocr_carea' id='block_1_1' title="bbox 454 440 2030 511">
    <p class='ocr_par' dir='ltr' id='par_1_1' title="bbox 454 440 2030 511">
     <span class='ocr_line' id='line_1_1' title="bbox 454 440 2030 511; baseline 0.004 -20"><span class='ocrx_word' id='word_1_1' title='bbox 454 447 560 501; x_wconf 87' lang='lat' dir='ltr'><strong>tur,</strong></span> <span class='ocrx_word' id='word_1_2' title='bbox 590 455 724 511; x_wconf 86' lang='lat' dir='ltr'><strong>quos</strong></span> <span class='ocrx_word' id='word_1_3' title='bbox 757 440 944 499; x_wconf 82' lang='lat' dir='ltr'><strong>fallere</strong></span> <span class='ocrx_word' id='word_1_4' title='bbox 982 443 1218 510; x_wconf 84' lang='lat' dir='ltr'><strong>all‘ectas.</strong></span> <span class='ocrx_word' id='word_1_5' title='bbox 1251 441 1602 506; x_wconf 82' lang='lat' dir='ltr'><strong>Calumniaris</strong></span> <span class='ocrx_word' id='word_1_6' title='bbox 1627 442 1792 509; x_wconf 85' lang='lat' dir='ltr'><strong>enim,</strong></span> <span class='ocrx_word' id='word_1_7' title='bbox 1821 458 1914 497; x_wconf 78' lang='lat' dir='ltr'><strong>nos</strong></span> <span class='ocrx_word' id='word_1_8' title='bbox 1937 457 2030 498; x_wconf 76' lang='lat' dir='ltr'><strong>er-</strong></span> 
     </span>
    </p>
   </div>
   <div class='ocr_carea' id='block_1_2' title="bbox 451 535 2026 608">
    <p class='ocr_par' dir='ltr' id='par_1_2' title="bbox 451 535 2026 608">
     <span class='ocr_line' id='line_1_2' title="bbox 451 535 2026 608; baseline 0.003 -22"><span class='ocrx_word' id='word_1_9' title='bbox 451 535 762 592; x_wconf 77' lang='lat' dir='ltr'><strong>cusau&#39;oncm</strong></span> <span class='ocrx_word' id='word_1_10' title='bbox 805 536 1026 605; x_wconf 74' lang='lat' dir='ltr'><strong>pra&#39;bere</strong></span> <span class='ocrx_word' id='word_1_11' title='bbox 1069 536 1299 608; x_wconf 74' lang='lat' dir='ltr'><strong>turpibus</strong></span> <span class='ocrx_word' id='word_1_12' title='bbox 1338 546 1387 592; x_wconf 81' lang='lat' dir='ltr'><strong>et</strong></span> <span class='ocrx_word' id='word_1_13' title='bbox 1431 537 1699 608; x_wconf 76' lang='lat' dir='ltr'><strong>ﬂagitiosis</strong></span> <span class='ocrx_word' id='word_1_14' title='bbox 1724 536 2026 600; x_wconf 73' lang='lat' dir='ltr'><strong>hautinibus,</strong></span> 
     </span>
    </p>
   </div>
   <div class='ocr_carea' id='block_1_3' title="bbox 449 624 2028 696">
    <p class='ocr_par' dir='ltr' id='par_1_3' title="bbox 449 624 2028 696">
     <span class='ocr_line' id='line_1_3' title="bbox 449 624 2028 696; baseline 0.004 -20"><span class='ocrx_word' id='word_1_15' title='bbox 449 636 507 676; x_wconf 81' lang='lat' dir='ltr'><strong>ut</strong></span> <span class='ocrx_word' id='word_1_16' title='bbox 533 639 646 680; x_wconf 76' lang='lat' dir='ltr'><strong>cum</strong></span> <span class='ocrx_word' id='word_1_17' title='bbox 673 624 886 696; x_wconf 76' lang='lat' dir='ltr'><strong>infanda</strong></span> <span class='ocrx_word' id='word_1_18' title='bbox 913 627 1173 684; x_wconf 83' lang='lat' dir='ltr'><strong>immunda</strong></span> <span class='ocrx_word' id='word_1_19' title='bbox 1202 629 1563 693; x_wconf 69' lang='lat' dir='ltr'><strong>commiserint,</strong></span> <span class='ocrx_word' id='word_1_20' title='bbox 1591 638 1770 682; x_wconf 78' lang='lat' dir='ltr'><strong>contra</strong></span> <span class='ocrx_word' id='word_1_21' title='bbox 1795 633 2028 683; x_wconf 69' lang='lat' dir='ltr'><strong>volunta-</strong></span> 
     </span>
    </p>
   </div>
   <div class='ocr_carea' id='block_1_4' title="bbox 446 715 2028 790">
    <p class='ocr_par' dir='ltr' id='par_1_4' title="bbox 446 715 2028 790">
     <span class='ocr_line' id='line_1_4' title="bbox 446 715 2028 790; baseline 0.004 -23"><span class='ocrx_word' id='word_1_22' title='bbox 446 721 546 768; x_wconf 79' lang='lat' dir='ltr'><strong>tem</strong></span> <span class='ocrx_word' id='word_1_23' title='bbox 570 730 624 790; x_wconf 71' lang='lat' dir='ltr'><strong>se</strong></span> <span class='ocrx_word' id='word_1_24' title='bbox 648 715 819 771; x_wconf 83' lang='lat' dir='ltr'><strong>dicant</strong></span> <span class='ocrx_word' id='word_1_25' title='bbox 859 719 1058 790; x_wconf 77' lang='lat' dir='ltr'><strong>fecisse,</strong></span> <span class='ocrx_word' id='word_1_26' title='bbox 1085 729 1134 774; x_wconf 86' lang='lat' dir='ltr'><strong>et</strong></span> <span class='ocrx_word' id='word_1_27' title='bbox 1157 719 1269 775; x_wconf 79' lang='lat' dir='ltr'><strong>ideo</strong></span> <span class='ocrx_word' id='word_1_28' title='bbox 1298 719 1495 774; x_wconf 79' lang='lat' dir='ltr'><strong>nullum</strong></span> <span class='ocrx_word' id='word_1_29' title='bbox 1531 719 1714 776; x_wconf 65' lang='lat' dir='ltr'><strong>habere</strong></span> <span class='ocrx_word' id='word_1_30' title='bbox 1739 729 1993 787; x_wconf 74' lang='lat' dir='ltr'><strong>peccatum</strong></span> <span class='ocrx_word' id='word_1_31' title='bbox 2009 736 2028 774; x_wconf 92' lang='lat'><strong><em>:</em></strong></span> 
     </span>
    </p>
   </div>
   <div class='ocr_carea' id='block_1_5' title="bbox 402 807 2028 885">
    <p class='ocr_par' dir='ltr' id='par_1_5' title="bbox 402 807 2028 885">
     <span class='ocr_line' id='line_1_5' title="bbox 402 807 2028 885; baseline 0.002 -21"><span class='ocrx_word' id='word_1_32' title='bbox 402 857 408 864; x_wconf 98' lang='lat'><strong>.</strong></span> <span class='ocrx_word' id='word_1_33' title='bbox 443 807 600 884; x_wconf 80' lang='lat' dir='ltr'><strong>quasi</strong></span> <span class='ocrx_word' id='word_1_34' title='bbox 660 823 758 866; x_wconf 87' lang='lat' dir='ltr'><strong>nos</strong></span> <span class='ocrx_word' id='word_1_35' title='bbox 806 825 912 883; x_wconf 77' lang='lat' dir='ltr'><strong>non</strong></span> <span class='ocrx_word' id='word_1_36' title='bbox 956 812 1122 885; x_wconf 75' lang='lat' dir='ltr'><strong>multo</strong></span> <span class='ocrx_word' id='word_1_37' title='bbox 1173 811 1409 880; x_wconf 76' lang='lat' dir='ltr'><strong>exertius</strong></span> <span class='ocrx_word' id='word_1_38' title='bbox 1449 811 1796 868; x_wconf 84' lang='lat' dir='ltr'><strong>adhortemur</strong></span> <span class='ocrx_word' id='word_1_39' title='bbox 1841 819 2028 868; x_wconf 84' lang='lat' dir='ltr'><strong>contra</strong></span> 
     </span>
    </p>
   </div>
   <div class='ocr_carea' id='block_1_6' title="bbox 444 897 2028 976">
    <p class='ocr_par' dir='ltr' id='par_1_6' title="bbox 444 897 2028 976">
     <span class='ocr_line' id='line_1_6' title="bbox 444 897 2028 976; baseline 0.005 -25"><span class='ocrx_word' id='word_1_40' title='bbox 444 897 717 955; x_wconf 82' lang='lat' dir='ltr'><strong>libidinem</strong></span> <span class='ocrx_word' id='word_1_41' title='bbox 745 914 867 958; x_wconf 86' lang='lat' dir='ltr'><strong>esse</strong></span> <span class='ocrx_word' id='word_1_42' title='bbox 903 902 1264 976; x_wconf 80' lang='lat' dir='ltr'><strong>pugnandum.</strong></span> <span class='ocrx_word' id='word_1_43' title='bbox 1306 901 1438 958; x_wconf 80' lang='lat' dir='ltr'><strong>Nam</strong></span> <span class='ocrx_word' id='word_1_44' title='bbox 1480 903 1524 958; x_wconf 90' lang='lat' dir='ltr'><strong>si</strong></span> <span class='ocrx_word' id='word_1_45' title='bbox 1551 917 1666 969; x_wconf 73' lang='lat' dir='ltr'><strong>vos,</strong></span> <span class='ocrx_word' id='word_1_46' title='bbox 1695 916 1818 958; x_wconf 87' lang='lat' dir='ltr'><strong>eum</strong></span> <span class='ocrx_word' id='word_1_47' title='bbox 1845 901 1896 958; x_wconf 87' lang='lat' dir='ltr'><strong>id</strong></span> <span class='ocrx_word' id='word_1_48' title='bbox 1927 902 2028 958; x_wconf 84' lang='lat' dir='ltr'><strong>bo-</strong></span> 
     </span>
    </p>
   </div>
   <div class='ocr_carea' id='block_1_7' title="bbox 443 991 2030 1068">
    <p class='ocr_par' dir='ltr' id='par_1_7' title="bbox 443 991 2030 1068">
     <span class='ocr_line' id='line_1_7' title="bbox 443 991 2030 1068; baseline 0.006 -26"><span class='ocrx_word' id='word_1_49' title='bbox 443 1002 571 1068; x_wconf 73' lang='lat' dir='ltr'><strong>num</strong></span> <span class='ocrx_word' id='word_1_50' title='bbox 598 1003 719 1044; x_wconf 83' lang='lat' dir='ltr'><strong>esse</strong></span> <span class='ocrx_word' id='word_1_51' title='bbox 753 991 964 1056; x_wconf 78' lang='lat' dir='ltr'><strong>dicatis,</strong></span> <span class='ocrx_word' id='word_1_52' title='bbox 994 1007 1099 1048; x_wconf 89' lang='lat' dir='ltr'><strong>non</strong></span> <span class='ocrx_word' id='word_1_53' title='bbox 1128 994 1288 1051; x_wconf 81' lang='lat' dir='ltr'><strong>vultis</strong></span> <span class='ocrx_word' id='word_1_54' title='bbox 1317 1003 1494 1058; x_wconf 83' lang='lat' dir='ltr'><strong>tamen</strong></span> <span class='ocrx_word' id='word_1_55' title='bbox 1535 1002 1592 1050; x_wconf 88' lang='lat' dir='ltr'><strong>ut</strong></span> <span class='ocrx_word' id='word_1_56' title='bbox 1617 1003 1796 1049; x_wconf 81' lang='lat' dir='ltr'><strong>vestra</strong></span> <span class='ocrx_word' id='word_1_57' title='bbox 1839 993 2030 1050; x_wconf 79' lang='lat' dir='ltr'><strong>adver-</strong></span> 
     </span>
    </p>
   </div>
   <div class='ocr_carea' id='block_1_8' title="bbox 442 1079 2028 1156">
    <p class='ocr_par' dir='ltr' id='par_1_8' title="bbox 442 1079 2028 1156">
     <span class='ocr_line' id='line_1_8' title="bbox 442 1079 2028 1156; baseline 0.006 -24"><span class='ocrx_word' id='word_1_58' title='bbox 442 1093 536 1141; x_wconf 87' lang='lat' dir='ltr'><strong>sus</strong></span> <span class='ocrx_word' id='word_1_59' title='bbox 593 1079 765 1136; x_wconf 67' lang='lat' dir='ltr'><strong>istud‘</strong></span> <span class='ocrx_word' id='word_1_60' title='bbox 815 1082 1012 1138; x_wconf 87' lang='lat' dir='ltr'><strong>bonum</strong></span> <span class='ocrx_word' id='word_1_61' title='bbox 1070 1085 1388 1155; x_wconf 74' lang='lat' dir='ltr'><strong>frigescere,</strong></span> <span class='ocrx_word' id='word_1_62' title='bbox 1437 1084 1520 1140; x_wconf 75' lang='lat' dir='ltr'><strong>vel</strong></span> <span class='ocrx_word' id='word_1_63' title='bbox 1567 1096 1712 1140; x_wconf 84' lang='lat' dir='ltr'><strong>certe</strong></span> <span class='ocrx_word' id='word_1_64' title='bbox 1757 1094 2028 1156; x_wconf 82' lang='lat' dir='ltr'><strong>tepescere</strong></span> 
     </span>
    </p>
   </div>
   <div class='ocr_carea' id='block_1_9' title="bbox 442 1169 2029 1247">
    <p class='ocr_par' dir='ltr' id='par_1_9' title="bbox 442 1169 2029 1247">
     <span class='ocr_line' id='line_1_9' title="bbox 442 1169 2029 1247; baseline 0.003 -19"><span class='ocrx_word' id='word_1_65' title='bbox 442 1169 582 1246; x_wconf 77' lang='lat' dir='ltr'><strong>bella</strong></span> <span class='ocrx_word' id='word_1_66' title='bbox 621 1172 903 1229; x_wconf 77' lang='lat' dir='ltr'><strong>credamus</strong></span> <span class='ocrx_word' id='word_1_67' title='bbox 929 1193 943 1229; x_wconf 87' lang='lat'><strong>:</strong></span> <span class='ocrx_word' id='word_1_68' title='bbox 973 1186 1172 1245; x_wconf 88' lang='lat' dir='ltr'><strong>quanto</strong></span> <span class='ocrx_word' id='word_1_69' title='bbox 1200 1175 1502 1247; x_wconf 65' lang='lat' dir='ltr'><strong>vigilantius</strong></span> <span class='ocrx_word' id='word_1_70' title='bbox 1524 1187 1578 1230; x_wconf 87' lang='lat' dir='ltr'><strong>et</strong></span> <span class='ocrx_word' id='word_1_71' title='bbox 1602 1175 1877 1232; x_wconf 75' lang='lat' dir='ltr'><strong>ardentius</strong></span> <span class='ocrx_word' id='word_1_72' title='bbox 1897 1193 2029 1232; x_wconf 82' lang='lat' dir='ltr'><strong>con-</strong></span> 
     </span>
    </p>
   </div>
   <div class='ocr_carea' id='block_1_10' title="bbox 441 1265 2026 1338">
    <p class='ocr_par' dir='ltr' id='par_1_10' title="bbox 441 1265 2026 1338">
     <span class='ocr_line' id='line_1_10' title="bbox 441 1265 2026 1338; baseline 0.004 -20"><span class='ocrx_word' id='word_1_73' title='bbox 441 1272 522 1318; x_wconf 81' lang='lat' dir='ltr'><strong>tra</strong></span> <span class='ocrx_word' id='word_1_74' title='bbox 573 1265 768 1318; x_wconf 86' lang='lat' dir='ltr'><strong>malum</strong></span> <span class='ocrx_word' id='word_1_75' title='bbox 829 1281 926 1320; x_wconf 79' lang='lat' dir='ltr'><strong>nos</strong></span> <span class='ocrx_word' id='word_1_76' title='bbox 971 1281 1254 1323; x_wconf 79' lang='lat' dir='ltr'><strong>censemus</strong></span> <span class='ocrx_word' id='word_1_77' title='bbox 1306 1282 1428 1324; x_wconf 83' lang='lat' dir='ltr'><strong>esse</strong></span> <span class='ocrx_word' id='word_1_78' title='bbox 1486 1267 1865 1338; x_wconf 68' lang='lat' dir='ltr'><strong>pugnandum?</strong></span> <span class='ocrx_word' id='word_1_79' title='bbox 1916 1267 2026 1324; x_wconf 81' lang='lat' dir='ltr'><strong>Nos</strong></span> 
     </span>
    </p>
   </div>
   <div class='ocr_carea' id='block_1_11' title="bbox 440 1353 2026 1428">
    <p class='ocr_par' dir='ltr' id='par_1_11' title="bbox 440 1353 2026 1428">
     <span class='ocr_line' id='line_1_11' title="bbox 440 1353 2026 1428; baseline 0.003 -21"><span class='ocrx_word' id='word_1_80' title='bbox 440 1353 668 1408; x_wconf 87' lang='lat' dir='ltr'><strong>dicimus</strong></span> <span class='ocrx_word' id='word_1_81' title='bbox 710 1354 838 1410; x_wconf 89' lang='lat' dir='ltr'><strong>illud</strong></span> <span class='ocrx_word' id='word_1_82' title='bbox 867 1371 988 1412; x_wconf 88' lang='lat' dir='ltr'><strong>esse</strong></span> <span class='ocrx_word' id='word_1_83' title='bbox 1031 1366 1215 1412; x_wconf 88' lang='lat' dir='ltr'><strong>contra</strong></span> <span class='ocrx_word' id='word_1_84' title='bbox 1261 1357 1619 1428; x_wconf 69' lang='lat' dir='ltr'><strong>voluntatem,</strong></span> <span class='ocrx_word' id='word_1_85' title='bbox 1642 1365 1701 1412; x_wconf 88' lang='lat' dir='ltr'><strong>ut</strong></span> <span class='ocrx_word' id='word_1_86' title='bbox 1743 1371 1870 1413; x_wconf 85' lang='lat' dir='ltr'><strong>caro</strong></span> <span class='ocrx_word' id='word_1_87' title='bbox 1897 1371 2026 1412; x_wconf 58' lang='lat' dir='ltr'><strong>con-</strong></span> 
     </span>
    </p>
   </div>
   <div class='ocr_carea' id='block_1_12' title="bbox 439 1447 2024 1520">
    <p class='ocr_par' dir='ltr' id='par_1_12' title="bbox 439 1447 2024 1520">
     <span class='ocr_line' id='line_1_12' title="bbox 439 1447 2024 1520; baseline 0.004 -20"><span class='ocrx_word' id='word_1_88' title='bbox 439 1447 679 1514; x_wconf 67' lang='lat' dir='ltr'><strong>cttpisvat</strong></span> <span class='ocrx_word' id='word_1_89' title='bbox 709 1448 965 1504; x_wconf 85' lang='lat' dir='ltr'><strong>adversus</strong></span> <span class='ocrx_word' id='word_1_90' title='bbox 1008 1450 1288 1517; x_wconf 78' lang='lat' dir='ltr'><strong>spiritum;</strong></span> <span class='ocrx_word' id='word_1_91' title='bbox 1349 1463 1453 1512; x_wconf 88' lang='lat' dir='ltr'><strong>non</strong></span> <span class='ocrx_word' id='word_1_92' title='bbox 1515 1447 1665 1511; x_wconf 86' lang='lat' dir='ltr'><strong>illud,</strong></span> <span class='ocrx_word' id='word_1_93' title='bbox 1706 1457 1766 1505; x_wconf 91' lang='lat' dir='ltr'><strong>nt</strong></span> <span class='ocrx_word' id='word_1_94' title='bbox 1807 1449 2024 1520; x_wconf 75' lang='lat' dir='ltr'><strong>spiritus</strong></span> 
     </span>
    </p>
   </div>
   <div class='ocr_carea' id='block_1_13' title="bbox 437 1536 2022 1618">
    <p class='ocr_par' dir='ltr' id='par_1_13' title="bbox 437 1536 2022 1618">
     <span class='ocr_line' id='line_1_13' title="bbox 437 1536 2022 1618; baseline 0.004 -29"><span class='ocrx_word' id='word_1_95' title='bbox 437 1536 696 1618; x_wconf 71' lang='lat' dir='ltr'><strong>adversus</strong></span> <span class='ocrx_word' id='word_1_96' title='bbox 723 1552 961 1605; x_wconf 75' lang='lat' dir='ltr'><strong>carnem.</strong></span> <span class='ocrx_word' id='word_1_97' title='bbox 995 1538 1098 1596; x_wconf 86' lang='lat' dir='ltr'><strong>Per</strong></span> <span class='ocrx_word' id='word_1_98' title='bbox 1121 1555 1279 1610; x_wconf 88' lang='lat' dir='ltr'><strong>quam</strong></span> <span class='ocrx_word' id='word_1_99' title='bbox 1317 1541 1801 1611; x_wconf 72' lang='lat' dir='ltr'><strong>concupiscentiam</strong></span> <span class='ocrx_word' id='word_1_100' title='bbox 1828 1540 2022 1596; x_wconf 88' lang='lat' dir='ltr'><strong>bonam</strong></span> 
     </span>
    </p>
   </div>
   <div class='ocr_carea' id='block_1_14' title="bbox 439 1627 2024 1702">
    <p class='ocr_par' dir='ltr' id='par_1_14' title="bbox 439 1627 2024 1702">
     <span class='ocr_line' id='line_1_14' title="bbox 439 1627 2024 1702; baseline 0.005 -20"><span class='ocrx_word' id='word_1_101' title='bbox 439 1627 519 1695; x_wconf 82' lang='lat' dir='ltr'><strong>fit,</strong></span> <span class='ocrx_word' id='word_1_102' title='bbox 551 1638 609 1683; x_wconf 93' lang='lat' dir='ltr'><strong>ut</strong></span> <span class='ocrx_word' id='word_1_103' title='bbox 663 1629 762 1684; x_wconf 87' lang='lat' dir='ltr'><strong>nisi</strong></span> <span class='ocrx_word' id='word_1_104' title='bbox 813 1645 972 1686; x_wconf 80' lang='lat' dir='ltr'><strong>causa</strong></span> <span class='ocrx_word' id='word_1_105' title='bbox 1009 1631 1299 1702; x_wconf 74' lang='lat' dir='ltr'><strong>generandi</strong></span> <span class='ocrx_word' id='word_1_106' title='bbox 1351 1646 1456 1688; x_wconf 90' lang='lat' dir='ltr'><strong>non</strong></span> <span class='ocrx_word' id='word_1_107' title='bbox 1509 1640 1726 1690; x_wconf 85' lang='lat' dir='ltr'><strong>utantur</strong></span> <span class='ocrx_word' id='word_1_108' title='bbox 1771 1632 2024 1702; x_wconf 84' lang='lat' dir='ltr'><strong>conjuges</strong></span> 
     </span>
    </p>
   </div>
   <div class='ocr_carea' id='block_1_15' title="bbox 435 1719 2020 1794">
    <p class='ocr_par' dir='ltr' id='par_1_15' title="bbox 435 1719 2020 1794">
     <span class='ocr_line' id='line_1_15' title="bbox 435 1719 2020 1794; baseline 0.004 -20"><span class='ocrx_word' id='word_1_109' title='bbox 435 1719 614 1778; x_wconf 67' lang='lat' dir='ltr'><strong>carinis</strong></span> <span class='ocrx_word' id='word_1_110' title='bbox 635 1720 878 1787; x_wconf 89' lang='lat' dir='ltr'><strong>libidine,</strong></span> <span class='ocrx_word' id='word_1_111' title='bbox 905 1737 972 1779; x_wconf 85' lang='lat' dir='ltr'><strong>ac</strong></span> <span class='ocrx_word' id='word_1_112' title='bbox 1012 1721 1091 1778; x_wconf 88' lang='lat' dir='ltr'><strong>sic</strong></span> <span class='ocrx_word' id='word_1_113' title='bbox 1133 1721 1273 1778; x_wconf 87' lang='lat' dir='ltr'><strong>malo</strong></span> <span class='ocrx_word' id='word_1_114' title='bbox 1302 1730 1522 1778; x_wconf 84' lang='lat' dir='ltr'><strong>utantur</strong></span> <span class='ocrx_word' id='word_1_115' title='bbox 1563 1724 1736 1789; x_wconf 88' lang='lat' dir='ltr'><strong>bene;</strong></span> <span class='ocrx_word' id='word_1_116' title='bbox 1764 1726 1853 1794; x_wconf 82' lang='lat' dir='ltr'><strong>qui</strong></span> <span class='ocrx_word' id='word_1_117' title='bbox 1895 1739 2020 1780; x_wconf 85' lang='lat' dir='ltr'><strong>usus</strong></span> 
     </span>
    </p>
   </div>
   <div class='ocr_carea' id='block_1_16' title="bbox 439 1808 2022 1884">
    <p class='ocr_par' dir='ltr' id='par_1_16' title="bbox 439 1808 2022 1884">
     <span class='ocr_line' id='line_1_16' title="bbox 439 1808 2022 1884; baseline 0.004 -20"><span class='ocrx_word' id='word_1_118' title='bbox 439 1808 611 1875; x_wconf 87' lang='lat' dir='ltr'><strong>bonus</strong></span> <span class='ocrx_word' id='word_1_119' title='bbox 638 1811 766 1866; x_wconf 88' lang='lat' dir='ltr'><strong>mali</strong></span> <span class='ocrx_word' id='word_1_120' title='bbox 797 1810 923 1880; x_wconf 87' lang='lat' dir='ltr'><strong>facit</strong></span> <span class='ocrx_word' id='word_1_121' title='bbox 963 1813 1244 1868; x_wconf 82' lang='lat' dir='ltr'><strong>honestum</strong></span> <span class='ocrx_word' id='word_1_122' title='bbox 1285 1814 1626 1873; x_wconf 77' lang='lat' dir='ltr'><strong>concubitum</strong></span> <span class='ocrx_word' id='word_1_123' title='bbox 1654 1829 1885 1884; x_wconf 83' lang='lat' dir='ltr'><strong>vereque</strong></span> <span class='ocrx_word' id='word_1_124' title='bbox 1924 1831 2022 1871; x_wconf 82' lang='lat' dir='ltr'><strong>nu-</strong></span> 
     </span>
    </p>
   </div>
   <div class='ocr_carea' id='block_1_17' title="bbox 436 1901 2024 1975">
    <p class='ocr_par' dir='ltr' id='par_1_17' title="bbox 436 1901 2024 1975">
     <span class='ocr_line' id='line_1_17' title="bbox 436 1901 2024 1975; baseline 0.003 -19"><span class='ocrx_word' id='word_1_125' title='bbox 436 1901 696 1972; x_wconf 85' lang='lat' dir='ltr'><strong>ptialem:</strong></span> <span class='ocrx_word' id='word_1_126' title='bbox 727 1903 1014 1974; x_wconf 81' lang='lat' dir='ltr'><strong>voluptatis</strong></span> <span class='ocrx_word' id='word_1_127' title='bbox 1056 1912 1232 1962; x_wconf 86' lang='lat' dir='ltr'><strong>autem</strong></span> <span class='ocrx_word' id='word_1_128' title='bbox 1280 1918 1468 1972; x_wconf 80' lang='lat' dir='ltr'><strong>causa,</strong></span> <span class='ocrx_word' id='word_1_129' title='bbox 1513 1920 1618 1962; x_wconf 82' lang='lat' dir='ltr'><strong>non</strong></span> <span class='ocrx_word' id='word_1_130' title='bbox 1668 1905 1855 1975; x_wconf 87' lang='lat' dir='ltr'><strong>prolis,</strong></span> <span class='ocrx_word' id='word_1_131' title='bbox 1897 1905 2024 1961; x_wconf 87' lang='lat' dir='ltr'><strong>facit</strong></span> 
     </span>
    </p>
   </div>
   <div class='ocr_carea' id='block_1_18' title="bbox 435 1994 2020 2066">
    <p class='ocr_par' dir='ltr' id='par_1_18' title="bbox 435 1994 2020 2066">
     <span class='ocr_line' id='line_1_18' title="bbox 435 1994 2020 2066; baseline 0.003 -18"><span class='ocrx_word' id='word_1_132' title='bbox 435 1994 777 2060; x_wconf 80' lang='lat' dir='ltr'><strong>concubitum</strong></span> <span class='ocrx_word' id='word_1_133' title='bbox 797 1994 1136 2065; x_wconf 82' lang='lat' dir='ltr'><strong>culpabilem,</strong></span> <span class='ocrx_word' id='word_1_134' title='bbox 1153 1994 1249 2052; x_wconf 87' lang='lat' dir='ltr'><strong>scd</strong></span> <span class='ocrx_word' id='word_1_135' title='bbox 1271 1995 1322 2050; x_wconf 91' lang='lat' dir='ltr'><strong>in</strong></span> <span class='ocrx_word' id='word_1_136' title='bbox 1345 1995 1570 2066; x_wconf 82' lang='lat' dir='ltr'><strong>conjuge</strong></span> <span class='ocrx_word' id='word_1_137' title='bbox 1588 1997 1872 2056; x_wconf 74' lang='lat' dir='ltr'><strong>venialem.</strong></span> <span class='ocrx_word' id='word_1_138' title='bbox 1895 1995 2020 2053; x_wconf 81' lang='lat' dir='ltr'><strong>ideo</strong></span> 
     </span>
    </p>
   </div>
   <div class='ocr_carea' id='block_1_19' title="bbox 434 2085 2020 2162">
    <p class='ocr_par' dir='ltr' id='par_1_19' title="bbox 434 2085 2020 2162">
     <span class='ocr_line' id='line_1_19' title="bbox 434 2085 2020 2162; baseline 0.004 -24"><span class='ocrx_word' id='word_1_139' title='bbox 434 2094 614 2162; x_wconf 75' lang='lat' dir='ltr'><strong>autem</strong></span> <span class='ocrx_word' id='word_1_140' title='bbox 653 2093 710 2140; x_wconf 88' lang='lat' dir='ltr'><strong>ct</strong></span> <span class='ocrx_word' id='word_1_141' title='bbox 751 2085 817 2140; x_wconf 90' lang='lat' dir='ltr'><strong>de</strong></span> <span class='ocrx_word' id='word_1_142' title='bbox 853 2085 1080 2142; x_wconf 87' lang='lat' dir='ltr'><strong>honesto</strong></span> <span class='ocrx_word' id='word_1_143' title='bbox 1115 2085 1400 2142; x_wconf 82' lang='lat' dir='ltr'><strong>concubitu</strong></span> <span class='ocrx_word' id='word_1_144' title='bbox 1441 2087 1532 2158; x_wconf 93' lang='lat' dir='ltr'><strong>qui</strong></span> <span class='ocrx_word' id='word_1_145' title='bbox 1575 2087 1828 2152; x_wconf 84' lang='lat' dir='ltr'><strong>nascitur,</strong></span> <span class='ocrx_word' id='word_1_146' title='bbox 1857 2088 2020 2144; x_wconf 78' lang='lat' dir='ltr'><strong>trahit</strong></span> 
     </span>
    </p>
   </div>
   <div class='ocr_carea' id='block_1_20' title="bbox 433 2176 2016 2256">
    <p class='ocr_par' dir='ltr' id='par_1_20' title="bbox 433 2176 2016 2256">
     <span class='ocr_line' id='line_1_20' title="bbox 433 2176 2016 2256; baseline 0.001 -24"><span class='ocrx_word' id='word_1_147' title='bbox 433 2176 576 2256; x_wconf 71' lang='lat' dir='ltr'><strong>quod</strong></span> <span class='ocrx_word' id='word_1_148' title='bbox 622 2178 954 2234; x_wconf 67' lang='lat' dir='ltr'><strong>renascendo</strong></span> <span class='ocrx_word' id='word_1_149' title='bbox 975 2177 1250 2244; x_wconf 85' lang='lat' dir='ltr'><strong>diluatur;</strong></span> <span class='ocrx_word' id='word_1_150' title='bbox 1291 2179 1414 2248; x_wconf 82' lang='lat' dir='ltr'><strong>quia</strong></span> <span class='ocrx_word' id='word_1_151' title='bbox 1441 2187 1496 2234; x_wconf 88' lang='lat' dir='ltr'><strong>ct</strong></span> <span class='ocrx_word' id='word_1_152' title='bbox 1529 2178 1580 2234; x_wconf 89' lang='lat' dir='ltr'><strong>in</strong></span> <span class='ocrx_word' id='word_1_153' title='bbox 1608 2179 1892 2236; x_wconf 86' lang='lat' dir='ltr'><strong>concubitu</strong></span> <span class='ocrx_word' id='word_1_154' title='bbox 1917 2179 2016 2235; x_wconf 87' lang='lat' dir='ltr'><strong>ho-</strong></span> 
     </span>
    </p>
   </div>
   <div class='ocr_carea' id='block_1_21' title="bbox 433 2267 2016 2340">
    <p class='ocr_par' dir='ltr' id='par_1_21' title="bbox 433 2267 2016 2340">
     <span class='ocr_line' id='line_1_21' title="bbox 433 2267 2016 2340; baseline 0.002 -19"><span class='ocrx_word' id='word_1_155' title='bbox 433 2278 587 2330; x_wconf 85' lang='lat' dir='ltr'><strong>nesto</strong></span> <span class='ocrx_word' id='word_1_156' title='bbox 617 2269 754 2325; x_wconf 91' lang='lat' dir='ltr'><strong>inest</strong></span> <span class='ocrx_word' id='word_1_157' title='bbox 783 2269 1002 2335; x_wconf 85' lang='lat' dir='ltr'><strong>malum,</strong></span> <span class='ocrx_word' id='word_1_158' title='bbox 1031 2284 1137 2338; x_wconf 87' lang='lat' dir='ltr'><strong>quo</strong></span> <span class='ocrx_word' id='word_1_159' title='bbox 1167 2269 1307 2324; x_wconf 85' lang='lat' dir='ltr'><strong>bene</strong></span> <span class='ocrx_word' id='word_1_160' title='bbox 1350 2269 1514 2324; x_wconf 85' lang='lat' dir='ltr'><strong>utitur</strong></span> <span class='ocrx_word' id='word_1_161' title='bbox 1557 2267 1766 2327; x_wconf 81' lang='lat' dir='ltr'><strong>bonitas</strong></span> <span class='ocrx_word' id='word_1_162' title='bbox 1807 2270 2016 2340; x_wconf 83' lang='lat' dir='ltr'><strong>nuptia-</strong></span> 
     </span>
    </p>
   </div>
   <div class='ocr_carea' id='block_1_22' title="bbox 433 2357 2016 2429">
    <p class='ocr_par' dir='ltr' id='par_1_22' title="bbox 433 2357 2016 2429">
     <span class='ocr_line' id='line_1_22' title="bbox 433 2357 2016 2429; baseline 0.001 -15"><span class='ocrx_word' id='word_1_163' title='bbox 433 2374 576 2428; x_wconf 79' lang='lat' dir='ltr'><strong>rum.</strong></span> <span class='ocrx_word' id='word_1_164' title='bbox 609 2357 715 2415; x_wconf 87' lang='lat' dir='ltr'><strong>Sed</strong></span> <span class='ocrx_word' id='word_1_165' title='bbox 745 2375 850 2414; x_wconf 90' lang='lat' dir='ltr'><strong>non</strong></span> <span class='ocrx_word' id='word_1_166' title='bbox 877 2359 1028 2414; x_wconf 86' lang='lat' dir='ltr'><strong>obest</strong></span> <span class='ocrx_word' id='word_1_167' title='bbox 1052 2359 1271 2426; x_wconf 77' lang='lat' dir='ltr'><strong>renatis,</strong></span> <span class='ocrx_word' id='word_1_168' title='bbox 1295 2359 1436 2429; x_wconf 82' lang='lat' dir='ltr'><strong>quod</strong></span> <span class='ocrx_word' id='word_1_169' title='bbox 1463 2361 1650 2415; x_wconf 82' lang='lat' dir='ltr'><strong>uberat</strong></span> <span class='ocrx_word' id='word_1_170' title='bbox 1674 2363 1832 2416; x_wconf 86' lang='lat' dir='ltr'><strong>natis.</strong></span> <span class='ocrx_word' id='word_1_171' title='bbox 1863 2359 2016 2417; x_wconf 83' lang='lat' dir='ltr'><strong>Unde</strong></span> 
     </span>
    </p>
   </div>
   <div class='ocr_carea' id='block_1_23' title="bbox 431 2449 2014 2521">
    <p class='ocr_par' dir='ltr' id='par_1_23' title="bbox 431 2449 2014 2521">
     <span class='ocr_line' id='line_1_23' title="bbox 431 2449 2014 2521; baseline 0.001 -17"><span class='ocrx_word' id='word_1_172' title='bbox 431 2451 493 2505; x_wconf 86' lang='lat' dir='ltr'><strong>tit</strong></span> <span class='ocrx_word' id='word_1_173' title='bbox 525 2464 882 2520; x_wconf 86' lang='lat' dir='ltr'><strong>consequens,</strong></span> <span class='ocrx_word' id='word_1_174' title='bbox 904 2459 961 2504; x_wconf 91' lang='lat' dir='ltr'><strong>ut</strong></span> <span class='ocrx_word' id='word_1_175' title='bbox 983 2451 1073 2521; x_wconf 89' lang='lat' dir='ltr'><strong>qui</strong></span> <span class='ocrx_word' id='word_1_176' title='bbox 1108 2465 1174 2506; x_wconf 77' lang='lat' dir='ltr'><strong>ex</strong></span> <span class='ocrx_word' id='word_1_177' title='bbox 1213 2449 1292 2505; x_wconf 90' lang='lat' dir='ltr'><strong>eis</strong></span> <span class='ocrx_word' id='word_1_178' title='bbox 1323 2451 1576 2518; x_wconf 84' lang='lat' dir='ltr'><strong>nascitur,</strong></span> <span class='ocrx_word' id='word_1_179' title='bbox 1608 2461 1661 2506; x_wconf 88' lang='lat' dir='ltr'><strong>et</strong></span> <span class='ocrx_word' id='word_1_180' title='bbox 1689 2451 1767 2505; x_wconf 91' lang='lat' dir='ltr'><strong>illi</strong></span> <span class='ocrx_word' id='word_1_181' title='bbox 1805 2451 1946 2507; x_wconf 84' lang='lat' dir='ltr'><strong>obsit</strong></span> <span class='ocrx_word' id='word_1_182' title='bbox 1967 2451 2014 2507; x_wconf 90' lang='lat' dir='ltr'><strong>si</strong></span> 
     </span>
    </p>
   </div>
   <div class='ocr_carea' id='block_1_24' title="bbox 433 2524 895 2612">
    <p class='ocr_par' dir='ltr' id='par_1_24' title="bbox 433 2524 895 2612">
     <span class='ocr_line' id='line_1_24' title="bbox 433 2524 895 2612; baseline 0 -19"><span class='ocrx_word' id='word_1_183' title='bbox 433 2524 542 2612; x_wconf 77' lang='lat' dir='ltr'><strong>non</strong></span> <span class='ocrx_word' id='word_1_184' title='bbox 567 2549 895 2608; x_wconf 74' lang='lat' dir='ltr'><strong>renascatur.</strong></span> 
     </span>
    </p>
   </div>
   <div class='ocr_carea' id='block_1_25' title="bbox 445 2617 2013 2712">
    <p class='ocr_par' dir='ltr' id='par_1_25' title="bbox 445 2617 2013 2712">
     <span class='ocr_line' id='line_1_25' title="bbox 445 2617 2013 2712; baseline -0.002 -21"><span class='ocrx_word' id='word_1_185' title='bbox 445 2617 451 2623; x_wconf 59' lang='grc'><strong>’</strong></span> <span class='ocrx_word' id='word_1_186' title='bbox 503 2633 590 2712; x_wconf 59' lang='lat' dir='ltr'><strong>6i.</strong></span> <span class='ocrx_word' id='word_1_187' title='bbox 634 2631 712 2687; x_wconf 84' lang='lat' dir='ltr'><strong>Tu</strong></span> <span class='ocrx_word' id='word_1_188' title='bbox 740 2645 868 2686; x_wconf 84' lang='lat' dir='ltr'><strong>sane</strong></span> <span class='ocrx_word' id='word_1_189' title='bbox 899 2631 1036 2686; x_wconf 86' lang='lat' dir='ltr'><strong>inter</strong></span> <span class='ocrx_word' id='word_1_190' title='bbox 1059 2629 1552 2701; x_wconf 74' lang='lat' dir='ltr'><strong>argumentationes</strong></span> <span class='ocrx_word' id='word_1_191' title='bbox 1581 2639 1716 2696; x_wconf 79' lang='lat' dir='ltr'><strong>tuas.</strong></span> <span class='ocrx_word' id='word_1_192' title='bbox 1746 2633 1936 2702; x_wconf 81' lang='lat' dir='ltr'><strong>quibus</strong></span> <span class='ocrx_word' id='word_1_193' title='bbox 1960 2642 2013 2688; x_wconf 88' lang='lat' dir='ltr'><strong>te</strong></span> 
     </span>
    </p>
   </div>
   <div class='ocr_carea' id='block_1_26' title="bbox 418 2721 2010 2800">
    <p class='ocr_par' dir='ltr' id='par_1_26' title="bbox 418 2721 2010 2800">
     <span class='ocr_line' id='line_1_26' title="bbox 418 2721 2010 2800; baseline 0.001 -24"><span class='ocrx_word' id='word_1_194' title='bbox 418 2721 951 2800; x_wconf 38' lang='lat' dir='ltr'><strong>inaniter‘adversus</strong></span> <span class='ocrx_word' id='word_1_195' title='bbox 991 2737 1110 2778; x_wconf 88' lang='lat' dir='ltr'><strong>mea</strong></span> <span class='ocrx_word' id='word_1_196' title='bbox 1153 2723 1314 2779; x_wconf 84' lang='lat' dir='ltr'><strong>verba</strong></span> <span class='ocrx_word' id='word_1_197' title='bbox 1338 2731 1682 2792; x_wconf 71' lang='lat' dir='ltr'><strong>contorqueo,</strong></span> <span class='ocrx_word' id='word_1_198' title='bbox 1724 2723 2010 2778; x_wconf 84' lang='lat' dir='ltr'><strong>identidem</strong></span> 
     </span>
    </p>
   </div>
   <div class='ocr_carea' id='block_1_27' title="bbox 428 2813 2012 2886">
    <p class='ocr_par' dir='ltr' id='par_1_27' title="bbox 428 2813 2012 2886">
     <span class='ocr_line' id='line_1_27' title="bbox 428 2813 2012 2886; baseline 0.001 -15"><span class='ocrx_word' id='word_1_199' title='bbox 428 2824 482 2878; x_wconf 79' lang='lat' dir='ltr'><strong>te</strong></span> <span class='ocrx_word' id='word_1_200' title='bbox 509 2814 824 2872; x_wconf 72' lang='lat' dir='ltr'><strong>ilanichmos</strong></span> <span class='ocrx_word' id='word_1_201' title='bbox 859 2815 1112 2884; x_wconf 81' lang='lat' dir='ltr'><strong>adjuvare</strong></span> <span class='ocrx_word' id='word_1_202' title='bbox 1159 2829 1264 2870; x_wconf 90' lang='lat' dir='ltr'><strong>non</strong></span> <span class='ocrx_word' id='word_1_203' title='bbox 1304 2815 1474 2870; x_wconf 86' lang='lat' dir='ltr'><strong>vides.</strong></span> <span class='ocrx_word' id='word_1_204' title='bbox 1517 2813 1640 2870; x_wconf 85' lang='lat' dir='ltr'><strong>Ideo</strong></span> <span class='ocrx_word' id='word_1_205' title='bbox 1677 2815 1874 2886; x_wconf 82' lang='lat' dir='ltr'><strong>quippe</strong></span> <span class='ocrx_word' id='word_1_206' title='bbox 1915 2815 2012 2872; x_wconf 84' lang='lat' dir='ltr'><strong>tibi</strong></span> 
     </span>
    </p>
   </div>
   <div class='ocr_carea' id='block_1_28' title="bbox 428 2911 2013 2986">
    <p class='ocr_par' dir='ltr' id='par_1_28' title="bbox 428 2911 2013 2986">
     <span class='ocr_line' id='line_1_28' title="bbox 428 2911 2013 2986; baseline 0.003 -21"><span class='ocrx_word' id='word_1_207' title='bbox 428 2911 640 2986; x_wconf 70' lang='lat' dir='ltr'><strong>videtur</strong></span> <span class='ocrx_word' id='word_1_208' title='bbox 665 2920 820 2966; x_wconf 86' lang='lat' dir='ltr'><strong>notus</strong></span> <span class='ocrx_word' id='word_1_209' title='bbox 847 2911 914 2966; x_wconf 87' lang='lat' dir='ltr'><strong>de</strong></span> <span class='ocrx_word' id='word_1_210' title='bbox 931 2912 1216 2977; x_wconf 74' lang='lat' dir='ltr'><strong>concubitu</strong></span> <span class='ocrx_word' id='word_1_211' title='bbox 1236 2913 1498 2983; x_wconf 74' lang='lat' dir='ltr'><strong>conjugali</strong></span> <span class='ocrx_word' id='word_1_212' title='bbox 1539 2927 1646 2968; x_wconf 85' lang='lat' dir='ltr'><strong>non</strong></span> <span class='ocrx_word' id='word_1_213' title='bbox 1666 2913 1876 2969; x_wconf 81' lang='lat' dir='ltr'><strong>trahere</strong></span> <span class='ocrx_word' id='word_1_214' title='bbox 1904 2915 2013 2970; x_wconf 88' lang='lat' dir='ltr'><strong>ori-</strong></span> 
     </span>
    </p>
   </div>
   <div class='ocr_carea' id='block_1_29' title="bbox 409 3001 2012 3074">
    <p class='ocr_par' dir='ltr' id='par_1_29' title="bbox 409 3001 2012 3074">
     <span class='ocr_line' id='line_1_29' title="bbox 409 3001 2012 3074; baseline 0.003 -20"><span class='ocrx_word' id='word_1_215' title='bbox 409 3001 604 3074; x_wconf 80' lang='lat' dir='ltr'><strong>.giuale</strong></span> <span class='ocrx_word' id='word_1_216' title='bbox 647 3011 943 3072; x_wconf 86' lang='lat' dir='ltr'><strong>peccatum,</strong></span> <span class='ocrx_word' id='word_1_217' title='bbox 975 3003 1096 3072; x_wconf 84' lang='lat' dir='ltr'><strong>quia</strong></span> <span class='ocrx_word' id='word_1_218' title='bbox 1133 3003 1197 3056; x_wconf 79' lang='lat' dir='ltr'><strong>de</strong></span> <span class='ocrx_word' id='word_1_219' title='bbox 1238 3005 1334 3058; x_wconf 78' lang='lat' dir='ltr'><strong>hoc</strong></span> <span class='ocrx_word' id='word_1_220' title='bbox 1371 3019 1520 3074; x_wconf 63' lang='lat' dir='ltr'><strong>apere</strong></span> <span class='ocrx_word' id='word_1_221' title='bbox 1541 3006 1678 3074; x_wconf 82' lang='lat' dir='ltr'><strong>quod</strong></span> <span class='ocrx_word' id='word_1_222' title='bbox 1719 3021 1820 3059; x_wconf 82' lang='lat' dir='ltr'><strong>non</strong></span> <span class='ocrx_word' id='word_1_223' title='bbox 1864 3005 2012 3060; x_wconf 73' lang='lat' dir='ltr'><strong>habet</strong></span> 
     </span>
    </p>
   </div>
   <div class='ocr_carea' id='block_1_30' title="bbox 425 3084 2011 3166">
    <p class='ocr_par' dir='ltr' id='par_1_30' title="bbox 425 3084 2011 3166">
     <span class='ocr_line' id='line_1_30' title="bbox 425 3084 2011 3166; baseline 0.005 -22"><span class='ocrx_word' id='word_1_224' title='bbox 425 3084 653 3161; x_wconf 76' lang='lat' dir='ltr'><strong>culpam,</strong></span> <span class='ocrx_word' id='word_1_225' title='bbox 681 3093 843 3155; x_wconf 74' lang='lat' dir='ltr'><strong>nasci,</strong></span> <span class='ocrx_word' id='word_1_226' title='bbox 869 3093 1005 3148; x_wconf 84' lang='lat' dir='ltr'><strong>sicut</strong></span> <span class='ocrx_word' id='word_1_227' title='bbox 1031 3092 1187 3159; x_wconf 82' lang='lat' dir='ltr'><strong>dicis,</strong></span> <span class='ocrx_word' id='word_1_228' title='bbox 1223 3093 1378 3163; x_wconf 79' lang='lat' dir='ltr'><strong>culpo</strong></span> <span class='ocrx_word' id='word_1_229' title='bbox 1405 3111 1507 3149; x_wconf 84' lang='lat' dir='ltr'><strong>non</strong></span> <span class='ocrx_word' id='word_1_230' title='bbox 1542 3102 1718 3166; x_wconf 76' lang='lat' dir='ltr'><strong>potest.</strong></span> <span class='ocrx_word' id='word_1_231' title='bbox 1747 3092 1856 3151; x_wconf 83' lang='lat' dir='ltr'><strong>Cur</strong></span> <span class='ocrx_word' id='word_1_232' title='bbox 1877 3109 2011 3166; x_wconf 71' lang='lat' dir='ltr'><strong>ergo</strong></span> 
     </span>
    </p>
   </div>
   <div class='ocr_carea' id='block_1_31' title="bbox 425 3181 2008 3255">
    <p class='ocr_par' dir='ltr' id='par_1_31' title="bbox 425 3181 2008 3255">
     <span class='ocr_line' id='line_1_31' title="bbox 425 3181 2008 3255; baseline 0.003 -18"><span class='ocrx_word' id='word_1_233' title='bbox 425 3181 498 3237; x_wconf 79' lang='lat' dir='ltr'><strong>de</strong></span> <span class='ocrx_word' id='word_1_234' title='bbox 514 3197 680 3250; x_wconf 82' lang='lat' dir='ltr'><strong>opere</strong></span> <span class='ocrx_word' id='word_1_235' title='bbox 711 3181 802 3236; x_wconf 78' lang='lat' dir='ltr'><strong>llci</strong></span> <span class='ocrx_word' id='word_1_236' title='bbox 817 3181 958 3250; x_wconf 84' lang='lat' dir='ltr'><strong>quod</strong></span> <span class='ocrx_word' id='word_1_237' title='bbox 985 3197 1090 3254; x_wconf 86' lang='lat' dir='ltr'><strong>non</strong></span> <span class='ocrx_word' id='word_1_238' title='bbox 1117 3183 1345 3238; x_wconf 69' lang='lat' dir='ltr'><strong>habebat</strong></span> <span class='ocrx_word' id='word_1_239' title='bbox 1361 3184 1594 3253; x_wconf 87' lang='lat' dir='ltr'><strong>culpam,</strong></span> <span class='ocrx_word' id='word_1_240' title='bbox 1613 3193 1732 3240; x_wconf 87' lang='lat' dir='ltr'><strong>nata</strong></span> <span class='ocrx_word' id='word_1_241' title='bbox 1753 3193 1840 3241; x_wconf 84' lang='lat' dir='ltr'><strong>cst</strong></span> <span class='ocrx_word' id='word_1_242' title='bbox 1856 3185 2008 3255; x_wconf 74' lang='lat' dir='ltr'><strong>culpa</strong></span> 
     </span>
    </p>
   </div>
   <div class='ocr_carea' id='block_1_32' title="bbox 425 3256 2006 3350">
    <p class='ocr_par' dir='ltr' id='par_1_32' title="bbox 425 3256 2006 3350">
     <span class='ocr_line' id='line_1_32' title="bbox 425 3256 2006 3350; baseline 0.001 -22"><span class='ocrx_word' id='word_1_243' title='bbox 425 3273 625 3343; x_wconf 81' lang='lat' dir='ltr'><strong>angeli,</strong></span> <span class='ocrx_word' id='word_1_244' title='bbox 651 3281 774 3328; x_wconf 85' lang='lat' dir='ltr'><strong>nata</strong></span> <span class='ocrx_word' id='word_1_245' title='bbox 803 3272 960 3350; x_wconf 76' lang='lat' dir='ltr'><strong>culpa</strong></span> <span class='ocrx_word' id='word_1_246' title='bbox 986 3273 1260 3330; x_wconf 72' lang='lat' dir='ltr'><strong>hominis?</strong></span> <span class='ocrx_word' id='word_1_247' title='bbox 1297 3256 1486 3342; x_wconf 75' lang='lat' dir='ltr'><strong>Cernis</strong></span> <span class='ocrx_word' id='word_1_248' title='bbox 1517 3282 1768 3344; x_wconf 85' lang='lat' dir='ltr'><strong>quantum</strong></span> <span class='ocrx_word' id='word_1_249' title='bbox 1793 3275 1872 3331; x_wconf 88' lang='lat' dir='ltr'><strong>eis</strong></span> <span class='ocrx_word' id='word_1_250' title='bbox 1893 3277 2006 3330; x_wconf 88' lang='lat' dir='ltr'><strong>suf-</strong></span> 
     </span>
    </p>
   </div>
   <div class='ocr_carea' id='block_1_33' title="bbox 426 3363 2008 3442">
    <p class='ocr_par' dir='ltr' id='par_1_33' title="bbox 426 3363 2008 3442">
     <span class='ocr_line' id='line_1_33' title="bbox 426 3363 2008 3442; baseline 0.003 -22"><span class='ocrx_word' id='word_1_251' title='bbox 426 3363 671 3434; x_wconf 79' lang='lat' dir='ltr'><strong>(rugcris,</strong></span> <span class='ocrx_word' id='word_1_252' title='bbox 695 3377 924 3434; x_wconf 84' lang='lat' dir='ltr'><strong>quorum</strong></span> <span class='ocrx_word' id='word_1_253' title='bbox 953 3363 1305 3422; x_wconf 81' lang='lat' dir='ltr'><strong>detestatione</strong></span> <span class='ocrx_word' id='word_1_254' title='bbox 1331 3365 1544 3442; x_wconf 73' lang='lat' dir='ltr'><strong>conaris</strong></span> <span class='ocrx_word' id='word_1_255' title='bbox 1563 3364 1836 3436; x_wconf 71' lang='lat' dir='ltr'><strong>obtegere,</strong></span> <span class='ocrx_word' id='word_1_256' title='bbox 1865 3366 2008 3437; x_wconf 82' lang='lat' dir='ltr'><strong>quod</strong></span> 
     </span>
    </p>
   </div>
   <div class='ocr_carea' id='block_1_34' title="bbox 406 3441 2005 3516">
    <p class='ocr_par' dir='ltr' id='par_1_34' title="bbox 406 3441 2005 3516">
     <span class='ocr_line' id='line_1_34' title="bbox 406 3441 2005 3516; baseline 0.008 -12"><span class='ocrx_word' id='word_1_257' title='bbox 406 3441 682 3510; x_wconf 60' lang='lat' dir='ltr'><strong>adversus</strong></span> <span class='ocrx_word' id='word_1_258' title='bbox 706 3454 1022 3511; x_wconf 77' lang='lat' dir='ltr'><strong>catholicam</strong></span> <span class='ocrx_word' id='word_1_259' title='bbox 1064 3454 1221 3512; x_wconf 83' lang='lat' dir='ltr'><strong>ﬁdem</strong></span> <span class='ocrx_word' id='word_1_260' title='bbox 1259 3441 1682 3513; x_wconf 82' lang='lat' dir='ltr'><strong>fundatissimam</strong></span> <span class='ocrx_word' id='word_1_261' title='bbox 1719 3459 1908 3515; x_wconf 81' lang='lat' dir='ltr'><strong>sontis.</strong></span> <span class='ocrx_word' id='word_1_262' title='bbox 1950 3460 2005 3516; x_wconf 90' lang='lat' dir='ltr'><strong>Si</strong></span> 
     </span>
    </p>
   </div>
   <div class='ocr_carea' id='block_1_35' title="bbox 423 3533 2007 3627">
    <p class='ocr_par' dir='ltr' id='par_1_35' title="bbox 423 3533 2007 3627">
     <span class='ocr_line' id='line_1_35' title="bbox 423 3533 2007 3627; baseline 0.004 -29"><span class='ocrx_word' id='word_1_263' title='bbox 423 3533 568 3627; x_wconf 70' lang='lat' dir='ltr'><strong>enim</strong></span> <span class='ocrx_word' id='word_1_264' title='bbox 595 3544 886 3600; x_wconf 69' lang='lat' dir='ltr'><strong>Secundum</strong></span> <span class='ocrx_word' id='word_1_265' title='bbox 907 3543 1232 3627; x_wconf 65' lang='lat' dir='ltr'><strong>(infinitivum</strong></span> <span class='ocrx_word' id='word_1_266' title='bbox 1259 3549 1462 3616; x_wconf 76' lang='lat' dir='ltr'><strong>tuam&#39;,</strong></span> <span class='ocrx_word' id='word_1_267' title='bbox 1487 3547 1552 3602; x_wconf 81' lang='lat' dir='ltr'><strong>de</strong></span> <span class='ocrx_word' id='word_1_268' title='bbox 1578 3547 1674 3603; x_wconf 72' lang='lat' dir='ltr'><strong>hoc</strong></span> <span class='ocrx_word' id='word_1_269' title='bbox 1693 3561 1846 3618; x_wconf 79' lang='lat' dir='ltr'><strong>opere</strong></span> <span class='ocrx_word' id='word_1_270' title='bbox 1869 3549 2007 3619; x_wconf 80' lang='lat' dir='ltr'><strong>quod</strong></span> 
     </span>
    </p>
   </div>
   <div class='ocr_carea' id='block_1_36' title="bbox 409 3634 2004 3712">
    <p class='ocr_par' dir='ltr' id='par_1_36' title="bbox 409 3634 2004 3712">
     <span class='ocr_line' id='line_1_36' title="bbox 409 3634 2004 3712; baseline 0.006 -26"><span class='ocrx_word' id='word_1_271' title='bbox 409 3651 529 3710; x_wconf 71' lang='lat' dir='ltr'><strong>.uon</strong></span> <span class='ocrx_word' id='word_1_272' title='bbox 566 3634 713 3695; x_wconf 71' lang='lat' dir='ltr'><strong>habet</strong></span> <span class='ocrx_word' id='word_1_273' title='bbox 731 3637 956 3707; x_wconf 80' lang='lat' dir='ltr'><strong>culpam,</strong></span> <span class='ocrx_word' id='word_1_274' title='bbox 985 3638 1128 3712; x_wconf 80' lang='lat' dir='ltr'><strong>nosci</strong></span> <span class='ocrx_word' id='word_1_275' title='bbox 1152 3637 1305 3708; x_wconf 80' lang='lat' dir='ltr'><strong>culpa</strong></span> <span class='ocrx_word' id='word_1_276' title='bbox 1329 3653 1430 3692; x_wconf 79' lang='lat' dir='ltr'><strong>non</strong></span> <span class='ocrx_word' id='word_1_277' title='bbox 1468 3647 1665 3708; x_wconf 76' lang='lat' dir='ltr'><strong>potest;</strong></span> <span class='ocrx_word' id='word_1_278' title='bbox 1695 3654 1824 3694; x_wconf 88' lang='lat' dir='ltr'><strong>ecce</strong></span> <span class='ocrx_word' id='word_1_279' title='bbox 1861 3640 2004 3695; x_wconf 80' lang='lat' dir='ltr'><strong>nulla</strong></span> 
     </span>
    </p>
   </div>
   <div class='ocr_carea' id='block_1_37' title="bbox 407 3728 2006 3804">
    <p class='ocr_par' dir='ltr' id='par_1_37' title="bbox 407 3728 2006 3804">
     <span class='ocr_line' id='line_1_37' title="bbox 407 3728 2006 3804; baseline 0 -18"><span class='ocrx_word' id='word_1_280' title='bbox 613 3729 703 3784; x_wconf 84' lang='lat' dir='ltr'><strong>Dei</strong></span> <span class='ocrx_word' id='word_1_281' title='bbox 727 3728 923 3784; x_wconf 85' lang='lat' dir='ltr'><strong>habent</strong></span> <span class='ocrx_word' id='word_1_282' title='bbox 942 3729 1191 3799; x_wconf 79' lang='lat' dir='ltr'><strong>cuipam:</strong></span> <span class='ocrx_word' id='word_1_283' title='bbox 1220 3729 1360 3798; x_wconf 81' lang='lat' dir='ltr'><strong>unde</strong></span> <span class='ocrx_word' id='word_1_284' title='bbox 1387 3731 1544 3800; x_wconf 80' lang='lat' dir='ltr'><strong>igitur</strong></span> <span class='ocrx_word' id='word_1_285' title='bbox 1559 3731 1714 3800; x_wconf 86' lang='lat' dir='ltr'><strong>culpa</strong></span> <span class='ocrx_word' id='word_1_286' title='bbox 1741 3739 1862 3787; x_wconf 80' lang='lat' dir='ltr'><strong>nats</strong></span> <span class='ocrx_word' id='word_1_287' title='bbox 1886 3743 1964 3788; x_wconf 87' lang='lat' dir='ltr'><strong>est</strong></span> <span class='ocrx_word' id='word_1_288' title='bbox 1980 3733 2006 3786; x_wconf 68' lang='grc' dir='ltr'><strong>’ἒ</strong></span> 
     </span>
    </p>
   </div>
   <div class='ocr_carea' id='block_1_38' title="bbox 424 3817 2005 3888">
    <p class='ocr_par' dir='ltr' id='par_1_38' title="bbox 424 3817 2005 3888">
     <span class='ocr_line' id='line_1_38' title="bbox 424 3817 2005 3888; baseline 0.003 -16"><span class='ocrx_word' id='word_1_289' title='bbox 424 3817 523 3886; x_wconf 77' lang='lat' dir='ltr'><strong>llic</strong></span> <span class='ocrx_word' id='word_1_290' title='bbox 561 3817 902 3884; x_wconf 72' lang='lat' dir='ltr'><strong>Ilanichteus,</strong></span> <span class='ocrx_word' id='word_1_291' title='bbox 933 3825 986 3874; x_wconf 82' lang='lat' dir='ltr'><strong>te</strong></span> <span class='ocrx_word' id='word_1_292' title='bbox 1019 3818 1328 3887; x_wconf 80' lang='lat' dir='ltr'><strong>atljnvante,</strong></span> <span class='ocrx_word' id='word_1_293' title='bbox 1364 3819 1523 3881; x_wconf 79' lang='lat' dir='ltr'><strong>aliam</strong></span> <span class='ocrx_word' id='word_1_294' title='bbox 1561 3830 1828 3888; x_wconf 70' lang='lat' dir='ltr'><strong>annnam,</strong></span> <span class='ocrx_word' id='word_1_295' title='bbox 1867 3821 2005 3878; x_wconf 86' lang='lat' dir='ltr'><strong>sicut</strong></span> 
     </span>
    </p>
   </div>
   <div class='ocr_carea' id='block_1_39' title="bbox 423 3899 2002 3988">
    <p class='ocr_par' dir='ltr' id='par_1_39' title="bbox 423 3899 2002 3988">
     <span class='ocr_line' id='line_1_39' title="bbox 423 3899 2002 3988; baseline 0.001 -24"><span class='ocrx_word' id='word_1_296' title='bbox 423 3904 640 3988; x_wconf 71' lang='lat' dir='ltr'><strong>desipit,</strong></span> <span class='ocrx_word' id='word_1_297' title='bbox 680 3907 876 3962; x_wconf 88' lang='lat' dir='ltr'><strong>malam</strong></span> <span class='ocrx_word' id='word_1_298' title='bbox 915 3907 1132 3982; x_wconf 73' lang='lat' dir='ltr'><strong>molitur</strong></span> <span class='ocrx_word' id='word_1_299' title='bbox 1177 3899 1448 3973; x_wconf 83' lang='lat' dir='ltr'><strong>inducere.</strong></span> <span class='ocrx_word' id='word_1_300' title='bbox 1482 3917 1540 3962; x_wconf 90' lang='lat' dir='ltr'><strong>ut</strong></span> <span class='ocrx_word' id='word_1_301' title='bbox 1577 3909 1648 3963; x_wconf 88' lang='lat' dir='ltr'><strong>sit</strong></span> <span class='ocrx_word' id='word_1_302' title='bbox 1673 3909 1812 3964; x_wconf 84' lang='lat' dir='ltr'><strong>unde</strong></span> <span class='ocrx_word' id='word_1_303' title='bbox 1849 3911 2002 3981; x_wconf 84' lang='lat' dir='ltr'><strong>culpa</strong></span> 
     </span>
    </p>
   </div>
   <div class='ocr_carea' id='block_1_40' title="bbox 425 3997 2000 4068">
    <p class='ocr_par' dir='ltr' id='par_1_40' title="bbox 425 3997 2000 4068">
     <span class='ocr_line' id='line_1_40' title="bbox 425 3997 2000 4068; baseline 0.004 -18"><span class='ocrx_word' id='word_1_304' title='bbox 425 4007 548 4052; x_wconf 84' lang='lat' dir='ltr'><strong>nata</strong></span> <span class='ocrx_word' id='word_1_305' title='bbox 579 4010 700 4052; x_wconf 83' lang='lat' dir='ltr'><strong>esse</strong></span> <span class='ocrx_word' id='word_1_306' title='bbox 726 3997 1012 4053; x_wconf 82' lang='lat' dir='ltr'><strong>credatur:</strong></span> <span class='ocrx_word' id='word_1_307' title='bbox 1040 3997 1162 4066; x_wconf 86' lang='lat' dir='ltr'><strong>quia</strong></span> <span class='ocrx_word' id='word_1_308' title='bbox 1186 3998 1251 4052; x_wconf 68' lang='lat' dir='ltr'><strong>de</strong></span> <span class='ocrx_word' id='word_1_309' title='bbox 1273 4011 1424 4068; x_wconf 69' lang='lat' dir='ltr'><strong>opere</strong></span> <span class='ocrx_word' id='word_1_310' title='bbox 1447 3997 1564 4063; x_wconf 68' lang='lat' dir='ltr'><strong>Dei,</strong></span> <span class='ocrx_word' id='word_1_311' title='bbox 1595 4000 1888 4055; x_wconf 79' lang='lat' dir='ltr'><strong>secundum</strong></span> <span class='ocrx_word' id='word_1_312' title='bbox 1915 4009 2000 4056; x_wconf 86' lang='lat' dir='ltr'><strong>tua</strong></span> 
     </span>
    </p>
   </div>
   <div class='ocr_carea' id='block_1_41' title="bbox 422 4088 2004 4167">
    <p class='ocr_par' dir='ltr' id='par_1_41' title="bbox 422 4088 2004 4167">
     <span class='ocr_line' id='line_1_41' title="bbox 422 4088 2004 4167; baseline 0.003 -25"><span class='ocrx_word' id='word_1_313' title='bbox 422 4088 604 4165; x_wconf 72' lang='lat' dir='ltr'><strong>verba,</strong></span> <span class='ocrx_word' id='word_1_314' title='bbox 623 4088 776 4160; x_wconf 74' lang='lat' dir='ltr'><strong>culpa</strong></span> <span class='ocrx_word' id='word_1_315' title='bbox 803 4105 903 4144; x_wconf 80' lang='lat' dir='ltr'><strong>non</strong></span> <span class='ocrx_word' id='word_1_316' title='bbox 929 4090 1170 4144; x_wconf 78' lang='lat' dir='ltr'><strong>nascitur.</strong></span> <span class='ocrx_word' id='word_1_317' title='bbox 1188 4089 1450 4160; x_wconf 82' lang='lat' dir='ltr'><strong>Numquid</strong></span> <span class='ocrx_word' id='word_1_318' title='bbox 1475 4100 1648 4161; x_wconf 82' lang='lat' dir='ltr'><strong>potest</strong></span> <span class='ocrx_word' id='word_1_319' title='bbox 1676 4091 1814 4148; x_wconf 82' lang='lat' dir='ltr'><strong>vinci</strong></span> <span class='ocrx_word' id='word_1_320' title='bbox 1839 4091 2004 4167; x_wconf 70' lang='lat' dir='ltr'><strong>Mani-</strong></span> 
     </span>
    </p>
   </div>
   <div class='ocr_carea' id='block_1_42' title="bbox 423 4180 2002 4258">
    <p class='ocr_par' dir='ltr' id='par_1_42' title="bbox 423 4180 2002 4258">
     <span class='ocr_line' id='line_1_42' title="bbox 423 4180 2002 4258; baseline 0.006 -26"><span class='ocrx_word' id='word_1_321' title='bbox 423 4181 627 4258; x_wconf 68' lang='lat' dir='ltr'><strong>elta&#39;us,</strong></span> <span class='ocrx_word' id='word_1_322' title='bbox 648 4180 748 4234; x_wconf 87' lang='lat' dir='ltr'><strong>nisi</strong></span> <span class='ocrx_word' id='word_1_323' title='bbox 773 4195 894 4236; x_wconf 82' lang='lat' dir='ltr'><strong>cum</strong></span> <span class='ocrx_word' id='word_1_324' title='bbox 921 4180 1013 4236; x_wconf 78' lang='lat' dir='ltr'><strong>illo</strong></span> <span class='ocrx_word' id='word_1_325' title='bbox 1035 4190 1090 4236; x_wconf 88' lang='lat' dir='ltr'><strong>et</strong></span> <span class='ocrx_word' id='word_1_326' title='bbox 1115 4182 1230 4254; x_wconf 63' lang='lat' dir='ltr'><strong>ipse</strong></span> <span class='ocrx_word' id='word_1_327' title='bbox 1258 4181 1484 4254; x_wconf 61' lang='lat' dir='ltr'><strong>vincatis</strong></span> <span class='ocrx_word' id='word_1_328' title='bbox 1498 4183 1524 4236; x_wconf 71' lang='grc' dir='ltr'>τ</span> <span class='ocrx_word' id='word_1_329' title='bbox 1549 4183 1681 4252; x_wconf 80' lang='lat' dir='ltr'><strong>Quia</strong></span> <span class='ocrx_word' id='word_1_330' title='bbox 1705 4193 1762 4240; x_wconf 82' lang='lat' dir='ltr'><strong>et</strong></span> <span class='ocrx_word' id='word_1_331' title='bbox 1782 4185 2002 4255; x_wconf 80' lang='lat' dir='ltr'><strong>angelus</strong></span> 
     </span>
    </p>
   </div>
   <div class='ocr_carea' id='block_1_43' title="bbox 425 4271 2002 4352">
    <p class='ocr_par' dir='ltr' id='par_1_43' title="bbox 425 4271 2002 4352">
     <span class='ocr_line' id='line_1_43' title="bbox 425 4271 2002 4352; baseline 0.005 -27"><span class='ocrx_word' id='word_1_332' title='bbox 425 4281 480 4352; x_wconf 75' lang='lat' dir='ltr'><strong>et</strong></span> <span class='ocrx_word' id='word_1_333' title='bbox 504 4271 666 4331; x_wconf 82' lang='lat' dir='ltr'><strong>homo</strong></span> <span class='ocrx_word' id='word_1_334' title='bbox 691 4271 784 4326; x_wconf 86' lang='lat' dir='ltr'><strong>Dei</strong></span> <span class='ocrx_word' id='word_1_335' title='bbox 809 4279 934 4327; x_wconf 84' lang='lat' dir='ltr'><strong>sunt</strong></span> <span class='ocrx_word' id='word_1_336' title='bbox 969 4286 1130 4342; x_wconf 80' lang='lat' dir='ltr'><strong>opera</strong></span> <span class='ocrx_word' id='word_1_337' title='bbox 1160 4273 1277 4328; x_wconf 85' lang='lat' dir='ltr'><strong>sine</strong></span> <span class='ocrx_word' id='word_1_338' title='bbox 1300 4274 1487 4344; x_wconf 83' lang='lat' dir='ltr'><strong>culpa;</strong></span> <span class='ocrx_word' id='word_1_339' title='bbox 1519 4289 1584 4330; x_wconf 79' lang='lat' dir='ltr'><strong>ex</strong></span> <span class='ocrx_word' id='word_1_340' title='bbox 1605 4275 1798 4346; x_wconf 83' lang='lat' dir='ltr'><strong>quibus</strong></span> <span class='ocrx_word' id='word_1_341' title='bbox 1825 4285 2002 4333; x_wconf 75' lang='lat' dir='ltr'><strong>tamen</strong></span> 
     </span>
    </p>
   </div>
   <div class='ocr_carea' id='block_1_44' title="bbox 425 4361 2003 4446">
    <p class='ocr_par' dir='ltr' id='par_1_44' title="bbox 425 4361 2003 4446">
     <span class='ocr_line' id='line_1_44' title="bbox 425 4361 2003 4446; baseline 0.007 -33"><span class='ocrx_word' id='word_1_342' title='bbox 425 4363 583 4446; x_wconf 64' lang='lat' dir='ltr'><strong>eulpa</strong></span> <span class='ocrx_word' id='word_1_343' title='bbox 626 4371 750 4417; x_wconf 84' lang='lat' dir='ltr'><strong>nata</strong></span> <span class='ocrx_word' id='word_1_344' title='bbox 786 4371 891 4430; x_wconf 84' lang='lat' dir='ltr'><strong>est,</strong></span> <span class='ocrx_word' id='word_1_345' title='bbox 912 4361 1038 4416; x_wconf 84' lang='lat' dir='ltr'><strong>dum</strong></span> <span class='ocrx_word' id='word_1_346' title='bbox 1063 4363 1132 4418; x_wconf 84' lang='lat' dir='ltr'><strong>ab</strong></span> <span class='ocrx_word' id='word_1_347' title='bbox 1167 4378 1234 4420; x_wconf 89' lang='lat' dir='ltr'><strong>eo</strong></span> <span class='ocrx_word' id='word_1_348' title='bbox 1259 4364 1348 4434; x_wconf 85' lang='lat' dir='ltr'><strong>qui</strong></span> <span class='ocrx_word' id='word_1_349' title='bbox 1375 4364 1530 4436; x_wconf 80' lang='lat' dir='ltr'><strong>culpa</strong></span> <span class='ocrx_word' id='word_1_350' title='bbox 1557 4374 1724 4434; x_wconf 81' lang='lat' dir='ltr'><strong>caret,</strong></span> <span class='ocrx_word' id='word_1_351' title='bbox 1748 4381 1846 4438; x_wconf 81' lang='lat' dir='ltr'><strong>per</strong></span> <span class='ocrx_word' id='word_1_352' title='bbox 1871 4366 2003 4424; x_wconf 62' lang='lat' dir='ltr'><strong>libs.</strong></span> 
     </span>
    </p>
   </div>
   <div class='ocr_carea' id='block_1_45' title="bbox 422 4446 2003 4526">
    <p class='ocr_par' dir='ltr' id='par_1_45' title="bbox 422 4446 2003 4526">
     <span class='ocr_line' id='line_1_45' title="bbox 422 4446 2003 4526; baseline 0.006 -16"><span class='ocrx_word' id='word_1_353' title='bbox 422 4446 544 4510; x_wconf 87' lang='lat' dir='ltr'><strong>rum</strong></span> <span class='ocrx_word' id='word_1_354' title='bbox 565 4454 844 4510; x_wconf 86' lang='lat' dir='ltr'><strong>arbitrium</strong></span> <span class='ocrx_word' id='word_1_355' title='bbox 876 4465 1248 4521; x_wconf 72' lang='lat' dir='ltr'><strong>recessertmt,</strong></span> <span class='ocrx_word' id='word_1_356' title='bbox 1275 4457 1416 4526; x_wconf 85' lang='lat' dir='ltr'><strong>quod</strong></span> <span class='ocrx_word' id='word_1_357' title='bbox 1454 4458 1532 4514; x_wconf 84' lang='lat' dir='ltr'><strong>eis</strong></span> <span class='ocrx_word' id='word_1_358' title='bbox 1569 4458 1750 4516; x_wconf 79' lang='lat' dir='ltr'><strong>datum</strong></span> <span class='ocrx_word' id='word_1_359' title='bbox 1777 4471 1860 4518; x_wconf 85' lang='lat' dir='ltr'><strong>est</strong></span> <span class='ocrx_word' id='word_1_360' title='bbox 1885 4463 2003 4519; x_wconf 83' lang='lat' dir='ltr'><strong>sine</strong></span> 
     </span>
    </p>
   </div>
   <div class='ocr_carea' id='block_1_46' title="bbox 427 4543 1998 4631">
    <p class='ocr_par' dir='ltr' id='par_1_46' title="bbox 427 4543 1998 4631">
     <span class='ocr_line' id='line_1_46' title="bbox 427 4543 1998 4631; baseline 0.008 -34"><span class='ocrx_word' id='word_1_361' title='bbox 427 4543 617 4627; x_wconf 77' lang='lat' dir='ltr'><strong>culpa;</strong></span> <span class='ocrx_word' id='word_1_362' title='bbox 645 4553 703 4599; x_wconf 90' lang='lat' dir='ltr'><strong>et</strong></span> <span class='ocrx_word' id='word_1_363' title='bbox 727 4545 848 4600; x_wconf 87' lang='lat' dir='ltr'><strong>facti</strong></span> <span class='ocrx_word' id='word_1_364' title='bbox 879 4556 1004 4601; x_wconf 85' lang='lat' dir='ltr'><strong>sunt</strong></span> <span class='ocrx_word' id='word_1_365' title='bbox 1023 4547 1170 4611; x_wconf 88' lang='lat' dir='ltr'><strong>mali,</strong></span> <span class='ocrx_word' id='word_1_366' title='bbox 1193 4561 1299 4610; x_wconf 85' lang='lat' dir='ltr'><strong>non</strong></span> <span class='ocrx_word' id='word_1_367' title='bbox 1331 4563 1426 4618; x_wconf 80' lang='lat' dir='ltr'><strong>per</strong></span> <span class='ocrx_word' id='word_1_368' title='bbox 1447 4547 1824 4631; x_wconf 73' lang='lat' dir='ltr'><strong>admixtionem</strong></span> <span class='ocrx_word' id='word_1_369' title='bbox 1849 4553 1998 4622; x_wconf 73' lang='lat' dir='ltr'><strong>mali,</strong></span> 
     </span>
    </p>
   </div>
   <div class='ocr_carea' id='block_1_47' title="bbox 424 4630 2007 4715">
    <p class='ocr_par' dir='ltr' id='par_1_47' title="bbox 424 4630 2007 4715">
     <span class='ocr_line' id='line_1_47' title="bbox 424 4630 2007 4715; baseline 0.001 -27"><span class='ocrx_word' id='word_1_370' title='bbox 559 4649 656 4704; x_wconf 85' lang='lat' dir='ltr'><strong>per</strong></span> <span class='ocrx_word' id='word_1_371' title='bbox 679 4633 1031 4714; x_wconf 76' lang='lat' dir='ltr'><strong>defectionem</strong></span> <span class='ocrx_word' id='word_1_372' title='bbox 1062 4635 1212 4690; x_wconf 83' lang='lat' dir='ltr'><strong>boni.</strong></span> <span class='ocrx_word' id='word_1_373' title='bbox 1957 4630 1964 4638; x_wconf 88' lang='grc'><em>’</em></span> <span class='ocrx_word' id='word_1_374' title='bbox 1996 4636 2007 4651; x_wconf 85' lang='lat'>‘</span> 
     </span>
    </p>
   </div>
   <div class='ocr_carea' id='block_1_48' title="bbox 493 4724 2003 4807">
    <p class='ocr_par' dir='ltr' id='par_1_48' title="bbox 493 4724 2003 4807">
     <span class='ocr_line' id='line_1_48' title="bbox 493 4724 2003 4807; baseline 0.001 -25"><span class='ocrx_word' id='word_1_375' title='bbox 493 4727 584 4783; x_wconf 77' lang='lat' dir='ltr'><strong>os.</strong></span> <span class='ocrx_word' id='word_1_376' title='bbox 626 4726 784 4791; x_wconf 82' lang='lat' dir='ltr'><strong>Dicis,</strong></span> <span class='ocrx_word' id='word_1_377' title='bbox 811 4724 874 4781; x_wconf 80' lang='lat' dir='ltr'><strong>ot</strong></span> <span class='ocrx_word' id='word_1_378' title='bbox 899 4725 997 4780; x_wconf 74' lang='lat' dir='ltr'><strong>hoc</strong></span> <span class='ocrx_word' id='word_1_379' title='bbox 1021 4741 1056 4780; x_wconf 87' lang='lat' dir='ltr'><strong>a</strong></span> <span class='ocrx_word' id='word_1_380' title='bbox 1082 4742 1162 4780; x_wconf 79' lang='lat' dir='ltr'><strong>me</strong></span> <span class='ocrx_word' id='word_1_381' title='bbox 1183 4725 1447 4780; x_wconf 74' lang='lat' dir='ltr'><strong>christiani</strong></span> <span class='ocrx_word' id='word_1_382' title='bbox 1483 4729 1719 4798; x_wconf 70' lang='lat' dir='ltr'><strong>temporis</strong></span> <span class='ocrx_word' id='word_1_383' title='bbox 1744 4732 2003 4807; x_wconf 59' lang='lat' dir='ltr'><strong>om,</strong></span> 
     </span>
    </p>
   </div>
   <div class='ocr_carea' id='block_1_49' title="bbox 397 4818 1978 4890">
    <p class='ocr_par' dir='ltr' id='par_1_49' title="bbox 397 4818 1978 4890">
     <span class='ocr_line' id='line_1_49' title="bbox 397 4818 1978 4890; baseline 0.004 -16"><span class='ocrx_word' id='word_1_384' title='bbox 397 4821 544 4885; x_wconf 68' lang='grc' dir='ltr'>-ιᾷιιιπ</span> <span class='ocrx_word' id='word_1_385' title='bbox 573 4819 730 4890; x_wconf 74' lang='lat' dir='ltr'><strong>fuisse</strong></span> <span class='ocrx_word' id='word_1_386' title='bbox 754 4818 1036 4880; x_wconf 77' lang='lat' dir='ltr'><strong>laudatam.</strong></span> <span class='ocrx_word' id='word_1_387' title='bbox 1065 4834 1166 4874; x_wconf 83' lang='lat' dir='ltr'><strong>non</strong></span> <span class='ocrx_word' id='word_1_388' title='bbox 1195 4828 1252 4874; x_wconf 83' lang='lat' dir='ltr'><strong>ut</strong></span> <span class='ocrx_word' id='word_1_389' title='bbox 1293 4818 1363 4873; x_wconf 74' lang='lat' dir='ltr'><strong>ad</strong></span> <span class='ocrx_word' id='word_1_390' title='bbox 1385 4820 1724 4890; x_wconf 73' lang='lat' dir='ltr'><strong>virginitatem</strong></span> <span class='ocrx_word' id='word_1_391' title='bbox 1765 4821 1978 4881; x_wconf 72' lang='lat' dir='ltr'><strong>incendo</strong></span> 
     </span>
    </p>
   </div>
   <div class='ocr_carea' id='block_1_50' title="bbox 419 4908 2000 4990">
    <p class='ocr_par' dir='ltr' id='par_1_50' title="bbox 419 4908 2000 4990">
     <span class='ocr_line' id='line_1_50' title="bbox 419 4908 2000 4990; baseline 0.003 -24"><span class='ocrx_word' id='word_1_392' title='bbox 419 4922 598 4990; x_wconf 55' lang='lat' dir='ltr'><strong>seritur</strong></span> <span class='ocrx_word' id='word_1_393' title='bbox 624 4912 872 4974; x_wconf 70' lang='lat' dir='ltr'><strong>(lautitias,</strong></span> <span class='ocrx_word' id='word_1_394' title='bbox 899 4909 991 4965; x_wconf 74' lang='lat' dir='ltr'><strong>sed</strong></span> <span class='ocrx_word' id='word_1_395' title='bbox 1015 4919 1070 4964; x_wconf 86' lang='lat' dir='ltr'><strong>ut</strong></span> <span class='ocrx_word' id='word_1_396' title='bbox 1107 4908 1292 4984; x_wconf 52' lang='lat' dir='ltr'><strong>bonum</strong></span> <span class='ocrx_word' id='word_1_397' title='bbox 1321 4910 1612 4980; x_wconf 75' lang='lat' dir='ltr'><strong>nuptiarum</strong></span> <span class='ocrx_word' id='word_1_398' title='bbox 1651 4913 1791 4981; x_wconf 78' lang='lat' dir='ltr'><strong>quod</strong></span> <span class='ocrx_word' id='word_1_399' title='bbox 1829 4930 1864 4967; x_wconf 83' lang='lat' dir='ltr'><strong>tt</strong></span> <span class='ocrx_word' id='word_1_400' title='bbox 1891 4913 2000 4970; x_wconf 72' lang='lat' dir='ltr'><strong>Deo</strong></span> 
     </span>
    </p>
   </div>
   <div class='ocr_carea' id='block_1_51' title="bbox 420 4986 2002 5080">
    <p class='ocr_par' dir='ltr' id='par_1_51' title="bbox 420 4986 2002 5080">
     <span class='ocr_line' id='line_1_51' title="bbox 420 4986 2002 5080; baseline 0.001 -23"><span class='ocrx_word' id='word_1_401' title='bbox 420 4986 708 5080; x_wconf 55' lang='lat' dir='ltr'><strong>institutum</strong></span> <span class='ocrx_word' id='word_1_402' title='bbox 733 5010 806 5056; x_wconf 78' lang='lat' dir='ltr'><strong>est</strong></span> <span class='ocrx_word' id='word_1_403' title='bbox 829 5001 1177 5070; x_wconf 64' lang='lat' dir='ltr'><strong>damnum.</strong></span> <span class='ocrx_word' id='word_1_404' title='bbox 1201 4998 1308 5056; x_wconf 89' lang='lat' dir='ltr'><strong>Sed</strong></span> <span class='ocrx_word' id='word_1_405' title='bbox 1329 5015 1400 5056; x_wconf 86' lang='lat' dir='ltr'><strong>ne</strong></span> <span class='ocrx_word' id='word_1_406' title='bbox 1427 5001 1630 5072; x_wconf 80' lang='lat' dir='ltr'><strong>puteris</strong></span> <span class='ocrx_word' id='word_1_407' title='bbox 1652 5001 1908 5058; x_wconf 79' lang='lat' dir='ltr'><strong>malevolo</strong></span> <span class='ocrx_word' id='word_1_408' title='bbox 1933 5003 2002 5060; x_wconf 85' lang='lat' dir='ltr'><strong>de</strong></span> 
     </span>
    </p>
   </div>
   <div class='ocr_carea' id='block_1_52' title="bbox 420 5079 2003 5173">
    <p class='ocr_par' dir='ltr' id='par_1_52' title="bbox 420 5079 2003 5173">
     <span class='ocr_line' id='line_1_52' title="bbox 420 5079 2003 5173; baseline -0.001 -26"><span class='ocrx_word' id='word_1_409' title='bbox 420 5079 609 5173; x_wconf 57' lang='lat' dir='ltr'><strong>animo</strong></span> <span class='ocrx_word' id='word_1_410' title='bbox 639 5079 760 5173; x_wconf 70' lang='lat' dir='ltr'><strong>meo</strong></span> <span class='ocrx_word' id='word_1_411' title='bbox 796 5091 1100 5162; x_wconf 72' lang='lat' dir='ltr'><strong>suspicione</strong></span> <span class='ocrx_word' id='word_1_412' title='bbox 1137 5091 1406 5162; x_wconf 83' lang='lat' dir='ltr'><strong>torqueri,</strong></span> <span class='ocrx_word' id='word_1_413' title='bbox 1453 5089 1599 5147; x_wconf 80' lang='lat' dir='ltr'><strong>velut</strong></span> <span class='ocrx_word' id='word_1_414' title='bbox 1645 5091 1871 5162; x_wconf 82' lang='lat' dir='ltr'><strong>probare</strong></span> <span class='ocrx_word' id='word_1_415' title='bbox 1913 5107 2003 5150; x_wconf 75' lang='grc' dir='ltr'><strong>ο</strong></span> 
     </span>
    </p>
   </div>
   <div class='ocr_carea' id='block_1_53' title="bbox 425 5165 2000 5270">
    <p class='ocr_par' dir='ltr' id='par_1_53' title="bbox 425 5165 2000 5270">
     <span class='ocr_line' id='line_1_53' title="bbox 425 5165 2000 5270; baseline -0.001 -30"><span class='ocrx_word' id='word_1_416' title='bbox 425 5165 628 5263; x_wconf 61' lang='lat' dir='ltr'><strong>idem.</strong></span> <span class='ocrx_word' id='word_1_417' title='bbox 655 5170 942 5270; x_wconf 47' lang='lat' dir='ltr'><strong>disignum</strong></span> <span class='ocrx_word' id='word_1_418' title='bbox 971 5200 988 5240; x_wconf 84' lang='lat'><strong>:</strong></span> <span class='ocrx_word' id='word_1_419' title='bbox 1017 5183 1085 5266; x_wconf 61' lang='lat' dir='ltr'><strong>si</strong></span> <span class='ocrx_word' id='word_1_420' title='bbox 1105 5181 1324 5255; x_wconf 60' lang='lat' dir='ltr'><strong>meum</strong></span> <span class='ocrx_word' id='word_1_421' title='bbox 1561 5181 1784 5239; x_wconf 71' lang='lat' dir='ltr'><strong>homines</strong></span> <span class='ocrx_word' id='word_1_422' title='bbox 1805 5183 1875 5258; x_wconf 71' lang='lat' dir='ltr'><strong>a4</strong></span> <span class='ocrx_word' id='word_1_423' title='bbox 1893 5193 2000 5239; x_wconf 73' lang='grc' dir='ltr'><strong>εικ-</strong></span> 
     </span>
    </p>
   </div>
   <div class='ocr_carea' id='block_1_54' title="bbox 483 5313 858 5379">
    <p class='ocr_par' dir='ltr' id='par_1_54' title="bbox 483 5313 858 5379">
     <span class='ocr_line' id='line_1_54' title="bbox 483 5313 858 5379; baseline 0.003 -11"><span class='ocrx_word' id='word_1_424' title='bbox 483 5317 506 5378; x_wconf 59' lang='lat'>!</span> <span class='ocrx_word' id='word_1_425' title='bbox 536 5318 666 5379; x_wconf 60' lang='lat' dir='ltr'><strong>alim,</strong></span> <span class='ocrx_word' id='word_1_426' title='bbox 685 5313 858 5370; x_wconf 61' lang='lat' dir='ltr'><strong>locum.</strong></span> 
     </span>
    </p>
   </div>
   <div class='ocr_carea' id='block_1_55' title="bbox 486 5376 1329 5467">
    <p class='ocr_par' dir='ltr' id='par_1_55' title="bbox 486 5376 1329 5467">
     <span class='ocr_line' id='line_1_55' title="bbox 486 5376 1329 5467; baseline -0.013 -26"><span class='ocrx_word' id='word_1_427' title='bbox 486 5376 662 5460; x_wconf 46' lang='lat' dir='ltr'><strong>“te!</strong></span> <span class='ocrx_word' id='word_1_428' title='bbox 679 5386 820 5467; x_wconf 49' lang='lat' dir='ltr'><strong>Iac.</strong></span> <span class='ocrx_word' id='word_1_429' title='bbox 837 5376 1160 5443; x_wconf 60' lang='lat' dir='ltr'><strong>dum</strong></span> <span class='ocrx_word' id='word_1_430' title='bbox 1181 5387 1329 5464; x_wconf 66' lang='lat' dir='ltr'><strong>tuast.</strong></span> 
     </span>
    </p>
   </div>
   <div class='ocr_carea' id='block_1_56' title="bbox 947 300 3184 411">
    <p class='ocr_par' dir='ltr' id='par_1_56' title="bbox 947 300 3184 411">
     <span class='ocr_line' id='line_1_56' title="bbox 947 300 3184 411; baseline 0 -22"><span class='ocrx_word' id='word_1_431' title='bbox 947 332 1222 411; x_wconf 60' lang='lat' dir='ltr'><strong>coxms</strong></span> <span class='ocrx_word' id='word_1_432' title='bbox 1256 330 1596 400; x_wconf 71' lang='lat' dir='ltr'><strong>JULIANUM</strong></span> <span class='ocrx_word' id='word_1_433' title='bbox 1634 329 2092 404; x_wconf 67' lang='lat' dir='ltr'><strong>PELAGIANUM,</strong></span> <span class='ocrx_word' id='word_1_434' title='bbox 2131 333 2192 394; x_wconf 86' lang='lat' dir='ltr'><strong>s.</strong></span> <span class='ocrx_word' id='word_1_435' title='bbox 2231 331 2600 394; x_wconf 72' lang='lat' dir='ltr'><strong>AUGUSTINI</strong></span> <span class='ocrx_word' id='word_1_436' title='bbox 2644 300 2847 387; x_wconf 68' lang='lat' dir='ltr'><strong>unus</strong></span> <span class='ocrx_word' id='word_1_437' title='bbox 2871 330 3184 410; x_wconf 72' lang='lat' dir='ltr'><strong>QUINTUS.</strong></span> 
     </span>
    </p>
   </div>
   <div class='ocr_carea' id='block_1_57' title="bbox 2135 443 3716 518">
    <p class='ocr_par' dir='ltr' id='par_1_57' title="bbox 2135 443 3716 518">
     <span class='ocr_line' id='line_1_57' title="bbox 2135 443 3716 518; baseline 0.001 -20"><span class='ocrx_word' id='word_1_438' title='bbox 2135 444 2276 500; x_wconf 82' lang='lat' dir='ltr'><strong>dium</strong></span> <span class='ocrx_word' id='word_1_439' title='bbox 2316 443 2653 508; x_wconf 71' lang='lat' dir='ltr'><strong>continentiat,</strong></span> <span class='ocrx_word' id='word_1_440' title='bbox 2696 443 2872 514; x_wconf 79' lang='lat' dir='ltr'><strong>fateris</strong></span> <span class='ocrx_word' id='word_1_441' title='bbox 2900 459 3017 516; x_wconf 82' lang='lat' dir='ltr'><strong>ergo</strong></span> <span class='ocrx_word' id='word_1_442' title='bbox 3045 445 3116 498; x_wconf 88' lang='lat' dir='ltr'><strong>ita</strong></span> <span class='ocrx_word' id='word_1_443' title='bbox 3143 445 3370 502; x_wconf 69' lang='lat' dir='ltr'><strong>virtutum</strong></span> <span class='ocrx_word' id='word_1_444' title='bbox 3400 447 3658 518; x_wconf 70' lang='lat' dir='ltr'><strong>pudicitiw</strong></span> <span class='ocrx_word' id='word_1_445' title='bbox 3682 467 3716 500; x_wconf 78' lang='grc' dir='ltr'><strong>α</strong></span> 
     </span>
    </p>
   </div>
   <div class='ocr_carea' id='block_1_58' title="bbox 2134 533 3714 608">
    <p class='ocr_par' dir='ltr' id='par_1_58' title="bbox 2134 533 3714 608">
     <span class='ocr_line' id='line_1_58' title="bbox 2134 533 3714 608; baseline 0.004 -21"><span class='ocrx_word' id='word_1_446' title='bbox 2134 533 2409 590; x_wconf 70' lang='lat' dir='ltr'><strong>uolentibus</strong></span> <span class='ocrx_word' id='word_1_447' title='bbox 2435 549 2580 604; x_wconf 82' lang='lat' dir='ltr'><strong>posse</strong></span> <span class='ocrx_word' id='word_1_448' title='bbox 2597 533 2804 598; x_wconf 84' lang='lat' dir='ltr'><strong>seruari,</strong></span> <span class='ocrx_word' id='word_1_449' title='bbox 2829 544 2882 588; x_wconf 88' lang='lat' dir='ltr'><strong>ut</strong></span> <span class='ocrx_word' id='word_1_450' title='bbox 2901 535 2988 599; x_wconf 84' lang='lat' dir='ltr'><strong>sit,</strong></span> <span class='ocrx_word' id='word_1_451' title='bbox 3013 537 3310 608; x_wconf 80' lang='lat' dir='ltr'><strong>quicumque</strong></span> <span class='ocrx_word' id='word_1_452' title='bbox 3336 539 3569 606; x_wconf 79' lang='lat' dir='ltr'><strong>uoluerit,</strong></span> <span class='ocrx_word' id='word_1_453' title='bbox 3595 555 3714 594; x_wconf 82' lang='lat' dir='ltr'><strong>cor-</strong></span> 
     </span>
    </p>
   </div>
   <div class='ocr_carea' id='block_1_59' title="bbox 2136 623 3713 696">
    <p class='ocr_par' dir='ltr' id='par_1_59' title="bbox 2136 623 3713 696">
     <span class='ocr_line' id='line_1_59' title="bbox 2136 623 3713 696; baseline 0.004 -18"><span class='ocrx_word' id='word_1_454' title='bbox 2136 643 2258 696; x_wconf 83' lang='lat' dir='ltr'><strong>pore</strong></span> <span class='ocrx_word' id='word_1_455' title='bbox 2276 635 2478 682; x_wconf 85' lang='lat' dir='ltr'><strong>sanctus</strong></span> <span class='ocrx_word' id='word_1_456' title='bbox 2505 635 2552 681; x_wconf 86' lang='lat' dir='ltr'><strong>et</strong></span> <span class='ocrx_word' id='word_1_457' title='bbox 2577 625 2774 696; x_wconf 75' lang='lat' dir='ltr'><strong>spiritu.</strong></span> <span class='ocrx_word' id='word_1_458' title='bbox 2808 624 3144 695; x_wconf 80' lang='lat' dir='ltr'><strong>Respondeo,</strong></span> <span class='ocrx_word' id='word_1_459' title='bbox 3172 641 3259 681; x_wconf 87' lang='lat' dir='ltr'><strong>me</strong></span> <span class='ocrx_word' id='word_1_460' title='bbox 3284 623 3461 696; x_wconf 83' lang='lat' dir='ltr'><strong>fateri,</strong></span> <span class='ocrx_word' id='word_1_461' title='bbox 3487 629 3583 684; x_wconf 86' lang='lat' dir='ltr'><strong>sed</strong></span> <span class='ocrx_word' id='word_1_462' title='bbox 3608 645 3713 685; x_wconf 85' lang='lat' dir='ltr'><strong>non</strong></span> 
     </span>
    </p>
   </div>
   <div class='ocr_carea' id='block_1_60' title="bbox 2135 715 3712 787">
    <p class='ocr_par' dir='ltr' id='par_1_60' title="bbox 2135 715 3712 787">
     <span class='ocr_line' id='line_1_60' title="bbox 2135 715 3712 787; baseline 0.003 -17"><span class='ocrx_word' id='word_1_463' title='bbox 2135 719 2272 774; x_wconf 85' lang='lat' dir='ltr'><strong>sicut</strong></span> <span class='ocrx_word' id='word_1_464' title='bbox 2299 731 2413 776; x_wconf 84' lang='lat' dir='ltr'><strong>vos.</strong></span> <span class='ocrx_word' id='word_1_465' title='bbox 2441 716 2574 773; x_wconf 85' lang='lat' dir='ltr'><strong>Nam</strong></span> <span class='ocrx_word' id='word_1_466' title='bbox 2605 731 2700 772; x_wconf 87' lang='lat' dir='ltr'><strong>vos</strong></span> <span class='ocrx_word' id='word_1_467' title='bbox 2729 716 2893 787; x_wconf 86' lang='lat' dir='ltr'><strong>ipsius</strong></span> <span class='ocrx_word' id='word_1_468' title='bbox 2918 717 3080 772; x_wconf 87' lang='lat' dir='ltr'><strong>animi</strong></span> <span class='ocrx_word' id='word_1_469' title='bbox 3107 715 3310 774; x_wconf 87' lang='lat' dir='ltr'><strong>viribus</strong></span> <span class='ocrx_word' id='word_1_470' title='bbox 3329 716 3433 774; x_wconf 85' lang='lat' dir='ltr'><strong>hoc</strong></span> <span class='ocrx_word' id='word_1_471' title='bbox 3454 719 3712 786; x_wconf 85' lang='lat' dir='ltr'><strong>tribuitis;</strong></span> 
     </span>
    </p>
   </div>
   <div class='ocr_carea' id='block_1_61' title="bbox 2135 808 3713 883">
    <p class='ocr_par' dir='ltr' id='par_1_61' title="bbox 2135 808 3713 883">
     <span class='ocr_line' id='line_1_61' title="bbox 2135 808 3713 883; baseline 0.001 -17"><span class='ocrx_word' id='word_1_472' title='bbox 2135 827 2256 883; x_wconf 80' lang='lat' dir='ltr'><strong>ego,</strong></span> <span class='ocrx_word' id='word_1_473' title='bbox 2286 811 2480 881; x_wconf 70' lang='lat' dir='ltr'><strong>adjutze</strong></span> <span class='ocrx_word' id='word_1_474' title='bbox 2509 825 2604 880; x_wconf 89' lang='lat' dir='ltr'><strong>per</strong></span> <span class='ocrx_word' id='word_1_475' title='bbox 2639 809 2736 866; x_wconf 90' lang='lat' dir='ltr'><strong>Dei</strong></span> <span class='ocrx_word' id='word_1_476' title='bbox 2772 809 2996 880; x_wconf 77' lang='lat' dir='ltr'><strong>gratiam</strong></span> <span class='ocrx_word' id='word_1_477' title='bbox 3023 808 3302 865; x_wconf 80' lang='lat' dir='ltr'><strong>voluntati.</strong></span> <span class='ocrx_word' id='word_1_478' title='bbox 3336 809 3713 867; x_wconf 74' lang='lat' dir='ltr'><strong>Verumtamen</strong></span> 
     </span>
    </p>
   </div>
   <div class='ocr_carea' id='block_1_62' title="bbox 2134 899 3712 972">
    <p class='ocr_par' dir='ltr' id='par_1_62' title="bbox 2134 899 3712 972">
     <span class='ocr_line' id='line_1_62' title="bbox 2134 899 3712 972; baseline 0.001 -18"><span class='ocrx_word' id='word_1_479' title='bbox 2134 900 2261 972; x_wconf 87' lang='lat' dir='ltr'><strong>quid</strong></span> <span class='ocrx_word' id='word_1_480' title='bbox 2300 901 2670 971; x_wconf 85' lang='lat' dir='ltr'><strong>comprimitur</strong></span> <span class='ocrx_word' id='word_1_481' title='bbox 2708 899 2872 954; x_wconf 87' lang='lat' dir='ltr'><strong>animi</strong></span> <span class='ocrx_word' id='word_1_482' title='bbox 2923 899 3146 969; x_wconf 86' lang='lat' dir='ltr'><strong>imperio</strong></span> <span class='ocrx_word' id='word_1_483' title='bbox 3189 915 3258 956; x_wconf 87' lang='lat' dir='ltr'><strong>ne</strong></span> <span class='ocrx_word' id='word_1_484' title='bbox 3297 910 3568 971; x_wconf 78' lang='lat' dir='ltr'><strong>peccetur,</strong></span> <span class='ocrx_word' id='word_1_485' title='bbox 3611 902 3712 958; x_wconf 89' lang='lat' dir='ltr'><strong>nisi</strong></span> 
     </span>
    </p>
   </div>
   <div class='ocr_carea' id='block_1_63' title="bbox 2135 991 3711 1064">
    <p class='ocr_par' dir='ltr' id='par_1_63' title="bbox 2135 991 3711 1064">
     <span class='ocr_line' id='line_1_63' title="bbox 2135 991 3711 1064; baseline 0.001 -18"><span class='ocrx_word' id='word_1_486' title='bbox 2135 994 2332 1050; x_wconf 88' lang='lat' dir='ltr'><strong>malum</strong></span> <span class='ocrx_word' id='word_1_487' title='bbox 2358 1008 2466 1064; x_wconf 89' lang='lat' dir='ltr'><strong>quo</strong></span> <span class='ocrx_word' id='word_1_488' title='bbox 2494 994 2738 1049; x_wconf 83' lang='lat' dir='ltr'><strong>vincente</strong></span> <span class='ocrx_word' id='word_1_489' title='bbox 2767 991 3056 1062; x_wconf 74' lang='lat' dir='ltr'><strong>peccatur?</strong></span> <span class='ocrx_word' id='word_1_490' title='bbox 3094 992 3247 1061; x_wconf 87' lang='lat' dir='ltr'><strong>Quod</strong></span> <span class='ocrx_word' id='word_1_491' title='bbox 3287 993 3484 1048; x_wconf 88' lang='lat' dir='ltr'><strong>malum</strong></span> <span class='ocrx_word' id='word_1_492' title='bbox 3525 1011 3595 1048; x_wconf 89' lang='lat' dir='ltr'><strong>ne</strong></span> <span class='ocrx_word' id='word_1_493' title='bbox 3627 995 3711 1049; x_wconf 83' lang='lat' dir='ltr'><strong>di-</strong></span> 
     </span>
    </p>
   </div>
   <div class='ocr_carea' id='block_1_64' title="bbox 2133 1085 3712 1158">
    <p class='ocr_par' dir='ltr' id='par_1_64' title="bbox 2133 1085 3712 1158">
     <span class='ocr_line' id='line_1_64' title="bbox 2133 1085 3712 1158; baseline -0.001 -16"><span class='ocrx_word' id='word_1_494' title='bbox 2133 1101 2316 1146; x_wconf 76' lang='lat' dir='ltr'><strong>camus</strong></span> <span class='ocrx_word' id='word_1_495' title='bbox 2341 1103 2462 1142; x_wconf 87' lang='lat' dir='ltr'><strong>cum</strong></span> <span class='ocrx_word' id='word_1_496' title='bbox 2490 1085 2794 1142; x_wconf 73' lang='lat' dir='ltr'><strong>Manichmis</strong></span> <span class='ocrx_word' id='word_1_497' title='bbox 2833 1096 3084 1158; x_wconf 82' lang='lat' dir='ltr'><strong>tanquam</strong></span> <span class='ocrx_word' id='word_1_498' title='bbox 3111 1101 3178 1142; x_wconf 82' lang='lat' dir='ltr'><strong>ex</strong></span> <span class='ocrx_word' id='word_1_499' title='bbox 3216 1086 3388 1142; x_wconf 87' lang='lat' dir='ltr'><strong>aliena</strong></span> <span class='ocrx_word' id='word_1_500' title='bbox 3435 1085 3564 1141; x_wconf 87' lang='lat' dir='ltr'><strong>mali</strong></span> <span class='ocrx_word' id='word_1_501' title='bbox 3609 1101 3712 1141; x_wconf 79' lang='lat' dir='ltr'><strong>na-</strong></span> 
     </span>
    </p>
   </div>
   <div class='ocr_carea' id='block_1_65' title="bbox 2135 1177 3710 1241">
    <p class='ocr_par' dir='ltr' id='par_1_65' title="bbox 2135 1177 3710 1241">
     <span class='ocr_line' id='line_1_65' title="bbox 2135 1177 3710 1241; baseline -0.001 -9"><span class='ocrx_word' id='word_1_502' title='bbox 2135 1186 2250 1232; x_wconf 84' lang='lat' dir='ltr'><strong>tura</strong></span> <span class='ocrx_word' id='word_1_503' title='bbox 2300 1177 2454 1232; x_wconf 87' lang='lat' dir='ltr'><strong>nobis</strong></span> <span class='ocrx_word' id='word_1_504' title='bbox 2503 1191 2626 1234; x_wconf 85' lang='lat' dir='ltr'><strong>esse</strong></span> <span class='ocrx_word' id='word_1_505' title='bbox 2666 1177 3042 1241; x_wconf 77' lang='lat' dir='ltr'><strong>commixtum,</strong></span> <span class='ocrx_word' id='word_1_506' title='bbox 3093 1185 3261 1238; x_wconf 77' lang='lat' dir='ltr'><strong>restat</strong></span> <span class='ocrx_word' id='word_1_507' title='bbox 3301 1184 3362 1233; x_wconf 85' lang='lat' dir='ltr'><strong>ut</strong></span> <span class='ocrx_word' id='word_1_508' title='bbox 3420 1180 3475 1232; x_wconf 91' lang='lat' dir='ltr'><strong>in</strong></span> <span class='ocrx_word' id='word_1_509' title='bbox 3529 1187 3710 1232; x_wconf 79' lang='lat' dir='ltr'><strong>nostra</strong></span> 
     </span>
    </p>
   </div>
   <div class='ocr_carea' id='block_1_66' title="bbox 2133 1266 3712 1339">
    <p class='ocr_par' dir='ltr' id='par_1_66' title="bbox 2133 1266 3712 1339">
     <span class='ocr_line' id='line_1_66' title="bbox 2133 1266 3712 1339; baseline 0 -17"><span class='ocrx_word' id='word_1_510' title='bbox 2133 1277 2318 1324; x_wconf 87' lang='lat' dir='ltr'><strong>natura</strong></span> <span class='ocrx_word' id='word_1_511' title='bbox 2359 1276 2607 1338; x_wconf 88' lang='lat' dir='ltr'><strong>tauquam</strong></span> <span class='ocrx_word' id='word_1_512' title='bbox 2647 1267 2836 1322; x_wconf 82' lang='lat' dir='ltr'><strong>vulnus</strong></span> <span class='ocrx_word' id='word_1_513' title='bbox 2887 1267 3100 1339; x_wconf 86' lang='lat' dir='ltr'><strong>aliquod</strong></span> <span class='ocrx_word' id='word_1_514' title='bbox 3148 1266 3408 1322; x_wconf 87' lang='lat' dir='ltr'><strong>fateamur</strong></span> <span class='ocrx_word' id='word_1_515' title='bbox 3451 1283 3574 1322; x_wconf 89' lang='lat' dir='ltr'><strong>esse</strong></span> <span class='ocrx_word' id='word_1_516' title='bbox 3622 1282 3712 1322; x_wconf 84' lang='lat' dir='ltr'><strong>sa-</strong></span> 
     </span>
    </p>
   </div>
   <div class='ocr_carea' id='block_1_67' title="bbox 2130 1357 3712 1430">
    <p class='ocr_par' dir='ltr' id='par_1_67' title="bbox 2130 1357 3712 1430">
     <span class='ocr_line' id='line_1_67' title="bbox 2130 1357 3712 1430; baseline -0.001 -16"><span class='ocrx_word' id='word_1_517' title='bbox 2130 1359 2363 1414; x_wconf 88' lang='lat' dir='ltr'><strong>nandum</strong></span> <span class='ocrx_word' id='word_1_518' title='bbox 2384 1401 2400 1427; x_wconf 89' lang='lat'><strong>,</strong></span> <span class='ocrx_word' id='word_1_519' title='bbox 2439 1359 2591 1430; x_wconf 84' lang='lat' dir='ltr'><strong>cujus</strong></span> <span class='ocrx_word' id='word_1_520' title='bbox 2642 1374 2846 1415; x_wconf 83' lang='lat' dir='ltr'><strong>reatum</strong></span> <span class='ocrx_word' id='word_1_521' title='bbox 2889 1358 3002 1430; x_wconf 86' lang='lat' dir='ltr'><strong>jam</strong></span> <span class='ocrx_word' id='word_1_522' title='bbox 3041 1357 3270 1415; x_wconf 81' lang='lat' dir='ltr'><strong>fatemur</strong></span> <span class='ocrx_word' id='word_1_523' title='bbox 3305 1359 3712 1430; x_wconf 68' lang='lat' dir='ltr'><strong>regenerationis</strong></span> 
     </span>
    </p>
   </div>
   <div class='ocr_carea' id='block_1_68' title="bbox 2131 1458 2399 1513">
    <p class='ocr_par' dir='ltr' id='par_1_68' title="bbox 2131 1458 2399 1513">
     <span class='ocr_line' id='line_1_68' title="bbox 2131 1458 2399 1513; baseline 0.015 -13"><span class='ocrx_word' id='word_1_524' title='bbox 2131 1458 2399 1513; x_wconf 73' lang='lat' dir='ltr'><strong>sanatum.</strong></span> 
     </span>
    </p>
   </div>
   <div class='ocr_carea' id='block_1_69' title="bbox 2201 1540 3704 1611">
    <p class='ocr_par' dir='ltr' id='par_1_69' title="bbox 2201 1540 3704 1611">
     <span class='ocr_line' id='line_1_69' title="bbox 2201 1540 3704 1611; baseline -0.002 -15"><span class='ocrx_word' id='word_1_525' title='bbox 2201 1542 2290 1596; x_wconf 81' lang='lat'><strong>66.</strong></span> <span class='ocrx_word' id='word_1_526' title='bbox 2321 1541 2462 1598; x_wconf 84' lang='lat' dir='ltr'><strong>Ecce</strong></span> <span class='ocrx_word' id='word_1_527' title='bbox 2487 1540 2677 1602; x_wconf 78' lang='lat' dir='ltr'><strong>frustm</strong></span> <span class='ocrx_word' id='word_1_528' title='bbox 2707 1540 3053 1606; x_wconf 82' lang='lat' dir='ltr'><strong>enumerasti,</strong></span> <span class='ocrx_word' id='word_1_529' title='bbox 3076 1540 3266 1610; x_wconf 81' lang='lat' dir='ltr'><strong>quibus</strong></span> <span class='ocrx_word' id='word_1_530' title='bbox 3291 1555 3376 1595; x_wconf 84' lang='lat' dir='ltr'><strong>mc</strong></span> <span class='ocrx_word' id='word_1_531' title='bbox 3399 1555 3704 1611; x_wconf 85' lang='lat' dir='ltr'><strong>comparas,</strong></span> 
     </span>
    </p>
   </div>
   <div class='ocr_carea' id='block_1_70' title="bbox 2131 1633 3707 1704">
    <p class='ocr_par' dir='ltr' id='par_1_70' title="bbox 2131 1633 3707 1704">
     <span class='ocr_line' id='line_1_70' title="bbox 2131 1633 3707 1704; baseline -0.003 -14"><span class='ocrx_word' id='word_1_532' title='bbox 2131 1643 2210 1690; x_wconf 88' lang='lat' dir='ltr'><strong>tot</strong></span> <span class='ocrx_word' id='word_1_533' title='bbox 2236 1633 2606 1692; x_wconf 60' lang='lat' dir='ltr'><strong>hereticorum</strong></span> <span class='ocrx_word' id='word_1_534' title='bbox 2647 1633 2882 1702; x_wconf 84' lang='lat' dir='ltr'><strong>fraudes,</strong></span> <span class='ocrx_word' id='word_1_535' title='bbox 2919 1647 3146 1704; x_wconf 87' lang='lat' dir='ltr'><strong>quorum</strong></span> <span class='ocrx_word' id='word_1_536' title='bbox 3183 1633 3384 1687; x_wconf 84' lang='lat' dir='ltr'><strong>utinam</strong></span> <span class='ocrx_word' id='word_1_537' title='bbox 3421 1634 3707 1688; x_wconf 80' lang='lat' dir='ltr'><strong>numerum</strong></span> 
     </span>
    </p>
   </div>
   <div class='ocr_carea' id='block_1_71' title="bbox 2127 1722 3704 1795">
    <p class='ocr_par' dir='ltr' id='par_1_71' title="bbox 2127 1722 3704 1795">
     <span class='ocr_line' id='line_1_71' title="bbox 2127 1722 3704 1795; baseline 0 -17"><span class='ocrx_word' id='word_1_538' title='bbox 2127 1739 2234 1778; x_wconf 84' lang='lat' dir='ltr'><strong>non</strong></span> <span class='ocrx_word' id='word_1_539' title='bbox 2267 1738 2512 1795; x_wconf 84' lang='lat' dir='ltr'><strong>augeres.</strong></span> <span class='ocrx_word' id='word_1_540' title='bbox 2545 1741 2566 1776; x_wconf 84' lang='lat' dir='ltr'><strong>s</strong></span> <span class='ocrx_word' id='word_1_541' title='bbox 2595 1723 2900 1794; x_wconf 77' lang='lat' dir='ltr'><strong>Apostolica</strong></span> <span class='ocrx_word' id='word_1_542' title='bbox 2936 1722 3222 1787; x_wconf 85' lang='lat' dir='ltr'><strong>sententia,</strong></span> <span class='ocrx_word' id='word_1_543' title='bbox 3260 1739 3363 1793; x_wconf 89' lang='lat' dir='ltr'><strong>qua</strong></span> <span class='ocrx_word' id='word_1_544' title='bbox 3400 1732 3554 1778; x_wconf 87' lang='lat' dir='ltr'><strong>notat</strong></span> <span class='ocrx_word' id='word_1_545' title='bbox 3591 1723 3704 1778; x_wconf 69' lang='lat' dir='ltr'><strong>he-</strong></span> 
     </span>
    </p>
   </div>
   <div class='ocr_carea' id='block_1_72' title="bbox 2129 1812 3698 1888">
    <p class='ocr_par' dir='ltr' id='par_1_72' title="bbox 2129 1812 3698 1888">
     <span class='ocr_line' id='line_1_72' title="bbox 2129 1812 3698 1888; baseline -0.002 -18"><span class='ocrx_word' id='word_1_546' title='bbox 2129 1815 2322 1872; x_wconf 69' lang='lat' dir='ltr'><strong>reticos</strong></span> <span class='ocrx_word' id='word_1_547' title='bbox 2333 1814 2674 1886; x_wconf 86' lang='lat' dir='ltr'><strong>prohibentes</strong></span> <span class='ocrx_word' id='word_1_548' title='bbox 2685 1815 2884 1871; x_wconf 87' lang='lat' dir='ltr'><strong>nubere</strong></span> <span class='ocrx_word' id='word_1_549' title='bbox 2905 1833 2925 1868; x_wconf 75' lang='grc' dir='ltr'><strong>ι</strong></span> <span class='ocrx_word' id='word_1_550' title='bbox 2943 1815 2986 1888; x_wconf 88' lang='grc' dir='ltr'>(ι</span> <span class='ocrx_word' id='word_1_551' title='bbox 3005 1814 3138 1870; x_wconf 84' lang='lat' dir='ltr'><strong>Tim.</strong></span> <span class='ocrx_word' id='word_1_552' title='bbox 3166 1829 3240 1882; x_wconf 83' lang='lat' dir='ltr'><strong>tv,</strong></span> <span class='ocrx_word' id='word_1_553' title='bbox 3258 1812 3338 1882; x_wconf 81' lang='lat'><strong>3),</strong></span> <span class='ocrx_word' id='word_1_554' title='bbox 3354 1833 3373 1866; x_wconf 77' lang='grc' dir='ltr'><strong>ι</strong></span> <span class='ocrx_word' id='word_1_555' title='bbox 3393 1816 3554 1870; x_wconf 85' lang='lat' dir='ltr'><strong>etiam</strong></span> <span class='ocrx_word' id='word_1_556' title='bbox 3569 1831 3656 1870; x_wconf 81' lang='lat' dir='ltr'><strong>me</strong></span> <span class='ocrx_word' id='word_1_557' title='bbox 3679 1834 3698 1867; x_wconf 74' lang='grc' dir='ltr'><strong>ι</strong></span> 
     </span>
    </p>
   </div>
   <div class='ocr_carea' id='block_1_73' title="bbox 2125 1904 3702 1978">
    <p class='ocr_par' dir='ltr' id='par_1_73' title="bbox 2125 1904 3702 1978">
     <span class='ocr_line' id='line_1_73' title="bbox 2125 1904 3702 1978; baseline 0 -18"><span class='ocrx_word' id='word_1_558' title='bbox 2125 1907 2324 1964; x_wconf 85' lang='lat' dir='ltr'><strong>asseris</strong></span> <span class='ocrx_word' id='word_1_559' title='bbox 2337 1924 2358 1960; x_wconf 85' lang='grc' dir='ltr'><strong>ι</strong></span> <span class='ocrx_word' id='word_1_560' title='bbox 2387 1905 2531 1978; x_wconf 88' lang='lat' dir='ltr'><strong>tangi</strong></span> <span class='ocrx_word' id='word_1_561' title='bbox 2555 1925 2567 1959; x_wconf 91' lang='lat'><strong>:</strong></span> <span class='ocrx_word' id='word_1_562' title='bbox 2595 1925 2615 1960; x_wconf 76' lang='grc' dir='ltr'><strong>ι</strong></span> <span class='ocrx_word' id='word_1_563' title='bbox 2635 1907 2782 1977; x_wconf 88' lang='lat' dir='ltr'><strong>quasi</strong></span> <span class='ocrx_word' id='word_1_564' title='bbox 2806 1907 2999 1972; x_wconf 68' lang='lat' dir='ltr'><strong>diana,</strong></span> <span class='ocrx_word' id='word_1_565' title='bbox 3013 1924 3034 1959; x_wconf 85' lang='grc' dir='ltr'><strong>ι</strong></span> <span class='ocrx_word' id='word_1_566' title='bbox 3064 1915 3182 1977; x_wconf 88' lang='lat' dir='ltr'><strong>post</strong></span> <span class='ocrx_word' id='word_1_567' title='bbox 3197 1904 3482 1961; x_wconf 75' lang='lat' dir='ltr'><strong>adventum</strong></span> <span class='ocrx_word' id='word_1_568' title='bbox 3500 1905 3702 1962; x_wconf 76' lang='lat' dir='ltr'><strong>Christi</strong></span> 
     </span>
    </p>
   </div>
   <div class='ocr_carea' id='block_1_74' title="bbox 2127 1997 3702 2068">
    <p class='ocr_par' dir='ltr' id='par_1_74' title="bbox 2127 1997 3702 2068">
     <span class='ocr_line' id='line_1_74' title="bbox 2127 1997 3702 2068; baseline 0 -16"><span class='ocrx_word' id='word_1_569' title='bbox 2127 1999 2298 2068; x_wconf 84' lang='lat' dir='ltr'><strong>turpia</strong></span> <span class='ocrx_word' id='word_1_570' title='bbox 2330 2013 2454 2056; x_wconf 89' lang='lat' dir='ltr'><strong>esse</strong></span> <span class='ocrx_word' id='word_1_571' title='bbox 2487 1997 2750 2068; x_wconf 73' lang='lat' dir='ltr'><strong>conjugis.</strong></span> <span class='ocrx_word' id='word_1_572' title='bbox 2789 2017 2808 2051; x_wconf 78' lang='grc' dir='ltr'><strong>ι</strong></span> <span class='ocrx_word' id='word_1_573' title='bbox 2850 1997 2984 2054; x_wconf 80' lang='lat' dir='ltr'><strong>Audi</strong></span> <span class='ocrx_word' id='word_1_574' title='bbox 3023 2014 3151 2068; x_wconf 77' lang='lat' dir='ltr'><strong>ergo</strong></span> <span class='ocrx_word' id='word_1_575' title='bbox 3179 1997 3318 2068; x_wconf 84' lang='lat' dir='ltr'><strong>quod</strong></span> <span class='ocrx_word' id='word_1_576' title='bbox 3351 1997 3614 2060; x_wconf 87' lang='lat' dir='ltr'><strong>dicimus,</strong></span> <span class='ocrx_word' id='word_1_577' title='bbox 3645 2008 3702 2052; x_wconf 87' lang='lat' dir='ltr'><strong>ut</strong></span> 
     </span>
    </p>
   </div>
   <div class='ocr_carea' id='block_1_75' title="bbox 2125 2089 3701 2160">
    <p class='ocr_par' dir='ltr' id='par_1_75' title="bbox 2125 2089 3701 2160">
     <span class='ocr_line' id='line_1_75' title="bbox 2125 2089 3701 2160; baseline 0 -16"><span class='ocrx_word' id='word_1_578' title='bbox 2125 2090 2228 2146; x_wconf 84' lang='lat' dir='ltr'><strong>hoc</strong></span> <span class='ocrx_word' id='word_1_579' title='bbox 2254 2091 2425 2160; x_wconf 87' lang='lat' dir='ltr'><strong>ipsum</strong></span> <span class='ocrx_word' id='word_1_580' title='bbox 2453 2089 2632 2145; x_wconf 85' lang='lat' dir='ltr'><strong>multis</strong></span> <span class='ocrx_word' id='word_1_581' title='bbox 2655 2089 2828 2144; x_wconf 89' lang='lat' dir='ltr'><strong>modis</strong></span> <span class='ocrx_word' id='word_1_582' title='bbox 2853 2104 2916 2146; x_wconf 89' lang='lat' dir='ltr'><strong>ac</strong></span> <span class='ocrx_word' id='word_1_583' title='bbox 2939 2089 3133 2160; x_wconf 68' lang='grc' dir='ltr'><strong>εει-μίας</strong></span> <span class='ocrx_word' id='word_1_584' title='bbox 3152 2089 3436 2156; x_wconf 88' lang='lat' dir='ltr'><strong>audiendo,</strong></span> <span class='ocrx_word' id='word_1_585' title='bbox 3461 2103 3570 2144; x_wconf 85' lang='lat' dir='ltr'><strong>non</strong></span> <span class='ocrx_word' id='word_1_586' title='bbox 3590 2089 3701 2144; x_wconf 83' lang='lat' dir='ltr'><strong>dis-</strong></span> 
     </span>
    </p>
   </div>
   <div class='ocr_carea' id='block_1_76' title="bbox 2123 2181 3700 2252">
    <p class='ocr_par' dir='ltr' id='par_1_76' title="bbox 2123 2181 3700 2252">
     <span class='ocr_line' id='line_1_76' title="bbox 2123 2181 3700 2252; baseline -0.001 -14"><span class='ocrx_word' id='word_1_587' title='bbox 2123 2183 2340 2238; x_wconf 86' lang='lat' dir='ltr'><strong>simules</strong></span> <span class='ocrx_word' id='word_1_588' title='bbox 2359 2182 2656 2245; x_wconf 82' lang='lat' dir='ltr'><strong>veritatom,</strong></span> <span class='ocrx_word' id='word_1_589' title='bbox 2669 2183 2926 2238; x_wconf 87' lang='lat' dir='ltr'><strong>simulans</strong></span> <span class='ocrx_word' id='word_1_590' title='bbox 2941 2181 3170 2252; x_wconf 87' lang='lat' dir='ltr'><strong>quodam</strong></span> <span class='ocrx_word' id='word_1_591' title='bbox 3192 2181 3350 2235; x_wconf 90' lang='lat' dir='ltr'><strong>modo</strong></span> <span class='ocrx_word' id='word_1_592' title='bbox 3363 2181 3700 2236; x_wconf 83' lang='lat' dir='ltr'><strong>surditatem.</strong></span> 
     </span>
    </p>
   </div>
   <div class='ocr_carea' id='block_1_77' title="bbox 2123 2272 3699 2345">
    <p class='ocr_par' dir='ltr' id='par_1_77' title="bbox 2123 2272 3699 2345">
     <span class='ocr_line' id='line_1_77' title="bbox 2123 2272 3699 2345; baseline -0.003 -13"><span class='ocrx_word' id='word_1_593' title='bbox 2123 2277 2236 2332; x_wconf 88' lang='lat' dir='ltr'><strong>Non</strong></span> <span class='ocrx_word' id='word_1_594' title='bbox 2273 2276 2500 2334; x_wconf 87' lang='lat' dir='ltr'><strong>dicimus</strong></span> <span class='ocrx_word' id='word_1_595' title='bbox 2529 2276 2698 2345; x_wconf 87' lang='lat' dir='ltr'><strong>turpia</strong></span> <span class='ocrx_word' id='word_1_596' title='bbox 2723 2289 2842 2330; x_wconf 87' lang='lat' dir='ltr'><strong>esse</strong></span> <span class='ocrx_word' id='word_1_597' title='bbox 2869 2273 3143 2345; x_wconf 83' lang='lat' dir='ltr'><strong>conjugia;</strong></span> <span class='ocrx_word' id='word_1_598' title='bbox 3173 2272 3601 2344; x_wconf 83' lang='lat' dir='ltr'><strong>quandoquidem</strong></span> <span class='ocrx_word' id='word_1_599' title='bbox 3631 2289 3699 2328; x_wconf 87' lang='lat' dir='ltr'><strong>ne</strong></span> 
     </span>
    </p>
   </div>
   <div class='ocr_carea' id='block_1_78' title="bbox 2121 2361 3697 2438">
    <p class='ocr_par' dir='ltr' id='par_1_78' title="bbox 2121 2361 3697 2438">
     <span class='ocr_line' id='line_1_78' title="bbox 2121 2361 3697 2438; baseline -0.003 -16"><span class='ocrx_word' id='word_1_600' title='bbox 2121 2365 2502 2423; x_wconf 73' lang='lat' dir='ltr'><strong>incontinentis</strong></span> <span class='ocrx_word' id='word_1_601' title='bbox 2530 2365 2582 2420; x_wconf 89' lang='lat' dir='ltr'><strong>in</strong></span> <span class='ocrx_word' id='word_1_602' title='bbox 2606 2363 2910 2420; x_wconf 85' lang='lat' dir='ltr'><strong>damnabile</strong></span> <span class='ocrx_word' id='word_1_603' title='bbox 2937 2363 3096 2418; x_wconf 87' lang='lat' dir='ltr'><strong>cadat</strong></span> <span class='ocrx_word' id='word_1_604' title='bbox 3122 2362 3400 2438; x_wconf 64' lang='lat' dir='ltr'><strong>ﬂagitium.</strong></span> <span class='ocrx_word' id='word_1_605' title='bbox 3429 2361 3697 2418; x_wconf 82' lang='lat' dir='ltr'><strong>fulcienda</strong></span> 
     </span>
    </p>
   </div>
   <div class='ocr_carea' id='block_1_79' title="bbox 2121 2451 3699 2526">
    <p class='ocr_par' dir='ltr' id='par_1_79' title="bbox 2121 2451 3699 2526">
     <span class='ocr_line' id='line_1_79' title="bbox 2121 2451 3699 2526; baseline -0.004 -14"><span class='ocrx_word' id='word_1_606' title='bbox 2121 2466 2204 2512; x_wconf 84' lang='lat' dir='ltr'><strong>est</strong></span> <span class='ocrx_word' id='word_1_607' title='bbox 2229 2455 2510 2512; x_wconf 78' lang='lat' dir='ltr'><strong>honestate</strong></span> <span class='ocrx_word' id='word_1_608' title='bbox 2539 2455 2862 2525; x_wconf 84' lang='lat' dir='ltr'><strong>nuptiarum.</strong></span> <span class='ocrx_word' id='word_1_609' title='bbox 2895 2453 3000 2510; x_wconf 87' lang='lat' dir='ltr'><strong>Sed</strong></span> <span class='ocrx_word' id='word_1_610' title='bbox 3029 2453 3172 2526; x_wconf 80' lang='lat' dir='ltr'><strong>quod</strong></span> <span class='ocrx_word' id='word_1_611' title='bbox 3203 2467 3294 2507; x_wconf 82' lang='lat' dir='ltr'><strong>vos</strong></span> <span class='ocrx_word' id='word_1_612' title='bbox 3324 2451 3522 2516; x_wconf 89' lang='lat' dir='ltr'><strong>dicitis,</strong></span> <span class='ocrx_word' id='word_1_613' title='bbox 3553 2451 3699 2507; x_wconf 87' lang='lat' dir='ltr'><strong>chri-</strong></span> 
     </span>
    </p>
   </div>
   <div class='ocr_carea' id='block_1_80' title="bbox 2119 2543 3694 2612">
    <p class='ocr_par' dir='ltr' id='par_1_80' title="bbox 2119 2543 3694 2612">
     <span class='ocr_line' id='line_1_80' title="bbox 2119 2543 3694 2612; baseline -0.003 -10"><span class='ocrx_word' id='word_1_614' title='bbox 2119 2547 2288 2602; x_wconf 90' lang='lat' dir='ltr'><strong>stiana</strong></span> <span class='ocrx_word' id='word_1_615' title='bbox 2310 2545 2548 2602; x_wconf 87' lang='lat' dir='ltr'><strong>doctrina</strong></span> <span class='ocrx_word' id='word_1_616' title='bbox 2572 2559 2676 2601; x_wconf 88' lang='lat' dir='ltr'><strong>non</strong></span> <span class='ocrx_word' id='word_1_617' title='bbox 2697 2545 2846 2612; x_wconf 89' lang='lat' dir='ltr'><strong>dicit,</strong></span> <span class='ocrx_word' id='word_1_618' title='bbox 2875 2544 2925 2599; x_wconf 89' lang='lat' dir='ltr'><strong>id</strong></span> <span class='ocrx_word' id='word_1_619' title='bbox 2952 2553 3053 2608; x_wconf 87' lang='lat' dir='ltr'><strong>est,</strong></span> <span class='ocrx_word' id='word_1_620' title='bbox 3083 2553 3139 2598; x_wconf 91' lang='lat' dir='ltr'><strong>ut</strong></span> <span class='ocrx_word' id='word_1_621' title='bbox 3170 2543 3335 2598; x_wconf 82' lang='lat' dir='ltr'><strong>verba</strong></span> <span class='ocrx_word' id='word_1_622' title='bbox 3361 2551 3449 2597; x_wconf 88' lang='lat' dir='ltr'><strong>tua</strong></span> <span class='ocrx_word' id='word_1_623' title='bbox 3474 2559 3694 2612; x_wconf 85' lang='lat' dir='ltr'><strong>ponam,</strong></span> 
     </span>
    </p>
   </div>
   <div class='ocr_carea' id='block_1_81' title="bbox 2123 2633 3698 2711">
    <p class='ocr_par' dir='ltr' id='par_1_81' title="bbox 2123 2633 3698 2711">
     <span class='ocr_line' id='line_1_81' title="bbox 2123 2633 3698 2711; baseline -0.001 -20"><span class='ocrx_word' id='word_1_624' title='bbox 2123 2654 2145 2691; x_wconf 84' lang='grc' dir='ltr'><strong>ι</strong></span> <span class='ocrx_word' id='word_1_625' title='bbox 2189 2635 2459 2692; x_wconf 82' lang='lat' dir='ltr'><strong>hominem</strong></span> <span class='ocrx_word' id='word_1_626' title='bbox 2497 2634 2745 2711; x_wconf 73' lang='lat' dir='ltr'><strong>sufficere</strong></span> <span class='ocrx_word' id='word_1_627' title='bbox 2775 2634 3022 2705; x_wconf 83' lang='lat' dir='ltr'><strong>iugenitis</strong></span> <span class='ocrx_word' id='word_1_628' title='bbox 3058 2635 3156 2690; x_wconf 90' lang='lat' dir='ltr'><strong>sibi</strong></span> <span class='ocrx_word' id='word_1_629' title='bbox 3195 2633 3428 2688; x_wconf 90' lang='lat' dir='ltr'><strong>motibus</strong></span> <span class='ocrx_word' id='word_1_630' title='bbox 3453 2633 3584 2689; x_wconf 82' lang='lat' dir='ltr'><strong>dare</strong></span> <span class='ocrx_word' id='word_1_631' title='bbox 3611 2633 3698 2689; x_wconf 86' lang='lat' dir='ltr'><strong>le-</strong></span> 
     </span>
    </p>
   </div>
   <div class='ocr_carea' id='block_1_82' title="bbox 2117 2723 3697 2798">
    <p class='ocr_par' dir='ltr' id='par_1_82' title="bbox 2117 2723 3697 2798">
     <span class='ocr_line' id='line_1_82' title="bbox 2117 2723 3697 2798; baseline -0.003 -16"><span class='ocrx_word' id='word_1_632' title='bbox 2117 2741 2212 2798; x_wconf 79' lang='lat' dir='ltr'><strong>ges</strong></span> <span class='ocrx_word' id='word_1_633' title='bbox 2253 2744 2268 2781; x_wconf 86' lang='lat'>:</span> <span class='ocrx_word' id='word_1_634' title='bbox 2314 2744 2335 2783; x_wconf 70' lang='grc' dir='ltr'><strong>ι</strong></span> <span class='ocrx_word' id='word_1_635' title='bbox 2367 2725 2468 2782; x_wconf 83' lang='lat' dir='ltr'><strong>hoc</strong></span> <span class='ocrx_word' id='word_1_636' title='bbox 2512 2740 2618 2782; x_wconf 89' lang='lat' dir='ltr'><strong>non</strong></span> <span class='ocrx_word' id='word_1_637' title='bbox 2663 2725 2922 2788; x_wconf 83' lang='lat' dir='ltr'><strong>dicimus;</strong></span> <span class='ocrx_word' id='word_1_638' title='bbox 2971 2724 3066 2780; x_wconf 90' lang='lat' dir='ltr'><strong>scd</strong></span> <span class='ocrx_word' id='word_1_639' title='bbox 3111 2724 3336 2779; x_wconf 87' lang='lat' dir='ltr'><strong>dicimus</strong></span> <span class='ocrx_word' id='word_1_640' title='bbox 3380 2723 3522 2794; x_wconf 87' lang='lat' dir='ltr'><strong>quod</strong></span> <span class='ocrx_word' id='word_1_641' title='bbox 3566 2724 3697 2778; x_wconf 75' lang='lat' dir='ltr'><strong>dixit</strong></span> 
     </span>
    </p>
   </div>
   <div class='ocr_carea' id='block_1_83' title="bbox 2119 2813 3697 2889">
    <p class='ocr_par' dir='ltr' id='par_1_83' title="bbox 2119 2813 3697 2889">
     <span class='ocr_line' id='line_1_83' title="bbox 2119 2813 3697 2889; baseline -0.004 -15"><span class='ocrx_word' id='word_1_642' title='bbox 2119 2819 2426 2889; x_wconf 81' lang='lat' dir='ltr'><strong>Apostolus,</strong></span> <span class='ocrx_word' id='word_1_643' title='bbox 2471 2833 2592 2876; x_wconf 79' lang='lat' dir='ltr'><strong>cum</strong></span> <span class='ocrx_word' id='word_1_644' title='bbox 2631 2817 2758 2872; x_wconf 87' lang='lat' dir='ltr'><strong>hinc</strong></span> <span class='ocrx_word' id='word_1_645' title='bbox 2797 2817 3122 2887; x_wconf 81' lang='lat' dir='ltr'><strong>loqueretur,</strong></span> <span class='ocrx_word' id='word_1_646' title='bbox 3177 2813 3530 2885; x_wconf 81' lang='lat' dir='ltr'><strong>Unusquisque</strong></span> <span class='ocrx_word' id='word_1_647' title='bbox 3573 2831 3697 2882; x_wconf 77' lang='lat' dir='ltr'><strong>pro-</strong></span> 
     </span>
    </p>
   </div>
   <div class='ocr_carea' id='block_1_84' title="bbox 2119 2904 3696 2980">
    <p class='ocr_par' dir='ltr' id='par_1_84' title="bbox 2119 2904 3696 2980">
     <span class='ocr_line' id='line_1_84' title="bbox 2119 2904 3696 2980; baseline -0.003 -16"><span class='ocrx_word' id='word_1_648' title='bbox 2119 2909 2286 2980; x_wconf 82' lang='lat' dir='ltr'><strong>prium</strong></span> <span class='ocrx_word' id='word_1_649' title='bbox 2314 2910 2504 2964; x_wconf 80' lang='lat' dir='ltr'><strong>donum</strong></span> <span class='ocrx_word' id='word_1_650' title='bbox 2524 2908 2669 2962; x_wconf 78' lang='lat' dir='ltr'><strong>habet</strong></span> <span class='ocrx_word' id='word_1_651' title='bbox 2694 2923 2726 2960; x_wconf 77' lang='grc' dir='ltr'><strong><em>α</em></strong></span> <span class='ocrx_word' id='word_1_652' title='bbox 2749 2906 2854 2961; x_wconf 80' lang='lat' dir='ltr'><strong>Deo</strong></span> <span class='ocrx_word' id='word_1_653' title='bbox 2879 2905 2925 2977; x_wconf 85' lang='grc' dir='ltr'><strong>(Ι</strong></span> <span class='ocrx_word' id='word_1_654' title='bbox 2941 2906 3060 2962; x_wconf 89' lang='lat' dir='ltr'><strong>Cor.</strong></span> <span class='ocrx_word' id='word_1_655' title='bbox 3084 2922 3178 2970; x_wconf 86' lang='lat' dir='ltr'><strong>vu,</strong></span> <span class='ocrx_word' id='word_1_656' title='bbox 3201 2906 3280 2978; x_wconf 92' lang='lat'><strong>7).</strong></span> <span class='ocrx_word' id='word_1_657' title='bbox 3317 2905 3382 2960; x_wconf 84' lang='lat' dir='ltr'><strong>Et</strong></span> <span class='ocrx_word' id='word_1_658' title='bbox 3399 2904 3540 2975; x_wconf 85' lang='lat' dir='ltr'><strong>quod</strong></span> <span class='ocrx_word' id='word_1_659' title='bbox 3561 2904 3696 2959; x_wconf 69' lang='lat' dir='ltr'><strong>dixit</strong></span> 
     </span>
    </p>
   </div>
   <div class='ocr_carea' id='block_1_85' title="bbox 2119 2993 3690 3068">
    <p class='ocr_par' dir='ltr' id='par_1_85' title="bbox 2119 2993 3690 3068">
     <span class='ocr_line' id='line_1_85' title="bbox 2119 2993 3690 3068; baseline -0.004 -14"><span class='ocrx_word' id='word_1_660' title='bbox 2119 3001 2394 3064; x_wconf 85' lang='lat' dir='ltr'><strong>Dominus,</strong></span> <span class='ocrx_word' id='word_1_661' title='bbox 2424 2998 2552 3054; x_wconf 76' lang='lat' dir='ltr'><strong>Sino</strong></span> <span class='ocrx_word' id='word_1_662' title='bbox 2572 3013 2650 3052; x_wconf 79' lang='lat' dir='ltr'><strong>nte</strong></span> <span class='ocrx_word' id='word_1_663' title='bbox 2687 2997 2816 3052; x_wconf 77' lang='lat' dir='ltr'><strong>nihil</strong></span> <span class='ocrx_word' id='word_1_664' title='bbox 2857 2997 3062 3067; x_wconf 81' lang='lat' dir='ltr'><strong>potestis</strong></span> <span class='ocrx_word' id='word_1_665' title='bbox 3113 2999 3275 3068; x_wconf 79' lang='lat' dir='ltr'><strong>facere</strong></span> <span class='ocrx_word' id='word_1_666' title='bbox 3296 2994 3469 3066; x_wconf 79' lang='lat' dir='ltr'><strong>(Joan.</strong></span> <span class='ocrx_word' id='word_1_667' title='bbox 3498 3011 3590 3060; x_wconf 76' lang='lat' dir='ltr'><strong>xv,</strong></span> <span class='ocrx_word' id='word_1_668' title='bbox 3611 2993 3690 3066; x_wconf 82' lang='lat'><strong>5).</strong></span> 
     </span>
    </p>
   </div>
   <div class='ocr_carea' id='block_1_86' title="bbox 2116 3087 3693 3158">
    <p class='ocr_par' dir='ltr' id='par_1_86' title="bbox 2116 3087 3693 3158">
     <span class='ocr_line' id='line_1_86' title="bbox 2116 3087 3693 3158; baseline -0.005 -10"><span class='ocrx_word' id='word_1_669' title='bbox 2116 3092 2204 3156; x_wconf 75' lang='lat' dir='ltr'><strong>Et,</strong></span> <span class='ocrx_word' id='word_1_670' title='bbox 2239 3090 2360 3146; x_wconf 79' lang='lat' dir='ltr'><strong>Non</strong></span> <span class='ocrx_word' id='word_1_671' title='bbox 2389 3107 2560 3147; x_wconf 75' lang='lat' dir='ltr'><strong>omnes</strong></span> <span class='ocrx_word' id='word_1_672' title='bbox 2587 3090 2792 3158; x_wconf 82' lang='lat' dir='ltr'><strong>capiunt</strong></span> <span class='ocrx_word' id='word_1_673' title='bbox 2816 3089 3016 3142; x_wconf 73' lang='lat' dir='ltr'><strong>uerbum</strong></span> <span class='ocrx_word' id='word_1_674' title='bbox 3051 3089 3166 3154; x_wconf 73' lang='lat' dir='ltr'><strong>llos,</strong></span> <span class='ocrx_word' id='word_1_675' title='bbox 3201 3088 3290 3142; x_wconf 81' lang='lat' dir='ltr'><strong>sed</strong></span> <span class='ocrx_word' id='word_1_676' title='bbox 3310 3087 3487 3158; x_wconf 81' lang='lat' dir='ltr'><strong>quibus</strong></span> <span class='ocrx_word' id='word_1_677' title='bbox 3516 3087 3693 3140; x_wconf 77' lang='lat' dir='ltr'><strong>datum</strong></span> 
     </span>
    </p>
   </div>
   <div class='ocr_carea' id='block_1_87' title="bbox 2115 3176 3693 3257">
    <p class='ocr_par' dir='ltr' id='par_1_87' title="bbox 2115 3176 3693 3257">
     <span class='ocr_line' id='line_1_87' title="bbox 2115 3176 3693 3257; baseline -0.006 -18"><span class='ocrx_word' id='word_1_678' title='bbox 2115 3194 2186 3239; x_wconf 76' lang='lat' dir='ltr'><strong>est</strong></span> <span class='ocrx_word' id='word_1_679' title='bbox 2214 3181 2424 3257; x_wconf 69' lang='lat' dir='ltr'><strong>(Matth.</strong></span> <span class='ocrx_word' id='word_1_680' title='bbox 2453 3197 2568 3245; x_wconf 72' lang='lat' dir='ltr'><strong>sis,</strong></span> <span class='ocrx_word' id='word_1_681' title='bbox 2599 3180 2688 3251; x_wconf 84' lang='lat' dir='ltr'><strong>ll)</strong></span> <span class='ocrx_word' id='word_1_682' title='bbox 2722 3197 2736 3232; x_wconf 91' lang='lat'><strong>:</strong></span> <span class='ocrx_word' id='word_1_683' title='bbox 2763 3195 2884 3234; x_wconf 90' lang='lat' dir='ltr'><strong>cum</strong></span> <span class='ocrx_word' id='word_1_684' title='bbox 2913 3187 3095 3247; x_wconf 81' lang='lat' dir='ltr'><strong>posset</strong></span> <span class='ocrx_word' id='word_1_685' title='bbox 3115 3178 3295 3234; x_wconf 87' lang='lat' dir='ltr'><strong>dicere</strong></span> <span class='ocrx_word' id='word_1_686' title='bbox 3319 3218 3333 3238; x_wconf 87' lang='lat'><strong>.</strong></span> <span class='ocrx_word' id='word_1_687' title='bbox 3357 3176 3474 3231; x_wconf 84' lang='lat' dir='ltr'><strong>Non</strong></span> <span class='ocrx_word' id='word_1_688' title='bbox 3503 3191 3693 3230; x_wconf 86' lang='lat' dir='ltr'><strong>omnes</strong></span> 
     </span>
    </p>
   </div>
   <div class='ocr_carea' id='block_1_88' title="bbox 2114 3267 3692 3344">
    <p class='ocr_par' dir='ltr' id='par_1_88' title="bbox 2114 3267 3692 3344">
     <span class='ocr_line' id='line_1_88' title="bbox 2114 3267 3692 3344; baseline -0.007 -13"><span class='ocrx_word' id='word_1_689' title='bbox 2114 3277 2330 3344; x_wconf 80' lang='lat' dir='ltr'><strong>capiunt</strong></span> <span class='ocrx_word' id='word_1_690' title='bbox 2353 3274 2574 3330; x_wconf 78' lang='lat' dir='ltr'><strong>verbum</strong></span> <span class='ocrx_word' id='word_1_691' title='bbox 2592 3270 2716 3334; x_wconf 86' lang='lat' dir='ltr'><strong>hoc,</strong></span> <span class='ocrx_word' id='word_1_692' title='bbox 2743 3269 2838 3326; x_wconf 86' lang='lat' dir='ltr'><strong>sed</strong></span> <span class='ocrx_word' id='word_1_693' title='bbox 2863 3269 2953 3341; x_wconf 84' lang='lat' dir='ltr'><strong>qui</strong></span> <span class='ocrx_word' id='word_1_694' title='bbox 2974 3269 3231 3334; x_wconf 86' lang='lat' dir='ltr'><strong>voluerit;</strong></span> <span class='ocrx_word' id='word_1_695' title='bbox 3257 3267 3307 3324; x_wconf 86' lang='lat' dir='ltr'><strong>si</strong></span> <span class='ocrx_word' id='word_1_696' title='bbox 3335 3282 3520 3322; x_wconf 87' lang='lat' dir='ltr'><strong>verum</strong></span> <span class='ocrx_word' id='word_1_697' title='bbox 3547 3275 3692 3323; x_wconf 81' lang='lat' dir='ltr'><strong>esset</strong></span> 
     </span>
    </p>
   </div>
   <div class='ocr_carea' id='block_1_89' title="bbox 2113 3357 3689 3438">
    <p class='ocr_par' dir='ltr' id='par_1_89' title="bbox 2113 3357 3689 3438">
     <span class='ocr_line' id='line_1_89' title="bbox 2113 3357 3689 3438; baseline -0.006 -16"><span class='ocrx_word' id='word_1_698' title='bbox 2113 3367 2256 3438; x_wconf 88' lang='lat' dir='ltr'><strong>quod</strong></span> <span class='ocrx_word' id='word_1_699' title='bbox 2282 3365 2462 3422; x_wconf 78' lang='lat' dir='ltr'><strong>dicitis</strong></span> <span class='ocrx_word' id='word_1_700' title='bbox 2488 3379 2602 3420; x_wconf 76' lang='lat' dir='ltr'><strong>vos.</strong></span> <span class='ocrx_word' id='word_1_701' title='bbox 2637 3363 2833 3434; x_wconf 69' lang='lat' dir='ltr'><strong>Quaero</strong></span> <span class='ocrx_word' id='word_1_702' title='bbox 2855 3377 2985 3418; x_wconf 84' lang='lat' dir='ltr'><strong>sane</strong></span> <span class='ocrx_word' id='word_1_703' title='bbox 3002 3401 3017 3428; x_wconf 82' lang='lat'><strong>,</strong></span> <span class='ocrx_word' id='word_1_704' title='bbox 3045 3361 3291 3432; x_wconf 86' lang='lat' dir='ltr'><strong>qualibus</strong></span> <span class='ocrx_word' id='word_1_705' title='bbox 3312 3359 3564 3430; x_wconf 75' lang='lat' dir='ltr'><strong>ingenitis</strong></span> <span class='ocrx_word' id='word_1_706' title='bbox 3589 3357 3689 3412; x_wconf 86' lang='lat' dir='ltr'><strong>sibi</strong></span> 
     </span>
    </p>
   </div>
   <div class='ocr_carea' id='block_1_90' title="bbox 2114 3449 3690 3520">
    <p class='ocr_par' dir='ltr' id='par_1_90' title="bbox 2114 3449 3690 3520">
     <span class='ocr_line' id='line_1_90' title="bbox 2114 3449 3690 3520; baseline -0.008 -6"><span class='ocrx_word' id='word_1_707' title='bbox 2114 3457 2347 3514; x_wconf 81' lang='lat' dir='ltr'><strong>motibus</strong></span> <span class='ocrx_word' id='word_1_708' title='bbox 2383 3456 2654 3512; x_wconf 88' lang='lat' dir='ltr'><strong>hominem</strong></span> <span class='ocrx_word' id='word_1_709' title='bbox 2689 3454 2878 3511; x_wconf 86' lang='lat' dir='ltr'><strong>dicatis</strong></span> <span class='ocrx_word' id='word_1_710' title='bbox 2913 3468 3037 3510; x_wconf 89' lang='lat' dir='ltr'><strong>esse</strong></span> <span class='ocrx_word' id='word_1_711' title='bbox 3075 3453 3322 3507; x_wconf 87' lang='lat' dir='ltr'><strong>idoneum</strong></span> <span class='ocrx_word' id='word_1_712' title='bbox 3347 3450 3476 3506; x_wconf 89' lang='lat' dir='ltr'><strong>dare</strong></span> <span class='ocrx_word' id='word_1_713' title='bbox 3505 3449 3690 3520; x_wconf 79' lang='lat' dir='ltr'><strong>leges?</strong></span> 
     </span>
    </p>
   </div>
   <div class='ocr_carea' id='block_1_91' title="bbox 2115 3541 3686 3612">
    <p class='ocr_par' dir='ltr' id='par_1_91' title="bbox 2115 3541 3686 3612">
     <span class='ocr_line' id='line_1_91' title="bbox 2115 3541 3686 3612; baseline -0.006 -9"><span class='ocrx_word' id='word_1_714' title='bbox 2115 3557 2290 3603; x_wconf 81' lang='lat' dir='ltr'><strong>utrum</strong></span> <span class='ocrx_word' id='word_1_715' title='bbox 2335 3546 2492 3602; x_wconf 84' lang='lat' dir='ltr'><strong>bonis</strong></span> <span class='ocrx_word' id='word_1_716' title='bbox 2513 3588 2529 3612; x_wconf 86' lang='lat'><strong><em>.</em></strong></span> <span class='ocrx_word' id='word_1_717' title='bbox 2555 3561 2626 3602; x_wconf 76' lang='lat' dir='ltr'><strong>an</strong></span> <span class='ocrx_word' id='word_1_718' title='bbox 2667 3545 2859 3600; x_wconf 71' lang='lat' dir='ltr'><strong>malis?</strong></span> <span class='ocrx_word' id='word_1_719' title='bbox 2886 3545 2940 3600; x_wconf 87' lang='lat' dir='ltr'><strong>Si</strong></span> <span class='ocrx_word' id='word_1_720' title='bbox 2979 3543 3161 3607; x_wconf 83' lang='lat' dir='ltr'><strong>bonis;</strong></span> <span class='ocrx_word' id='word_1_721' title='bbox 3201 3541 3458 3596; x_wconf 84' lang='lat' dir='ltr'><strong>adversus</strong></span> <span class='ocrx_word' id='word_1_722' title='bbox 3486 3541 3686 3596; x_wconf 73' lang='lat' dir='ltr'><strong>bonum</strong></span> 
     </span>
    </p>
   </div>
   <div class='ocr_carea' id='block_1_92' title="bbox 2112 3629 3690 3708">
    <p class='ocr_par' dir='ltr' id='par_1_92' title="bbox 2112 3629 3690 3708">
     <span class='ocr_line' id='line_1_92' title="bbox 2112 3629 3690 3708; baseline -0.006 -15"><span class='ocrx_word' id='word_1_723' title='bbox 2112 3652 2241 3708; x_wconf 82' lang='lat' dir='ltr'><strong>ergo</strong></span> <span class='ocrx_word' id='word_1_724' title='bbox 2255 3637 2470 3707; x_wconf 88' lang='lat' dir='ltr'><strong>spiritus</strong></span> <span class='ocrx_word' id='word_1_725' title='bbox 2483 3635 2810 3706; x_wconf 84' lang='lat' dir='ltr'><strong>concupiscit</strong></span> <span class='ocrx_word' id='word_1_726' title='bbox 2833 3636 2872 3700; x_wconf 82' lang='grc'><strong>³,</strong></span> <span class='ocrx_word' id='word_1_727' title='bbox 2888 3642 2942 3689; x_wconf 87' lang='lat' dir='ltr'><strong>et</strong></span> <span class='ocrx_word' id='word_1_728' title='bbox 2955 3633 3060 3689; x_wconf 91' lang='lat' dir='ltr'><strong>duo</strong></span> <span class='ocrx_word' id='word_1_729' title='bbox 3079 3633 3218 3687; x_wconf 86' lang='lat' dir='ltr'><strong>bona</strong></span> <span class='ocrx_word' id='word_1_730' title='bbox 3235 3631 3458 3686; x_wconf 76' lang='lat' dir='ltr'><strong>invicem</strong></span> <span class='ocrx_word' id='word_1_731' title='bbox 3473 3631 3578 3686; x_wconf 85' lang='lat' dir='ltr'><strong>sibi</strong></span> <span class='ocrx_word' id='word_1_732' title='bbox 3595 3629 3690 3685; x_wconf 86' lang='lat' dir='ltr'><strong>ad-</strong></span> 
     </span>
    </p>
   </div>
   <div class='ocr_carea' id='block_1_93' title="bbox 2113 3721 3722 3794">
    <p class='ocr_par' dir='ltr' id='par_1_93' title="bbox 2113 3721 3722 3794">
     <span class='ocr_line' id='line_1_93' title="bbox 2113 3721 3722 3794; baseline -0.005 -12"><span class='ocrx_word' id='word_1_733' title='bbox 2113 3737 2393 3784; x_wconf 71' lang='lat' dir='ltr'><strong>versantur</strong></span> <span class='ocrx_word' id='word_1_734' title='bbox 2417 3727 2468 3782; x_wconf 86' lang='lat' dir='ltr'><strong>iu</strong></span> <span class='ocrx_word' id='word_1_735' title='bbox 2497 3725 2730 3781; x_wconf 84' lang='lat' dir='ltr'><strong>homine.</strong></span> <span class='ocrx_word' id='word_1_736' title='bbox 2758 3724 2908 3794; x_wconf 84' lang='lat' dir='ltr'><strong>Quod</strong></span> <span class='ocrx_word' id='word_1_737' title='bbox 2934 3725 2982 3780; x_wconf 82' lang='lat' dir='ltr'><strong>si</strong></span> <span class='ocrx_word' id='word_1_738' title='bbox 3009 3723 3080 3779; x_wconf 82' lang='lat' dir='ltr'><strong>ita</strong></span> <span class='ocrx_word' id='word_1_739' title='bbox 3108 3731 3284 3788; x_wconf 88' lang='lat' dir='ltr'><strong>esset,</strong></span> <span class='ocrx_word' id='word_1_740' title='bbox 3316 3722 3428 3792; x_wconf 86' lang='lat' dir='ltr'><strong>ipsa</strong></span> <span class='ocrx_word' id='word_1_741' title='bbox 3459 3721 3685 3775; x_wconf 80' lang='lat' dir='ltr'><strong>duorum</strong></span> <span class='ocrx_word' id='word_1_742' title='bbox 3717 3725 3722 3732; x_wconf 85' lang='lat'><strong>&#39;</strong></span> 
     </span>
    </p>
   </div>
   <div class='ocr_carea' id='block_1_94' title="bbox 2113 3811 3684 3884">
    <p class='ocr_par' dir='ltr' id='par_1_94' title="bbox 2113 3811 3684 3884">
     <span class='ocr_line' id='line_1_94' title="bbox 2113 3811 3684 3884; baseline -0.008 -6"><span class='ocrx_word' id='word_1_743' title='bbox 2113 3821 2374 3878; x_wconf 80' lang='lat' dir='ltr'><strong>bonorum</strong></span> <span class='ocrx_word' id='word_1_744' title='bbox 2399 3823 2537 3874; x_wconf 86' lang='lat' dir='ltr'><strong>inter</strong></span> <span class='ocrx_word' id='word_1_745' title='bbox 2555 3835 2613 3876; x_wconf 84' lang='lat' dir='ltr'><strong>se</strong></span> <span class='ocrx_word' id='word_1_746' title='bbox 2638 3817 2936 3874; x_wconf 77' lang='lat' dir='ltr'><strong>adversitas</strong></span> <span class='ocrx_word' id='word_1_747' title='bbox 2960 3817 3094 3871; x_wconf 85' lang='lat' dir='ltr'><strong>bona</strong></span> <span class='ocrx_word' id='word_1_748' title='bbox 3115 3829 3236 3870; x_wconf 86' lang='lat' dir='ltr'><strong>esse</strong></span> <span class='ocrx_word' id='word_1_749' title='bbox 3263 3828 3368 3868; x_wconf 89' lang='lat' dir='ltr'><strong>non</strong></span> <span class='ocrx_word' id='word_1_750' title='bbox 3396 3822 3598 3884; x_wconf 86' lang='lat' dir='ltr'><strong>posset.</strong></span> <span class='ocrx_word' id='word_1_751' title='bbox 3625 3811 3684 3867; x_wconf 89' lang='lat' dir='ltr'><strong>Si</strong></span> 
     </span>
    </p>
   </div>
   <div class='ocr_carea' id='block_1_95' title="bbox 2110 3904 3684 3979">
    <p class='ocr_par' dir='ltr' id='par_1_95' title="bbox 2110 3904 3684 3979">
     <span class='ocr_line' id='line_1_95' title="bbox 2110 3904 3684 3979; baseline -0.006 -13"><span class='ocrx_word' id='word_1_752' title='bbox 2110 3922 2286 3974; x_wconf 77' lang='lat' dir='ltr'><strong>autem</strong></span> <span class='ocrx_word' id='word_1_753' title='bbox 2313 3911 2501 3976; x_wconf 83' lang='lat' dir='ltr'><strong>malis;</strong></span> <span class='ocrx_word' id='word_1_754' title='bbox 2532 3909 2696 3965; x_wconf 87' lang='lat' dir='ltr'><strong>fatere</strong></span> <span class='ocrx_word' id='word_1_755' title='bbox 2717 3909 2879 3979; x_wconf 77' lang='lat' dir='ltr'><strong>igitur</strong></span> <span class='ocrx_word' id='word_1_756' title='bbox 2904 3907 3166 3977; x_wconf 81' lang='lat' dir='ltr'><strong>ingenitas</strong></span> <span class='ocrx_word' id='word_1_757' title='bbox 3189 3919 3322 3960; x_wconf 78' lang='lat' dir='ltr'><strong>esse</strong></span> <span class='ocrx_word' id='word_1_758' title='bbox 3340 3904 3542 3958; x_wconf 84' lang='lat' dir='ltr'><strong>homini</strong></span> <span class='ocrx_word' id='word_1_759' title='bbox 3567 3917 3684 3958; x_wconf 80' lang='lat' dir='ltr'><strong>mo-</strong></span> 
     </span>
    </p>
   </div>
   <div class='ocr_carea' id='block_1_96' title="bbox 2112 3994 3685 4070">
    <p class='ocr_par' dir='ltr' id='par_1_96' title="bbox 2112 3994 3685 4070">
     <span class='ocr_line' id='line_1_96' title="bbox 2112 3994 3685 4070; baseline -0.004 -14"><span class='ocrx_word' id='word_1_760' title='bbox 2112 4011 2199 4056; x_wconf 88' lang='lat' dir='ltr'><strong>tus</strong></span> <span class='ocrx_word' id='word_1_761' title='bbox 2220 4004 2408 4066; x_wconf 84' lang='lat' dir='ltr'><strong>malos,</strong></span> <span class='ocrx_word' id='word_1_762' title='bbox 2435 4011 2622 4058; x_wconf 84' lang='lat' dir='ltr'><strong>contra</strong></span> <span class='ocrx_word' id='word_1_763' title='bbox 2648 4014 2784 4070; x_wconf 67' lang='lat' dir='ltr'><strong>(tuos</strong></span> <span class='ocrx_word' id='word_1_764' title='bbox 2805 3999 3024 4054; x_wconf 86' lang='lat' dir='ltr'><strong>castitas</strong></span> <span class='ocrx_word' id='word_1_765' title='bbox 3044 3997 3280 4052; x_wconf 88' lang='lat' dir='ltr'><strong>dimicat.</strong></span> <span class='ocrx_word' id='word_1_766' title='bbox 3313 3995 3377 4050; x_wconf 84' lang='lat' dir='ltr'><strong>Et</strong></span> <span class='ocrx_word' id='word_1_767' title='bbox 3405 4009 3474 4050; x_wconf 88' lang='lat' dir='ltr'><strong>ue</strong></span> <span class='ocrx_word' id='word_1_768' title='bbox 3507 3994 3685 4050; x_wconf 80' lang='lat' dir='ltr'><strong>dicere</strong></span> 
     </span>
    </p>
   </div>
   <div class='ocr_carea' id='block_1_97' title="bbox 2109 4086 3685 4164">
    <p class='ocr_par' dir='ltr' id='par_1_97' title="bbox 2109 4086 3685 4164">
     <span class='ocr_line' id='line_1_97' title="bbox 2109 4086 3685 4164; baseline -0.008 -11"><span class='ocrx_word' id='word_1_769' title='bbox 2109 4112 2234 4161; x_wconf 85' lang='lat' dir='ltr'><strong>cum</strong></span> <span class='ocrx_word' id='word_1_770' title='bbox 2275 4094 2582 4151; x_wconf 64' lang='lat' dir='ltr'><strong>Hanicbatis</strong></span> <span class='ocrx_word' id='word_1_771' title='bbox 2621 4093 2852 4164; x_wconf 83' lang='lat' dir='ltr'><strong>cogaris,</strong></span> <span class='ocrx_word' id='word_1_772' title='bbox 2896 4090 3084 4148; x_wconf 64' lang='lat' dir='ltr'><strong>alienae</strong></span> <span class='ocrx_word' id='word_1_773' title='bbox 3129 4088 3254 4146; x_wconf 85' lang='lat' dir='ltr'><strong>mali</strong></span> <span class='ocrx_word' id='word_1_774' title='bbox 3295 4097 3504 4143; x_wconf 70' lang='lat' dir='ltr'><strong>natura:</strong></span> <span class='ocrx_word' id='word_1_775' title='bbox 3535 4086 3685 4142; x_wconf 76' lang='lat' dir='ltr'><strong>nobis</strong></span> 
     </span>
    </p>
   </div>
   <div class='ocr_carea' id='block_1_98' title="bbox 2111 4179 3684 4251">
    <p class='ocr_par' dir='ltr' id='par_1_98' title="bbox 2111 4179 3684 4251">
     <span class='ocr_line' id='line_1_98' title="bbox 2111 4179 3684 4251; baseline -0.006 -9"><span class='ocrx_word' id='word_1_776' title='bbox 2111 4191 2290 4242; x_wconf 85' lang='lat' dir='ltr'><strong>inesse</strong></span> <span class='ocrx_word' id='word_1_777' title='bbox 2331 4184 2766 4242; x_wconf 80' lang='lat' dir='ltr'><strong>oommistionem</strong></span> <span class='ocrx_word' id='word_1_778' title='bbox 2793 4223 2810 4249; x_wconf 85' lang='lat'><strong>,</strong></span> <span class='ocrx_word' id='word_1_779' title='bbox 2859 4190 3101 4238; x_wconf 83' lang='lat' dir='ltr'><strong>nostrum</strong></span> <span class='ocrx_word' id='word_1_780' title='bbox 3151 4179 3328 4251; x_wconf 85' lang='lat' dir='ltr'><strong>potius</strong></span> <span class='ocrx_word' id='word_1_781' title='bbox 3369 4179 3684 4251; x_wconf 80' lang='lat' dir='ltr'><strong>originalem</strong></span> 
     </span>
    </p>
   </div>
   <div class='ocr_carea' id='block_1_99' title="bbox 2109 4271 3685 4346">
    <p class='ocr_par' dir='ltr' id='par_1_99' title="bbox 2109 4271 3685 4346">
     <span class='ocr_line' id='line_1_99' title="bbox 2109 4271 3685 4346; baseline -0.006 -13"><span class='ocrx_word' id='word_1_782' title='bbox 2109 4277 2366 4334; x_wconf 81' lang='lat' dir='ltr'><strong>conﬁtere</strong></span> <span class='ocrx_word' id='word_1_783' title='bbox 2391 4277 2724 4346; x_wconf 70' lang='lat' dir='ltr'><strong>languorem.</strong></span> <span class='ocrx_word' id='word_1_784' title='bbox 2749 4274 2920 4344; x_wconf 78' lang='lat' dir='ltr'><strong>Cujus</strong></span> <span class='ocrx_word' id='word_1_785' title='bbox 2942 4272 3212 4344; x_wconf 82' lang='lat' dir='ltr'><strong>languoris</strong></span> <span class='ocrx_word' id='word_1_786' title='bbox 3231 4271 3372 4328; x_wconf 89' lang='lat' dir='ltr'><strong>malo</strong></span> <span class='ocrx_word' id='word_1_787' title='bbox 3390 4271 3685 4341; x_wconf 75' lang='lat' dir='ltr'><strong>conjngalis</strong></span> 
     </span>
    </p>
   </div>
   <div class='ocr_carea' id='block_1_100' title="bbox 2111 4363 3682 4439">
    <p class='ocr_par' dir='ltr' id='par_1_100' title="bbox 2111 4363 3682 4439">
     <span class='ocr_line' id='line_1_100' title="bbox 2111 4363 3682 4439; baseline -0.006 -13"><span class='ocrx_word' id='word_1_788' title='bbox 2111 4371 2246 4426; x_wconf 83' lang='lat' dir='ltr'><strong>bene</strong></span> <span class='ocrx_word' id='word_1_789' title='bbox 2269 4370 2440 4427; x_wconf 75' lang='lat' dir='ltr'><strong>utitur</strong></span> <span class='ocrx_word' id='word_1_790' title='bbox 2467 4369 2750 4439; x_wconf 80' lang='lat' dir='ltr'><strong>pudicitia;</strong></span> <span class='ocrx_word' id='word_1_791' title='bbox 2775 4375 2963 4439; x_wconf 77' lang='lat' dir='ltr'><strong>contra</strong></span> <span class='ocrx_word' id='word_1_792' title='bbox 2989 4365 3129 4436; x_wconf 84' lang='lat' dir='ltr'><strong>quod</strong></span> <span class='ocrx_word' id='word_1_793' title='bbox 3169 4363 3442 4435; x_wconf 79' lang='lat' dir='ltr'><strong>languoris</strong></span> <span class='ocrx_word' id='word_1_794' title='bbox 3483 4365 3682 4418; x_wconf 83' lang='lat' dir='ltr'><strong>malum</strong></span> 
     </span>
    </p>
   </div>
   <div class='ocr_carea' id='block_1_101' title="bbox 2107 4453 3676 4530">
    <p class='ocr_par' dir='ltr' id='par_1_101' title="bbox 2107 4453 3676 4530">
     <span class='ocr_line' id='line_1_101' title="bbox 2107 4453 3676 4530; baseline -0.008 -14"><span class='ocrx_word' id='word_1_795' title='bbox 2107 4461 2431 4530; x_wconf 77' lang='lat' dir='ltr'><strong>adhibentur</strong></span> <span class='ocrx_word' id='word_1_796' title='bbox 2464 4459 2534 4514; x_wconf 86' lang='lat' dir='ltr'><strong>ab</strong></span> <span class='ocrx_word' id='word_1_797' title='bbox 2568 4455 3020 4514; x_wconf 85' lang='lat' dir='ltr'><strong>ineontinentibus</strong></span> <span class='ocrx_word' id='word_1_798' title='bbox 3053 4455 3359 4524; x_wconf 80' lang='lat' dir='ltr'><strong>nuptiarum</strong></span> <span class='ocrx_word' id='word_1_799' title='bbox 3399 4453 3636 4509; x_wconf 86' lang='lat' dir='ltr'><strong>remedia</strong></span> <span class='ocrx_word' id='word_1_800' title='bbox 3660 4494 3676 4514; x_wconf 82' lang='lat'><strong>,</strong></span> 
     </span>
    </p>
   </div>
   <div class='ocr_carea' id='block_1_102' title="bbox 2107 4543 3685 4618">
    <p class='ocr_par' dir='ltr' id='par_1_102' title="bbox 2107 4543 3685 4618">
     <span class='ocr_line' id='line_1_102' title="bbox 2107 4543 3685 4618; baseline -0.006 -10"><span class='ocrx_word' id='word_1_801' title='bbox 2107 4560 2427 4610; x_wconf 79' lang='lat' dir='ltr'><strong>exercentur</strong></span> <span class='ocrx_word' id='word_1_802' title='bbox 2452 4565 2483 4606; x_wconf 88' lang='lat' dir='ltr'><strong>a</strong></span> <span class='ocrx_word' id='word_1_803' title='bbox 2512 4548 2906 4604; x_wconf 83' lang='lat' dir='ltr'><strong>continentibus</strong></span> <span class='ocrx_word' id='word_1_804' title='bbox 2933 4546 3164 4618; x_wconf 82' lang='lat' dir='ltr'><strong>gloriosa</strong></span> <span class='ocrx_word' id='word_1_805' title='bbox 3187 4545 3501 4602; x_wconf 77' lang='lat' dir='ltr'><strong>certamina.</strong></span> <span class='ocrx_word' id='word_1_806' title='bbox 3532 4543 3685 4598; x_wconf 63' lang='lat' dir='ltr'><strong>Arbio</strong></span> 
     </span>
    </p>
   </div>
   <div class='ocr_carea' id='block_1_103' title="bbox 2109 4633 3682 4713">
    <p class='ocr_par' dir='ltr' id='par_1_103' title="bbox 2109 4633 3682 4713">
     <span class='ocr_line' id='line_1_103' title="bbox 2109 4633 3682 4713; baseline -0.006 -14"><span class='ocrx_word' id='word_1_807' title='bbox 2109 4653 2224 4712; x_wconf 73' lang='lat' dir='ltr'><strong>tror</strong></span> <span class='ocrx_word' id='word_1_808' title='bbox 2249 4641 2678 4713; x_wconf 81' lang='lat' dir='ltr'><strong>pollicitationem</strong></span> <span class='ocrx_word' id='word_1_809' title='bbox 2717 4653 2925 4704; x_wconf 77' lang='lat' dir='ltr'><strong>meatu,</strong></span> <span class='ocrx_word' id='word_1_810' title='bbox 2963 4652 3032 4694; x_wconf 79' lang='lat' dir='ltr'><strong>es</strong></span> <span class='ocrx_word' id='word_1_811' title='bbox 3071 4651 3180 4706; x_wconf 84' lang='lat' dir='ltr'><strong>quo</strong></span> <span class='ocrx_word' id='word_1_812' title='bbox 3205 4637 3226 4668; x_wconf 78' lang='grc'>⁸</span> <span class='ocrx_word' id='word_1_813' title='bbox 3265 4634 3358 4690; x_wconf 91' lang='lat' dir='ltr'><strong>tibi</strong></span> <span class='ocrx_word' id='word_1_814' title='bbox 3397 4634 3464 4688; x_wconf 83' lang='lat' dir='ltr'><strong>ad</strong></span> <span class='ocrx_word' id='word_1_815' title='bbox 3505 4633 3682 4689; x_wconf 82' lang='lat' dir='ltr'><strong>omnia</strong></span> 
     </span>
    </p>
   </div>
   <div class='ocr_carea' id='block_1_104' title="bbox 2107 4717 3683 4801">
    <p class='ocr_par' dir='ltr' id='par_1_104' title="bbox 2107 4717 3683 4801">
     <span class='ocr_line' id='line_1_104' title="bbox 2107 4717 3683 4801; baseline -0.007 -13"><span class='ocrx_word' id='word_1_816' title='bbox 2107 4717 2435 4801; x_wconf 77' lang='lat' dir='ltr'><strong>respondere</strong></span> <span class='ocrx_word' id='word_1_817' title='bbox 2471 4729 2606 4800; x_wconf 70' lang='lat' dir='ltr'><strong>cepi</strong></span> <span class='ocrx_word' id='word_1_818' title='bbox 2630 4772 2648 4798; x_wconf 91' lang='lat'><strong>,</strong></span> <span class='ocrx_word' id='word_1_819' title='bbox 2687 4730 2740 4786; x_wconf 91' lang='lat' dir='ltr'><strong>in</strong></span> <span class='ocrx_word' id='word_1_820' title='bbox 2777 4728 2971 4800; x_wconf 81' lang='lat' dir='ltr'><strong>quilms</strong></span> <span class='ocrx_word' id='word_1_821' title='bbox 3005 4725 3292 4782; x_wconf 79' lang='lat' dir='ltr'><strong>solvendas</strong></span> <span class='ocrx_word' id='word_1_822' title='bbox 3327 4723 3683 4796; x_wconf 66' lang='lat' dir='ltr'><strong>quationuut</strong></span> 
     </span>
    </p>
   </div>
   <div class='ocr_carea' id='block_1_105' title="bbox 2109 4801 3681 4892">
    <p class='ocr_par' dir='ltr' id='par_1_105' title="bbox 2109 4801 3681 4892">
     <span class='ocr_line' id='line_1_105' title="bbox 2109 4801 3681 4892; baseline -0.005 -12"><span class='ocrx_word' id='word_1_823' title='bbox 2109 4824 2278 4880; x_wconf 84' lang='lat' dir='ltr'><strong>nodos</strong></span> <span class='ocrx_word' id='word_1_824' title='bbox 2296 4801 2502 4892; x_wconf 81' lang='lat' dir='ltr'><strong>aliquos</strong></span> <span class='ocrx_word' id='word_1_825' title='bbox 2527 4819 2774 4887; x_wconf 87' lang='lat' dir='ltr'><strong>attulisti,</strong></span> <span class='ocrx_word' id='word_1_826' title='bbox 2800 4817 3134 4880; x_wconf 82' lang='lat' dir='ltr'><strong>commodius</strong></span> <span class='ocrx_word' id='word_1_827' title='bbox 3159 4815 3388 4889; x_wconf 80' lang='lat' dir='ltr'><strong>impleri.</strong></span> <span class='ocrx_word' id='word_1_828' title='bbox 3420 4816 3466 4873; x_wconf 87' lang='lat' dir='ltr'><strong>si</strong></span> <span class='ocrx_word' id='word_1_829' title='bbox 3488 4831 3681 4872; x_wconf 53' lang='lat' dir='ltr'><strong>nunc.</strong></span> 
     </span>
    </p>
   </div>
   <div class='ocr_carea' id='block_1_106' title="bbox 2107 4905 3684 4977">
    <p class='ocr_par' dir='ltr' id='par_1_106' title="bbox 2107 4905 3684 4977">
     <span class='ocr_line' id='line_1_106' title="bbox 2107 4905 3684 4977; baseline -0.003 -8"><span class='ocrx_word' id='word_1_830' title='bbox 2107 4930 2224 4970; x_wconf 91' lang='lat' dir='ltr'><strong>rum</strong></span> <span class='ocrx_word' id='word_1_831' title='bbox 2267 4923 2475 4968; x_wconf 86' lang='lat' dir='ltr'><strong>tuorum</strong></span> <span class='ocrx_word' id='word_1_832' title='bbox 2511 4909 2838 4968; x_wconf 84' lang='lat' dir='ltr'><strong>voluminum</strong></span> <span class='ocrx_word' id='word_1_833' title='bbox 2865 4923 2969 4966; x_wconf 91' lang='lat' dir='ltr'><strong>non</strong></span> <span class='ocrx_word' id='word_1_834' title='bbox 2995 4923 3297 4970; x_wconf 73' lang='lat' dir='ltr'><strong>excessum.</strong></span> <span class='ocrx_word' id='word_1_835' title='bbox 3327 4906 3410 4966; x_wconf 80' lang='lat' dir='ltr'><strong>Sit</strong></span> <span class='ocrx_word' id='word_1_836' title='bbox 3443 4921 3576 4977; x_wconf 84' lang='lat' dir='ltr'><strong>ergo</strong></span> <span class='ocrx_word' id='word_1_837' title='bbox 3597 4905 3684 4964; x_wconf 78' lang='lat' dir='ltr'><strong>hic</strong></span> 
     </span>
    </p>
   </div>
   <div class='ocr_carea' id='block_1_107' title="bbox 2109 4997 3682 5084">
    <p class='ocr_par' dir='ltr' id='par_1_107' title="bbox 2109 4997 3682 5084">
     <span class='ocr_line' id='line_1_107' title="bbox 2109 4997 3682 5084; baseline -0.008 -20"><span class='ocrx_word' id='word_1_838' title='bbox 2109 5008 2232 5064; x_wconf 84' lang='lat' dir='ltr'><strong>linis</strong></span> <span class='ocrx_word' id='word_1_839' title='bbox 2257 5007 2416 5075; x_wconf 85' lang='lat' dir='ltr'><strong>hujus</strong></span> <span class='ocrx_word' id='word_1_840' title='bbox 2442 5005 2546 5062; x_wconf 86' lang='lat' dir='ltr'><strong>mei</strong></span> <span class='ocrx_word' id='word_1_841' title='bbox 2566 5047 2584 5072; x_wconf 94' lang='lat'><strong>,</strong></span> <span class='ocrx_word' id='word_1_842' title='bbox 2609 5013 2669 5084; x_wconf 71' lang='lat' dir='ltr'><strong>ut</strong></span> <span class='ocrx_word' id='word_1_843' title='bbox 2690 5005 3035 5084; x_wconf 72' lang='lat' dir='ltr'><strong>novissimum</strong></span> <span class='ocrx_word' id='word_1_844' title='bbox 3062 5012 3209 5060; x_wconf 86' lang='lat' dir='ltr'><strong>tuum</strong></span> <span class='ocrx_word' id='word_1_845' title='bbox 3236 4999 3303 5060; x_wconf 79' lang='lat' dir='ltr'><strong>ah</strong></span> <span class='ocrx_word' id='word_1_846' title='bbox 3331 5001 3441 5057; x_wconf 80' lang='lat' dir='ltr'><strong>alio</strong></span> <span class='ocrx_word' id='word_1_847' title='bbox 3469 4997 3682 5056; x_wconf 80' lang='lat' dir='ltr'><strong>refella-</strong></span> 
     </span>
    </p>
   </div>
   <div class='ocr_carea' id='block_1_108' title="bbox 2105 5087 2494 5189">
    <p class='ocr_par' dir='ltr' id='par_1_108' title="bbox 2105 5087 2494 5189">
     <span class='ocr_line' id='line_1_108' title="bbox 2105 5087 2494 5189; baseline -0.003 -35"><span class='ocrx_word' id='word_1_848' title='bbox 2105 5090 2226 5188; x_wconf 65' lang='lat' dir='ltr'><strong>mus</strong></span> <span class='ocrx_word' id='word_1_849' title='bbox 2248 5087 2494 5189; x_wconf 78' lang='lat' dir='ltr'><strong>exordio.</strong></span> 
     </span>
    </p>
   </div>
   <div class='ocr_carea' id='block_1_109' title="bbox 2173 5215 3542 5314">
    <p class='ocr_par' dir='ltr' id='par_1_109' title="bbox 2173 5215 3542 5314">
     <span class='ocr_line' id='line_1_109' title="bbox 2173 5215 3542 5314; baseline -0.008 -7"><span class='ocrx_word' id='word_1_850' title='bbox 2173 5258 2186 5288; x_wconf 77' lang='grc' dir='ltr'>ί</span> <span class='ocrx_word' id='word_1_851' title='bbox 2223 5257 2306 5306; x_wconf 85' lang='lat' dir='ltr'><strong>llic</strong></span> <span class='ocrx_word' id='word_1_852' title='bbox 2328 5259 2400 5306; x_wconf 81' lang='lat' dir='ltr'><strong>Er.</strong></span> <span class='ocrx_word' id='word_1_853' title='bbox 2426 5235 2480 5307; x_wconf 85' lang='lat' dir='ltr'><strong>et</strong></span> <span class='ocrx_word' id='word_1_854' title='bbox 2498 5261 2609 5306; x_wconf 70' lang='lat' dir='ltr'><strong>hor.</strong></span> <span class='ocrx_word' id='word_1_855' title='bbox 2633 5252 2842 5312; x_wconf 84' lang='lat' dir='ltr'><strong>addunt,</strong></span> <span class='ocrx_word' id='word_1_856' title='bbox 2865 5251 3094 5303; x_wconf 79' lang='lat' dir='ltr'><strong>admsus</strong></span> <span class='ocrx_word' id='word_1_857' title='bbox 3111 5215 3334 5314; x_wconf 75' lang='lat' dir='ltr'><strong>spiritum</strong></span> <span class='ocrx_word' id='word_1_858' title='bbox 3354 5260 3372 5297; x_wconf 92' lang='lat'><strong><em>:</em></strong></span> <span class='ocrx_word' id='word_1_859' title='bbox 3393 5245 3542 5297; x_wconf 73' lang='lat' dir='ltr'><strong>mlo.</strong></span> 
     </span>
    </p>
   </div>
   <div class='ocr_carea' id='block_1_110' title="bbox 2170 5317 2880 5376">
    <p class='ocr_par' dir='ltr' id='par_1_110' title="bbox 2170 5317 2880 5376">
     <span class='ocr_line' id='line_1_110' title="bbox 2170 5317 2880 5376; baseline -0.006 -10"><span class='ocrx_word' id='word_1_860' title='bbox 2170 5321 2190 5350; x_wconf 76' lang='grc'><strong>⁹</strong></span> <span class='ocrx_word' id='word_1_861' title='bbox 2223 5317 2534 5368; x_wconf 60' lang='lat' dir='ltr'><strong>“muccosis</strong></span> <span class='ocrx_word' id='word_1_862' title='bbox 2558 5321 2656 5376; x_wconf 61' lang='lat' dir='ltr'><strong>Ms,</strong></span> <span class='ocrx_word' id='word_1_863' title='bbox 2683 5317 2748 5364; x_wconf 64' lang='lat' dir='ltr'><strong>uir</strong></span> <span class='ocrx_word' id='word_1_864' title='bbox 2768 5325 2880 5376; x_wconf 75' lang='lat' dir='ltr'><strong>qua.</strong></span> 
     </span>
    </p>
   </div>
   <div class='ocr_carea' id='block_1_111' title="bbox 1921 5596 2225 5625">
    <p class='ocr_par' dir='ltr' id='par_1_111' title="bbox 1921 5596 2225 5625">
     <span class='ocr_line' id='line_1_111' title="bbox 1921 5596 2225 5625; baseline 0 0"><span class='ocrx_word' id='word_1_865' title='bbox 1921 5596 2044 5625; x_wconf 52' lang='lat'><strong>3&quot;&quot;</strong></span> <span class='ocrx_word' id='word_1_866' title='bbox 2075 5596 2164 5622; x_wconf 48' lang='lat' dir='ltr'><strong>&quot;I</strong></span> <span class='ocrx_word' id='word_1_867' title='bbox 2218 5596 2225 5604; x_wconf 85' lang='lat'>&#39;</span> 
     </span>
    </p>
   </div>
   <div class='ocr_carea' id='block_1_112' title="bbox 1613 5703 1628 5719">
    <p class='ocr_par' dir='ltr' id='par_1_112' title="bbox 1613 5703 1628 5719">
     <span class='ocr_line' id='line_1_112' title="bbox 1613 5703 1628 5719; baseline 0 0"><span class='ocrx_word' id='word_1_868' title='bbox 1613 5703 1628 5719; x_wconf 62' lang='grc' dir='ltr'><em>κ</em></span> 
     </span>
    </p>
   </div>
  </div>
