3972 6178
433 259 538 319 823

429 373 482 427 in
510 373 873 428 remissionem
899 369 1048 429 fusus
1068 381 1150 428 est
1172 381 1528 442 peccatorum.
1554 371 1686 426 lluic
1703 385 1828 440 ergo
1849 383 2002 423 mun-

426 465 498 517 do
517 503 534 530 ,
565 467 714 533 cujus
741 464 982 535 princeps
1006 473 1118 532 est,
1144 463 1211 520 de
1239 480 1344 534 quo
1371 465 1446 518 ait
1481 465 1569 535 qui
1598 463 1723 532 vicit
1747 459 2026 548 mundum.

426 553 609 623 (Joun.
635 572 724 610 XVI
744 599 758 620 ,
787 557 879 628 55)
897 597 912 620 ,
943 556 1074 612 Ecce
1108 557 1237 612 venit
1270 557 1504 627 princeps
1531 557 1736 621 mundi,
1763 565 1810 608 et
1842 555 1894 608 in
1923 571 2002 609 me

428 647 560 702 nihil
585 649 795 704 inveniet
822 666 841 705 :
867 649 1024 707 huic.
1053 650 1300 722 inquam,
1336 647 1533 703 mundo
1558 648 1791 702 nascitur
1817 647 1998 714 homo,

429 739 598 796 donec
627 749 932 796 renascatur
973 741 1026 794 in
1060 756 1125 794 eo
1149 739 1237 810 qui
1264 739 1390 794 vicit
1418 738 1675 820 mundum
1693 780 1708 806 ,
1737 747 1790 794 et
1817 738 1869 792 in
1894 751 2000 807 quo

429 829 559 886 nihil
586 830 788 888 invenit
823 832 1068 902 princeps
1095 829 1297 886 mundi.

496 923 551 986 4.
581 921 712 990 Quis
747 933 826 977 cst
867 929 1008 983 enim
1046 923 1306 988 mundus,
1347 922 1414 978 de
1457 937 1562 993 quo
1598 921 1726 976 dicit
1758 921 2004 976 Salvator

429 1010 607 1066 mundi
633 1019 688 1067 et
711 1013 878 1067 victor
903 1011 1104 1083 mundi,
1135 1011 1256 1068 Non
1281 1021 1438 1083 potest
1463 1011 1677 1066 mundus
1701 1011 1864 1066 odisse
1882 1027 2000 1074 vos;

425 1117 505 1154 me
529 1111 696 1155 autem
722 1103 827 1173 odit
847 1145 861 1167 ,
891 1081 1008 1172 quia
1041 1119 1133 1173 ego
1167 1081 1500 1156 testimonium
1539 1101 1769 1171 perhibeo
1797 1101 1860 1154 de
1886 1099 1997 1164 illo,

425 1191 544 1260 quia
567 1209 721 1263 opera
745 1167 850 1263 eius
877 1167 1011 1246 mala
1034 1167 1149 1251 sunt
1177 1191 1286 1264 (Id.
1312 1209 1405 1258 vn,
1433 1192 1490 1263 7)
1507 1167 1819 1259 ?'Numquid
1845 1200 2000 1244 terra:

426 1296 489 1336 ac
514 1283 696 1346 maris,
726 1283 846 1338 εωιὶ
876 1298 938 1338 ac
967 1283 1196 1337 siderum
1227 1283 1362 1336 mala
1393 1293 1515 1336 sunt
1542 1283 1736 1350 opera?
1764 1281 1868 1336 Sed
1900 1281 2000 1334 uti-

425 1387 530 1442 que
559 1373 784 1428 mundus
810 1375 910 1430 iste
938 1373 1180 1430 homines
1219 1384 1360 1430 sunt.
1399 1373 1510 1429 Nec
1551 1374 1617 1428 ab
1661 1373 1762 1428 isto
1801 1371 2000 1428 mundo

424 1464 700 1533 quisquam
732 1465 1032 1520 liberandus
1061 1465 1300 1535 cligitur,
1334 1465 1434 1524 nisi
1463 1465 1632 1534 gratia
1662 1463 1756 1519 Dei
1785 1479 1879 1533 per
1904 1461 1998 1518 Je-

427 1571 542 1608 sum
575 1554 843 1610 Christum
874 1557 1150 1612 Dominum
1184 1569 1419 1612 nostrum
1455 1575 1476 1609 ι
1500 1557 1587 1626 qui
1615 1556 1760 1612 dedit
1783 1571 1998 1611 carnem

423 1660 572 1699 suam
605 1660 700 1714 pro
729 1645 913 1701 mundi
940 1647 1078 1714 vita;
1111 1647 1250 1718 quod
1292 1662 1396 1702 non
1435 1647 1683 1713 fecisset,
1713 1647 1812 1707 nisi
1841 1661 1998 1702 mun-

424 1733 550 1788 dum
596 1735 887 1791 invenisset
929 1735 981 1791 in
1027 1745 1215 1792 morte.
1245 1737 1372 1804 Quis
1411 1746 1494 1792 cst
1531 1736 1755 1794 mundus
1791 1737 1856 1792 de
1894 1751 1998 1807 quo

425 1826 633 1896 (licebat
659 1827 888 1894 Jlldil‘is,
925 1827 1025 1884 Vos
1055 1830 1117 1884 de
1139 1831 1232 1884 hoc
1257 1830 1444 1884 mundo
1467 1831 1620 1896 estis;
1645 1847 1734 1902 ego
1762 1847 1862 1886 non
1887 1847 2000 1885 sum

425 1917 489 1987 [te
510 1916 603 1986 hoc
627 1919 812 1974 mundo
843 1917 952 1989 (Id.
976 1935 1088 1982 vin,
1117 1919 1243 1992 23)?
1270 1921 1562 1988 Postremo,
1593 1921 1710 1991 quis
1735 1930 1816 1976 est
1841 1937 1998 1976 mun-

424 2004 526 2061 dus
563 2005 628 2064 de
667 2022 772 2076 quo
803 2007 962 2078 elegit
992 2007 1149 2065 Jcsus
1181 2009 1468 2079 discipulos
1495 2026 1652 2076 suos,
1696 2021 1752 2066 ut
1782 2013 1892 2080 jam
1931 2011 2000 2066 de

428 2095 624 2152 mundo
651 2111 753 2158 non
781 2107 977 2162 essent,
1010 2111 1062 2155 et
1088 2115 1181 2156 eos
1209 2101 1274 2155 de
1298 2117 1404 2171 quo
1423 2101 1532 2172 jam
1560 2116 1664 2156 non
1689 2113 1859 2169 erant,
1888 2103 2000 2173 ip:e

427 2185 654 2256 mundus
682 2187 920 2258 odisset?
953 2188 1040 2244 Sic
1067 2193 1207 2248 enim
1249 2189 1478 2260 loquitur
1513 2189 1755 2246 Salvator
1795 2189 1996 2258 mundi,

435 2275 524 2343 ius
551 2275 766 2340 mundi;
796 2277 893 2343 sic,
923 2265 1155 2348 inquam,
1185 2279 1418 2349 loquitur
1445 2298 1458 2333 :
1487 2279 1614 2335 Πιιτ
1637 2279 1820 2335 mando
1841 2279 1994 2346 vobis,

427 2375 482 2426 ut
522 2365 742 2435 diligatis
779 2367 1005 2422 invicem.
1039 2368 1102 2422 Si
1137 2369 1355 2424 mundus
1389 2385 1474 2424 vos
1510 2371 1649 2438 odit,
1683 2371 1856 2425 scitote
1881 2373 2000 2440 quia

429 2471 506 2508 me
527 2456 742 2526 priorem
764 2456 896 2512 vobis
915 2458 1031 2513 odio
1051 2459 1244 2514 habuit.
1267 2459 1327 2515 Si
1351 2459 1413 2514 de
1433 2460 1622 2515 mundo
1641 2462 1828 2525 essetis,
1853 2479 2002 2517 ntunp

427 2545 522 2604 tlns
549 2546 682 2615 quod
713 2563 858 2601 situm
893 2557 1000 2602 erat
1026 2545 1296 2620 diligeret:
1318 2551 1436 2614 quia
1463 2566 1576 2605 vero
1601 2551 1662 2606 de
1686 2553 1874 2607 mundo
1899 2569 2000 2607 non

425 2637 574 2706 istis,
594 2635 705 2692 ‘setl
741 2655 832 2710 ego
865 2641 990 2712 elegi
1024 2657 1108 2696 vos
1146 2641 1210 2696 de
1239 2643 1464 2710 mundo;
1491 2653 1754 2714 propterea
1781 2645 1887 2698 odit
1914 2661 2000 2700 vos

428 2727 644 2806 mundus
681 2729 794 2799 (Id.
824 2747 910 2798 xv,
946 2733 1151 2805 17-19).
1187 2733 1242 2790 Si
1275 2749 1379 2789 non
1405 2733 1725 2802 addidisset,
1757 2753 1847 2807 ego
1873 2736 2002 2807 elegi
2033 2763 2049 2770 -

425 2834 510 2870 vos
531 2817 593 2874 de
613 2820 836 2896 tumulo;
864 2823 1030 2892 putari
1058 2835 1256 2894 posset,
1283 2823 1351 2879 ita
1372 2823 1588 2890 dixisse,
1611 2826 1674 2879 de
1693 2826 1878 2880 mundo
1898 2841 1999 2880 non

424 2907 560 2971 estis,
587 2910 1030 2986 quemadmodum
1055 2911 1120 2986 de
1145 2925 1205 2984 se:
1228 2915 1342 2986 ipso
1368 2914 1596 2984 dixerat,
1628 2914 1741 2987 Ego
1765 2933 1865 2972 non
1885 2933 2000 2970 sum

428 2995 488 3048 de
515 2996 608 3050 hoc
636 3000 841 3054 mundo.
873 3001 1054 3072 Neque
1077 3005 1219 3069 enim
1249 3015 1304 3065 et
1327 3005 1444 3078 ipse
1471 3006 1569 3063 fuit
1597 3008 1666 3065 de
1693 3009 1919 3073 mundo,
1945 3019 2000 3066 et

421 3086 730 3142 electuscst
758 3089 878 3144 inde
905 3100 961 3146 ut
987 3108 1090 3147 non
1116 3105 1260 3164 esset
1283 3095 1352 3152 de
1379 3097 1598 3164 mundo.
1624 3098 1754 3168 Quis
1786 3099 1887 3156 hoc
1913 3100 1997 3156 di-

427 3177 564 3248 xerit
605 3176 970 3251 christianos?
1013 3181 1122 3238 Nec
1171 3186 1462 3242 secundum
1515 3187 1616 3252 hoc
1664 3189 1806 3246 enim
1854 3190 2000 3261 quod

386 3320 395 3328 ,
429 3268 587 3323 Ιιοιιιο
628 3285 748 3326 esse
788 3271 1032 3344 dignatus
1071 3286 1174 3345 est,
1199 3276 1360 3334 Filius
1402 3279 1493 3336 Dei
1536 3280 1604 3338 de
1643 3279 1841 3346 mundo
1877 3283 1994 3339 fuit.

425 3360 560 3428 Quid
590 3362 694 3432 ita,
725 3363 822 3420 nisi
857 3366 978 3434 quia
1019 3366 1071 3426 in
1113 3368 1205 3424 illo
1247 3379 1520 3440 peccatum
1567 3388 1832 3444 nunquam
1875 3375 1988 3442 fuit,

425 3459 638 3520 propter
669 3453 808 3524 quod
837 3457 1012 3514 omnis
1037 3457 1194 3514 homo
1222 3461 1368 3530 prius
1399 3463 1614 3532 mundo,
1631 3481 1734 3520 non
1761 3465 1872 3521 Deo
1899 3483 1964 3524 na
1982 3496 1996 3506 -

424 3543 622 3622 scitur,
651 3553 705 3600 et
733 3555 786 3601 ut
811 3547 922 3611 Deo
948 3561 1194 3610 nascatur
1225 3553 1293 3608 de
1328 3555 1524 3612 mundo
1553 3557 1768 3627 eligitur
1793 3559 1881 3630 qui
1909 3575 1992 3618 re-

426 3635 658 3690 nascitur
684 3647 734 3691 ut
761 3637 870 3707 jam
909 3657 1014 3700 non
1053 3643 1122 3700 sit
1148 3643 1214 3698 de
1245 3647 1477 3702 mundo?
1510 3649 1732 3720 Propter
1757 3654 1902 3723 quod
1925 3655 1993 3709 ah

423 3743 489 3776 et)
523 3726 770 3798 princeps
798 3732 980 3787 mundi
1008 3733 1216 3803 ejicitur
1243 3737 1410 3802 foras,
1443 3739 1580 3794 sicut
1609 3741 1718 3810 ipse
1749 3751 1988 3811 testatur,

421 3819 604 3888 dicens
627 3839 642 3872 :
667 3819 820 3876 Nunc
839 3823 1092 3894 judicium
1117 3835 1189 3881 est
1214 3829 1408 3894 mundi,
1430 3845 1562 3884 nunc
1586 3832 1817 3903 princeps
1839 3835 1992 3906 hujus

421 3909 598 3976 mundi
625 3911 847 3982 ejicietur
871 3913 1012 3983 [oras
1041 3915 1150 3988 (Id.
1179 3932 1272 3984 xu,
1301 3919 1411 3990 5i).
1747 3937 1751 3941 '

490 3999 543 4055 ἕ.
573 3998 684 4061 Nisi
713 4000 848 4058 forte
871 4018 937 4058 eo
967 4019 1134 4075 usque
1158 4016 1330 4062 vestra
1359 4011 1720 4078 progrediatur
1750 4012 1986 4079 audacia,

419 4101 476 4144 ιιι
500 4090 686 4165 dicatis
717 4109 822 4148 non
851 4093 918 4150 de
947 4097 1144 4153 mundo
1171 4099 1294 4168 eligi
1335 4101 1606 4170 parvulos,
1647 4103 1858 4172 quando
1887 4105 1990 4158 Ba-

421 4185 611 4246 ptismo
638 4185 753 4252 ejus
781 4183 1063 4242 abluuntur
1083 4227 1098 4252 ,
1124 4186 1193 4243 de
1219 4203 1324 4258 quo
1351 4189 1547 4245 dictum
1575 4200 1656 4246 est
1673 4232 1690 4259 ,
1723 4191 1857 4248 Deus
1883 4204 1990 4247 erat

414 4271 468 4322 in
494 4269 712 4338 Christo,
740 4273 983 4338 mundum
1007 4277 1336 4332 reconcilians
1363 4278 1476 4334 sibi.
1509 4280 1590 4334 Ad
1617 4281 1772 4340 istam
1798 4297 1988 4338 recon-

416 4360 737 4416 ciliationem
779 4362 826 4416 si
865 4365 1071 4434 negatis
1114 4367 1360 4435 parvulos
1407 4370 1705 4438 pertinere,
1737 4379 1988 4442 negantes

411 4464 508 4504 eos
531 4465 651 4506 csso
677 4451 746 4510 de
769 4453 995 4519 mundo;
1023 4471 1126 4524 qua
1150 4456 1325 4528 fronte
1349 4460 1530 4518 nescio
1547 4461 1736 4518 vivatis
1762 4463 1811 4517 in
1833 4479 1988 4522 mun-

407 4541 502 4600 do.
528 4540 694 4596 Porro
713 4543 758 4596 si
777 4557 872 4598 eos
893 4541 1150 4611 fatemini,
1169 4561 1294 4607 cum
1315 4548 1368 4603 in
1388 4563 1580 4619 corpus
1597 4550 1792 4607 Christi
1813 4562 1986 4610 trans-

413 4639 556 4698 eunt,
587 4631 654 4688 de
681 4632 879 4688 mundo
903 4632 1062 4704 eligi;
1095 4639 1414 4703 necesse'est
1436 4648 1496 4694 ut
1519 4640 1566 4696 ei
1594 4651 1896 4712 nascantur,
1917 4644 1986 4700 de

411 4741 516 4792 quo
557 4725 826 4796 eliguntur
871 4734 926 4782 ut
969 4737 1330 4784 renascantur.
1374 4729 1673 4800 Nascuntur
1707 4735 1846 4790 enim
1892 4752 1985 4806 per

409 4815 585 4872 carnis
607 4818 1111 4887 concupiscentiam,
1134 4830 1482 4878 renascuntur
1506 4839 1602 4894 per
1619 4825 1844 4895 Spiritus
1863 4841 1982 4896 gra-

409 4899 566 4962 tiam.
586 4904 675 4964 llla
701 4907 770 4964 dc
793 4909 992 4968 mundo
1015 4919 1118 4970 est.
1149 4909 1263 4968 haec
1287 4915 1430 4968 venit
1453 4914 1509 4970 in
1534 4917 1808 4982 mundum,
1835 4925 1895 4972 ut
1913 4917 1983 4973 de

407 4997 606 5052 mundo
630 4998 894 5069 eligantur
915 5001 1006 5072 qui
1032 5002 1387 5072 praedestinati
1415 5013 1538 5065 sunt
1559 5014 1681 5069 ante
1703 5007 1978 5064 mundum.

403 5087 537 5142 (ium
565 5097 745 5144 autem
773 5089 1000 5150 dixisset
1025 5093 1342 5162 Apostolus,
1375 5086 1511 5150 Deus
1536 5106 1642 5158 erat
1675 5098 1727 5152 in
1759 5099 1977 5166 Christo,

406 5177 644 5245 mundum
669 5180 995 5241 reconcilians
1013 5182 1146 5248 sibi;
1170 5185 1436 5255 quomodo
1460 5185 1510 5242 id
1537 5188 1710 5252 faciat,
1739 5191 1980 5246 mox'ad-

395 5263 608 5337 iunxit,
640 5281 799 5345 atque
831 5273 938 5335 ait,
985 5271 1108 5329 Non
1154 5285 1394 5348 reputans
1432 5278 1535 5334 illis
1579 5279 1766 5335 delicta
1807 5298 1978 5345 eorum

399 5355 421 5422 1
439 5355 476 5408 ll
505 5355 623 5412 Car.
651 5375 704 5428 v,
747 5360 865 5434 l9).
893 5362 1058 5420 Totus
1095 5379 1224 5436 ergo
1259 5368 1487 5434 mundus
1525 5385 1593 5426 ex
1623 5371 1790 5426 Adam
1819 5389 1973 5438 reus;

400 5447 512 5518 pec
541 5463 644 5504 non
673 5461 901 5530 negante
927 5470 1141 5512 manum
1172 5457 1502 5518 formationis
1523 5463 1670 5534 operi
1696 5477 1792 5518 suo
1817 5467 1854 5532 ',
1887 5478 1974 5522 se-

464 5617 484 5681 ξ
518 5623 618 5696 ξω.
645 5622 718 5666 Er.
747 5625 797 5668 et
817 5628 1009 5681 ser-tem
1030 5631 1160 5687 3155.,
1182 5639 1323 5690 opere
1346 5641 1430 5680 suo

1261 259 1528 316 COXTRA
1570 254 1904 314 JULIANUM
1932 253 2392 325 l’ELACIANlM,
2419 257 2477 316 S.
2509 255 2872 316 AUGUSTINI

3548 253 3558 264 '
3581 268 3682 327 su

2108 367 2338 424 minibus
2393 371 2642 426 institutis
2690 372 2929 443 quamvis
2978 380 3197 444 paterna
3251 377 3682 445 prmvarications

2107 458 2303 516 vitiatis
2333 480 2348 515 :
2377 471 2432 517 et
2459 478 2578 518 cum
2607 479 2706 534 per
2727 461 2995 520 Christum
3024 467 3396 522 reconciliatur
3431 469 3681 536 mundus,

2106 547 2174 605 de
2213 551 2410 606 mundo
2451 553 2738 620 liberatur;
2768 569 2834 610 eo
2864 554 3119 612 liberantc
3154 559 3244 627 qui
3275 561 3418 612 venit
3446 574 3500 613 in
3531 576 3680 614 mun-

2106 639 2230 694 dum
2252 682 2266 704 ,
2299 657 2403 696 non
2445 641 2515 699 de
2557 643 2756 700 mundo
2788 644 3096 716 eligendus,
3124 646 3219 704 sed
3246 647 3552 716 electurus;
3581 664 3683 705 non

2105 733 2416 787 meritorum
2455 729 2748 804 electione,
2787 738 2884 793 sed
2912 739 3094 808 gratiae
3121 755 3136 792 :
3167 739 3288 810 quia
3321 739 3564 811 reliquiae
3594 757 3686 812 per

2105 820 2416 876 electionem
2447 828 2629 892 gratia:
2657 826 2816 882 salvae
2845 828 2994 882 factae
3018 829 3144 888 Sunt
3175 829 3348 901 (Rom.
3373 847 3432 888 ιι
3452 874 3469 900 ,
3495 831 3577 904 5).

2173 908 2400 966 CAPUT
2427 911 2514 967 lll.
2537 943 2612 955 ——
2637 916 2690 970 6.
2725 915 2926 972 Deinde
2953 919 3237 988 propositis
3261 920 3378 976 aliis
3401 922 3542 976 meis
3569 936 3685 977 ver-

2103 998 2219 1068 bis,
2247 1001 2334 1056 ubi
2364 1002 2470 1057 dixi
2491 1045 2506 1070 ,
2541 1023 2560 1058 ι
2593 1005 2757 1075 Hujus
2793 1009 3238 1078 concupiscentia:
3276 1020 3480 1076 reatum
3528 1026 3682 1082 rcge—

2105 1091 2309 1146 ncratio
2349 1093 2462 1148 sola
2500 1093 2751 1158 dimittit,
2781 1111 2844 1152 ac
2880 1113 2976 1168 per
3010 1098 3110 1154 hoc
3136 1101 3408 1170 generatio
3433 1102 3627 1166 trahit;
3657 1121 3674 1154 ι

2104 1196 2333 1252 moxque
2373 1183 2620 1254 subjunxi
2639 1227 2654 1252 ,
2691 1205 2710 1239 ι
2740 1187 2878 1258 Ergo
2904 1189 3043 1259 quod
3072 1200 3380 1261 generatum
3419 1201 3502 1248 est
3530 1208 3680 1263 rege—

2104 1281 2348 1336 ncretur,
2379 1281 2437 1328 ut
2465 1273 2741 1341 similiter,
2775 1280 2894 1348 quia
2939 1296 3042 1334 non
3085 1289 3263 1352 potest
3305 1281 3496 1349 aliter,
3541 1283 3679 1353 quod

2104 1369 2328 1416 tractum
2357 1372 2438 1418 est
2457 1364 2782 1420 remittatur»
2805 1367 2905 1438 (0e
2935 1367 3144 1440 Nuptiis
3170 1381 3216 1424 et
3244 1370 3678 1443 Coneupiscentiu,

2103 1449 2190 1504 lib.
2222 1452 2285 1516 l,
2334 1469 2386 1505 η.
2431 1451 2494 1506 21
2525 1454 2544 1523 )
2575 1471 2587 1508 :
2617 1454 2809 1510 frustra
2851 1457 3134 1514 identidem
3183 1464 3392 1518 conaris
3431 1463 3680 1535 obtegere

2102 1540 2242 1611 quod
2273 1541 2595 1612 superﬂuum
2628 1545 2950 1615 Baptismum
2979 1550 3177 1619 putatis
3210 1551 3262 1604 in
3292 1553 3560 1622 parvulis,
3602 1553 3682 1608 di-

2102 1639 2284 1687 centes
2316 1649 2335 1686 ι
2363 1635 2735 1704 mysteriorum
2763 1637 2956 1692 Christi
2985 1641 3207 1709 gratiam
3238 1642 3419 1699 multis
3447 1643 3682 1714 locuples

2104 1733 2207 1780 tein
2231 1740 2350 1781 esse
2369 1727 2696 1783 muneribus.
2726 1749 2744 1782 ι
2771 1729 2957 1786 Velitis
2975 1732 3176 1800 nolitis,
3195 1735 3444 1803 parvulos
3461 1737 3680 1792 credere

2103 1817 2426 1870 conﬁtemini
2457 1819 2508 1873 in
2533 1819 2802 1874 Christum
2833 1837 2926 1891 per
2951 1821 3111 1877 corda
3138 1833 3192 1879 et
3217 1839 3309 1880 ora
3334 1826 3676 1895 gestantium.

2103 1904 2244 1976 Ergo
2265 1920 2318 1962 et
2339 1907 2403 1961 ad
2432 1907 2574 1978 ipsos
2599 1911 2826 1979 pertinet
2853 1911 3117 1968 dominica
3143 1913 3229 1969 illa
3252 1917 3517 1971 sententia
3541 1934 3556 1970 :
3583 1916 3680 1984 Qui

2103 2010 2204 2048 non
2245 1997 2540 2065 crediderit,
2579 1999 2988 2077 condemnabitur
3027 2001 3220 2075 (Marc.
3259 2019 3384 2071 xvi,
3425 2005 3538 2076 16).
3567 2005 3678 2072 Qua

2103 2101 2296 2154 causa,
2323 2105 2424 2159 qua
2447 2090 2680 2160 justitia,
2711 2091 2760 2146 si
2789 2093 2990 2148 nullum
3019 2094 3235 2151 trahunt
3261 2096 3520 2166 originale
3554 2112 3677 2168 pec-

2102 2180 2318 2232 catum?
2344 2180 2494 2246 Quod
2521 2192 2699 2239 autem
2728 2183 2882 2252 dicis,
2917 2203 2937 2238 ι
2965 2185 3099 2241 Hinc
3127 2186 3302 2256 potius
3329 2202 3458 2242 suos
3490 2202 3678 2258 appro-

2103 2266 2223 2334 bat,
2265 2271 2406 2340 quod
2442 2281 2564 2328 ante
2591 2275 2864 2345 proprium
2893 2275 3174 2330 voluntatis
3200 2276 3513 2347 obsequium
3535 2317 3552 2342 ,
3581 2278 3678 2333 hoc

2102 2359 2246 2430 quod
2268 2361 2321 2416 in
2347 2362 2425 2416 eis
2450 2361 2575 2418 fecit
2603 2364 2980 2420 beneficiorum
3007 2365 3258 2422 sublimat
3284 2368 3622 2437 augmentis:
3651 2387 3671 2421 ι

2103 2451 2147 2506 si
2169 2465 2296 2521 ergo
2321 2451 2444 2508 hinc
2467 2468 2593 2509 suos
2618 2454 2750 2510 istos
2769 2455 3058 2526 approbat;
3087 2457 3325 2526 profecto
3347 2457 3467 2512 illos
3486 2457 3679 2527 quibus

2103 2540 2205 2597 hoc
2234 2557 2338 2598 non
2367 2543 2548 2612 donat,
2577 2560 2682 2601 non
2708 2546 2967 2617 approbat
2986 2563 3132 2604 suos.
3165 2547 3330 2604 Porro
3351 2564 3473 2604 cum
3500 2559 3558 2604 et
3577 2549 3676 2620 ipsi

2103 2633 2288 2690 eadem
2315 2650 2473 2692 causa
2500 2638 2606 2692 sint
2629 2638 2774 2708 ejus,
2801 2640 2924 2710 quia
2952 2639 3184 2696 condidit
3211 2654 3339 2706 eos;
3365 2655 3463 2695 cur
3494 2655 3600 2695 non
3625 2652 3677 2696 et

2103 2727 2249 2794 ipsos
2273 2726 2460 2783 eodem
2491 2728 2649 2783 modo
2675 2730 2936 2799 approbat
2956 2731 3120 2786 suos?
3148 2731 3282 2786 llinc
3304 2733 3319 2764 ⁸
3344 2731 3416 2786 de
3437 2731 3569 2799 fato,
3595 2733 3677 2787 vel

2103 2816 2170 2872 de
2208 2818 2514 2888 acceptione
2554 2835 2901 2890 personarum
2939 2821 3070 2877 nihil
3111 2823 3318 2892 negatis
3335 2825 3380 2879 '.
3405 2823 3525 2878 Jam
3553 2837 3677 2893 ergo

2103 2909 2377 2966 nobiscum
2406 2909 2630 2981 gratiam
2658 2913 3005 2970 conﬁtemini.
3047 2913 3182 2992 Quid
3219 2922 3302 2969 est
3339 2915 3484 2989 enim
3513 2914 3676 2979 aliud,

2103 2999 2190 3056 ubi
2218 3001 2348 3056 nihil
2375 3001 2582 3086 illorum
2607 3004 2727 3060 est?
2763 3004 2822 3058 ln
2857 3019 2960 3059 una
2993 3003 3150 3074 igitur
3180 3003 3474 3074 eademque
3498 3018 3673 3070 causa,

2101 3097 2238 3155 alius
2282 3099 2597 3171 relinquitur
2637 3099 2841 3170 justitia
2879 3099 3184 3170 iudicante,
3223 3114 3331 3155 non
3371 3098 3517 3164 fato;
3545 3097 3680 3154 alius

2100 3189 2389 3246 assumitur
2413 3191 2580 3262 gratia
2605 3200 2912 3260 praestante,
2943 3206 3049 3248 non
3076 3191 3287 3247 merito.

2173 3280 2224 3334 7.
2249 3280 2465 3337 Frustra
2486 3281 2702 3338 omnino
2722 3281 3060 3344 contenditis.
3083 3297 3182 3350 nec
3205 3283 3274 3337 ab
3291 3283 3534 3354 originali
3558 3297 3677 3352 pec-

2099 3379 2218 3426 cato
2244 3373 2489 3442 parvulos
2516 3373 2918 3442 regeneratione
2943 3373 3207 3430 mundari.
3229 3374 3345 3429 Non
3371 3376 3473 3433 hoc
3498 3385 3678 3430 estet:-

2097 3461 2204 3526 dit,
2237 3462 2328 3532 qui
2370 3462 2534 3529 dixit,
2569 3463 2878 3536 Quicumque
2902 3465 3144 3535 baptizati
3171 3483 3346 3521 sumus
3372 3466 3428 3520 in
3453 3463 3676 3530 Christo,

2096 3554 2151 3612 in
2173 3563 2333 3610 morte
2357 3557 2468 3627 ejus
2489 3555 2731 3627 baptismi
2754 3574 2949 3614 sumus.
2977 3557 3215 3613 Dicendo
3241 3559 3407 3621 enim,
3437 3557 3680 3623 Osricum-

2095 3663 2210 3716 qne,
2243 3662 2350 3705 non
2378 3649 2557 3720 utique
2586 3650 2832 3719 parvulos
2859 3649 2986 3706 fecit
3011 3659 3279 3719 exceptos.
3309 3649 3445 3717 Quid
3470 3659 3554 3704 est
3577 3665 3676 3702 an-

2099 3745 2202 3792 tetn
2243 3739 2293 3792 in
2331 3749 2505 3798 morte
2541 3739 2736 3796 Christi
2775 3741 3062 3812 baptizari,
3103 3741 3204 3796 nisi
3249 3749 3467 3809 peccato
3504 3739 3678 3794 mori?

2101 3828 2250 3884 Unde
2287 3831 2444 3892 etiam
2474 3831 2542 3887 de
2570 3831 2686 3902 ipso
2716 3833 2856 3888 idem
2885 3833 2991 3887 alio
3017 3834 3136 3887 loco
3163 3828 3286 3886 dicit
3312 3871 3326 3894 ,
3369 3831 3521 3896 Quod
3544 3831 3678 3884 enim

2097 3929 2320 3974 mortuus
2348 3931 2420 3975 est
2447 3933 2648 3990 peccato
2669 3965 2682 3985 ,
2723 3933 2948 3978 mortuus
2981 3933 3053 3976 est
3094 3923 3262 3976 semel.
3307 3919 3460 3989 Quod
3496 3921 3678 3991 utique

2094 4009 2293 4079 dictum
2319 4020 2398 4066 est
2422 4023 2636 4082 propter
2659 4014 3056 4072 similitudinem
3083 4015 3258 4070 carnis
3285 4013 3489 4084 peccati
3516 4031 3532 4068 :
3557 4027 3677 4082 pro-

2096 4111 2212 4170 pter
2239 4101 2378 4170 quod
2407 4113 2462 4158 ει
2486 4119 2730 4174 magnum
2760 4106 3074 4171 mysterium
3103 4114 3186 4160 cst
3212 4105 3386 4160 crucis
3414 4105 3555 4174 ejus,
3585 4104 3673 4159 ubi

2093 4206 2146 4250 et
2173 4206 2308 4250 vetus
2334 4195 2482 4250 homo
2502 4206 2668 4250 noster
2684 4196 2834 4251 simul
2859 4198 3132 4264 cruciﬁxus
3155 4207 3259 4263 est,
3289 4209 3342 4250 ut
3367 4198 3672 4252 euacuetnr’

2093 4306 2275 4359 corpus
2300 4289 2506 4358 peccati.
2532 4289 2586 4344 Si
2614 4303 2742 4358 ergo
2767 4289 2820 4349 in
2846 4289 3057 4345 Christo
3085 4291 3288 4360 parvuli
3311 4291 3670 4361 baptinntur,

2094 4379 2146 4432 in
2174 4388 2343 4442 morte
2367 4379 2484 4448 ejus
2513 4379 2862 4448 baptizantur.
2887 4379 2941 4436 Si
2972 4382 3028 4434 in
3053 4392 3224 4444 inerte
3251 4383 3367 4452 ejus
3395 4383 3671 4450 baptizan—

2093 4478 2206 4533 tur,
2237 4469 2420 4524 mortis
2449 4469 2564 4538 ejus
2589 4470 2920 4525 similitudini
2951 4472 3296 4542 complantati
3322 4483 3539 4542 peccato
3560 4476 3671 4529 Isti-

2089 4574 2195 4628 que
2223 4559 2536 4614 moriuntur.
2571 4560 2722 4627 Quod
2752 4562 2883 4615 enim
2914 4571 3137 4625 mortuus
3159 4574 3234 4618 est
3259 4573 3499 4634 peccato.
3530 4581 3671 4617 rnor-

2090 4660 2206 4704 tuus
2231 4660 2304 4706 est
2327 4650 2524 4705 semel:
2549 4651 2682 4720 quod
2705 4662 2874 4706 autem
2893 4653 3032 4718 uit-it,
3059 4655 3177 4708 uiuit
3202 4653 3329 4708 Deo.
3355 4655 3424 4709 Et
3442 4655 3569 4728 quid
3590 4664 3675 4710 est

2088 4741 2438 4810 complantarj
2463 4741 2800 4797 similitudini
2825 4744 3012 4798 mortis
3030 4745 3168 4812 ejus,
3198 4745 3304 4798 nisi
3324 4745 3467 4813 quod
3493 4745 3674 4814 sequi-

2091 4842 2208 4900 tur,
2240 4831 2330 4888 Sic
2367 4843 2414 4887 et
2451 4849 2536 4888 ros
2577 4833 2858 4890 existimate
2901 4849 2986 4890 uos
3027 4845 3248 4889 mortuos
3289 4851 3398 4890 esse
3439 4847 3670 4905 peccato,

2087 4923 2246 4978 vitae
2279 4933 2449 4978 autem
2486 4922 2596 4978 Deo
2631 4925 2687 4978 in
2725 4924 2922 4982 Christo
2955 4926 3082 4980 Iesu
3121 4925 3296 5000 (Rom.
3329 4943 3379 4982 vt
3399 4967 3416 4992 ,
3445 4928 3676 4997 5-H)?

2085 5015 2349 5087 Numquid
2377 5017 2568 5073 dicturi
2599 5033 2782 5079 sumus
2803 5061 2818 5084 ,
2849 5001 3068 5090 peccato
3091 5031 3356 5076 mortuum
3382 5021 3549 5076 fuisse
3575 5020 3674 5074 lc»

2087 5123 2201 5163 sum
2222 5151 2239 5177 ,
2270 5109 2411 5180 quod
2443 5109 2642 5176 nullum
2671 5110 2856 5167 habuit
2883 5112 3151 5183 unquam?
3178 5112 3347 5166 Absit.
3381 5112 3448 5168 Et
3490 5122 3669 5168 tamen

2084 5199 2224 5271 quod
2250 5209 2488 5256 mortuus
2513 5212 2594 5256 est
2619 5211 2867 5273 peccato,
2900 5212 3141 5262 mortuus
3175 5211 3258 5258 est
3291 5203 3479 5272 seiuel.
3524 5203 3669 5256 Mors

2083 5289 2223 5346 enim
2253 5292 2369 5359 ejus
2397 5295 2667 5360 peccatum
2697 5305 2934 5349 nostrum
2963 5293 3312 5366 significavit,
3339 5309 3447 5364 quo
3482 5293 3668 5364 utique

2083 5383 2197 5452 ipsa
2225 5398 2369 5438 mors
2393 5384 2622 5440 accidit:
2648 5387 2732 5440 cui
2757 5387 2914 5454 morti
2941 5397 3202 5453 mortuus,
3232 5387 3282 5442 id
3305 5395 3409 5454 est,
3436 5395 3496 5441 ut
3520 5400 3656 5452 mor:-

2147 5517 2168 5582 ξ
2199 5521 2296 5564 Am.
2324 5521 2396 5564 Er.
2425 5523 2484 5582 et
2497 5515 2716 5582 plerique
2742 5523 2866 5576 Mss,
2895 5517 2989 5582 hie.

2149 5577 2175 5640 ξ
2197 5581 2314 5624 Tres
2335 5589 2366 5624 ε
2391 5577 2620 5628 Vaticanis
2639 5577 2769 5634 Iussa
2793 5581 3003 5640 (turritis.

2161 5639 2179 5668 ³
2202 5644 2248 5686 tn
2273 5643 2396 5698 Mss,
2421 5645 2746 5705 cremaretur.
