4014 6186
470 310 574 371 δΞἹ
978 362 981 365 .

475 419 595 459 nem
637 400 849 457 trahere
880 399 1046 469 potuit
1077 413 1091 449 :
1122 397 1215 451 sed
1258 398 1425 468 gratia
1454 412 1557 450 non
1601 396 1704 453 hoc
1735 409 1894 449 unutn
1927 401 2045 459 tan-

475 503 588 549 tum
608 535 624 561 ,
651 506 834 547 verum
861 488 1019 545 etiam
1050 488 1194 558 plura
1216 530 1232 555 ,
1265 503 1384 558 qua:
1409 486 1746 557 superaddita
1774 493 1898 560 sqnt
1926 498 2051 554 pec-

472 594 591 640 cata
616 581 832 639 delevit.
867 580 929 636 Si
955 582 1088 635 enim
1117 579 1177 633 ob
1205 578 1353 633 unius
1381 579 1646 643 delictum,
1689 577 1886 646 inquit,
1914 591 2050 629 mors

474 674 699 748 regnavit
744 690 833 744 per
878 687 1080 737 unum;
1132 670 1292 724 multo
1342 671 1500 741 magis
1549 669 1635 739 qui
1685 667 2050 721 abundantiam

473 769 653 840 gratia:
676 776 721 820 et
738 765 955 838 justitite
977 763 1249 833 accipiunt,
1275 761 1329 814 in
1354 762 1453 814 vita
1476 760 1753 832 regnabunt
1780 775 1869 830 per
1893 772 2050 811 unum

472 856 649 912 Iesum
674 855 949 912 Christum.
985 853 1241 924 Superior
1268 851 1522 924 repetitus
1551 858 1633 906 est
1661 864 1883 915 sensus;
1926 847 2049 919 quia

475 949 643 1004 tnnlto
674 948 841 1016 magis
870 947 922 1000 in
948 946 1053 999 vita
1084 944 1411 1015 regnahuut,
1442 942 1531 1012 qui
1561 942 1675 995 sine
1715 940 1817 994 line
1856 954 2051 1011 regna-

433 1032 645 1103 'bunt;
698 1054 853 1109 quam
899 1053 1044 1092 mors
1089 1038 1140 1091 in
1186 1037 1267 1091 eis
1309 1035 1569 1105 regnavit,
1616 1049 1736 1103 quae
1780 1048 1899 1087 cum
1947 1033 2051 1086 line

474 1131 734 1201 regnavit.
778 1128 956 1199 Itaque
982 1129 1108 1181 sicut
1145 1143 1234 1198 per
1276 1127 1457 1191 unius,
1504 1125 1690 1194 inquit,
1734 1124 1970 1178 delictum
1996 1123 2051 1178 in

475 1237 650 1275 omnes
684 1219 907 1272 homines
947 1216 1536 1287 adcondemnationem,
1575 1215 1647 1268 ita
1686 1225 1733 1268 et
1774 1230 1865 1285 per
1902 1214 2052 1268 unius

475 1311 886 1380 iusti/irationem
938 1311 990 1363 in
1039 1326 1210 1364 omnes
1257 1309 1482 1362 homines
1526 1308 1594 1360 ad
1633 1307 2050 1379 justiﬁcationem

476 1402 609 1454 vitce.
644 1400 767 1454 Ideo
791 1410 843 1453 et
873 1400 940 1453 ibi
968 1416 1159 1465 omnes,
1190 1406 1242 1452 et
1274 1397 1358 1452 hic
1392 1412 1597 1460 omnes,
1628 1395 1747 1464 quia
1791 1410 1947 1449 nemo
1982 1393 2049 1448 ad

478 1500 704 1546 mortem
732 1489 832 1543 nisi
860 1504 954 1558 per
978 1489 1146 1551 illum,
1172 1501 1330 1541 nemo
1354 1486 1418 1538 ad
1440 1486 1599 1539 vitam
1627 1486 1725 1540 nisi
1752 1500 1846 1555 per
1870 1487 2048 1539 istum.

476 1582 621 1636 Sicut
645 1581 777 1634 enim
808 1596 897 1650 per
924 1579 1307 1633 inohedientiam
1334 1578 1483 1632 unius
1523 1577 1738 1632 hominis
1768 1587 2051 1645 peccatores

474 1671 728 1725 constituti
765 1679 881 1725 sunt
919 1671 1066 1724 multi
1097 1670 1157 1734 ¹;
1196 1670 1269 1722 ita
1312 1678 1358 1722 et
1395 1685 1486 1739 per
1526 1668 1676 1723 unius
1718 1666 2051 1722 obedientiam

464 1762 595 1835 justi
640 1761 1001 1815 constituentur
1050 1760 1214 1813 ntulti.
1263 1758 1372 1812 Leu:
1415 1769 1582 1813 autem
1621 1759 1936 1825 subintravit,
1991 1768 2049 1813 ut

474 1854 750 1907 abundaret
795 1851 1050 1907 delictum.
1106 1850 1205 1906 Ubi
1254 1860 1423 1905 autem
1467 1851 1741 1905 abundavit
1789 1850 2046 1917 delictum,

473 1941 896 2009 superabundavit
922 1941 1086 2013 gratia
1112 1956 1133 1996 :
1159 1951 1213 1995 ut
1240 1940 1663 2012 quemadmodum
1687 1942 1910 2011 regnavit
1935 1957 2049 2010 pec-

474 2042 641 2086 catum
675 2033 729 2086 in
773 2042 931 2087 morte
956 2033 1010 2097 ⁸,
1041 2033 1115 2087 sic
1138 2042 1183 2089 et
1208 2033 1372 2103 gratia
1394 2041 1564 2103 regnet
1588 2049 1678 2103 per
1708 2033 1962 2104 justitiam
1987 2033 2042 2087 in

475 2123 626 2175 vitam
646 2131 907 2188 cateruam,
928 2138 1017 2194 per
1031 2120 1206 2176 Iesum
1231 2121 1485 2177 Christum
1509 2120 1781 2176 Dominum
1800 2133 2046 2178 nostrum.

550 2211 635 2266 10.
679 2210 817 2279 Quid
858 2227 976 2282 ergo
1017 2211 1272 2278 dicemus,
1314 2211 1524 2283 inquit?
1562 2212 1958 2282 permanebimus
1994 2214 2050 2268 in

476 2312 702 2372 peccato,
733 2312 786 2356 ut
813 2303 975 2373 gratia
1001 2302 1260 2358 abundet?
1288 2303 1447 2356 Absit.
1480 2302 1614 2370 Quid
1638 2304 1778 2358 enim
1809 2304 2052 2373 prmstitit

476 2394 679 2463 gratia,
729 2394 772 2448 si
817 2394 1232 2462 permanendum
1279 2403 1360 2448 est
1402 2393 1454 2447 in
1506 2394 1765 2464 peccato?
1814 2394 2051 2463 Denique

477 2486 716 2553 sequitur
742 2494 797 2539 et
822 2483 950 2539 dicit
978 2501 991 2537 :
1028 2483 1127 2551 Qui
1155 2483 1337 2537 mortui
1359 2500 1531 2538 sumus
1556 2493 1778 2554 peccato,
1800 2484 2049 2551 quomodo

476 2578 694 2630 vivemus
722 2576 773 2630 in
802 2576 904 2630 eo?
940 2575 1073 2631 lline
1098 2590 1237 2631 nunc
1258 2574 1542 2645 diligenter
1566 2575 1798 2641 attende,
1826 2582 1883 2630 et
1909 2574 2050 2645 quod

479 2670 719 2737 sequitur
746 2678 805 2724 ut
826 2668 1088 2739 intelligas
1114 2669 1346 2723 intentus
1373 2668 1628 2722 ausculta.
1651 2666 1784 2722 Cum
1807 2666 2047 2732 dixisset,

479 2760 579 2827 Qui
621 2761 805 2814 mortui
839 2776 1013 2815 sumus
1053 2767 1288 2830 peccato,
1319 2758 1565 2829 quomodo
1604 2761 1822 2812 vivemus
1856 2759 1909 2812 in
1947 2758 2053 2813 eo?

474 2853 558 2906 Au
613 2852 854 2923 ignoratis
875 2890 892 2913 ,
943 2850 1143 2919 inquit,
1193 2851 1429 2920 quoniam
1473 2850 1768 2918 quicumque
1814 2848 2051 2919 baptizati

474 2959 651 2997 smnus
673 2943 726 2996 in
746 2942 945 2996 Christo
964 2939 1109 3008 Iesu,
1136 2941 1188 2994 in
1213 2949 1371 2994 morte
1394 2941 1554 3011 ipsius
1581 2940 1819 3011 baptisati
1842 2939 2052 2995 sumus?

483 3034 580 3086 llic
624 3043 745 3087 sunt
790 3032 988 3102 parvuli
1034 3031 1123 3101 qui
1166 3031 1529 3102 haptizantur,
1557 3048 1623 3086 an
1648 3046 1753 3086 non
1790 3032 1954 3087 sunt?
1993 3031 2052 3088 Si

481 3138 586 3178 non
615 3122 702 3178 hic
743 3132 901 3188 sunt,
932 3121 1121 3177 falsum
1158 3131 1242 3175 est
1283 3137 1411 3192 ergo
1452 3122 1593 3193 quod
1619 3121 1712 3187 ait,
1743 3121 2056 3195 Quicumque

472 3215 722 3284 baptizati
745 3231 916 3268 sumus
942 3214 994 3267 in
1020 3213 1218 3270 Christo
1238 3213 1393 3281 Iesu,
1418 3217 1472 3269 in
1509 3222 1668 3270 morte
1702 3216 1860 3287 ipsius
1886 3216 2053 3286 bapti-

477 3306 581 3359 aati
624 3319 840 3368 sumus;
882 3304 1006 3375 quia
1054 3318 1162 3360 non
1212 3303 1266 3359 in
1315 3312 1486 3360 morte
1530 3306 1672 3361 illius
1720 3306 2054 3376 baptizantur

483 3395 709 3465 parvuli.
754 3394 858 3451 Sed
896 3394 1146 3464 quoniam
1186 3410 1372 3450 verum
1410 3395 1537 3450 dicit
1574 3396 1881 3467 Apostolus,
1923 3397 2053 3453 nulli

477 3485 845 3555 intelliguntur
886 3483 1114 3554 excepti.
1178 3483 1313 3539 Nam
1369 3483 1416 3538 si
1467 3484 1535 3541 de
1582 3485 1713 3540 solis
1764 3485 2054 3556 majoribus

481 3575 682 3630 dietum
714 3574 926 3643 putatis.
956 3576 1044 3646 qui
1066 3574 1175 3645 jam
1206 3584 1423 3629 utuntur
1457 3575 1627 3631 libero
1654 3574 1903 3643 arbitrio,
1930 3591 2051 3632 cum

476 3664 619 3720 dicat
657 3666 778 3732 ille,
821 3665 1166 3736 Quicumque;
1212 3665 1408 3722 frustra
1446 3682 1539 3723 vos
1576 3677 1743 3724 terret
1786 3668 2051 3726 dominica

480 3756 569 3809 illa
595 3756 879 3823 sententia,
910 3754 1029 3810 Nisi
1055 3748 1168 3827 quis
1195 3768 1401 3811 renatus
1437 3758 1589 3830 fuerit
1626 3775 1690 3813 ea:
1712 3776 1843 3829 aqua
1869 3770 1917 3814 et
1942 3761 2052 3829 spio

477 3847 600 3899 ritu.
631 3846 846 3902 Habetis
873 3846 1016 3902 enim
1044 3862 1291 3917 magnum
1317 3848 1688 3916 compendium
1713 3865 1727 3902 :
1753 3857 2053 3903 asseverate

478 3947 535 3991 ct
559 3939 658 3992 hoc
687 3936 754 3991 de
777 3936 906 3992 solis
933 3936 1222 4005 majoribus
1246 3936 1466 4003 dictum,
1500 3952 1830 4008 nequaquam
1857 3954 2055 4009 parvu-

478 4027 564 4083 los
592 4028 690 4082 ista
714 4028 1059 4099 generalitate
1104 4027 1368 4083 concludi.
1417 4023 1486 4084 Et
1525 4028 1652 4098 quid
1681 4031 1829 4085 vobis
1866 4041 1946 4086 est
1984 4032 2053 4088 de

472 4118 773 4189 quastione
794 4118 1128 4187 Baptismatis
1151 4119 1412 4186 laborare,
1436 4128 1612 4174 utrum
1638 4121 1708 4176 sit
1730 4121 1832 4177 vita
1854 4131 2053 4177 mtcrna

479 4220 680 4277 praeter
720 4223 941 4279 regnum
984 4211 1097 4277 Dei,
1142 4226 1210 4265 an
1257 4211 1363 4266 vita
1407 4220 1604 4266 teterns
1642 4213 1879 4281 privandi
1922 4214 2049 4295 sint,

479 4297 791 4355 innocentes
817 4308 893 4353 tot
918 4301 1172 4371 imagines
1194 4303 1306 4369 Dei,
1330 4317 1394 4357 ac
1420 4318 1515 4372 per
1535 4302 1636 4358 hoc
1659 4313 1855 4358 aeterna
1883 4314 2053 4361 morte

479 4388 817 4457 plectendas?
854 4388 909 4445 Si
934 4400 1110 4445 autem
1155 4391 1256 4447 hoc
1295 4392 1473 4447 dicere
1514 4407 1622 4448 non
1656 4393 1887 4460 audetis,
1916 4410 2052 4466 quo-

483 4478 625 4533 uiam
670 4479 1037 4536 universaliter
1076 4481 1279 4550 prolata
1325 4484 1585 4538 sententia
1629 4493 1734 4550 est,
1780 4484 1900 4540 Nisi
1938 4488 2053 4557 quis

477 4576 684 4622 renatus
711 4569 864 4639 fuerit
890 4585 954 4624 ea:
989 4586 1120 4636 aqua
1141 4580 1192 4626 et
1214 4572 1425 4642 spiritu,
1451 4590 1551 4629 non
1581 4585 1738 4644 potest
1775 4577 1965 4633 intrare
1999 4580 2054 4633 in

476 4673 688 4728 regnum
724 4655 823 4712 Dei
863 4655 1052 4729 (Ioan.
1078 4674 1171 4725 tu,
1198 4661 1268 4731 5)
1302 4677 1320 4718 :
1364 4663 1554 4720 eadem
1596 4679 1690 4720 vos
1734 4668 2054 4723 universitas

478 4750 819 4819 comprimit,
864 4750 1075 4808 dicente
1120 4752 1410 4823 Apostolo,
1458 4755 1770 4829 Quicumque
1814 4759 2054 4830 baptisati

476 4857 658 4899 sumus
685 4842 738 4896 in
763 4839 961 4897 Christo
980 4840 1138 4907 Iesu.
1165 4843 1217 4898 in
1243 4852 1399 4900 morte
1424 4845 1562 4902 illius
1586 4847 1826 4918 baptisati
1859 4865 2052 4904 sumus.

478 4933 625 5011 ﬁrgo
656 4942 713 4991 et
746 4932 949 5004 parvuli
987 4935 1076 5006 qui
1102 4934 1436 5006 haptizantnr
1462 4937 1512 4992 in
1536 4937 1780 5000 Christo.
1804 4941 2052 5010 quoniam

477 5022 536 5096 in
563 5031 736 5103 moue
767 5023 934 5093 ipsius
958 5023 1309 5093 baptizantur,
1333 5036 1549 5096 peccato
1577 5028 1893 5083 moriuntur.
1924 5027 2053 5087 Inde

475 5114 625 5188 enim
670 5128 910 5169 connexa
963 5125 1086 5170 sunt
1144 5116 1243 5171 ista
1289 5118 1587 5188 sequentia,
1642 5132 1764 5175 cum
1811 5119 2054 5191 superius

476 5204 681 5261 dictum
724 5214 901 5271 esset,
944 5204 1048 5271 Qui
1084 5207 1272 5262 mortui
1312 5224 1491 5264 sumus
1530 5220 1763 5281 peccato,
1807 5197 2054 5282 quomodo

482 5298 699 5354 vivanus
720 5299 776 5354 in
799 5314 858 5356 eo
873 5298 901 5353 2
939 5296 1071 5354 Nam
1100 5300 1244 5357 velut
1270 5312 1596 5371 quau-eretur
1612 5342 1630 5368 ,
1658 5303 1785 5375 quid
1809 5311 1893 5360 est
1916 5305 2051 5360 mori

482 5390 744 5463 peccato?
787 5390 869 5446 An
911 5389 1190 5463 ignoratis,
1240 5391 1439 5465 inquit,
1482 5396 1723 5463 quoniam
1760 5396 2055 5469 quicumque

549 5544 568 5574 ⁸
603 5546 652 5592 In
676 5548 803 5597 uss"
823 5539 1170 5595 constituuntur
1192 5542 1348 5597 multi.

546 5603 570 5636 θ
601 5578 803 5671 ﬁliani
827 5609 935 5671 Mss.
972 5610 1023 5654 et
1394 5620 1443 5660 tn
1463 5614 1681 5663 mortem.
1699 5618 1860 5663 arm:
1886 5621 2049 5664 tamen

484 5672 646 5722 esuri
668 5664 715 5712 to
735 5662 946 5713 thamuo.

1283 304 1550 362 CONTRA
1588 299 1923 364 ,ιυιιλκωί
1962 296 2435 363 PELACIANUM,
2477 301 2534 355 S.
2576 300 2945 358 AUCUSTINI

2162 310 2435 363 UIANUM,
2477 310 2534 355 δ.
2576 310 2945 358 Αυϋυδῑιδι
3282 311 3293 322 ’
3598 310 3738 368 ’828

2162 390 2399 461 baptizati
2426 408 2599 446 sumus
2624 393 2675 447 in
2704 392 2901 449 Christo
2923 394 3081 464 Iesu,
3110 398 3164 451 in
3200 408 3358 455 morte
3383 400 3522 455 illius
3565 404 3737 472 bapti~

2156 482 2256 536 sati
2280 484 2499 537 sumus?
2546 485 2678 539 llinc
2722 485 2954 556 probans
2993 487 3135 558 quod
3178 503 3338 559 supra
3380 491 3626 562 dixerat,
3676 495 3737 552 Si

2156 574 2339 627 mortui
2364 590 2535 628 smnus
2570 587 2790 647 peccato,
2817 580 3064 649 quomodo
3088 581 3307 637 vivemus
3330 582 3384 637 in
3412 600 3471 638 eo
3490 582 3519 640 .’
3563 595 3623 641 ut
3647 589 3737 660 qui

2157 678 2214 719 se
2255 681 2358 720 non
2404 667 2708 736 ignorarent
2751 668 2803 723 in
2839 680 3012 726 morte
3033 670 3228 728 Christi
3267 674 3586 747 baptizatos,
3615 693 3737 734 cum

2157 759 2546 829 baptizarcutur
2588 761 2639 815 in
2676 760 2910 825 Christo,
2949 763 3147 819 scirent
3188 766 3347 821 etiam
3391 781 3453 823 se
3494 778 3739 825 mortuos

2156 863 2276 904 esse
2314 858 2565 919 peccato;
2610 851 2731 920 quia
2761 850 2893 905 nihil
2934 861 3017 907 est
3054 853 3195 908 aliud
3239 855 3293 913 in
3336 868 3512 914 morte
3535 857 3736 916 Christi

2157 937 2449 1007 baptizari,
2484 939 2583 994 nisi
2625 950 2843 1009 peccato
2873 942 3027 996 mori.
3072 943 3182 997 lloc
3224 944 3533 1018 diligentius
3571 965 3739 1019 expo-

2157 1042 2291 1083 nens
2318 1027 2579 1098 adjungit,
2606 1038 2661 1084 et
2681 1030 2809 1085 dicit
2835 1048 2849 1084 :
2879 1029 3170 1101 Consepulti
3202 1051 3320 1106 ergo
3346 1053 3519 1091 sumus
3543 1038 3621 1091 illi
3648 1056 3738 1108 per

2128 1117 2472 1191 ,Baptismum
2496 1120 2549 1173 in
2573 1130 2803 1186 mortem,
2830 1129 2885 1173 ut
2908 1121 3325 1191 quenadmodum
3349 1129 3569 1181 surrexit
3590 1126 3739 1182 Chri—

2152 1222 2259 1266 stus
2281 1230 2315 1266 a
2343 1213 2550 1267 mortuis
2576 1229 2667 1280 per
2696 1212 2909 1283 gloriam
2938 1213 3132 1281 Putris,
3157 1217 3229 1269 ita
3251 1227 3297 1271 et
3322 1234 3413 1274 nos
3436 1220 3490 1272 iu
3516 1222 3738 1275 novitate

2153 1302 2269 1356 vim
2303 1303 2632 1357 ambulemus.
2664 1302 2727 1359 Si
2761 1304 2891 1358 enim
2918 1306 3245 1373 eaMplautati
3279 1324 3453 1363 sumus
3487 1310 3736 1364 similitu—

2154 1400 2263 1452 dini
2279 1400 2451 1453 mortis
2461 1400 2604 1471 ejus;
2626 1400 2697 1454 sic
2707 1410 2752 1454 et
2770 1400 2842 1472 (α)
2858 1402 3236 1455 resurrectionis
3250 1403 3433 1457 erimus
3453 1420 3474 1459 :
3499 1404 3596 1458 hoc
3631 1406 3735 1459 sci-

2153 1498 2310 1554 entes,
2345 1489 2463 1558 quia
2500 1498 2635 1543 vetus
2667 1490 2818 1545 homo
2845 1500 3011 1544 noster
3047 1491 3200 1545 simul
3232 1493 3507 1562 crucifixus
3543 1504 3638 1559 est,
3680 1509 3738 1549 ut
3800 1488 3811 1498 ’

2153 1588 2415 1632 evacuetur
2449 1593 2634 1650 corpus
2670 1581 2893 1650 peccati,
2918 1588 2971 1633 ut
3004 1582 3139 1635 ultra
3171 1597 3272 1636 non
3299 1583 3577 1638 serviamus
3615 1601 3737 1654 pec-

2152 1678 2283 1723 cato.
2316 1667 2416 1734 Qui
2455 1670 2587 1723 enim
2620 1679 2847 1724 mortuus
2880 1679 2982 1737 est,
3012 1671 3325 1741 justiﬁcatns
3353 1683 3423 1727 est
3448 1691 3481 1726 a
3505 1684 3738 1745 peccato.

2155 1760 2219 1815 Si
2261 1769 2429 1815 autem
2470 1762 2654 1815 mortui
2696 1778 2872 1817 sumus
2912 1779 3025 1816 cum
3064 1761 3284 1831 Christo,
3327 1766 3579 1820 credimus
3617 1768 3741 1836 quia

2152 1850 2306 1904 simul
2333 1849 2550 1905 vivemus
2579 1867 2692 1905 cum
2715 1851 2804 1905 illo
2835 1867 2855 1905 :
2887 1853 3093 1908 scientes
3126 1854 3245 1923 quia
3275 1853 3504 1909 Christus
3523 1872 3740 1927 surgens

2152 1957 2215 1994 ea:
2238 1942 2445 1994 mortuis
2469 1942 2581 2013 jam
2607 1958 2708 1996 non
2733 1942 2973 2010 moritur,
2995 1959 3131 1999 mors
3164 1943 3242 1998 illi
3269 1944 3404 1998 ultra
3429 1962 3532 2000 non
3563 1946 3735 2001 domi-

2152 2029 2372 2085 nabitur.
2404 2031 2552 2099 Quod
2589 2032 2719 2086 enim
2756 2040 2980 2087 mortuus
3018 2044 3093 2087 est
3129 2044 3333 2105 peccato
3354 2077 3367 2097 .
3398 2046 3627 2091 mortuus
3662 2047 3739 2092 est

2150 2121 2303 2177 semel
2326 2136 2347 2176 :
2367 2122 2503 2192 quod
2526 2132 2692 2177 autem
2711 2124 2847 2188 vivit,
2873 2123 2989 2178 vivit
3009 2122 3137 2180 Deo.
3168 2123 3253 2179 Ita
3275 2135 3321 2180 et
3346 2142 3431 2181 vos
3454 2128 3739 2183 existimate

2153 2227 2238 2267 vos
2278 2224 2501 2269 mortuos
2531 2215 2731 2284 quidem
2758 2231 2865 2269 esse
2899 2225 3137 2287 peccato,
3164 2218 3326 2273 vivere
3349 2228 3514 2273 autent
3533 2219 3644 2275 Deo
3681 2222 3737 2275 in

2154 2303 2354 2360 Christo
2377 2303 2504 2360 Iesu
2534 2307 2707 2378 (Rom.
2749 2323 2803 2375 ν,
2828 2307 2968 2374 8-vr,
2997 2307 3111 2381 ll).
3141 2309 3196 2366 Si
3222 2326 3352 2381 ergo
3378 2320 3600 2383 peccato
3624 2327 3735 2368 nou

2154 2396 2454 2450 moriuntur
2479 2398 2704 2467 parvuli,
2729 2399 2912 2467 procul
2936 2399 3096 2457 dubio
3121 2400 3174 2456 in
3197 2398 3394 2456 Christi
3422 2412 3600 2458 morte
3622 2419 3734 2460 non

2152 2486 2506 2556 baptizantur.
2551 2488 2607 2544 Si
2651 2489 2703 2543 iu
2751 2488 2949 2547 Christi
3005 2501 3179 2547 morte
3220 2507 3326 2548 non
3372 2492 3734 2563 haptizantur,

2153 2593 2259 2632 non
2292 2579 2345 2633 in
2370 2578 2585 2635 Christo
2620 2581 2971 2651 haptizantur.
3002 2583 3313 2654 Quicumque
3335 2585 3464 2639 enim
3491 2586 3739 2657 baptisati

2151 2684 2327 2723 sumus
2352 2670 2404 2723 in
2430 2669 2627 2725 Christo
2647 2671 2795 2737 Iesu,
2822 2673 2875 2726 in
2902 2684 3062 2727 morte
3088 2674 3249 2745 ipsius
3271 2674 3512 2747 baptisati
3532 2693 3731 2732 sumus.

2155 2758 2212 2813 In
2240 2760 2448 2815 Christo
2480 2769 2655 2817 autem
2694 2763 3053 2833 baptizantur,
3097 2775 3318 2836 peccato
3343 2782 3467 2837 ergo
3495 2769 3736 2823 moriun-

2154 2858 2258 2904 tur.
2290 2849 2387 2906 Cui
2415 2862 2651 2920 peccato,
2678 2867 2859 2922 quarso
2885 2863 2957 2921 te,
2982 2855 3081 2908 nisi
3108 2855 3248 2925 quod
3276 2857 3533 2927 originale
3556 2870 3741 2913 traxe-
3784 2906 3791 2911 ,

2156 2939 2336 2993 runt?
2392 2942 2890 3011 Argumentationes
2933 2944 3208 3000 hominum
3255 2947 3270 2978 ⁸
3312 2948 3675 3003 conticescant
3715 2966 3732 3002 :

2154 3030 2413 3087 Dominus
2439 3033 2586 3087 novit
2611 3034 2963 3104 cogitationes
2985 3035 3280 3103 hominum,
3305 3037 3555 3108 quoniam
3582 3054 3736 3094 vana:

2154 3131 2281 3178 sunt
2317 3121 2487 3193 (Psal.
2511 3139 2664 3192 xcut,
2694 3125 2753 3180 Η
2777 3124 2818 3196 ).
2857 3126 3155 3182 Abscondit
3181 3126 3297 3183 hmo
3333 3144 3364 3182 a
3403 3129 3739 3199 sapientibus

2154 3221 2209 3265 et
2254 3213 2617 3281 prudentibus.
2645 3222 2700 3270 et
2742 3215 2998 3272 revelavit
3039 3232 3103 3272 ea
3145 3218 3378 3286 parvulis
3421 3217 3736 3291 (ﬂantum,

2153 3301 2281 3373 25).
2315 3301 2370 3357 Si
2408 3302 2500 3359 tibi
2529 3304 2816 3360 christiana
2844 3306 2973 3362 lldes
3001 3305 3243 3379 displicet
3263 3348 3279 3372 ,
3308 3311 3540 3378 apertius
3562 3310 3740 3366 conti-

2157 3402 2270 3448 tere
2299 3411 2313 3447 :
2345 3409 2467 3449 nam
2497 3394 2837 3450 christianum
2883 3396 3038 3451 ﬁdem
3081 3398 3240 3454 aliam
3266 3413 3373 3452 non
3401 3409 3551 3470 potes
3583 3400 3737 3457 inve—

2156 3483 2289 3537 nire.
2323 3482 2471 3539 Unus
2494 3483 2654 3539 homo
2679 3495 2761 3540 est
2793 3485 2859 3540 ad
2892 3495 3139 3552 mortem,
3167 3504 3302 3542 unus
3323 3489 3392 3544 ad
3417 3490 3600 3543 vitam.
3637 3488 3737 3546 Ille

2156 3576 2358 3628 tantum
2405 3575 2587 3643 homo,
2632 3576 2732 3632 iste
2776 3577 2915 3632 Deus
2952 3586 3007 3632 et
3048 3577 3208 3633 homo
3231 3580 3275 3636 '.
3320 3582 3424 3636 Per
3464 3576 3610 3636 illum
3646 3590 3737 3638 est

2155 3669 2384 3724 mundus
2418 3670 2664 3727 inimicus
2695 3669 2867 3728 factus
2890 3673 3002 3731 Deo
3030 3692 3043 3727 :
3073 3688 3169 3745 per
3204 3675 3363 3731 istum
3389 3675 3617 3731 mundus
3640 3692 3736 3733 re-

2154 3760 2467 3816 conciliatur
2506 3762 2617 3818 Deo
2662 3764 2863 3820 electus
2908 3781 2973 3820 ex
3021 3766 3239 3820 mundo.
3290 3766 3438 3822 Sicut
3486 3768 3630 3822 enim
3676 3769 3736 3823 in

2154 3848 2318 3902 Adam
2339 3866 2509 3905 omnes
2533 3853 2843 3919 moriuntur,
2872 3855 2945 3907 sic
2969 3863 3017 3908 et
3042 3855 3093 3909 in
3120 3856 3319 3910 Christo
3358 3873 3530 3911 omnes
3568 3858 3736 3926 viviﬁ-

2154 3938 2419 3995 cabuntur.
2466 3940 2611 3997 Sicut
2657 3944 2961 4012 portavimus
3000 3945 3269 4016 imaginem
3310 3947 3493 4000 terreni
3508 3988 3524 4009 ,
3563 3958 3736 4018 porte-

2155 4049 2268 4087 mus
2296 4032 2319 4065 ³
2354 4041 2419 4099 ει,
2441 4034 2707 4105 imaginem
2751 4036 2863 4105 ejus
2901 4036 2987 4106 qui
3026 4037 3090 4090 de
3131 4038 3256 4091 ctelo
3293 4047 3365 4091 est
3410 4037 3461 4110 (Ι
3488 4037 3605 4093 Cor.
3641 4054 3732 4101 xv.

2154 4123 2248 4188 22,
2271 4123 2385 4194 49).
2416 4124 2540 4179 llaec
2562 4123 2975 4180 stabilitamenta
3005 4125 3125 4181 lidei
3155 4127 3459 4182 christianze
3494 4129 3584 4199 qui
3609 4129 3738 4184 sub-

2155 4225 2368 4272 vertere
2394 4217 2597 4280 nititur,
2628 4216 2892 4272 stantibus
2916 4217 2996 4272 eis
3030 4218 3143 4288 ipse
3174 4219 3517 4275 subvertitur.

2226 4307 2451 4364 CAPUT
2477 4308 2520 4363 V
2546 4306 2714 4380 (b).—
2738 4309 2825 4364 il.
2856 4308 3078 4363 Prorsus
3094 4310 3235 4379 quod
3253 4310 3304 4364 in
3320 4311 3453 4365 libro
3469 4311 3733 4379 mcodixi,

2155 4399 2239 4453 cui
2269 4399 2506 4462 resistis,
2532 4414 2716 4453 verum
2741 4408 2824 4453 est
2849 4416 2863 4452 :
2898 4416 2919 4450 ι
2945 4398 3075 4454 Nam
3100 4399 3242 4470 quod
3270 4399 3545 4456 dimissum
3567 4411 3652 4457 est
3680 4403 3737 4455 in

2158 4499 2410 4559 parente,
2441 4499 2499 4545 ut
2538 4490 2779 4544 trahatur
2817 4490 2869 4545 in
2899 4490 3051 4561 prole
3074 4531 3092 4556 ,
3131 4491 3281 4544 miris
3308 4490 3520 4561 quidem
3559 4492 3738 4548 modis

2158 4582 2246 4647 tit,
2289 4582 2384 4636 sed
2414 4591 2589 4637 tamen
2621 4580 2681 4636 ﬁt
2706 4599 2721 4635 :
2753 4590 2807 4637 et
2832 4583 2950 4650 quia
2979 4582 3169 4637 modus
3196 4583 3307 4651 ipse
3346 4599 3451 4638 non
3476 4583 3615 4637 facili
3646 4599 3737 4638 ra-

2159 4672 2303 4727 tione
2326 4671 2637 4742 indagatur,
2669 4685 2771 4728 nec
2801 4685 3053 4728 sermone
3076 4671 3393 4742 explicatur,
3417 4672 3486 4728 ah
3510 4672 3738 4728 inﬁdeli-

2157 4765 2258 4821 bus
2286 4780 2392 4819 non
2418 4763 2653 4820 creditur
2685 4782 2705 4818 ι
2740 4762 2842 4837 (De
2864 4762 3075 4833 Nuptiis
3096 4773 3143 4818 et
3170 4762 3610 4834 Coucupiscentis,
3632 4764 3731 4821 lib.

2159 4856 2209 4920 1,
2244 4872 2298 4908 n.
2325 4854 2439 4925 2t).
2464 4854 2667 4922 Quibus
2695 4853 2869 4909 verbis
2895 4854 3029 4909 meis
3063 4854 3331 4909 insidiaris
3378 4855 3732 4921 mendaciter,

2156 4945 2307 5015 quasi
2317 4945 2563 5009 dixerim,
2586 4962 2606 4998 ι
2631 4959 2730 5000 nec
2745 4946 2948 5000 ratione
2959 4944 3359 5015 comprehendi,
3376 4960 3474 5001 nec
3487 4959 3740 5002 sermone

2155 5037 2447 5103 explicari;
2481 5053 2502 5089 s
2544 5035 2863 5092 subtrahens
2897 5036 3020 5092 inde
3046 5036 3187 5107 quod
3208 5037 3340 5104 dixi,
3374 5054 3397 5090 s
3424 5036 3736 5093 nont'acilis
3780 5092 3791 5101 ,

2157 5130 2273 5186 sive
2292 5147 2311 5182 ι
2344 5130 2546 5185 ratione
2580 5148 2601 5184 ι
2638 5130 2752 5184 sive
2781 5147 2804 5184 ι
2831 5143 3097 5186 sermone.
3126 5147 3149 5183 ι
3174 5128 3332 5185 Aliud
3355 5138 3441 5186 est
3467 5147 3488 5183 ι
3515 5129 3686 5196 nulla,
3712 5146 3737 5183 s

2159 5222 2301 5294 quod
2320 5232 2374 5276 tu
2399 5221 2565 5285 dicis;
2595 5220 2739 5276 aliud
2763 5231 2845 5276 est
2877 5239 2899 5276 s
2925 5235 3031 5277 non
3056 5221 3216 5289 facili,
3246 5239 3268 5275 ι
3297 5220 3438 5293 quod
3456 5235 3558 5291 ego
3579 5219 3693 5276 dixi
3724 5238 3743 5276 :

2160 5316 2248 5371 ubi
2277 5314 2403 5386 quid
2430 5314 2570 5370 aliud
2598 5329 2755 5385 quam
2795 5314 3159 5371 calunmiosus
3206 5314 3472 5387 appares?
3502 5312 3613 5371 Sed
3641 5312 3747 5370 etsi

2224 5430 2241 5463 ι
2277 5427 2591 5478 Floriacensis
2611 5432 2716 5484 εις..
2739 5423 2959 5477 hominis.

2223 5492 2243 5522 ¹
2275 5497 2484 5562 Qttatuor
2505 5495 2634 5546 Mss,
2655 5486 2746 5538 iste
2765 5494 2811 5538 et
2832 5496 2956 5541 Deus
2971 5493 3016 5559 et
3033 5486 3189 5539 honre.
3444 5549 3456 5561 .

2222 5551 2246 5585 ι
2277 5551 2411 5608 min,
2429 5550 2499 5603 ita
2520 5556 2780 5614 portunus.
2804 5551 2970 5614 Abest,
2988 5557 3078 5614 ne.
3099 5561 3130 5600 a
3153 5549 3501 5614 tit-nutritura.

2222 5584 2595 5735 Σαῗέῶῖῶ
2608 5584 2970 5670 ’ἑῖζῖῐὲηῗῖξὶἷ
2989 5584 3078 5660 ’ἷΞῖ

2252 5673 2298 5734 b)
2326 5673 2463 5736 ..ψυά
2488 5681 2587 5722 Am.
2615 5680 2665 5720 et
2683 5676 2780 5733 En,
2798 5671 2843 5720 2.
