3972 6178
275 331 381 391 εξῡ

276 447 418 500 nulla
451 445 655 499 ratione
680 439 976 509 lndagetur,
1001 437 1142 491 nullo
1158 450 1403 492 Sermone
1431 437 1724 506 explicetur
1742 456 1756 492 ε
1773 453 1867 494 νε-

274 555 395 594 rum
420 551 593 593 tamen
636 547 719 593 est
753 534 895 606 quod
942 533 1230 603 antiquitus
1259 531 1434 594 veraci
1463 531 1566 587 title
1605 530 1867 586 catholica

273 627 595 698 lit-indicatur
618 633 671 680 et
689 622 923 681 creditur
938 637 1033 692 per
1054 620 1347 677 Ecclesium
1365 629 1527 678 totam
1548 636 1563 685 ;
1589 634 1710 690 qua:
1730 618 1868 674 lilios

1653 322 1851 397 LIBER
1890 321 2177 379 ειεξιτ-ωε.

3446 341 3551 397 830

1975 436 2266 509 Consepulti
2300 458 2419 512 ergo
2457 460 2625 498 sumus
2650 444 2728 499 illi
2755 462 2846 515 per
2884 444 3200 516 Baptismum
3236 451 3288 504 iu
3318 463 3547 511 mortem.

1952 527 2089 605 \Non
2114 531 2231 586 sine
2274 532 2503 602 parvulis
2535 551 2549 588 :
2577 535 2829 604 quoniam
2862 538 3155 610 qtticuntque
3189 542 3430 611 baptismi
3459 560 3547 597 su-

1972 637 2085 675 mus
2116 621 2171 675 in
2202 620 2399 677 Christo
2425 621 2549 678 Iesu
2571 665 2587 688 ,
2618 627 2673 679 in
2711 636 2872 685 morte
2904 627 3045 684 illius
3072 628 3311 700 baptismi
3350 648 3544 687 sumus.

274 718 509 773 ﬁdelium
537 732 635 772 nec
658 715 1004 781 exorcizaret,
1035 727 1136 769 nec
1175 711 1502 777 exsufﬂaret,
1542 710 1587 765 si
1626 725 1733 765 non
1771 725 1867 765 eos
1977 710 2046 767 Ut
2072 715 2494 784 quemadmodum
2530 719 2748 773 surrexit
2785 719 3013 775 Christus
3038 738 3071 775 a
3094 724 3303 778 mortuis
3325 741 3415 794 per
3434 727 3546 795 glo-

275 809 347 864 de
376 816 640 878 potestate
667 805 1030 870 tenebrarum,
1059 814 1114 860 et
1141 819 1171 859 a
1199 804 1437 873 principe
1476 802 1666 859 mortis
1709 817 1865 857 erue-

271 907 389 963 ret;
442 898 584 969 quod
614 898 667 952 in
713 897 848 950 libro
880 910 1036 961 meo,
1080 895 1166 951 cui
1191 894 1337 950 velut
1361 892 1685 971 respondes,
1719 907 1750 947 a
1778 907 1863 947 me

270 994 504 1059 potitum
544 987 744 1057 est(De
769 986 934 1057 Nupt.
959 997 1006 1041 et
1033 985 1280 1056 Concup.,
1301 972 1657 1055 libll,u.22):
1685 984 1778 1040 sed
1808 983 1861 1039 id

273 1091 330 1138 tu
357 1094 779 1137 commemorare
808 1078 1049 1144 timuisti,
1082 1089 1330 1147 tanquam
1361 1077 1474 1145 ipse
1496 1078 1564 1132 ab
1588 1077 1721 1132 orbe
1747 1086 1860 1131 toto

274 1173 639 1229 exsulilaudus
662 1186 809 1228 esses
826 1212 843 1238 ,
880 1172 924 1226 si
954 1172 1077 1226 huic
1099 1161 1457 1226 essumatioui
1484 1184 1586 1239 qua
1613 1171 1859 1238 princeps

274 1266 460 1318 nmndi
486 1274 539 1318 et
565 1282 594 1314 a
621 1263 852 1333 parvulis
889 1262 1099 1330 ejicitnr
1141 1261 1317 1325 foras,
1358 1250 1724 1315 contradicere
1765 1273 1858 1314 voc

273 1355 489 1410 luisses.
537 1352 755 1407 Frustra
800 1362 853 1408 te
896 1346 1169 1420 intorques
1193 1350 1740 1422 argumentationibus
1767 1363 1860 1404 va-

274 1447 396 1513 nis,
424 1462 530 1502 non
557 1447 813 1500 adversus
842 1461 950 1508 me,
979 1444 1073 1500 sed
1103 1443 1357 1498 adversus
1381 1457 1716 1497 communem
1744 1456 1857 1495 tna-

270 1547 408 1593 trem
453 1537 814 1605 Spiritualem;
857 1551 975 1605 quia:
1003 1551 1106 1589 non
1151 1545 1202 1588 te
1227 1534 1384 1589 aliter
1426 1534 1663 1609 peperit,
1694 1548 1852 1602 quam

271 1630 413 1685 sicut
433 1628 544 1698 jam
567 1644 672 1682 non
696 1629 775 1681 vis
801 1638 855 1681 ut
885 1628 1083 1690 pariat;
1107 1636 1289 1681 contra
1315 1624 1467 1694 cujus
1495 1626 1695 1679 viscera
1724 1624 1854 1679 satis

273 1720 445 1776 scutis
485 1720 605 1775 telis
630 1719 723 1775 tibi
754 1718 952 1773 videris
974 1726 1211 1772 artnatus
1229 1756 1247 1783 ,
1276 1715 1346 1772 de
1366 1716 1568 1785 justitia
1595 1715 1688 1770 Dei
1717 1730 1851 1770 con-

275 1825 358 1868 tra
395 1814 656 1882 justitiam
687 1812 819 1879 Dei,
866 1811 935 1868 de
961 1812 1131 1883 gratia
1159 1811 1252 1866 Dei
1290 1820 1474 1866 contra
1501 1810 1726 1880 gratiam
1758 1809 1848 1864 Dei

268 1900 530 1976 colligens
552 1912 886 1975 argumenta.
912 1902 1064 1958 Tunc
1082 1903 1224 1958 enim
1253 1910 1336 1957 est
1365 1901 1457 1957 Dei
1477 1887 1600 1957 vera
1624 1901 1846 1972 iustitia,

266 2000 315 2054 si
365 2013 526 2069 grave
564 1998 749 2068 jugum
794 2011 959 2067 super
1004 1995 1144 2051 ﬁlios
1183 1994 1353 2050 Adam
1385 2009 1414 2048 α
1443 1994 1531 2050 die
1570 1994 1742 2049 exitus
1782 1993 1850 2048 de

266 2099 456 2143 ventre
476 2090 661 2143 matris
684 2103 869 2142 eorum
898 2084 1083 2158 (Eccli.
1113 2100 1183 2141 ιι.
1202 2126 1219 2152 ,
1248 2084 1302 2156 1)
1338 2100 1442 2138 non
1469 2088 1539 2138 sit
1572 2084 1845 2154 injustam.

267 2178 550 2244 Quomodo
587 2186 764 2233 autem
801 2193 909 2231 non
942 2186 1026 2231 est
1065 2176 1319 2246 injustum
1353 2176 1536 2245 jugum
1566 2191 1760 2245 grave,
1801 2176 1847 2231 si

266 2267 473 2322 nullum
506 2278 587 2323 cst
616 2269 669 2323 in
708 2267 942 2336 parvulis
973 2266 1211 2333 malum,
1260 2274 1478 2336 propter
1522 2265 1662 2336 quod
1704 2266 1849 2335 juste

263 2358 395 2428 jugo
425 2367 738 2427 premantur
772 2358 954 2427 gravi?
1000 2357 1151 2412 Tunc
1175 2366 1259 2410 est
1294 2372 1415 2411 vera
1449 2356 1541 2411 Dei
1569 2358 1733 2426 gratia
1756 2398 1772 2422 ,
1800 2358 1845 2411 si

269 2447 377 2502 hoc
417 2449 579 2503 rebus
618 2447 894 2513 exhibeat,
942 2446 1084 2517 quod
1130 2446 1306 2501 verbis
1345 2456 1519 2501 sonat.
1568 2446 1848 2512 Quomodo

267 2546 449 2592 autem
480 2536 580 2591 hoc
618 2536 741 2591 facit
764 2577 780 2598 .
821 2538 866 2591 si
896 2553 1017 2592 eum
1047 2537 1298 2592 exsul‘llat
1343 2538 1394 2591 in
1434 2552 1541 2607 quo
1567 2536 1712 2591 novit
1742 2551 1846 2591 non

267 2644 388 2683 esse
415 2628 557 2699 quod
590 2630 748 2699 pellat
773 2670 790 2696 ,
819 2631 863 2683 si
891 2644 1013 2685 eum
1043 2630 1183 2684 lavat
1209 2631 1263 2685 in
1293 2644 1399 2700 quo
1424 2630 1570 2685 novit
1600 2612 1704 2684 non
1728 2644 1849 2685 esse

266 2721 409 2790 quod
433 2720 650 2774 abluat?
1634 2728 1641 2731 '

343 2811 431 2865 12.
458 2810 721 2880 Numquid
760 2810 843 2866 vel
874 2810 968 2865 tibi
997 2811 1079 2866 vel
1118 2812 1444 2882 quibuslibet
1483 2813 1848 2867 consectaneis

267 2899 373 2954 tuis
402 2901 419 2931 ι
447 2900 642 2967 aliquid
690 2899 872 2955 dicere
921 2900 1216 2967 videreris,
1262 2900 1307 2954 si
1354 2909 1609 2970 quantum
1651 2902 1721 2955 sit
1766 2901 1850 2974 (ut

269 3007 338 3046 ex
382 3007 444 3045 ca
484 3001 664 3045 natum
706 3006 925 3046 necesse
964 2992 1033 3045 sit
1072 2991 1315 3059 renasci,
1363 3007 1469 3046 non
1508 3001 1750 3046 renatum
1779 2994 1849 3048 sit

269 3084 493 3137 necesse
534 3082 774 3136 damnari
802 3082 857 3152 ³)
901 3082 1099 3135 malum
1143 3084 1587 3153 concupiseentiaa
1634 3085 1840 3151 carnis,

264 3174 544 3228 sanctitate
571 3174 764 3228 mentis
795 3174 1032 3241 cogitare
1059 3173 1286 3243 possetis
1320 3191 1335 3227 :
1362 3181 1418 3228 et
1444 3174 1569 3243 quid
1601 3175 1839 3229 conterat

266 3264 435 3333 gratia
459 3304 475 3327 ,
506 3277 624 3317 cum
651 3273 856 3319 reatum
887 3262 1002 3333 ejus
1036 3263 1301 3329 absolvit,
1342 3278 1449 3333 quo
1485 3262 1712 3318 faciebat
1736 3264 1845 3317 ori-

264 3356 511 3426 ginalitcr
537 3356 804 3410 hominem
831 3371 980 3410 reum
1002 3397 1016 3420 ,
1044 3355 1256 3425 quando
1282 3356 1341 3409 lit
1379 3355 1432 3409 in
1462 3355 1553 3410 illo
1579 3356 1731 3424 plena
1763 3369 1849 3409 re-

267 3449 450 3503 missio
480 3448 815 3518 pcccatorum
848 3448 909 3513 ³;
939 3449 1180 3517 quamvis
1210 3448 1321 3515 ipsa
1343 3455 1633 3509 remaneat,
1659 3455 1845 3501 contra

267 3552 424 3608 quam
454 3539 747 3608 regenerati
772 3538 992 3607 spiritus
1008 3530 1368 3606 concupiscat,
1382 3545 1474 3591 aut
1500 3536 1632 3591 bene
1650 3552 1846 3591 usurus

226 3677 237 3683 .
266 3629 369 3685 hoc
399 3631 539 3684 malo
562 3631 615 3684 in
644 3608 849 3684 minore
866 3630 1189 3693 certamine,
1222 3637 1314 3682 aut
1336 3629 1557 3682 omnino
1580 3642 1687 3681 non
1713 3641 1845 3681 usu-

265 3735 367 3775 rus
402 3722 456 3774 in
495 3720 698 3790 majore
742 3719 1079 3776 certamine?
1124 3718 1265 3775 Inest
1293 3720 1435 3774 enim
1468 3734 1657 3773 sensus
1686 3720 1845 3787 lmjus

266 3810 392 3864 mali
417 3852 432 3876 ,
461 3810 586 3864 dum
617 3811 906 3867 reluctatur
934 3820 1092 3881 atque
1117 3809 1411 3865 cohibetur.
1443 3810 1641 3864 Beatus
1666 3820 1843 3864 autem

262 3900 374 3965 ille,
403 3901 492 3971 qui
514 3901 627 3956 sola
650 3902 1053 3973 regeneratione
1074 3900 1376 3964 dimittitur,
1395 3902 1842 3969 quemadmodum

260 4007 387 4047 cum
437 3993 637 4047 inesset
681 4008 787 4047 non
831 3992 1194 4055 sentiebatur;
1242 3992 1311 4045 ita
1349 3991 1468 4059 ejus
1500 3990 1698 4045 ablatio
1740 3989 1845 4045 lidc

259 4083 516 4142 creditur.
549 4098 653 4138 non
678 4098 839 4139 carne
863 4083 944 4138 vel
973 4093 1151 4137 mente
1173 4083 1417 4137 sentitur.
1448 4080 1574 4137 Ideo
1602 4082 1654 4135 in
1684 4079 1844 4150 hujus

259 4176 337 4228 rei
372 4172 696 4229 obscuritate
725 4182 777 4228 te
808 4173 981 4243 jactas
1005 4212 1022 4237 ,
1063 4182 1119 4229 et
1140 4172 1394 4228 adversus
1416 4170 1695 4227 veritatem
1723 4186 1844 4241 qua:

259 4266 472 4322 ostendi
518 4266 791 4321 hominum
836 4265 1066 4321 maxime
1111 4265 1402 4321 carnalium
1445 4264 1692 4319 sensibus
1737 4278 1843 4317 non

260 4364 460 4424 potest,
477 4367 674 4426 quanto
691 4355 859 4426 magis
886 4363 944 4410 ut
963 4365 1116 4426 putas
1140 4356 1355 4420 acriter,
1386 4362 1533 4440 tanto
1557 4353 1728 4424 magis
1755 4353 1842 4407 in-

261 4447 494 4503 ﬁdeliter
514 4461 737 4518 pugnas.

333 4540 423 4595 15.
452 4538 559 4595 Sed

326 4636 473 4680 Verte
495 4642 670 4680 omnes
690 4637 796 4682 tete
816 4630 866 4681 in
893 4627 1043 4690 facies
1057 4662 1075 4687 ν
1095 4633 1152 4690 et
1169 4626 1403 4678 me
1423 4625 1659 4690 (ιιιίάιιυίά

326 4693 438 4741 Sive
458 4693 658 4752 uulnus,
676 4694 782 4742 sive
800 4699 908 4742 arte
931 4689 1067 4740 vales
1083 4689 1157 4752 (a)
1181 4701 1197 4738 :

262 4773 576 4844 Quicumque
606 4772 845 4844 baptismi
870 4787 1043 4828 sumus
1083 4771 1136 4825 in
1169 4769 1370 4827 Christo
1393 4767 1521 4824 Iesu
1540 4810 1556 4837 ,
1593 4769 1649 4824 in
1685 4777 1844 4823 morte

256 4865 420 4937 ipsius
447 4865 685 4936 baptismi
711 4879 904 4922 sumus.
950 4862 1089 4933 Ergo
1120 4877 1303 4916 verum
1340 4871 1421 4917 est
1464 4876 1562 4915 nos
1605 4870 1844 4916 mortuos

257 4971 383 5013 esse
410 4967 629 5029 peccmo
653 4956 703 5011 in
732 4964 906 5011 morte
929 4952 1149 5019 Christi,
1180 4967 1301 5023 qum.
1328 4950 1427 5007 fuit
1451 4952 1564 5006 sine
1588 4960 1838 5021 peccato:

258 5065 327 5106 ac
351 5060 457 5127 per“
486 5048 588 5106 hoc
627 5058 681 5105 et
707 5049 939 5119 majores
961 5057 1013 5103 ct
1043 5046 1265 5117 parvuli.
1307 5044 1489 5115 Neque
1517 5045 1660 5100 enim
1689 5042 1764 5098 illi
1789 5051 1845 5098 et

263 5157 373 5197 non
401 5140 485 5195 ἱειιί
505 5182 521 5206 ,
551 5151 644 5195 aut
677 5140 762 5194 isti
792 5149 847 5195 et
876 5153 979 5195 non
1012 5136 1089 5193 illi
1121 5154 1134 5191 :
1165 5136 1258 5192 sed
1283 5136 1577 5207 quicumque
1602 5134 1842 5205 baptismi

258 5249 432 5287 sumus
456 5231 511 5286 in
537 5230 735 5291 Christo
759 5230 886 5286 Iesu
908 5270 925 5298 ,
951 5229 1007 5284 in
1031 5238 1187 5283 morte
1208 5228 1347 5283 illius
1374 5227 1616 5297 baptisati
1642 5243 1839 5283 smnus.

324 5360 1235 5436 fgujnqueVaﬁcanllsectduo
1286 5356 1540 5419 mutant,
1599 5362 1843 5410 musa-

525 5486 843 5558 sententjarn,
866 5482 1426 5558 parentbemjuglusam,
1448 5481 1674 5531 omittunt
1696 5479 1842 5530 iidem

261 5550 464 5603 calices
478 5549 699 5612 quisque
720 5543 927 5597 Vatia'ni
961 5553 1014 5595 et
1033 5545 1130 5594 duo
1146 5543 1386 5595 Gallicani.

325 5614 345 5641 ³
380 5608 689 5660 Floriacensis
720 5615 804 5658 bis.
851 5607 1062 5658 secunda
1102 5618 1243 5655 manu
1264 5611 1539 5663 concaua,
1562 5616 1611 5653 ut
1640 5600 1723 5653 illo
1754 5614 1841 5666 per

256 5683 369 5724 sum
394 5670 608 5723 remissio
629 5677 949 5733 peccatormn.

322 5735 397 5787 iul
429 5733 582 5782 verba
605 5725 801 5789 Virgilii,
829 5731 909 5779 lib.
943 5728 996 5778 l2
1020 5728 1223 5788 incil,
1250 5739 1377 5776 vers.
1394 5726 1513 5787 889,
1532 5725 1639 5776 890.

1968 802 2100 856 riam
2126 802 2328 870 Patris,
2359 806 2430 860 ita
2461 816 2507 862 et
2532 824 2625 862 nos
2651 809 2704 863 in
2734 811 2953 865 novitate
2980 812 3095 866 uite
3118 812 3448 868 ambulemus.
3481 814 3544 869 Si

1967 896 2101 949 enim
2126 899 2455 967 complantati
2489 901 2677 971 fuimus
2710 902 3029 957 similitudini
3068 906 3244 958 mortis
3271 906 3408 976 ejus,
3455 908 3543 961 sed

1966 999 2015 1041 et
2041 991 2419 1045 resurrectionis
2445 1007 2649 1047 erimus.
2694 993 2790 1048 llic
2818 1004 3014 1050 suntet
3040 997 3241 1066 parvuli
3264 998 3539 1066 complan-

1964 1079 2058 1131 tsti
2101 1078 2433 1135 similitudini
2479 1084 2667 1137 mortis
2713 1085 2849 1152 ejus.
2902 1084 3014 1140 Hoc
3060 1087 3201 1140 enim
3244 1087 3312 1141 ad
3350 1102 3539 1142 omnes

1965 1169 2194 1236 pertinet
2230 1170 2551 1240 quicumque
2588 1170 2835 1240 haptizati
2863 1188 3049 1228 sumus
3076 1175 3128 1227 in
3153 1174 3367 1228 Christo
3391 1175 3536 1229 Jesu.

1966 1259 2079 1314 Hoc
2105 1263 2314 1316 scientes
2336 1304 2348 1326 ,
2366 1319 2377 1331 ,
2395 1264 2514 1332 quia
2542 1273 2680 1318 vetus
2709 1265 2856 1318 homo
2895 1276 3064 1319 uoster
3091 1267 3241 1320 simul
3265 1270 3537 1336 cruciﬁxus
3603 1295 3615 1309 ο

1959 1362 2052 1406 est.
2098 1352 2335 1419 Quorum
2382 1364 2533 1408 vetus
2571 1353 2767 1418 homo,
2814 1354 2916 1409 nisi
2960 1356 3259 1427 quicumque
3300 1357 3540 1425 baptizati

1957 1461 2131 1500 saturus
2148 1446 2198 1497 in
2215 1445 2414 1501 Christo
2437 1447 2463 1499 Ρ
2493 1445 2588 1501 Hic
2618 1446 2795 1515 itaque
2809 1461 3162 1516 agnoscamus
3188 1457 3242 1503 et
3268 1448 3538 1517 parvulos,

1958 1538 2079 1605 quia
2106 1548 2159 1591 et
2191 1538 2332 1606 ipsos
2374 1538 2666 1607 baptizatos
2696 1554 2799 1592 non
2840 1553 3094 1608 negamus
3119 1540 3171 1593 in
3200 1538 3431 1594 Christo.
3475 1541 3541 1594 Et

1957 1626 2138 1695 utquid
2166 1627 2319 1680 simul
2347 1627 2620 1694 cruciﬁxus
2645 1637 2717 1681 est
2747 1637 2885 1681 uetus
2907 1628 3055 1681 homo
3084 1637 3249 1682 noster
3268 1628 3295 1683 Ρ
3334 1627 3401 1684 Ut
3430 1646 3541 1683 eva-

1953 1729 2129 1771 cuetur
2149 1759 2163 1781 ,
2192 1718 2360 1788 inquit
2385 1758 2401 1782 ,
2437 1713 2622 1789 corpus
2647 1720 2836 1787 peccati
2857 1760 2873 1786 ,
2905 1729 2959 1773 ut
2984 1720 3239 1774 ultranon
3264 1721 3537 1775 serviamus

1955 1820 2180 1879 peccato.
2217 1810 2437 1881 Propter
2459 1809 2560 1864 hoc
2583 1824 2778 1879 corpus
2816 1810 3049 1879 peccati,
3089 1811 3233 1865 misit
3272 1811 3410 1866 Deos
3447 1812 3539 1867 Fi-

1958 1900 2084 1954 lium
2112 1915 2267 1954 suum
2297 1901 2348 1954 in
2384 1900 2732 1955 similitudine
2773 1901 2949 1955 carnis
2978 1901 3180 1979 peccati
3207 1900 3383 1971 (Rom.
3413 1917 3530 1969 vm,

1953 1991 2032 2060 5).
2074 1990 2189 2057 Qua
2233 1991 2392 2061 igitur
2423 1990 2748 2062 impudentia
2782 2005 3039 2061 negamus
3076 1992 3234 2047 etiam
3278 1994 3527 2063 parvulos

1952 2095 2149 2150 corpus
2178 2081 2378 2137 habere
2404 2083 2605 2151 peccati
2629 2122 2646 2148 ,
2677 2096 2798 2136 cum
2829 2080 2933 2136 hoc
2952 2081 3092 2150 quod
3117 2081 3264 2146 dicit,
3294 2083 3531 2138 omnium

1950 2170 2023 2224 sit
2049 2171 2367 2240 quicumque
2403 2170 2652 2240 baptizati
2681 2185 2867 2226 sumus
2892 2171 2944 2225 in
2973 2170 3228 2226 Christo?
3275 2172 3375 2239 Qui
3401 2173 3534 2227 enim

1951 2271 2176 2315 mortuus
2202 2272 2313 2327 est,
2348 2262 2664 2332 justi/iratus
2689 2271 2764 2315 est
2793 2277 2824 2313 a
2853 2270 3076 2331 peccato.
3122 2260 3184 2316 Si
3204 2272 3373 2315 autem
3399 2279 3534 2317 mor-

1951 2352 2025 2404 tui
2052 2368 2223 2405 sumus
2250 2368 2363 2403 cum
2387 2350 2607 2411 Christo.
2637 2351 2886 2405 credimus
2908 2351 3026 2419 quia
3044 2351 3196 2415 simul
3216 2352 3368 2405 etiam
3392 2354 3528 2406 uiue-

1953 2457 2065 2492 mus
2098 2456 2211 2493 cum
2253 2438 2491 2504 Christo;
2536 2449 2745 2494 scientes
2783 2441 2904 2510 quia
2948 2432 3180 2496 Clarislus
3218 2455 3433 2512 surgens
3472 2456 3536 2495 ea:

1952 2531 2161 2584 mortuis
2189 2532 2304 2601 jam
2332 2546 2434 2584 nou
2466 2531 2713 2596 moritur,
2762 2546 2899 2583 mors
2925 2529 2972 2583 ei
2995 2532 3131 2583 ultra
3167 2546 3269 2584 non
3298 2530 3535 2584 domina-

1951 2623 2101 2677 bitur.
2131 2621 2281 2687 Ωιιοά
2309 2623 2440 2677 enim
2464 2632 2693 2677 mortuus
2721 2632 2796 2676 est
2830 2632 3065 2691 peccato,
3096 2627 3325 2677 mortuus
3348 2631 3420 2676 est
3449 2637 3534 2676 se-

1949 2714 2049 2767 mel
2075 2730 2094 2767 :
2117 2713 2254 2783 quod
2288 2723 2455 2767 autem
2480 2714 2597 2766 vivit
2618 2754 2634 2779 ,
2665 2713 2781 2766 uiuit
2811 2712 2935 2766 Deo.
2983 2711 3070 2766 Ita
3095 2722 3143 2766 et
3177 2730 3264 2767 vos
3285 2755 3300 2780 ,
3338 2715 3529 2783 inquit,

1951 2803 2230 2858 existimate
2254 2820 2341 2858 vos
2384 2813 2609 2858 mortuos
2637 2820 2742 2858 esse
2770 2814 3009 2872 peccato;
3049 2805 3211 2857 vivere
3232 2816 3398 2858 autem
3427 2805 3533 2860 Deo

1950 2895 2004 2948 iu
2026 2894 2228 2948 Christo
2265 2893 2411 2950 Iesu.
2457 2893 2661 2961 Quibus
2687 2894 2787 2948 hoc
2811 2893 2977 2948 dicit?
3018 2894 3310 2965 evigilasue
3328 2935 3344 2961 ,
3372 2904 3426 2949 et
3453 2903 3534 2948 at-

1952 2984 2163 3039 tendis?
2207 2983 2301 3038 Eis
2325 2985 2509 3054 utique
2534 2985 2726 3055 quibus
2753 2983 2995 3050 dicebat,
3042 2985 3103 3039 Si
3139 2994 3308 3037 autem
3345 2986 3531 3039 mortui

1948 3091 2122 3128 sumus
2141 3093 2255 3129 cum
2285 3074 2505 3131 Christo.
2551 3076 2622 3129 Et
2654 3076 2743 3146 qui
2768 3085 2892 3128 sunt
2917 3074 2973 3128 hi
2997 3116 3010 3139 ,
3040 3075 3143 3130 nisi
3169 3077 3361 3145 quibus
3383 3074 3532 3130 dise-

1950 3175 2066 3229 rat,
2106 3163 2257 3219 Vetus
2278 3165 2437 3220 “homo
2464 3175 2632 3219 uoster
2658 3163 2810 3219 simul
2826 3166 3101 3233 cruci/imus
3124 3176 3214 3229 est,
3246 3175 3301 3218 ut
3328 3180 3534 3219 cuacue-

1951 3264 2034 3309 tur
2061 3272 2244 3326 corpus
2272 3257 2508 3327 peccati?
2550 3256 2651 3310 nisi
2686 3256 2876 3325 quibus
2902 3256 3109 3310 dixerat
3130 3297 3147 3321 ,
3188 3254 3533 3326 Complantati

1950 3361 2127 3399 sumus
2169 3347 2488 3400 similitudini
2521 3348 2697 3400 mortis
2734 3346 2882 3417 ejus?
2922 3346 3022 3399 nisi
3066 3346 3260 3416 quibus
3299 3346 3531 3410 dixerat,

1949 3436 2242 3509 Cousepulti
2277 3455 2453 3492 sumus
2491 3454 2611 3509 ergo
2634 3438 2712 3491 illi
2750 3455 2838 3506 per
2869 3435 3183 3506 Baptismum
3205 3437 3258 3490 in
3284 3439 3531 3492 mortem?

1952 3529 2018 3583 Et
2047 3531 2147 3584 hoc
2167 3531 2358 3600 quibus
2377 3572 2393 3597 ,
2421 3530 2503 3584 vel
2529 3531 2597 3584 de
2620 3529 2814 3599 quibus
2839 3528 3087 3594 dixerat,
3118 3529 3234 3600 lege
3253 3530 3529 3600 superiora

1951 3623 2132 3687 verba,
2155 3622 2348 3692 quibus
2374 3620 2490 3677 haec
2512 3628 2697 3675 etincta
2724 3634 2962 3674 connexa
2989 3627 3143 3681 sunt.
3177 3628 3232 3674 et
3256 3620 3528 3675 invenies:

1951 3714 2030 3767 An
2078 3712 2322 3781 ignoratis
2371 3711 2610 3782 quoniam
2646 3709 2948 3778 quicumque
2984 3708 3227 3778 baptismi
3261 3726 3434 3764 sumus
3473 3711 3529 3764 in

1949 3803 2150 3858 Christo
2183 3800 2312 3855 Iesu
2333 3841 2349 3866 ,
2376 3802 2429 3855 in
2458 3809 2617 3854 morte
2637 3799 2774 3855 illius
2801 3798 3039 3868 baptismi
3065 3812 3239 3851 sumus
3258 3799 3285 3851 .9
3311 3798 3380 3852 Et
3405 3813 3527 3853 cum

1950 3895 2049 3949 hoc
2068 3894 2270 3949 diceret
2299 3894 2339 3959 ³,
2366 3893 2594 3964 probare
2618 3891 2742 3962 quid
2771 3889 2972 3945 voluit?
3013 3889 3154 3960 Lege
3176 3889 3349 3944 adhuc
3372 3891 3533 3959 paulo

1948 3987 2193 4058 superius
2213 4028 2227 4052 ,
2257 3995 2312 4043 et
2347 3985 2585 4041 invenies
2617 4001 2632 4038 :
2665 3984 2726 4039 Si
2748 3984 2931 4038 mortui
2959 3998 3133 4037 sumus
3152 3992 3374 4052 peccato,
3403 3997 3533 4052 quo-

1948 4081 2099 4133 modo
2132 4081 2351 4134 vivemus
2377 4079 2430 4132 in
2460 4095 2516 4132 eo
2536 4078 2563 4130 Ρ
2599 4078 2706 4131 Aut
2734 4092 2862 4147 ergo
2895 4074 3164 4146 agnoscite
3196 4076 3442 4144 parvulos
3472 4075 3526 4130 in

1950 4169 2271 4240 Baptismate
2286 4177 2526 4223 mortuos
2543 4182 2663 4221 esse
2687 4174 2924 4235 peccato,
2939 4174 2995 4220 ct
3017 4165 3252 4219 fatemini
3276 4164 3530 4221 habuisse

1948 4261 2031 4314 cui
2060 4268 2393 4314 morerentur
2420 4256 2672 4326 originale
2699 4264 2969 4325 peccatum
3007 4273 3021 4310 :
3047 4263 3140 4333 aut
3162 4264 3346 4324 aperte
3366 4255 3528 4312 dicite

1949 4367 2054 4406 non
2087 4366 2181 4407 eos
2207 4334 2258 4404 in
2286 4358 2460 4403 morte
2484 4347 2678 4401 Christi
2702 4346 3016 4415 baptizatos,
3043 4360 3166 4401 cum
3194 4347 3529 4416 baptizaren-

1948 4451 2035 4496 tur
2070 4441 2122 4495 in
2154 4439 2402 4504 Christo;
2445 4448 2501 4494 et
2542 4437 2853 4507 Apostolum
2900 4437 3161 4492 mendacii
3202 4438 3527 4508 redarguite,

1948 4534 2210 4589 dicentem
2226 4572 2241 4596 ,
2274 4530 2586 4600 Quicumque
2608 4528 2848 4600 baptismi
2878 4544 3053 4583 sumus
3076 4529 3130 4583 iu
3153 4527 3354 4586 Christo
3377 4528 3525 4597 Iesu,

1949 4627 2001 4680 in
2028 4635 2186 4680 morte
2202 4623 2343 4678 illius
2372 4622 2612 4693 baptismi
2639 4637 2829 4677 sumus.

2018 4718 2107 4781 14.
2151 4715 2262 4786 Ego
2296 4715 2411 4770 luce
2450 4728 2596 4768 arma
2629 4712 2867 4768 ctelestia
2889 4754 2907 4780 ,
2942 4727 3064 4784 qua:
3099 4712 3319 4768 vincunt
3345 4710 3530 4768 Caele-

1947 4809 2105 4864 stium
2128 4851 2145 4875 ,
2182 4824 2288 4863 non
2322 4808 2532 4863 dimitto
2562 4824 2577 4860 :
2606 4805 2691 4861 bis
2723 4805 2879 4861 ﬁdem
2914 4820 3087 4860 meam
3118 4818 3535 4875 sermonemque

1944 4900 2241 4955 committo.
2287 4901 2615 4968 Argumenta
2642 4912 2762 4966 qua:
2800 4894 3067 4965 profertis,
3104 4893 3330 4948 humana
3358 4901 3529 4951 sunt:

1948 4990 2064 5048 haec
2103 4990 2427 5047 munimenta
2471 4987 2647 5042 divina
2688 4993 2834 5042 sunt.
2883 4983 3090 5039 Delicta
3134 4985 3246 5057 quis
3291 4984 3538 5071 intelligit:

1946 5080 2116 5153 (Psal.
2150 5094 2313 5145 svnt,
2346 5076 2480 5140 43)?
2519 5076 2785 5148 Numquid
2821 5074 2943 5130 ideo
2981 5074 3172 5130 delicta
3218 5089 3323 5128 non
3360 5074 3540 5151 sunt),

1946 5171 2022 5227 Ita
2047 5181 2102 5227 et
2137 5169 2395 5240 originale
2420 5168 2674 5223 delictum
2701 5164 2842 5236 quod
2877 5165 2929 5219 in
2959 5172 3176 5234 parente
3208 5173 3533 5233 regenerato

1942 5263 2234 5320 remittitur
2251 5302 2266 5326 ,
2287 5268 2344 5316 et
2370 5270 2543 5315 tamen
2571 5257 2759 5314 transit
2786 5256 2836 5310 in
2865 5255 3102 5326 prolem,
3135 5262 3189 5309 et
3216 5264 3396 5309 manet
3422 5254 3535 5331 nisi

1945 5365 2001 5414 et
2041 5357 2152 5427 ipsa
2199 5360 2576 5425 regeneretur,
2625 5350 2745 5418 quis
2788 5346 3070 5417 intelligit?
3109 5346 3376 5416 Numquid
3405 5346 3534 5403 ideo

1947 5465 2053 5507 non
2079 5457 2160 5505 est
2185 5445 2478 5503 delictum?
2501 5440 2644 5500 Unus
2665 5457 2757 5513 pro
2783 5442 3011 5496 omnibus
3035 5449 3258 5496 mrtuus
3282 5450 3375 5507 est,
3406 5456 3529 5513 ergo

1946 5559 2116 5599 omnes
2144 5539 2326 5595 mortui
2364 5546 2497 5591 sunt.
2543 5535 2661 5605 Quo
2687 5533 2847 5590 corde
2868 5574 2883 5600 ,
2916 5548 3021 5603 quo
3049 5548 3141 5590 ore
3164 5575 3180 5602 ,
3211 5548 3312 5604 qua
3354 5533 3529 5589 fronte

2014 5723 2026 5752 ι
2063 5716 2284 5767 Gallicani
2305 5721 2432 5775 Mss,
2455 5719 2501 5764 et
2523 5718 2572 5763 ut
2604 5710 2690 5761 hoc
2712 5706 2866 5774 fieret.
