4014 6186
374 1007 381 1014 .

398 1033 409 1155 ι

397 1166 408 1357 ἓ

419 343 516 400 851

422 456 671 529 parvulos
699 461 938 508 mortuos
961 446 1182 518 negatis,
1217 426 1313 516 pro
1333 442 1524 512 quibus
1545 438 1816 493 Christum
1857 449 2002 488 mor-

426 528 572 601 tuum
600 559 704 599 non
732 540 975 610 negatis?
1020 540 1076 592 Si
1104 552 1207 591 non
1243 546 1322 590 est
1365 549 1461 603 pro
1487 532 1564 585 eis
1591 528 1833 583 Christus
1860 540 2006 580 mor-

428 650 550 692 tuus
571 675 585 698 ,
616 626 1209 702 utquid'baptizantur?
1258 618 1569 691 Quicumque
1609 618 1738 672 enim
1769 613 2010 685 baptizati

425 741 597 781 clonus
627 723 678 775 in
705 719 904 776 Christo
932 718 1058 773 λεια
1079 759 1093 780 ,
1123 719 1173 771 in
1200 724 1359 768 morte
1382 712 1520 766 illius
1546 706 1787 778 baptizati
1812 702 2005 758 sumas.

427 817 482 872 Si
525 823 702 869 antem
742 814 904 867 etiam
936 828 1032 881 pro
1071 811 1150 864 eis
1179 817 1419 862 mortuus
1457 811 1575 865 est,
1625 799 1717 870 qui
1751 813 1889 852 unus
1916 810 2011 866 pro

426 907 676 961 omnibus
711 913 951 959 mortuus
987 910 1104 967 est;
1148 915 1275 971 ergo
1309 895 1504 953 mortui
1535 902 1659 949 sunt
1681 898 1738 946 et
1774 891 1858 944 isti
1886 904 2008 943 cum

431 998 695 1053 onmibus.
729 997 793 1050 Et
820 996 944 1065 quia
975 994 1026 1047 in
1066 999 1283 1062 peccato
1314 987 1505 1044 mortui
1532 993 1690 1050 sunt,
1719 982 2017 1037 moriuntur

433 1097 489 1142 et
515 1095 733 1156 peccato
752 1086 1011 1139 utvivant
1038 1083 1165 1145 Deo,
1191 1078 1404 1150 quando
1428 1084 1776 1132 renascuntur
1792 1087 1857 1127 ex
1885 1071 2012 1125 Deo.

435 1175 587 1243 Quod
616 1176 661 1229 si
687 1175 953 1244 explicare
988 1189 1091 1226 non
1138 1171 1334 1241 possim
1380 1165 1644 1237 quomodo
1671 1165 1822 1218 vivus
1851 1175 2016 1231 gene-

438 1277 521 1321 ret
542 1275 806 1320 mortuum
828 1265 1094 1332 (mortuus
1116 1259 1257 1314 enim
1282 1265 1500 1328 peccato
1522 1269 1733 1325 parens,
1754 1262 1811 1307 et
1834 1252 2019 1305 vivens

444 1359 583 1423 Deo,
609 1363 830 1426 genctat
852 1352 1104 1407 tamenin
1132 1357 1347 1420 peccato
1376 1356 1644 1401 mortuum
1665 1384 1681 1408 ,
1709 1343 1809 1397 nisi
1830 1350 1884 1397 et
1908 1341 2022 1411 ipse

444 1457 662 1518 peccato
688 1444 1087 1514 regeneratione
1109 1442 1386 1505 moriatur,
1410 1446 1470 1505 et
1500 1436 1641 1491 vivat
1672 1432 1838 1507 Deo);
1870 1447 2024 1486 num-

446 1538 570 1608 quid
616 1537 735 1589 ideo
774 1535 965 1588 falsum
1004 1541 1121 1595 est,
1164 1531 1290 1601 quia
1329 1526 1587 1598 explicari
1613 1524 1789 1581 verbis
1809 1523 1891 1578 vel
1918 1536 2023 1575 non

447 1635 659 1696 potest,
705 1624 786 1678 vel
829 1622 1141 1678 diflicillime
1179 1618 1390 1691 potest?
1434 1616 1512 1672 Tu
1555 1630 1721 1685 nega,
1764 1613 1809 1668 si
1834 1610 2023 1673 audes,

448 1727 629 1772 natum
656 1723 923 1769 mortuum
942 1755 959 1778 ,
1003 1729 1099 1782 pro
1127 1726 1232 1779 quo
1260 1710 1527 1765 Christum
1555 1722 1659 1761 non
1688 1719 1851 1775 negas
1875 1718 2025 1757 mor-

450 1819 619 1862 tuum.
649 1803 794 1861 Unus
822 1804 962 1859 enim
982 1819 1072 1873 pro
1092 1799 1322 1856 omnibus
1339 1809 1563 1853 mortuus
1584 1807 1654 1851 est
1677 1813 1695 1863 ;
1724 1812 1841 1867 ergo
1858 1810 2030 1847 euntes

452 1897 638 1950 mortui
675 1903 792 1950 sunt
822 1893 890 1964 (ll
920 1892 1037 1947 Cor.
1062 1906 1094 1944 v
1116 1934 1130 1955 ,
1164 1889 1275 1960 ll).
1328 1887 1503 1943 Verba
1546 1896 1668 1941 sunt
1700 1884 2026 1955 apostolica;

453 1987 546 2043 scd
589 2002 736 2041 arma
773 1993 896 2041 sunt
934 1992 1116 2038 nostra
1140 2023 1154 2046 ,
1206 1981 1395 2052 quibus
1439 1988 1613 2033 tamen
1649 1977 1695 2031 si
1736 1989 2031 2045 repugnare

454 2078 624 2141 nolis,
676 2074 930 2144 intelligis
975 2072 1117 2143 quod
1166 2072 1282 2126 sine
1331 2069 1660 2125 dubitatione
1706 2063 2031 2120 credendum

455 2178 539 2222 est
564 2167 722 2225 etiam
747 2164 794 2219 si
816 2179 921 2219 non
952 2163 1233 2232 intelligas.
1266 2162 1437 2217 llomo
1460 2159 1601 2214 enim
1628 2158 1718 2227 qui
1746 2154 2034 2227 spirituali-

458 2268 539 2312 ter
576 2265 731 2310 natus
750 2296 765 2321 ,
791 2255 1074 2311 carnaliter
1099 2254 1298 2323 gignit,
1329 2261 1613 2320 utrumque
1644 2248 1804 2304 habet
1826 2262 2032 2321 semen,

458 2355 507 2400 et
536 2345 834 2400 immortale
857 2345 998 2400 unde
1017 2359 1076 2399 se
1095 2343 1322 2415 gaudeat
1347 2341 1546 2406 vivum,
1572 2350 1627 2395 et
1652 2340 1875 2394 mortale
1896 2337 2037 2393 unde

454 2446 676 2505 generet
705 2448 995 2491 mortuum.
1027 2434 1122 2490 Cui
1151 2433 1467 2489 vivificando
1488 2432 1634 2486 nullo
1663 2431 1823 2485 modo
1848 2444 2035 2484 neces-

461 2527 600 2581 saria
631 2525 829 2581 Christi
870 2539 1016 2579 mors
1052 2532 1228 2588 esset,
1273 2522 1374 2577 nisi
1420 2530 1663 2576 mortuus
1691 2526 1846 2574 natus
1870 2527 2036 2574 esset.

466 2612 613 2670 Unus
631 2614 772 2669 enim
794 2630 887 2685 pro
912 2612 1142 2667 cornibus
1168 2620 1393 2666 mortuus
1420 2620 1491 2666 est
1506 2627 1526 2676 ;
1561 2620 1872 2682 ergo'omm
1897 2624 2039 2663 mor-

462 2705 537 2758 tui
565 2714 698 2759 sunt.
731 2704 841 2764 Nec
863 2718 957 2761 eos
989 2703 1057 2764 de
1085 2703 1184 2757 ista
1212 2710 1383 2769 morte
1412 2701 1683 2766 excitatis,
1717 2715 1853 2771 quos
1893 2713 2041 2754 mor-

463 2808 583 2851 tuos
624 2812 728 2852 non
762 2811 884 2852 esse
907 2794 1150 2849 clamatis
1182 2811 1195 2847 :
1226 2793 1321 2848 sed
1357 2807 1425 2848 ne
1462 2791 1642 2846 vivant
1666 2790 1842 2860 potius
1875 2789 2042 2859 impe-

469 2888 627 2953 ditis,
675 2885 887 2956 quando
922 2884 973 2939 in
1005 2898 1189 2938 eorum
1229 2882 1535 2953 parentibus
1562 2880 1720 2935 fidem
1741 2920 1758 2947 ,
1805 2895 1908 2950 qua
1937 2894 2042 2934 una

468 2985 691 3048 possunt
709 2976 1025 3041 reviviscere
1039 3014 1053 3040 ,
1092 2972 1373 3043 impiorum
1393 2980 1821 3042 argumentorum
1839 2969 2043 3024 machi-

465 3070 551 3123 nis
579 3067 915 3137 oppugnatis.
1090 3092 1095 3097 ~
1234 3096 1237 3101 -
1310 3102 1313 3105 .
1360 3090 1363 3105 ι
1406 3098 1413 3111 .
1492 3094 1495 3107 .
1678 3098 1683 3107 .

538 3157 760 3215 CAPUT
775 3157 841 3212 Vl
856 3157 1028 3231 (a).—
1048 3153 1135 3211 15.
1152 3154 1256 3212 Sed
1274 3156 1383 3227 jam
1395 3155 1671 3211 veniamus
1687 3154 1754 3211 ad
1784 3155 2044 3225 prolixam

475 3258 531 3303 et
559 3262 840 3319 operosam
878 3246 1292 3316 disputationem
1321 3256 1460 3301 tuam
1485 3287 1501 3313 ,
1550 3261 1654 3316 qua
1697 3245 1859 3312 illud,
1902 3245 2046 3315 quod

471 3338 971 3411 quantulacumque
1014 3336 1376 3392 similitudinis
1411 3336 1579 3405 gratia
1621 3336 1673 3389 in
1714 3349 1775 3391 re
1812 3335 1877 3389 ad
1923 3350 2047 3405 per-

472 3427 802 3497 spiciendum
841 3426 1072 3491 difficili,
1110 3423 1468 3500 adhibendum
1506 3424 1685 3494 putavi
1715 3422 1817 3494 (De
1837 3422 2048 3495 Nuptiis

471 3528 519 3572 et
539 3516 973 3585 Cottcupiscentia,
1003 3515 1092 3570 lib.
1120 3516 1172 3581 1,
1203 3532 1257 3568 n.
1284 3514 1398 3585 2!),
1428 3514 1496 3570 de
1513 3514 1629 3589 olea
1656 3514 1880 3579 scilicet,
1908 3514 2050 3584 quod

474 3615 592 3682 ejus
625 3627 808 3673 semen
835 3613 1121 3681 degeneret
1147 3612 1198 3665 in
1226 3610 1548 3677 oleastrum,
1576 3608 1809 3664 refutare
1837 3609 2050 3664 molitus

475 3721 537 3761 es
567 3725 581 3761 :
605 3707 750 3776 prius
768 3704 1057 3769 affirmans,
1094 3722 1112 3773 ι
1141 3702 1280 3773 quod
1309 3703 1359 3758 ei
1389 3703 1462 3757 rei
1489 3718 1606 3770 quae
1637 3716 1731 3772 per
1758 3716 1816 3755 se
1840 3700 2051 3756 defendi

479 3813 585 3852 non
613 3803 826 3867 potest,
872 3796 1003 3849 nihil
1044 3794 1402 3865 anﬂ'ragentur
1428 3794 1688 3865 exempla.
1723 3812 1743 3844 ι
1792 3794 1900 3848 Cur
1925 3798 2053 3863 ergo

475 3890 791 3958 Apostolus,
836 3902 956 3942 mox
991 3897 1045 3939 ut
1084 3885 1358 3956 proposuit
1397 3887 1742 3955 quaestionem
1787 3884 2053 3954 quomodo

479 3987 759 4048 resurgant
784 3977 977 4031 mortui
1000 4016 1014 4038 ,
1058 3991 1164 4045 quo
1191 3985 1366 4029 autem
1398 3989 1620 4043 corpore
1654 3976 1897 4040 veniant,
1921 3989 2053 4029 con-

478 4068 625 4123 tinuo
667 4084 779 4122 rem
827 4050 1143 4135 incognitam
1186 4074 1238 4119 et
1284 4065 1612 4133 inexpertam
1645 4064 1895 4133 exemplo
1920 4078 2056 4133 pro-

476 4158 607 4213 bare
630 4140 883 4225 suscepit,
907 4156 1198 4224 adjnngens
1216 4196 1230 4220 ,
1266 4154 1451 4220 Stulte,
1475 4164 1528 4207 tu
1546 4154 1682 4224 quod
1707 4156 1923 4208 setttinas
1954 4169 2055 4208 non

477 4250 772 4318 uiviﬁcatur,
806 4248 941 4303 nisi.‘
970 4248 1214 4301 moriatur
1234 4246 1300 4316 (ll
1336 4245 1453 4301 Cor.
1478 4260 1573 4310 xv,
1597 4246 1709 4315 56),
1742 4246 2055 4313 cte.?Quod

479 4340 688 4410 quidem
715 4338 1012 4407 exemplum
1033 4346 1087 4391 et
1112 4337 1233 4391 huic
1254 4338 1329 4391 rei
1360 4351 1460 4404 qua
1486 4336 1552 4391 de
1571 4337 1762 4405 agitur,
1792 4352 1894 4390 non
1913 4336 2058 4390 ontni

480 4429 639 4483 modo
670 4436 753 4483 est
778 4428 1171 4482 inconveniens.
1212 4427 1474 4496 Purgatur
1501 4427 1642 4480 enim
1668 4442 1699 4480 a
1730 4427 1879 4495 palea
1921 4427 2055 4481 triti-

481 4534 622 4582 cum,
654 4520 789 4572 sicut
814 4519 970 4583 homo
996 4533 1024 4572 a
1047 4527 1286 4587 peccato,
1312 4527 1365 4572 et
1394 4528 1568 4573 tamen
1591 4517 1714 4573 inde
1745 4532 1864 4572 cum
1897 4518 2051 4587 palea

483 4608 715 4662 nascitur
737 4608 981 4661 alterum.

557 4695 641 4752 l6.
686 4695 824 4763 Quid
865 4704 948 4749 est
982 4704 1158 4765 autem
1187 4695 1328 4765 quod
1352 4695 1420 4751 de
1449 4696 1716 4752 crocodilo
1742 4697 1919 4767 dicere
1948 4713 2058 4763 yo-

396 4823 405 4832 ι
483 4785 666 4851 luisti,
708 4802 726 4836 ι
759 4785 929 4840 solum
955 4798 1074 4839 esse
1109 4785 1159 4838 in
1189 4786 1433 4855 omnibus
1458 4786 1774 4841 animalibus
1796 4828 1809 4851 ,
1843 4787 1929 4843 cui
1964 4805 2060 4842 su-

484 4877 739 4947 periores
773 4877 1107 4932 mandihulas
1159 4877 1358 4932 moveri
1407 4878 1633 4933 Albinus
1681 4878 1953 4941 affirmat;
2005 4887 2061 4933 et

484 4969 681 5038 ignem,
710 4968 927 5037 cuttrsit
954 4956 1199 5022 omnibus
1224 4968 1420 5033 exitio,
1445 4969 1795 5035 salamandrm
1824 4986 1942 5023 esse
1973 4969 2058 5023 lu-

483 5059 691 5115 dibrio?
726 5079 745 5112 ι
803 5057 1005 5129 Nonne,
1034 5058 1133 5114 ista
1178 5068 1360 5114 contra
1410 5074 1504 5114 vos
1553 5061 1726 5129 potius
1771 5060 2058 5130 protulisti,

474 5148 694 5219 quando
721 5148 986 5204 invenitur
1011 5147 1206 5219 aliquid
1238 5148 1375 5204 unde
1402 5158 1726 5204 monstretur
1749 5164 1869 5205 esse
1899 5151 2063 5219 possi-

423 5248 429 5259 '
486 5236 760 5313 bile‘quod
781 5238 1097 5307 generaliter
1117 5238 1449 5307 negabatur?
1469 5238 1599 5293 Cum
1626 5254 1753 5309 ergo
1781 5254 1876 5294 vos
1899 5255 2063 5308 gene-

484 5327 1023 5399 raliternegaveritis,
1046 5342 1203 5398 posse
1228 5328 1504 5399 gignentes
1528 5330 1581 5382 in
1598 5330 1797 5397 prolem
1819 5328 2060 5397 trajicere

484 5417 627 5484 quod
656 5434 760 5471 non
780 5417 981 5493 habent
1010 5417 1147 5487 ipsi;
1192 5417 1236 5472 si
1265 5418 1420 5473 fuerit
1444 5421 1712 5473 inventum
1752 5419 1892 5490 quod
1933 5435 2059 5489 pns-

486 5506 557 5562 sit
582 5505 682 5561 hoc
712 5507 905 5574 facere,
924 5508 1005 5589 ita
1028 5508 1377 5578 superamini,
1399 5510 1534 5564 sicut
1560 5510 1649 5565 ille
1674 5512 1760 5580 qui
1790 5512 1995 5566 dixerat
2013 5511 2057 5576 ',

550 5620 574 5688 ξ
587 5619 673 5688 me
689 5618 802 5688 editi
820 5618 1016 5688 addunt,
1035 5617 1187 5688 prius.
1200 5623 1386 5688 abesto
1410 5624 1740 5688 manuscriptb;
1764 5630 1808 5673 et
1832 5637 1855 5671 a
1881 5637 2055 5688 gnere.

551 5681 574 5712 ³
606 5679 797 5744 aliquot
820 5687 947 5740 Mss,
971 5679 1049 5730 hic
1070 5682 1283 5744 etjnfra,
1310 5684 1440 5735 diae:
1453 5682 1503 5733 it.

548 5743 621 5799 (α)
656 5739 781 5803 Αέυιι
810 5750 903 5788 tm.
941 5749 989 5790 et
1014 5742 1169 5802 F433.
1270 5739 1283 5763 ἠ

1227 329 1496 387 CONTRA
1535 322 1873 382 JULIANUM
1914 317 2377 380 PELXGIANUM,
2408 317 2467 371 Β.
2509 313 2868 371 Αυιιυετικι

3586 310 3704 367 832

2115 446 2220 485 non
2248 444 2403 499 posse
2422 428 2668 483 animalia
2690 428 2789 481 nisi
2807 425 3087 481 inferiores
3102 438 3315 479 movere
3335 421 3699 490 mandibulas,

2114 522 2327 579 invento
2356 522 2628 577 crocodilo
2655 523 2770 575 sine
2800 516 3144 588 ambiguitate
3171 527 3455 587 superatur
3482 533 3499 583 ;
3527 526 3584 571 ct
3613 517 3703 585 qui

2094 614 2550 670 'ditterat‘nullum
2579 610 2775 666 animal
2819 611 2870 663 in
2917 610 3037 679 igne
3063 610 3247 663 vivere
3270 651 3285 672 ,
3335 607 3705 661 demonstrato

2115 706 2256 776 quod
2303 705 2372 761 de
2421 701 2757 759 salamandra
2806 699 3149 770 perhibetur,
3202 699 3320 752 sine
3360 697 3709 766 ambiguitate

2116 797 2467 852 convincitur.
2515 796 2650 851 Cum
2682 794 2839 864 igitur
2866 791 3058 846 delinis
3103 808 3123 842 ι
3161 790 3418 844 naturalia
3442 804 3537 857 per
3561 790 3709 842 acci-

2115 888 2251 944 dens
2273 904 2377 944 non
2405 887 2680 952 converti;
2718 905 2737 939 ι
2770 885 2816 940 si
2843 885 2926 939 vel
2955 899 3092 938 unus
3129 883 3394 953 quiSpiam
3438 882 3596 937 fuerit
3623 883 3707 934 io-

2119 990 2310 1035 ventus
2330 1022 2345 1046 ,
2372 980 2463 1049 qui
2496 979 2713 1033 vitiatus
2733 977 2912 1047 aliquo
2935 991 3064 1031 casu
3083 990 3204 1030 cum
3232 973 3424 1029 eodem
3456 973 3586 1027 vitio
3613 990 3712 1043 ge-

2095 1072 2298 1126 'nuerit
2349 1071 2551 1137 lilium,
2607 1069 2913 1138 factumque
2964 1066 3035 1121 sit
3087 1065 3219 1135 proli
3276 1066 3519 1119 naturale
3570 1065 3712 1134 quod

2098 1162 2329 1232 parenti
2349 1161 2594 1216 accidens
2617 1160 2713 1214 fuit
2738 1175 2754 1225 ;
2784 1173 2976 1227 nempe
2997 1169 3083 1211 tua
3106 1156 3345 1210 detinitio
3367 1157 3466 1209 ista
3498 1154 3713 1209 frustra-

2123 1250 2285 1306 bitur.
2335 1251 2463 1305 Item
2495 1265 2613 1305 cum
2653 1249 2880 1314 delinis,
2932 1264 2952 1298 ι
2982 1254 3255 1316 parentem
3293 1245 3435 1315 quod
3466 1246 3583 1315 ipse
3608 1260 3717 1300 non

2129 1343 2330 1408 habet,
2380 1343 2443 1401 in
2479 1358 2627 1397 suam
2672 1342 2878 1411 prolem
2919 1353 3022 1394 non
3066 1353 3223 1408 posse
3267 1340 3653 1403 transmittere,
3690 1357 3713 1391 ι

2128 1450 2304 1490 nonne
2324 1416 2564 1489 definitio
2592 1433 2751 1487 etiam
2779 1431 2877 1486 ista
2898 1430 3223 1495 destruetur,
3253 1444 3375 1483 cum
3401 1430 3493 1482 tibi
3515 1430 3720 1483 fuerint

2127 1525 2478 1581 demonstrati
2500 1524 2607 1583 nati
2630 1522 2872 1577 homines
2902 1518 3261 1589 integerrimis
3283 1520 3536 1574 omnibus
3558 1534 3722 1574 mem-

2131 1618 2241 1673 bris
2268 1632 2335 1671 ex
2369 1616 2452 1670 his
2490 1613 2799 1685 parentibus
2824 1654 2841 1680 ,
2883 1614 2974 1683 qui
3016 1611 3275 1667 nonnulla
3313 1610 3553 1666 membra
3601 1626 3725 1679 per-

2130 1705 2406 1761 dideraut?
2431 1702 2789 1759 Audiebamus
2815 1717 2844 1756 a
2873 1702 3165 1771 majoribus
3190 1701 3418 1765 nostris,
3457 1701 3549 1771 qui
3578 1716 3639 1753 se
3670 1702 3722 1755 id

2131 1812 2290 1854 nosse
2326 1812 2389 1851 ac
2418 1797 2612 1851 vidisse
2656 1794 2942 1861 dicebant,
2985 1794 3316 1848 Fundanium
3344 1795 3360 1825 ⁸
3385 1793 3727 1863 Carthaginis

2134 1886 2425 1953 rhetorem,
2463 1901 2587 1942 cum
2619 1884 2732 1956 ipse
2777 1884 3036 1939 accidenti
3059 1885 3187 1938 vitio
3211 1884 3390 1938 luscus
3415 1894 3564 1938 esset
3588 1925 3601 1945 .
3638 1885 3725 1939 lu-

2131 1993 2282 2034 scum
2318 1979 2482 2032 tilium
2523 1989 2850 2049 procreasse.
2895 1974 3013 2043 Quo
3050 1975 3298 2043 exemplo
3338 1976 3601 2029 evertitur
3635 1975 3725 2029 iila

2136 2078 2223 2125 tua
2253 2069 2538 2133 sententia,
2567 2082 2669 2138 qua
2694 2066 2844 2131 dicis,
2883 2085 2902 2119 ι
2941 2065 3198 2119 naturalia
3222 2082 3318 2134 per
3339 2065 3587 2119 accidens
3617 2081 3724 2118 non

2133 2162 2393 2219 converti.
2428 2179 2449 2213 ι
2493 2159 2756 2214 Accidens
2793 2159 2990 2229 quippe
3020 2158 3114 2211 fuit
3150 2158 3203 2212 in
3239 2166 3424 2227 patre,
3468 2157 3609 2227 quod
3650 2158 3731 2210 fa-

2135 2264 2279 2311 ctum
2307 2263 2391 2310 est
2428 2257 2479 2308 in
2520 2253 2627 2308 ﬁlio
2654 2252 2914 2307 naturale.
2963 2251 3108 2304 Illam
3147 2266 3275 2305 vero
3302 2251 3522 2304 alteram
3554 2292 3571 2313 ,
3621 2266 3727 2319 qua

2138 2344 2314 2399 dicitis
2340 2384 2357 2409 ,
2412 2342 2435 2395 ι
2467 2352 2714 2413 parentes
2757 2342 2810 2395 in
2843 2341 2980 2394 filios
3007 2344 3067 2395 ea
3098 2356 3217 2409 qum
3256 2356 3361 2393 non
3393 2339 3590 2394 habent
3627 2341 3729 2407 ipsi

2146 2451 2250 2491 non
2279 2449 2435 2505 posse
2464 2433 2855 2500 transfundere,
2885 2449 2904 2484 ι
2935 2432 3071 2487 alius
3101 2429 3358 2491 Fundanii
3387 2429 3553 2493 filius,
3584 2431 3733 2498 quod

2144 2527 2375 2581 maxime
2411 2525 2663 2579 usitatum
2699 2532 2815 2587 est,
2860 2537 2982 2577 cum
3011 2522 3217 2576 duobus
3258 2521 3427 2576 oculis
3465 2522 3534 2575 de
3578 2520 3735 2576 lusco

2143 2626 2298 2672 natus
2320 2598 2556 2681 evertit,
2596 2623 2653 2671 et
2694 2613 3108 2669 innumerabiles
3149 2613 3238 2683 qui
3283 2621 3570 2666 nascuntur
3596 2626 3735 2666 ocu-

2142 2706 2235 2762 lati
2257 2706 2325 2762 de
2352 2706 2660 2776 parentibus
2684 2704 2863 2760 ctecis.
2884 2702 3315 2758 Transmittendo
3342 2702 3537 2773 quippe
3554 2702 3615 2766 in
3635 2716 3736 2757 eos

2144 2811 2281 2867 quos
2305 2797 2529 2867 gignunt
2553 2795 2693 2865 quod
2719 2796 2819 2865 ipsi
2849 2810 2955 2850 non
2986 2793 3217 2859 habent,
3248 2808 3344 2848 vos
3373 2795 3544 2864 potius
3570 2808 3736 2863 quam

2144 2901 2272 2941 suos
2310 2886 2449 2940 filios
2490 2886 2592 2940 sibi
2638 2874 2840 2940 similes
2883 2899 3006 2940 esse
3045 2884 3446 2951 demonstrant,
3493 2884 3585 2954 qui
3626 2895 3737 2938 tam

2150 2974 2329 3030 fuistis
2353 2975 2407 3029 in
2442 2974 2639 3030 vestris
2664 2974 3059 3030 definitionibus
3085 2974 3235 3029 caeci.

2217 3065 2442 3123 CAPUT
2474 3066 2565 3121 VII
2586 3095 2659 3106 —
2683 3066 2771 3121 i7.
2811 3065 2952 3121 Sane
2979 3080 3100 3120 cum
3130 3080 3193 3120 ea
3231 3080 3353 3135 quae
3378 3064 3445 3120 ad
3475 3080 3589 3119 rem
3622 3079 3734 3120 non

2146 3158 2418 3228 pertinent
2459 3158 2684 3212 multum
2726 3158 2992 3226 loqueris,
3021 3156 3201 3211 dixisti
3245 3156 3444 3226 aliquid
3475 3157 3619 3211 unde
3647 3173 3741 3212 me

2147 3248 2396 3320 quiddam
2425 3247 2566 3318 quod
2594 3246 2657 3302 ad
2688 3262 2801 3301 rem
2832 3247 3061 3317 pertinet
3088 3245 3427 3310 adtnoneres,
3457 3246 3545 3301 ubi
3571 3246 3696 3301 aisti
3717 3289 3736 3312 ,

2134 3356 2176 3391 ιι
2211 3337 2593 3394 ϐυτίοξίιιιιοιιι
2630 3336 2774 3408 quod
2816 3336 3315 3407 comprehenderit,
3346 3336 3521 3391 minus
3557 3338 3744 3393 solere

2149 3427 2366 3493 mirari;
2406 3437 2462 3482 et
2487 3426 2743 3482 adversus
2787 3441 2906 3481 eam
2946 3426 3200 3481 divinitus
3239 3426 3402 3481 fuisse
3429 3426 3738 3495 provisum,

2150 3528 2209 3574 ut
2247 3518 2412 3573 multa
2438 3517 2507 3572 de
2535 3525 2675 3572 terra
2718 3506 3011 3571 innumeris
3050 3516 3281 3571 discreta
3319 3517 3741 3586 proprietatibus

2149 3612 2514 3681 gignerentur.
2550 3627 2571 3661 ι
2605 3608 2674 3663 Ει
2702 3624 2885 3664 revera
2915 3608 3030 3663 luce
3062 3617 3146 3663 est
3176 3609 3374 3664 utilitas
3402 3610 3739 3665 occultorum

2152 3717 2371 3771 operum
2402 3701 2526 3765 Dei;
2574 3716 2644 3756 ne
2672 3711 2914 3771 prompta
2939 3702 3199 3755 vilescant
3217 3743 3232 3768 ,
3261 3718 3330 3757 ne
3354 3702 3741 3770 comprehensa

2151 3793 2284 3846 mira
2308 3806 2428 3846 esse
2447 3790 2723 3846 desistant.
2742 3791 2892 3847 Unde
2906 3802 2959 3847 et
2979 3792 3249 3861 Scriptura
3272 3793 3397 3847 dicit
3417 3811 3431 3846 :
3452 3792 3598 3847 Sicut
3617 3810 3737 3848 om

2152 3884 2205 3937 in
2230 3892 2396 3936 ventre
2431 3882 2758 3952 pra'gnantis,
2789 3884 2862 3936 ita
2899 3899 2999 3937 non
3029 3885 3258 3953 agnoscis
3288 3880 3440 3954 opera
3465 3880 3577 3936 Da“
3596 3892 3737 3954 qutt-

2153 3990 2366 4043 rumque
2391 3975 2537 4044 faciet
2563 3975 2791 4028 universa
2817 3973 3012 4046 (Eccle.
3042 3990 3096 4029 ιι
3120 4016 3137 4041 ,
3170 3975 3258 4046 5).
3291 3975 3453 4030 Recte
3478 3976 3659 4046 itaque
3685 3986 3746 4031 et

2157 4067 2271 4137 ipse
2298 4066 2504 4133 dixisti,
2527 4076 2715 4121 contra
2738 4067 3099 4123 curiositatem
3125 4083 3244 4138 qua!
3273 4067 3449 4123 minus
3476 4070 3615 4123 solet
3645 4070 3747 4122 mi-

2156 4162 2264 4213 rari
2310 4158 2453 4229 quod
2500 4156 2729 4228 potuerit
2766 4154 3253 4227 comprehendere,
3286 4157 3747 4227 incomprehensi-

2155 4248 2280 4303 bilia
2317 4262 2438 4303 esse
2475 4263 2636 4320 opera
2681 4247 2802 4302 Dei.
2849 4247 2956 4302 Cur
2989 4247 3388 4317 ergohnmana
3436 4247 3746 4318 Opinatione

2157 4338 2368 4405 conaris
2397 4350 2638 4393 evertere
2658 4380 2672 4403 ,
2704 4338 2844 4407 quod
2876 4338 3052 4391 minus
3082 4339 3223 4393 vales
3246 4337 3300 4392 in
3325 4337 3502 4391 divina
3535 4336 3746 4391 ratione

2161 4426 2654 4496 comprehendere?
2675 4427 2787 4497 Ego
2808 4427 3038 4497 quidem,
3059 4442 3160 4480 non
3180 4425 3268 4499 (ut
3291 4437 3347 4480 tu
3362 4426 3743 4494 ealtttnniaris)

2160 4517 2290 4581 dixi,
2326 4537 2344 4570 ι
2384 4519 2524 4572 nulla
2550 4519 2755 4573 ratione
2783 4519 3163 4588 comprehendi
3194 4532 3383 4587 posse;
3425 4536 3445 4568 ι
3479 4517 3572 4571 sed
3605 4517 3740 4576 dixi,

2164 4626 2185 4660 ι
2224 4608 2362 4663 facili
2390 4610 2596 4663 ratione
2624 4603 2730 4663 non
2760 4624 2937 4678 posse.
2985 4628 3006 4662 ι
3042 4608 3417 4663 Verumtamen
3463 4608 3590 4676 quid
3628 4609 3649 4639 ¹
3696 4609 3744 4661 si

2160 4712 2341 4758 contra
2365 4702 2547 4756 vitium
2577 4702 2896 4756 curiositatis
2927 4698 3192 4765 humanm,
3220 4700 3303 4754 cui
3332 4699 3526 4765 solent,
3554 4708 3604 4751 ut
3626 4686 3745 4771 ipse

2152 4782 2568 4856 ‘commcmoras,
2588 4791 2969 4859 comprehensa
2988 4791 3265 4853 vilescere,
3280 4793 3435 4844 etiam
3456 4789 3556 4842 hoc
3579 4790 3743 4857 Deus,

2156 4879 2607 4950 quemadmodum
2632 4883 2815 4945 multa,
2842 4882 2918 4935 sic
2943 4880 3208 4935 occultare
3231 4881 3415 4948 voluit,
3438 4882 3495 4934 ut
3517 4880 3569 4933 id
3598 4881 3748 4936 inve-

2161 4971 2355 5041 Stigare
2377 4980 2536 5040 atque
2561 4971 3013 5040 comprehendere
3040 4970 3269 5025 humana
3299 4971 3605 5040 conjectura
3633 4987 3742 5026 non

2161 5062 2363 5133 possit?
2402 5061 2591 5116 ideone
2642 5070 2825 5117 contra
2887 5061 3179 5121 Ecclesiam
3243 5073 3464 5120 matrem
3507 5073 3742 5119 vestram

2160 5140 2481 5206 ratittnculis
2519 5153 2710 5206 vestris
2753 5153 2904 5223 quasi
2961 5152 3362 5221 parricidalibus
3407 5153 3745 5223 pugiunculis

2162 5240 2370 5297 debetis
2407 5243 2639 5307 armari,
2682 5250 2739 5296 ut
2767 5244 2871 5296 vim
2915 5242 3245 5299 Sacramenti
3286 5243 3402 5313 ejus
3433 5247 3741 5313 occultam,

2162 5348 2266 5403 qua
2287 5332 2590 5402 purgandos
2612 5334 2842 5403 concipit
2862 5334 3131 5406 parvulos,
3154 5335 3394 5405 quamvis
3406 5334 3482 5392 de
3503 5338 3741 5407 purgatis

2163 5425 2469 5494 parentibus
2497 5435 2670 5490 natos,
2694 5435 2941 5496 tanquam
2968 5441 3089 5482 ossa
3111 5428 3162 5481 in
3187 5438 3370 5483 ventre
3394 5427 3735 5498 pra'gnantis,‘

2164 5530 2269 5570 non
2287 5506 2689 5579 contrectando,
2712 5516 2809 5571 sed
2831 5517 3080 5572 laniando
3107 5517 3394 5587 qumratis?
3419 5515 3528 5573 Nisi
3547 5528 3732 5573 autem

2226 5629 2421 5701 ¹ιιῖι1ῐιὶι
2460 5627 2789 5701 finitimum;
2821 5628 3220 5679 dissentientibus
3242 5630 3575 5692 manuszrijtis
3595 5626 3741 5678 Galli.

2162 5699 2293 5737 canis
2319 5700 2365 5735 t'.l
2396 5699 2643 5740 ιιιιιοτιιιιδ.

2228 5753 2245 5781 ⁸
2283 5753 2428 5811 lditi,
2464 5753 2605 5811 quod.
2636 5749 2795 5800 .‘teliuS‘
2827 5748 3006 5811 aliquot
3032 5759 3157 5810 ηδε»,
3184 5748 3317 5811 mil.
