3972 6178
233 304 376 386 ιλιι,¹

233 415 497 472 sermonis
526 415 852 486 longitudine
884 415 1082 470 nollem
1127 414 1344 486 fatigare
1371 415 1640 470 lectorem
1664 456 1678 478 ,
1710 415 1818 484 jam

238 515 290 562 te
315 506 456 560 mille
485 522 660 561 rerum
685 507 990 575 generibus.
1021 521 1242 574 quarum
1274 503 1823 568 incomprehensibilis

247 601 385 652 ratio
427 605 610 653 contra
641 597 862 652 usitatas
909 607 1109 652 natura:
1138 597 1252 650 vias
1294 596 1442 664 quasi
1491 608 1586 666 per
1611 593 1822 648 deserta

236 703 408 760 Opaca
434 689 594 758 repit,
622 687 936 750 obruerent;
967 687 1017 740 in
1046 687 1237 756 quibus
1267 685 1422 740 etiam
1446 684 1822 764 degenerantis

237 780 445 834 semina
469 819 488 846 ,
521 796 626 834 non
657 779 870 850 quidem
915 778 968 833 in
1012 763 1430 834 dissimillimum
1461 792 1629 848 genus
1669 775 1822 850 _(quia

237 886 338 926 nec
359 870 596 926 oleaster
621 872 696 925 sic
717 855 800 926 est
827 869 895 924 ab
921 871 1038 926 olea
1069 855 1330 924 discretus
1363 881 1416 920 ιιι
1446 869 1566 920 vitis
1588 869 1626 934 ),
1657 867 1748 922 sed
1771 869 1824 922 in

235 959 520 1030 quamdam
543 1003 556 1026 ,
589 959 634 1014 si
661 949 778 1014 diei
797 970 970 1030 potest
991 1001 1005 1024 ,
1043 959 1270 1012 similem
1301 957 1782 1012 dissimilitudinem
1807 1000 1824 1024 ,

238 1053 390 1110 sicuti
419 1052 511 1104 viti
540 1059 620 1106 est
663 1051 904 1106 labrusca
937 1049 1213 1104 dissimilis
1238 1091 1254 1116 ,
1286 1064 1404 1118 qua:
1435 1057 1610 1103 tamen
1639 1048 1707 1102 de
1736 1063 1826 1103 se-

239 1145 384 1200 mine
419 1144 542 1198 vilis
585 1144 818 1214 gignitur
839 1185 852 1208 ,
897 1143 1058 1196 multa
1091 1149 1466 1194 monstrarem.
1509 1141 1576 1194 ιίι
1601 1155 1696 1194 cur
1721 1155 1826 1196 non

245 1235 526 1290 credamus
550 1235 652 1290 hoc
675 1235 795 1290 ideo
809 1233 1040 1290 voluisse
1061 1231 1390 1296 Creatorem,
1409 1241 1466 1286 ut
1487 1231 1830 1300 crederemus

240 1326 401 1379 etiam
444 1340 627 1380 semen
675 1323 907 1378 hominis
957 1335 1113 1390 posse
1161 1320 1348 1374 vitium
1389 1320 1454 1374 de
1493 1319 1829 1390 gignentibus

237 1416 476 1481 trahere,
503 1413 646 1486 quod
678 1414 732 1468 in
759 1413 837 1467 eis
861 1427 890 1466 a
915 1412 1108 1482 quibus
1135 1411 1366 1482 gignitur
1405 1426 1510 1464 non
1543 1410 1612 1462 sit
1639 1427 1651 1462 :
1681 1418 1737 1462 ut
1763 1409 1826 1462 ad

243 1507 360 1576 ejus
379 1505 627 1576 gratiam,
650 1519 754 1574 qua
779 1504 1026 1558 homines
1049 1510 1309 1558 eruuntur
1333 1515 1362 1554 a
1396 1507 1656 1568 potestate
1679 1507 1828 1554 tene-

249 1598 466 1652 brarum
487 1595 613 1650 etin
641 1609 858 1664 regnum
880 1593 1018 1648 illius
1041 1590 1454 1656 transferuntur,
1479 1589 1638 1644 etiam
1655 1588 1830 1658 bapti-

243 1689 345 1744 zati
365 1704 483 1744 cum
509 1687 618 1741 suis
647 1669 1216 1755 parvulis-currerent;
1246 1682 1382 1736 sicut
1405 1690 1578 1736 tecum
1597 1680 1832 1734 cucurrit

253 1789 406 1848 pater
435 1776 512 1848 (a)
535 1763 750 1832 sanctus
773 1812 792 1842 ,
823 1773 1065 1829 nesciens
1095 1772 1264 1827 cidem
1293 1771 1476 1841 gratia:
1501 1785 1657 1840 quam
1685 1783 1833 1824 esses

253 1868 466 1924 futurus
495 1865 768 1938 ingratus?

319 1981 404 2037 18.
446 1979 548 2035 Sed
589 1986 794 2032 natura:
837 1983 1102 2032 scrutator
1149 1973 1444 2028 acerrimus
1484 1971 1678 2028 limites
1717 1970 1832 2040 ejus

243 2073 476 2140 invenis,
499 2081 552 2128 et
573 2071 786 2140 regulas
809 2068 948 2139 ﬁgis,
971 2068 1178 2132 dicens,
1211 2083 1230 2116 ι
1269 2065 1372 2119 Ρει·
1389 2079 1564 2119 rerum
1593 2071 1829 2118 naturam

245 2165 360 2222 ﬁeri
391 2180 494 2220 non
523 2177 684 2232 posse
703 2202 719 2228 ,
745 2169 806 2216 ut
829 2160 954 2214 illud
986 2159 1276 2229 probentur
1305 2155 1513 2212 tradere
1541 2163 1792 2224 parentes
1811 2195 1827 2222 ,

243 2271 352 2326 quo
377 2255 616 2309 caruisse
641 2251 952 2308 creduntur.
998 2248 1148 2318 Quod
1189 2248 1232 2302 si
1275 2247 1508 2310 tradunt,
1562 2264 1582 2297 ι
1625 2245 1822 2314 inquis,

253 2365 272 2398 ι
307 2361 414 2401 non
443 2345 737 2400 amiserunt
759 2381 774 2396 .
807 2361 834 2412 ¹ι
861 2341 980 2396 Ista:
1005 2351 1127 2396 sunt
1153 2339 1450 2408 Pelagiana:
1475 2337 1830 2398 deﬁnitiones,

243 2453 382 2509 quas
409 2439 546 2494 lecto
569 2436 638 2491 ad
676 2435 938 2506 religiosae
961 2432 1236 2488 memoriae
1265 2431 1624 2486 Marcellinum
1649 2472 1664 2496 ,
1691 2429 1832 2500 quod

245 2543 656 2592 commemoras,
685 2524 940 2596 opusculo
971 2532 1156 2580 nostro
1183 2521 1292 2596 (De
1315 2521 1644 2576 Pcccatorum
1673 2521 1832 2576 Meri-

245 2619 344 2686 tis,
373 2618 462 2674 tib.
494 2620 558 2684 5,
597 2634 750 2687 capp.
786 2618 820 2672 5
841 2657 856 2684 ,
885 2616 980 2672 8et
1015 2615 1116 2686 9),
1141 2615 1250 2685 jam
1295 2629 1548 2684 respuere
1585 2613 1833 2670 debuisti.

247 2709 400 2766 Prior
437 2711 580 2765 enim
630 2707 875 2779 Pelagius
925 2706 994 2762 de
1043 2705 1348 2778 parentibus
1389 2704 1633 2760 ﬁdelibus
1673 2703 1832 2769 dixit,

254 2819 274 2852 ι
316 2815 421 2854 non
449 2815 544 2854 eos
587 2799 820 2870 potuisse
869 2799 920 2852 in
969 2805 1214 2867 posteros
1263 2795 1624 2851 transmittere
1646 2833 1664 2862 ,
1694 2792 1836 2863 quod

247 2890 348 2958 ipsi
369 2889 586 2950 minime
621 2889 938 2944 habuerunt.
979 2907 998 2940 ι
1034 2887 1139 2944 Sed
1165 2902 1323 2958 quam
1339 2885 1638 2951 sitfalsum,
1659 2899 1838 2941 exem-

251 2980 354 3049 plis
377 2979 788 3034 evidentissimis
826 2979 1178 3048 perdocetur,
1212 2993 1436 3050 quorum
1469 2979 1642 3048 aliqua
1677 2991 1836 3046 supra

255 3071 366 3126 ‘dixi
393 3113 410 3138 ,
433 3071 572 3127 unde
591 3081 674 3127 est
703 3080 758 3126 et
795 3069 898 3126 hoc
937 3069 1078 3140 quod
1107 3071 1266 3126 etiam
1296 3083 1440 3124 nunc
1477 3068 1671 3124 dicam.
1701 3065 1838 3134 Quid

249 3162 394 3216 enim
425 3161 670 3232 prteputii
701 3161 898 3217 retinet
925 3161 1308 3226 circumcisus,
1335 3159 1402 3214 de
1423 3173 1530 3228 quo
1559 3158 1841 3229 prmputia-

249 3264 336 3308 tus
356 3261 530 3308 tamen
549 3253 798 3323 gignitur,
821 3252 1036 3330 etquod
1051 3253 1160 3322 jam
1171 3268 1276 3306 non
1303 3260 1386 3306 est
1405 3251 1458 3306 in
1477 3250 1712 3330 homine,
1734 3259 1842 3306 tra-

251 3344 394 3400 hitur
415 3344 468 3398 in
493 3339 725 3400 hominis
751 3329 990 3400 semine?
1013 3343 1124 3400 Nec
1140 3343 1210 3398 ob
1225 3343 1366 3397 aliud
1391 3329 1714 3398 credendum
1737 3349 1838 3410 est,

251 3437 484 3506 antiquis
511 3437 750 3505 patribus
785 3435 888 3491 hoc
909 3436 1164 3492 divinitus
1197 3435 1360 3490 fuisse
1389 3443 1738 3506 praeceptum,
1785 3442 1846 3490 ιιι

259 3533 450 3580 octavo
467 3525 556 3580 die
577 3527 1018 3582 circumciderent
1045 3527 1290 3596 parvulos
1313 3527 1380 3580 ad
1409 3526 1806 3596 signiﬁcandam
1823 3528 1840 3560 ¹

255 3614 722 3684 regenerationem
735 3631 855 3686 quae
881 3616 934 3670 ﬁt
961 3617 1011 3670 in
1025 3614 1260 3683 Christo,
1274 3617 1362 3684 qui
1381 3617 1654 3687 postdiem
1677 3617 1842 3688 septi-

253 3719 400 3760 mum
415 3705 638 3770 sabbati,
655 3719 762 3776 quo
771 3705 858 3761 die
863 3705 1026 3776 iacuit
1043 3708 1094 3760 in
1107 3707 1376 3776 sepulcro,
1395 3708 1524 3762 tradi
1533 3715 1616 3762 tus
1632 3717 1846 3778 propter

257 3795 452 3852 delicta
481 3807 680 3862 nostra,
708 3799 986 3868 sequenti,
1020 3797 1072 3852 id
1099 3808 1215 3864 est,
1243 3782 1432 3853 octavo
1461 3799 1513 3853 in
1545 3799 1834 3856 hebdoma-

256 3885 414 3942 dibus
443 3887 530 3942 die
565 3889 854 3944 resurrexit
880 3898 1096 3958 propter
1136 3888 1580 3962 iustiﬁcationem
1609 3899 1845 3944 nostram

261 3977 452 4046 (Rom.
482 3995 556 4046 tv,
585 3979 708 4052 25).
739 3979 890 4050 Quod
933 3989 1322 4038 sacramentum
1349 3981 1766 4038 circumcisionis
1793 3982 1846 4036 iu

259 4071 428 4141 ﬁgura
460 4072 798 4140 praecessisse
825 4070 1166 4140 Baptismatis
1186 4113 1202 4138 ,
1247 4071 1366 4141 quis
1393 4071 1476 4126 vel
1507 4071 1850 4126 mediocriter

261 4163 430 4216 sacris
453 4161 668 4218 Litteris
703 4162 944 4218 eruditus
985 4163 1232 4232 ignoret;
1260 4177 1380 4217 cum
1420 4161 1757 4231 apertissime
1781 4161 1849 4217 de

262 4251 480 4308 Christo
532 4253 672 4308 dicat
698 4253 1004 4322 Apostolus,
1044 4252 1144 4320 Qui
1193 4261 1266 4306 est
1301 4262 1453 4321 caput
1476 4253 1639 4306 omnis
1659 4252 1850 4321 princi-

263 4351 414 4412 patus
433 4352 477 4396 et
505 4343 784 4412 potestatis,
806 4343 858 4396 in
883 4359 985 4412 quo
1009 4343 1156 4396 etiam
1183 4342 1467 4396 circumcisi
1494 4342 1611 4396 estis
1630 4343 1850 4396 circum-

260 4432 452 4486 cisione
465 4449 566 4486 non
585 4449 738 4486 manu
765 4436 922 4503 facta,
951 4432 1004 4486 in
1033 4431 1397 4501 “spoliatione
1411 4432 1637 4501 corporis
1657 4433 1850 4502 carnis,

261 4523 318 4576 in
347 4523 726 4576 circumcisione
755 4523 940 4577 Christi
963 4537 983 4586 ,'
1021 4523 1298 4594 consepulti
1326 4524 1370 4577 ci
1397 4524 1452 4577 in
1489 4522 1772 4593 Baptismo,
1801 4525 1854 4578 in

259 4627 366 4682 quo
387 4621 435 4666 et
457 4612 848 4666 consurrexistis
877 4629 964 4682 per
992 4612 1146 4680 fidem
1176 4613 1484 4681 operationis
1503 4611 1620 4678 Dei,
1643 4615 1725 4682 qui
1745 4630 1856 4668 sus-

259 4703 434 4758 citauit
455 4703 600 4760 illum
618 4719 650 4756 α
677 4704 888 4758 mortuis
919 4721 938 4756 :
963 4713 1010 4756 et
1037 4719 1120 4758 eos
1145 4719 1258 4756 cum
1273 4707 1448 4760 essetis
1488 4705 1668 4758 mortui
1693 4705 1744 4758 in
1771 4705 1858 4758 de-

265 4794 400 4848 lictis
429 4805 474 4846 ct
506 4794 754 4864 prteputio
795 4793 964 4846 carnis
1011 4802 1189 4846 vestrm
1209 4833 1224 4860 ,
1274 4793 1538 4862 oiviﬁcarit
1583 4810 1694 4848 cum
1723 4793 1814 4848 illo
1838 4835 1853 4860 ,

265 4884 464 4936 donans
481 4885 623 4936 nobis
657 4883 826 4938 omnia
866 4885 1050 4936 delicta
1085 4883 1298 4954 (Coloss.
1329 4899 1396 4948 ιι,
1427 4883 1664 4954 10-15)?
1694 4884 1858 4951 llujus

267 4989 398 5044 ergo
425 4974 848 5030 circumeisionis
877 4991 982 5028 non
1025 4972 1342 5028 manuiactte
1365 5015 1381 5038 ,
1409 4990 1526 5042 quae
1553 4989 1694 5028 nunc
1721 4973 1776 5026 ﬁt
1805 4975 1856 5028 in

269 5065 526 5128 Christo,
580 5064 876 5118 similitudo
921 5063 1196 5132 prirmissa
1251 5071 1335 5116 est
1387 5063 1472 5116 illa
1525 5063 1859 5118 circumcisio

271 5171 438 5210 manu
465 5155 624 5220 facta,
652 5171 770 5224 qua:
791 5155 914 5209 data
939 5165 1022 5209 est
1047 5154 1296 5209 Abrahae.
1839 5217 1851 5224 ,ι

281 5307 284 5310 _
355 5247 440 5302 19.
485 5245 624 5319 [Non
651 5248 796 5302 cnim
825 5247 928 5302 dici
951 5255 1148 5316 potest,
1179 5247 1498 5315 Przrputium
1537 5261 1732 5318 corpus
1759 5256 1856 5314 est,

347 5399 365 5431 ί
402 5399 612 5450 vaticaui
637 5406 742 5461 tres
763 5407 888 5461 Mss_.,
925 5397 1021 5461 nisi
1055 5397 1122 5447 ad
1141 5396 1864 5461 signiﬁcandam._lt'loriacen°is_

275 5469 385 5520 sts.,
413 5473 560 5524 quant
597 5463 673 5524 ad,
697 5458 1086 5524 signiﬁcandam.
1143 5458 1318 5508 verum
1345 5459 1571 5520 particula
1609 5459 1736 5518 nisi,
1780 5459 1863 5524 vel

274 5521 453 5586 quam,
480 5521 578 5571 illic
599 5521 779 5586 addita
821 5521 1024 5586 Sensum
1041 5521 1306 5582 detorquet
1341 5523 1646 5586 superiorum
1689 5521 1864 5586 verbo-

271 5581 386 5631 rum
412 5595 425 5630 :
453 5591 546 5632 Nec
564 5581 620 5632 ob
645 5583 780 5631 aliud
812 5581 1110 5632 credendum
1147 5581 1254 5645 est;
1277 5581 1415 5645 quas
1443 5582 1714 5644 signiﬁcant
1752 5581 1866 5645 ideo

274 5651 573 5705 praeceptam
596 5645 1010 5693 circumcisionem
1029 5641 1220 5705 parvuli
1247 5641 1328 5705 de
1363 5641 1642 5692 circumciso
1677 5643 1861 5705 geniti,

275 5703 522 5767 'quia'ipse
544 5705 608 5754 de
630 5705 894 5767 circumcisi
917 5703 1106 5767 semine
1125 5704 1280 5767 trahit
1303 5706 1598 5766 [rteputium

344 5765 418 5823 (α)
434 5763 700 5815 etcum-rius
723 5763 894 5814 ιιι]ιωὶ
914 5771 1054 5828 pater
1071 5763 1175 5812 iuit.
1304 5763 1334 5778 ²

1590 302 1786 364 LIBER
1823 303 2112 362 SEXTUS.

3401 317 3506 374 εδδ

1933 412 2037 468 hoc
2063 421 2238 470 autem
2269 415 2408 486 quod
2456 417 2678 472 trahitur
2720 419 2768 472 in
2801 421 3000 490 origine
3021 464 3036 488 ,
3065 423 3248 480 vitium
3281 442 3296 480 :
3326 435 3381 482 et
3416 430 3507 484 illo

1932 503 2144 572 quidem
2181 503 2452 568 abscisso,
2496 509 2598 560 vim
2647 509 2761 577 ejus
2811 521 2984 566 tamen
3034 528 3363 586 nequaquam
3392 521 3505 574 tolli

1933 596 2166 664 potuisse
2195 597 2260 652 de
2290 600 2532 664 semine;
2567 601 2668 656 hoc
2713 618 2841 658 vero
2885 605 3066 658 vitium
3110 608 3248 676 quod
3295 625 3396 664 non
3425 621 3508 666 est

1932 702 2146 758 corpus,
2175 691 2268 744 sed
2293 692 2538 748 accidens
2557 735 2572 758 ,
2599 709 2716 748 cum
2749 696 3073 768 indulgentia
3106 702 3174 756 sit
3199 705 3503 772 remissum,

1935 779 1986 842 in
2011 782 2212 836 semine
2233 799 2338 838 non
2364 786 2594 852 potuisse
2621 789 2889 856 residere:
2915 789 3034 854 hoc,
3060 797 3300 860 inquam,
3325 811 3354 848 a
3375 813 3507 866 quo-

1933 872 2013 924 vis
2040 873 2380 928 callidissimo
2411 875 2512 930 dici
2545 893 2647 930 non
2693 887 2904 948 potest,
2933 896 3052 934 cum
3091 886 3402 940 auctoritate
3427 887 3508 942 di-

1933 962 2054 1016 vina
2085 973 2394 1032 superetur,
2425 981 2524 1034 qua
2571 968 2680 1035 ipsa
2711 983 2832 1036 pars
2858 971 3096 1038 corporis
3125 973 3193 1027 ob
3233 973 3334 1028 hoc
3357 977 3504 1044 jnssa

1933 1061 2016 1104 est
2045 1056 2344 1122 amputari,
2373 1066 2428 1108 ut
2473 1055 2572 1110 hoc
2602 1058 2782 1110 vitium
2819 1073 3165 1130 .purgaretur.
3210 1063 3359 1132 Quod
3405 1068 3506 1120 nisi

1935 1151 2076 1194 esset
2115 1142 2165 1194 in
2195 1144 2397 1198 semine
2421 1185 2436 1208 ,
2468 1145 2534 1198 ad
2577 1147 2822 1214 parvulos
2845 1191 2859 1212 ,
2891 1150 3079 1216 quibus
3106 1153 3506 1211 circumcisione

1935 1228 2022 1283 illa
2053 1229 2290 1298 corporis
2315 1231 2660 1286 auferendum
2692 1243 2774 1288 est
2794 1223 2822 1296 ,l
2842 1237 3140 1293 nullatenus
3169 1244 3465 1308 perveniret
3493 1263 3506 1296 :

1935 1337 2107 1388 neque
2129 1321 2176 1374 si
2207 1323 2424 1393 minime
2453 1327 2798 1392 pervenisset,
2835 1327 3092 1398 indigeret
3121 1333 3380 1387 ullatenus
3411 1335 3509 1388 hac.

1935 1413 2174 1483 corporis
2218 1414 2620 1469 circumcisione
2665 1419 2948 1474 semoveri.
2995 1420 3125 1474 Cum
3171 1432 3346 1477 autem
3390 1441 3511 1492 par-

1936 1504 2090 1556 vulus
2123 1506 2393 1572 proprium
2444 1506 2644 1560 nullum
2695 1507 2884 1561 haheat
2935 1510 3151 1564 omnino
3195 1522 3467 1580 peccatum
3496 1557 3511 1578 ,

1935 1603 2100 1646 restat
2131 1605 2184 1647 ut
2211 1597 2409 1649 nullum
2441 1597 2614 1651 eidem
2646 1598 3083 1670 alimlauferatur
3111 1603 3210 1656 nisi
3257 1605 3514 1670 originale

1937 1681 2028 1735 illo
2049 1683 2287 1738 remedio
2309 1686 2424 1740 sine
2445 1701 2549 1756 quo
2573 1687 2710 1756 perit
2736 1689 2908 1742 anima
2938 1690 3052 1758 ejus
3079 1691 3143 1744 de
3169 1694 3359 1761 populo
3377 1710 3509 1758 suo;

1936 1771 2076 1840 quod
2103 1773 2200 1826 sub
2233 1773 2378 1842 justo
2412 1775 2518 1828 Deo
2549 1790 2652 1828 non
2699 1767 2882 1842 ﬁeret,
2918 1781 3014 1832 nisi
3061 1791 3202 1835 esset
3226 1784 3378 1853 culpa
3410 1802 3512 1854 qua

1855 1935 1860 1938 _
1937 1863 2106 1937 ﬁeret.
2137 1865 2265 1930 Quae
2295 1867 2543 1936 quoniam
2579 1869 2788 1946 propria
2823 1871 2962 1924 nulla
2994 1881 3092 1937 est,
3128 1883 3294 1927 restat
3319 1886 3374 1928 ut
3401 1879 3510 1930 sola

1936 1955 2154 2024 originis
2182 1957 2378 2010 vitiatze
2409 1959 2477 2012 sit
2507 1959 2659 2028 culpa
2693 1951 2772 2030 ¹].’

2007 2045 2096 2101 20.
2133 2047 2272 2102 Ecce
2313 2049 2656 2104 circumcisus
2705 2049 2862 2104 tradit
2905 2055 3142 2106 nascenti
3181 2055 3244 2109 de
3283 2070 3377 2120 se,
3411 2033 3520 2126 quo

1935 2139 2106 2192 caruit
2133 2139 2183 2194 in
2213 2139 2272 2194 se
2296 2137 2391 2210 (a).
2414 2139 2549 2216 Quid
2579 2151 2807 2211 estergo
2833 2143 2970 2211 quod
3004 2143 3154 2209 dicis,
3184 2145 3314 2200 «Per
3336 2163 3512 2200 rerum

1937 2243 2178 2288 naturam
2209 2233 2320 2288 ﬁeri
2353 2249 2456 2288 non
2502 2249 2680 2304 passo,
2709 2245 2766 2288 ut
2799 2234 2924 2288 illud
2955 2235 3198 2292 homines
3227 2239 3514 2307 probentur

1938 2323 2186 2389 tradere,
2211 2337 2317 2394 quo
2353 2325 2590 2379 caruisse
2629 2325 2958 2380 creduntur?
2993 2345 3010 2377 ι
3045 2319 3244 2380 Bonum
3273 2339 3348 2383 est
3379 2347 3514 2398 prmo

1937 2413 2141 2482 putium
2168 2454 2183 2480 ,
2215 2428 2318 2468 non
2345 2423 2427 2468 est
2457 2415 2652 2467 malum
2681 2457 2693 2478 ,
2722 2417 2843 2485 quia
2873 2415 3014 2470 Deus
3040 2417 3161 2470 illttd
3175 2417 3316 2472 ‘fecit
3336 2460 3350 2484 ,
3382 2419 3518 2472 sicut

1938 2493 2005 2556 de
2025 2501 2256 2556 oleastro
2271 2501 2640 2572 copiosissime
2666 2503 2964 2575 disputasti.
2993 2506 3362 2576 Respondetur
3385 2509 3474 2562 tibi
3501 2526 3514 2562 :

1939 2591 2116 2646 Bonus
2143 2601 2221 2646 est
2252 2591 2481 2648 oleaster
2501 2585 2560 2646 iu
2593 2609 2771 2648 rerum
2797 2605 3002 2658 natura,
3031 2597 3122 2650 sed
3151 2597 3202 2650 in
3235 2599 3516 2670 mysterio-

1940 2695 2056 2734 rum
2098 2681 2362 2750 scriptura
2411 2681 2606 2734 malum
2659 2683 2957 2751 signiﬁcat;
3007 2686 3142 2738 sicut
3187 2687 3332 2754 lopi,
3382 2688 3520 2740 sicut

1941 2769 2124 2838 vulpes
2144 2810 2159 2834 ,
2189 2770 2324 2824 sicut
2349 2785 2444 2826 sus
2471 2770 2574 2824 lota
2603 2771 2654 2824 in
2687 2771 2974 2826 volutabris
3000 2775 3137 2828 εαξη]
3163 2816 3178 2840 ,
3206 2776 3344 2834 sicut
3369 2778 3522 2831 canis

1940 2874 2231 2914 conversus
2257 2859 2323 2914 ad
2354 2875 2508 2914 suum
2539 2861 2792 2914 vomitum
2826 2877 2840 2914 :
2875 2861 2926 2915 in
2953 2878 3129 2917 rerum
3162 2873 3346 2918 natura
3381 2867 3516 2920 bona

1941 2939 2063 3004 sunt
2087 2949 2294 3016 omnia,
2309 2937 2444 3006 sicut
2467 2967 2630 3016 oves;
2658 2953 2832 3006 omnia
2855 2954 3050 3024 quippe
3077 2955 3215 3009 Deus
3239 2956 3358 3010 fecit
3381 2945 3514 3012 bona

1943 3040 2096 3096 valde
2127 3039 2286 3112 (Gen.
2315 3057 2355 3110 ι,
2387 3043 2448 3098 5]
2475 3041 2493 3116 )
2520 3061 2532 3096 :
2561 3043 2656 3098 sed
2700 3045 2750 3098 in
2791 3046 2989 3100 sanctis
3017 3045 3191 3101 Libris
3219 3048 3324 3116 lupi
3353 3052 3521 3104 mutos

1943 3133 2270 3204 signiﬁcant,
2294 3149 2423 3190 oves
2445 3145 2620 3190 autem
2645 3135 2834 3190 bonos.
2862 3136 2969 3191 Nec
2994 3135 3284 3194 secundum
3311 3141 3360 3194 id
3382 3144 3520 3210 ψιυά

1944 3233 2090 3296 sunt,
2119 3225 2212 3280 sed
2236 3225 2530 3280 Secundum
2559 3226 2609 3280 id
2636 3228 2774 3297 quod
2803 3227 3121 3297 signiﬁcant,
3152 3229 3218 3284 de
3247 3231 3350 3284 illis
3377 3234 3522 3286 simi-

1945 3314 2196 3370 litudines
2237 3316 2464 3384 damus,
2496 3316 2705 3387 quando
2748 3317 2813 3372 de
2861 3319 3118 3372 bonorum
3162 3321 3525 3391 malorumque

1947 3407 2244 3464 diﬁ‘erentia
2289 3409 2638 3480 disputamus.
2689 3409 2778 3464 Sic
2819 3419 2873 3464 et
2919 3413 3233 3481 prmputium
3275 3414 3521 3482 quoniam

1947 3500 2202 3568 particula
2232 3509 2312 3554 est
2341 3501 2558 3555 humani
2588 3501 2826 3570 corporis
2850 3543 2863 3564 ,
2897 3491 3038 3573 quod
3073 3513 3237 3558 totum
3268 3513 3350 3558 est
3385 3506 3519 3560 bona

1949 3589 2292 3657 susbstantta,
2318 3592 2500 3661 utique
2529 3592 2723 3646 bonum
2753 3604 2834 3648 est
2873 3609 2969 3662 per
2993 3603 3267 3660 naturam;
3296 3597 3388 3652 sed
3416 3614 3530 3652 ma-

1949 3678 2056 3733 lum
2085 3679 2346 3750 signiﬁcat
2369 3697 2463 3751 per
2487 3681 2732 3752 ﬁguram,
2755 3697 2874 3736 cum
2901 3684 2986 3738 die
3007 3695 3193 3738 octavo
3219 3688 3526 3743 circumcidi

1951 3770 2256 3838 prteeipitur
2287 3771 2552 3840 parvulus,
2580 3781 2793 3843 propter
2824 3770 3108 3834 Christum.
3143 3775 3194 3827 in
3226 3790 3350 3844 quo,
3385 3759 3546 3832 sient,

1949 3860 2237 3930 Apostolus
2263 3860 2427 3928 dicit,
2455 3863 2754 3920 circumcisi
2780 3879 2962 3920 sumus
2991 3865 3394 3924 circumcisione
3424 3885 3525 3920 non

1951 3969 2110 4008 manu
2129 3954 2286 4023 facta,
2305 3972 2462 4027 quam
2490 3959 2604 4012 sine
2633 3955 2794 4012 dubio
2820 3961 3176 4030 pra'ﬁguravit
3197 3965 3529 4020 circunu-isio

1953 4063 2112 4102 manu
2141 4047 2298 4103 facta.
2329 4049 2652 4122 Prtrputium
2683 4051 2858 4122 itaque
2889 4050 2992 4112 non
3015 4063 3095 4108 est
3117 4067 3408 4124 peccatum,
3435 4059 3528 4114 sed

1953 4129 2226 4220 signiﬁcat
2255 4149 2528 4207 peccatum
2553 4181 2567 4204 ,
2612 4149 2667 4194 et
2695 4142 2924 4197 maxime
2964 4143 3254 4212 originale;
3287 4148 3404 4216 quia
3436 4163 3531 4217 per

1955 4227 2126 4297 ipsum
2173 4228 2472 4282 membrum
2521 4239 2602 4284 est
2649 4231 2800 4300 origo
2844 4235 3208 4300 nascentium,
3253 4251 3348 4306 per
3389 4235 3528 4308 quod

1953 4327 2227 4390 peccatum
2255 4318 2380 4374 dicti
2406 4334 2588 4374 sumus
2617 4331 2802 4374 natura
2833 4323 2922 4377 lilii
2972 4323 3062 4378 ira:
3093 4344 3103 4377 :
3137 4340 3254 4378 nam
3288 4329 3527 4396 etipsutn

1957 4409 2254 4463 membrum
2277 4419 2460 4464 natura
2483 4411 2695 4480 proprie
2717 4411 2931 4466 dicitur.
2955 4413 3182 4472 Proinde
3199 4419 3531 4473 circumcisi.»
3577 4423 3584 4428 '

1957 4499 2131 4554 carnis
2149 4489 2264 4554 non
2296 4499 2466 4554 solum
2508 4501 2646 4552 illam
2678 4502 2824 4570 quasi
2867 4505 3167 4574 generalem
3213 4511 3530 4563 sententiam

1959 4599 2186 4646 vestram
2210 4583 2324 4645 sine
2349 4589 2692 4660 ambiguitate
2716 4591 2994 4660 subvertit,
3019 4610 3122 4666 qua
3149 4595 3343 4660 dicitis,
3376 4617 3396 4650 ο
3431 4599 3534 4653 Per

1959 4677 2136 4738 rerum
2167 4669 2416 4738 naturam.
2453 4685 2564 4740 ﬁeri
2593 4687 2696 4740 non
2738 4703 2926 4760 posse,
2969 4699 3024 4742 ut
3053 4685 3155 4758 quo
3197 4691 3306 4760 ipse
3333 4667 3534 4752 caruit,

1963 4775 2134 4828 tradat
2163 4775 2292 4842 proli
2325 4791 2515 4844 parens
2544 4792 2556 4827 :
2597 4793 2616 4827 ι
2651 4791 2832 4830 verum
2863 4779 3020 4830 etiam
3069 4777 3187 4845 quia
3221 4779 3532 4846 prteputium

1963 4877 2236 4936 peccatum
2268 4867 2563 4936 signiﬁcat,
2595 4876 2649 4920 et
2695 4867 2956 4921 invenitur
2985 4867 3034 4919 in
3076 4877 3325 4922 nascente
3350 4907 3365 4932 ,
3395 4868 3533 4938 quod

1959 4960 2068 5028 jam
2093 4975 2196 5013 non
2219 4969 2332 5014 erat
2357 4959 2408 5011 in
2433 4967 2650 5028 parente
2676 4975 2688 5020 ;
2723 4957 2962 5028 profecto
2982 4956 3240 5026 originale
3263 4967 3534 5024 peceatum

1965 5049 2106 5118 quod
2123 5048 2230 5118 jam
2258 5049 2540 5103 remissum
2561 5057 2644 5101 est
2670 5047 2974 5116 parentibus
2997 5045 3291 5112 baptizatis.
3321 5059 3538 5100 manere

1965 5139 2294 5194 demonstrat
2325 5139 2376 5192 in
2407 5137 2658 5207 parvulis,
2703 5135 2802 5190 nisi
2849 5145 2903 5189 et
2948 5134 3046 5204 ipsi
3091 5133 3454 5203 baptizentur.
3487 5137 3538 5190 id

1967 5240 2070 5296 est,
2097 5229 2352 5298 spirituali
2380 5227 2782 5284 circumcisione
2810 5215 3166 5281 nttmdentur:
3195 5241 3394 5295 vosque
3416 5241 3544 5280 con-

1969 5321 2133 5375 vincit
2151 5333 2272 5374 esse
2294 5321 2626 5374 verissimum
2653 5317 2790 5386 quod
2815 5317 3044 5384 negatis;
3069 5315 3189 5386 quia
3216 5325 3266 5370 et
3293 5317 3404 5384 ipse
3427 5331 3543 5384 par-

1969 5409 2143 5473 vulus,
2165 5408 2232 5464 de
2251 5424 2357 5478 quo
2385 5409 2580 5462 dictum
2605 5415 2708 5472 est,
2735 5405 2924 5459 Peribit
2949 5408 3117 5459 animo
3144 5409 3252 5478 ejus
3275 5408 3334 5460 de
3356 5407 3544 5476 papqu

2034 5520 2050 5552 ι
2087 5519 2294 5568 vatimni
2330 5525 2433 5566 tres
2469 5515 2777 5578 manuscripti
2803 5525 2854 5566 et
2913 5515 3072 5566 Gallici
3105 5517 3228 5577 duo,
3271 5519 3318 5566 in
3367 5517 3544 5578 quibus

1975 5588 2052 5629 est.
2074 5581 2434 5641 antiquissimus
2457 5576 2766 5626 t‘ltiriacenSis
2809 5585 2960 5626 totum
3005 5578 3132 5628 hunc
3172 5576 3223 5631 ιι,
3269 5579 3322 5629 19
3360 5576 3546 5626 uncinis

1971 5641 2204 5692 inclusum
2229 5646 2542 5702 prmtereunt.

2035 5705 2108 5762 (α)
2141 5694 2286 5764 ttor'el
2324 5699 2589 5764 legendum
2621 5707 2812 5760 censet,
2837 5713 2930 5764 quo
2967 5701 3119 5752 caruit
3141 5701 3256 5764 ipse.
3303 5699 3414 5750 \ide
3437 5694 3546 5744 Ele-

1974 5770 2124 5812 ment.
2143 5763 2296 5812 Critie.
2311 5795 2328 5822 ,
2349 5775 2458 5825 pag.
2487 5763 2584 5811 157.
2603 5769 2660 5811 tt.
