4014 6186
421 267 570 327 835'

419 397 545 447 suo,
571 381 614 436 si
641 392 827 437 octavo
850 379 935 436 die
963 393 1068 434 non
1105 377 1260 434 fuerit
1296 379 1638 435 circumcisus
1665 378 1827 451 (Gen.
1858 391 1992 434 xvu.

421 473 510 538 14,
539 463 662 545 f2).
692 472 930 526 invenire
953 469 1052 524 sub
1071 469 1216 540 justo
1237 467 1418 540 judice
1444 483 1540 525 cur
1563 479 1746 542 pereat
1772 480 1878 524 non
1906 483 2001 540 po-

419 565 591 632 testis,
624 570 877 634 negantes
903 561 1163 633 originale
1185 571 1486 634 peceatum.

483 653 576 710 ει.
603 653 986 724 Beiiuquamus
1005 653 1170 708 silvas
1196 652 1572 720 oleastrorum,
1601 659 1658 708 et
1679 661 1890 707 montes
1913 650 1999 706 vel

415 745 696 804 Africanos
747 744 834 800 vel
891 743 1052 800 Italos
1105 745 1402 812 olivarum;
1447 751 1560 798 'nee
1611 742 1999 812 interrogemus

411 837 694 910 agricolas,
741 835 980 909 quicum
1013 837 1103 892 tibi
1149 835 1294 892 aliud
1319 877 1336 902 ,
1380 832 1510 890 milii
1551 833 1696 888 aliud
1739 833 1875 888 forte
1905 831 1998 888 rc-

411 927 724 998 spoudcriut
747 969 764 997 ,
804 937 1024 983 neutros
1060 939 1344 998 possumus
1381 924 1540 981 celeri
1579 924 1942 994 exploratione
1978 924 1996 955 '

409 1019 733 1075 convincere
753 1060 769 1086 ,
797 1021 840 1075 si
869 1019 936 1075 ad
965 1020 1064 1074 hoc
1091 1017 1472 1100 experiendum
1501 1017 1794 1072 seminetur
1815 1014 1992 1080 arbor,

415 1111 553 1166 seris
585 1111 782 1168 factura
813 1111 1097 1180 nepotibus
1143 1111 1382 1165 umbram
1415 1109 1435 1182 (
1463 1107 1641 1178 Virgil.
1685 1105 1870 1178 Georg.
1903 1106 1994 1160 lib.

412 1201 471 1268 2,
503 1217 633 1257 vers.
665 1202 736 1258 58
756 1203 798 1274 ).
833 1202 1102 1258 Habemus
1127 1202 1338 1268 oleam;
1370 1216 1474 1255 non
1521 1199 1820 1255 Africanam
1841 1241 1856 1266 ,
1889 1213 1994 1253 non

411 1295 618 1363 Italam,
644 1296 736 1351 sed
765 1296 1077 1362 llebrteam;
1107 1295 1192 1350 cui
1244 1310 1341 1348 uos
1387 1293 1476 1363 qui
1522 1293 1714 1346 fuimus
1741 1291 1991 1356 oleaster,

411 1386 600 1442 insitos
631 1403 748 1442 esse
773 1387 1084 1457 gaudemus.
1115 1385 1190 1440 Illi
1218 1386 1352 1440 olea:
1375 1384 1498 1438 data
1525 1391 1608 1438 est
1631 1383 1988 1445 circumcisio,

409 1493 529 1548 qua:
547 1478 698 1533 nobis
720 1479 879 1532 solvit
899 1478 1052 1532 istam
1076 1477 1190 1532 sine
1211 1475 1598 1546 disceptatione
1616 1476 1989 1544 quaestionem.

409 1569 589 1623 Trahit
616 1569 928 1639 prmputium
949 1567 1144 1638 proles,
1167 1565 1306 1638 quod
1323 1565 1432 1636 jam
1454 1579 1557 1619 non
1577 1565 1736 1620 habet
1761 1578 1988 1632 parcns;

407 1660 596 1726 caruit,
613 1667 665 1712 et
683 1667 859 1714 tamen
884 1657 1128 1722 tradidit;
1158 1657 1356 1722 amisit,
1379 1663 1434 1710 et
1456 1665 1630 1737 tamen
1656 1653 1984 1708 transmisit:

401 1758 461 1812 ,ιιι
483 1749 584 1803 hoc
610 1747 922 1818 pra-putium
950 1757 1226 1816 peccatum
1251 1743 1535 1816 significat.
1565 1742 1709 1814 Ergo
1735 1739 1790 1796 et
1816 1739 1986 1810 ipsum

407 1849 584 1910 potest
609 1841 660 1894 in
691 1839 998 1910 parentibus
1020 1837 1242 1894 interire
1266 1879 1282 1904 ,
1311 1844 1368 1893 et
1397 1846 1574 1892 tamen
1603 1836 1670 1890 ad
1701 1835 1839 1890 ﬁlios
1864 1849 1989 1906 per-

407 1933 655 1988 transire.
678 1935 972 1988 Attestetur
993 1931 1152 1987 etiam
1171 1929 1286 2001 ipse
1303 1928 1498 1996 infans,
1522 1937 1577 1984 et
1602 1937 1783 1984 tacens
1803 1926 1945 1982 dicat
1971 1943 1985 1980 :

407 2025 648 2080 Peritura
679 2032 760 2078 est
784 2022 958 2078 anima
990 2037 1108 2078 mea
1137 2021 1205 2077 de
1235 2019 1428 2091 papulo
1457 2033 1598 2086 meo,
1631 2017 1675 2074 si
1703 2031 1808 2072 non
1837 2017 1989 2071 fuero

406 2117 754 2172 circumcisus
781 2126 971 2170 octavo
997 2115 1084 2170 die
1113 2133 1126 2169 :
1156 2114 1244 2186 qui
1273 2128 1402 2184 ergo
1425 2121 1478 2168 et
1504 2111 1762 2182 originale
1787 2111 1988 2166 malum

405 2207 727 2272 diffitetuiui,
760 2217 816 2263 et
847 2207 1049 2277 justum
1077 2205 1245 2260 Deum
1275 2203 1537 2269 fatemini,
1569 2202 1697 2274 quid
1729 2203 1988 2273 peccave-

410 2299 509 2365 rint
537 2299 716 2353 dicite.
755 2299 889 2353 liuic
919 2297 1104 2352 infanti
1143 2295 1299 2351 tacite
1335 2295 1582 2350 clamanti
1621 2293 1872 2364 quoniam
1911 2291 1989 2346 lo-

405 2390 644 2460 quacitas
689 2400 864 2444 vestra
907 2390 928 2421 ⁸
969 2391 1108 2442 nulla
1159 2386 1458 2442 rationabili
1504 2401 1636 2440 voce
1679 2385 1983 2454 respondet,

403 2496 566 2537 voces
618 2480 796 2552 potius
843 2487 1048 2534 vestras
1095 2476 1400 2546 aposwiicis
1451 2476 1724 2530 nobiscuut
1768 2473 1986 2528 vocibus

401 2572 624 2643 iungite.
649 2571 777 2639 Quae
803 2571 908 2624 sint
934 2570 1075 2624 enim
1103 2584 1172 2624 ex
1191 2567 1536 2638 parentibus,
1565 2567 1646 2622 vel
1673 2575 1848 2621 utrum
1878 2565 1986 2620 sint

401 2665 560 2718 etiam
601 2663 702 2718 alia
740 2659 980 2731 contagia
1031 2670 1367 2729 peccatorum
1393 2700 1408 2726 ,
1440 2659 1662 2714 liberum
1710 2657 1864 2714 nobis
1903 2665 1987 2713 est

403 2767 678 2822 quaerere;
702 2753 812 2807 sive
838 2751 905 2806 sit
932 2748 1107 2816 facile,
1131 2750 1243 2804 sive
1263 2748 1500 2815 difficile,
1521 2749 1632 2804 sive
1658 2748 1984 2819 impossibile

399 2847 636 2915 reperire
669 2863 682 2899 :
715 2859 812 2913 per
837 2858 997 2897 unum
1036 2851 1208 2897 tamen
1249 2841 1518 2896 hominem
1564 2841 1618 2894 in
1654 2838 1798 2895 hunc
1825 2855 1984 2894 mun-

399 2937 524 2994 dum
555 2935 779 2990 intrasse
807 2944 1078 3004 peccatum
1103 2973 1118 3001 ,
1151 2941 1206 2988 et
1231 2947 1324 3002 per
1346 2941 1622 3004 peccatum
1651 2941 1904 3000 mortem,
1927 2939 1984 2986 et

315 3049 324 3054 ·
400 3027 470 3082 ita
520 3027 570 3080 in
611 3041 798 3080 ouines
843 3023 1086 3080 homines
1129 3026 1517 3093 pertransisse,
1550 3022 1602 3076 in
1647 3038 1752 3093 quo
1795 3037 1982 3080 omnes

399 3124 750 3186 peccaverunt
779 3114 806 3186 (
825 3113 976 3168 Rom.
1011 3129 1064 3176 v,
1097 3113 1229 3184 12);
1260 3113 1416 3168 aliter
1445 3113 1595 3168 nobis
1619 3111 1700 3168 fus
1728 3128 1848 3169 esse
1873 3129 1978 3168 non

398 3206 771 3262 existimemus
809 3203 1086 3272 accipere,
1116 3204 1217 3258 nisi
1265 3212 1322 3258 ut
1362 3219 1550 3258 omnes
1593 3214 1832 3260 mortuos
1861 3220 1981 3261 esse

399 3296 680 3352 credamus
705 3295 754 3349 in
783 3293 940 3366 primi
972 3293 1205 3350 hominis
1235 3303 1472 3365 peccato,
1502 3309 1598 3365 pro
1623 3295 1814 3368 quibus
1837 3298 1982 3351 inor-

398 3399 520 3444 tuus
543 3399 626 3445 est
653 3387 914 3449 Christus,
945 3394 998 3440 et
1026 3401 1214 3442 omnes
1247 3385 1382 3440 mori
1412 3393 1630 3456 peccato
1661 3386 1980 3458 quicumque

397 3481 735 3552 baptizautur
765 3477 814 3532 iu
843 3475 1076 3532 Christo.

469 3567 694 3628 CAPUT
711 3567 816 3624 Vlll
841 3565 938 3640 (a).
957 3598 1026 3608 —
1039 3565 1129 3622 22.
1147 3565 1252 3623 Sed
1271 3565 1322 3622 in
1339 3565 1458 3623 aliis
1488 3567 1665 3625 verbis
1688 3569 1845 3636 meis,
1859 3585 1980 3640 qua:

396 3661 543 3717 velut
567 3659 851 3717 refellenda
873 3658 1167 3730 interponis
1191 3657 1535 3729 disputationi
1557 3660 1980 3728 tuze,dicis,¢me

395 3751 607 3824 vulgum
624 3750 716 3805 tibi
741 3750 976 3806 excitare
986 3757 1232 3804 conatum
1256 3763 1272 3814 ;
1299 3767 1319 3802 ι
1341 3749 1590 3820 quoniam
1615 3749 1722 3806 dixi
1740 3749 1845 3824 (De
1863 3749 1979 3806 Nu-

396 3844 516 3916 ptiis
540 3855 588 3899 et
612 3841 1046 3914 Concupisccntia,
1073 3840 1162 3896 lib.
1192 3841 1246 3906 l,
1273 3857 1326 3894 ιι.
1353 3837 1466 3912 22),
1499 3859 1518 3892 ι
1550 3839 1709 3898 fidem
1740 3859 1845 3907 non
1874 3843 1978 3898 da-

395 3935 568 3990 bitare
594 3933 974 3999 cbristianam,
1025 3946 1186 4002 quam
1229 3931 1352 3986 novi
1394 3931 1628 3988 haeretici
1672 3949 1980 4006 oppugnare

394 4033 670 4096 creperum
694 4063 710 4092 ,
739 4032 794 4079 et
819 4037 912 4078 eos
937 4021 1026 4094 qui
1055 4017 1270 4077 lavacro
1309 4023 1728 4092 regenerationis
1753 4023 1978 4081 abluun-

395 4127 504 4182 tur,
529 4114 720 4172 redimi
745 4113 814 4170 de
841 4112 1034 4168 diaboli
1063 4122 1351 4183 potestate;
1392 4122 1446 4168 et
1487 4129 1580 4169 cos
1609 4117 1699 4187 qui
1740 4117 1977 4174 nondum

395 4209 488 4264 tali
517 4208 920 4278 regenerationis
949 4205 1206 4277 redempti
1225 4216 1368 4270 sunt,
1393 4208 1550 4262 etiam
1574 4207 1821 4278 parvulos
1842 4209 1978 4266 filios

395 4297 823 4368 redemptorum,
875 4297 974 4352 sub
1018 4297 1258 4369 ejusdem
1305 4299 1500 4354 diaboli
1545 4313 1666 4355 esse
1717 4310 1994 4372 potestate

393 4388 654 4460 captivos,
685 4387 786 4442 nisi
812 4397 868 4442 et
891 4387 990 4458 ipsi
1015 4389 1199 4444 eadem
1220 4391 1388 4461 gratia
1409 4385 1756 4448 redimantur.
1778 4407 1798 4446 ι
1823 4387 1975 4463 Quod

395 4489 456 4532 ut
483 4464 777 4550 apostolico
823 4475 1129 4536 testimonio
1165 4481 1598 4550 comprobarem,
1652 4502 1671 4536 ι
1693 4484 1762 4540 ad
1789 4502 1976 4544 omnes

394 4547 582 4626 aetates
601 4589 620 4622 ι
653 4567 762 4624 dixi
797 4589 816 4622 ι
836 4569 1102 4640 pertinere
1143 4547 1305 4638 illud,
1333 4573 1401 4629 de
1423 4587 1530 4643 quo
1557 4575 1864 4644 Apostolus
1894 4578 1975 4632 lo-

394 4663 594 4733 quitur,
649 4659 961 4726 beneficium
1013 4661 1103 4716 Dei
1129 4678 1144 4717 :
1170 4661 1272 4730 Qui
1313 4664 1442 4718 eruit
1491 4681 1582 4720 nos
1627 4664 1691 4721 de
1735 4678 1976 4735 potestate

395 4755 732 4818 tenebrarum,
759 4761 804 4808 et
831 4753 1084 4806 transtulit
1103 4753 1154 4806 in
1180 4769 1389 4824 regnum
1407 4751 1532 4808 Filii
1546 4756 1806 4814 clmritalis
1819 4776 1926 4814 suae
1949 4781 1968 4812 ι

395 4844 614 4915 (Galeas.
642 4861 682 4904 t.
703 4843 811 4913 l5).
842 4838 897 4898 Si
929 4842 1026 4896 hac
1040 4843 1300 4899 sententia
1317 4853 1500 4898 contra
1519 4861 1616 4901 vos
1645 4847 1832 4919 vulgus
1860 4866 1974 4904 mo-

393 4947 582 5005 vetur;
627 4953 801 4992 nonne
840 4934 967 4992 hinc
1007 4947 1058 4992 te
1097 4935 1274 5006 potius
1309 4945 1520 5007 oportet
1547 4937 1852 5010 advertere,
1903 4941 1974 4997 ita

396 5046 520 5090 esse
545 5031 808 5100 vulgatam
831 5035 894 5082 et
919 5025 1056 5098 apud
1086 5039 1274 5082 omnes
1300 5027 1664 5084 conﬁrmatam
1691 5031 1843 5086 istam
1881 5047 1972 5088 ca-

398 5123 646 5178 tholicam
677 5119 832 5176 fidem
859 5160 875 5186 ,
921 5129 975 5173 ut
1006 5133 1102 5174 nec
1127 5119 1366 5172 notitiam
1397 5121 1566 5190 possit
1593 5117 1774 5192 fugere
1801 5137 1972 5192 popu-

397 5211 602 5271 larem?
638 5211 868 5268 Necesse
895 5209 1093 5280 quippe
1120 5207 1326 5277 fuerat,
1367 5211 1619 5282 quidquid
1650 5212 1700 5266 in
1743 5215 1974 5284 parvulis

391 5303 510 5358 suis
555 5301 787 5372 agerct',
832 5301 970 5372 quod
1014 5301 1205 5356 attinet
1241 5301 1306 5356 ad
1352 5302 1600 5373 mysteria
1647 5289 1970 5375 christiana,

465 5454 484 5487 ⁸
519 5461 608 5505 Mss
631 5453 920 5506 messium.
1305 5454 1320 5462 ’

465 5468 484 5487 ι
519 5468 608 5505 suis
631 5468 920 5518 moestum.
1207 5511 1218 5524 α

463 5517 486 5548 ⁸
517 5521 650 5579 1.0m,
673 5516 790 5579 quid
814 5513 1082 5579 penem
1113 5513 1264 5565 dim
1294 5513 1406 5566 huic
1427 5514 1601 5578 iurasti
1635 5515 1882 5579 dum“.
1917 5525 1974 5568 ει

395 5575 626 5642 quoniam
671 5575 931 5642 loquaeitas
964 5582 1139 5642 uestra.
1165 5581 1240 5642 Er.
1278 5583 1413 5642 caret
1451 5575 1680 5638 particula
1699 5614 1716 5639 ,
1759 5587 1843 5640 et;
1885 5581 1974 5630 sed

393 5635 508 5705 dum
537 5643 646 5687 ων.
677 5639 842 5705 habet,
866 5635 1153 5705 peccaverit.
1175 5635 1498 5705 intendantur
1621 5635 1972 5705 manserirnis.

464 5700 485 5732 ³
520 5708 620 5749 Am.
647 5706 700 5748 et
737 5696 905 5756 plures
961 5699 1094 5757 “33.,
1119 5695 1359 5758 qumth
1401 5697 1612 5750 ωηιηεδ
1633 5701 1733 5752 ωδε
1773 5695 1975 5768 τιθεῖ-αἵ

1233 265 1504 322 CONTRA
1543 265 1882 323 JULIANUM
1920 263 2382 341 PELAGIANUH,
2422 275 2482 333 8.
2523 275 2888 336 AUGUSTINI

2107 397 2296 440 omnes
2341 402 2500 444 nosse
2531 379 3037 452 Christianostur
3071 407 3250 454 autem
3293 399 3450 469 dicis,
3499 421 3521 458 ί
3547 408 3695 477 quod

2109 476 2418 564 certaminis
2460 478 2744 550 singularis
2765 482 2962 540 oblitus
2987 484 3041 540 in
3071 487 3286 558 vulgum
3314 476 3641 564 refugerim?
3672 517 3694 549 ι

2107 563 2238 632 Quis
2266 566 2364 622 tibi
2405 570 2648 638 promisit
2687 586 2864 628 meum
2905 575 3175 647 singulare
3213 583 3519 638 certamen?
3558 583 3699 654 Ubi,

2109 657 2351 726 quando,
2379 661 2648 730 quomodo
2666 705 2682 731 ,
2715 659 2910 735 quibus
2934 671 3302 738 prieseutibus,
3325 673 3522 745 quibus
3545 677 3698 733 arbi-

2111 746 2248 804 tris?
2291 750 2556 820 iOblato,
2595 773 2616 808 ι
2655 757 2794 814 sicut
2839 758 3112 831 loqueris,
3165 781 3187 816 ι
3209 764 3408 835 placuit
3441 769 3696 840 cumponi

2107 837 2306 895 {cedere
2335 841 2584 912 bellumt(
2605 842 2784 918 Virgil.
2801 846 3015 904 .Eneid.
3042 849 3132 908 lib.
3150 842 3238 920 ιε,
3255 853 3386 910 om.
3404 848 3527 930 l09)
3539 837 3604 925 ,“‹
3638 868 3696 915 ιιι

2108 941 2313 998 pugnas
2347 932 2584 987 omnium
2615 939 2894 994 contentio
2923 949 3104 996 nostra
3133 944 3449 1002 dirimeret?
3475 943 3496 1001 ὁ
3539 949 3698 1005 Absit

2107 1025 2165 1108 ut
2187 1017 2326 1108 mihi
2351 1019 2492 1090 apu'd
2521 1023 2828 1082 Catholicos
2853 1043 3098 1106 arrogem
3119 1073 3134 1098 ,
3163 1015 3304 1103 quod
3336 1045 3390 1092 te
3420 1039 3511 1092 tibi
3550 1042 3694 1108 apud

2105 1105 2420 1180 Pelagianos
2444 1127 2697 1186 arrogare
2727 1131 2833 1172 non
2870 1121 3054 1190 pudet.
3083 1105 3231 1180 Unus
3269 1139 3387 1180 sum
3415 1142 3447 1182 e
3472 1105 3692 1194 multis.

2105 1198 2194 1268 qui
2243 1200 2494 1269 profanas
2530 1203 2738 1262 'vestras
2785 1209 3046 1266 novitates
3087 1223 3146 1267 ut
3182 1222 3462 1284 possumus
3487 1217 3693 1275 refuta—

2103 1284 2244 1355 mus,
2274 1289 2412 1345 sicut
2437 1293 2720 1366 unicuique
2747 1305 2989 1354 nostrum
3012 1299 3157 1357 Deus
3177 1305 3404 1373 partitus
3427 1317 3510 1362 cst
3537 1323 3693 1365 men-

2099 1389 2280 1432 suram
2325 1379 2447 1435 ﬁdei
2491 1381 2668 1452 (Rom.
2710 1401 2816 1452 xu,
2846 1388 2925 1458 5).
2973 1390 3269 1462 Antequam
3315 1411 3488 1452 essem
3533 1405 3692 1454 natus

2100 1465 2226 1523 huic
2252 1471 2479 1554 mundo,
2506 1481 2563 1528 et
2584 1483 2866 1556 antequam
2895 1487 3069 1536 exserti
3100 1490 3316 1540 renatus
3345 1486 3484 1557 nec,
3512 1487 3684 1546 multa

2097 1544 2357 1614 catholica
2376 1557 2576 1616 lumina
2605 1544 2810 1621 vestras
2837 1553 3040 1623 futuras
3057 1572 3304 1628 tenebras
3317 1544 3691 1648 redarguendo

2097 1661 2473 1718 prievenerunt
2503 1670 2520 1709 :
2549 1653 2618 1710 de
2661 1656 2854 1726 quibus
2903 1659 3014 1728 jam
3063 1661 3270 1718 duobus
3315 1669 3690 1738 superioribus

2100 1739 2250 1795 libris
2265 1741 2400 1797 meis
2409 1752 2604 1814 quanta
2625 1745 2772 1815 potui
2793 1747 3222 1808 manifestatioue
3239 1754 3484 1812 disserui.
3503 1757 3688 1815 Habes

2097 1840 2202 1898 quo
2229 1837 2280 1886 te
2304 1845 2518 1899 avoces,
2545 1835 2591 1888 si
2618 1845 2670 1890 te
2692 1835 2949 1893 adversus
2974 1839 3292 1898 catholicam
3320 1839 3478 1902 Iidem
3503 1837 3686 1906 adhuc

2097 1918 2331 1975 insanire
2353 1919 2605 1978 delectat;

2163 2009 2256 2066 23.
2279 2011 2387 2067 Nec
2411 2015 2627 2071 nomine
2658 2015 3087 2078 isellulariorum
3115 2024 3365 2096 opiﬁcum
3385 2046 3405 2082 ι
3433 2027 3686 2088 derideat

2096 2101 2335 2193 membra
2361 2103 2560 2160 Christi
2585 2121 2602 2161 :
2624 2118 2898 2166 memento
2921 2111 3042 2182 quia
3077 2113 3286 2170 infirma
3313 2119 3496 2176 mundi
3513 2121 3685 2193 elegia

2095 2190 2258 2260 Deus,
2286 2199 2346 2248 ut
2372 2193 2663 2253 confundat
2687 2199 2842 2254 fortia
2865 2201 2906 2270 (l
2937 2201 3055 2256 Cor.
3085 2205 3110 2256 1
3134 2245 3150 2271 ,
3180 2204 3292 2274 27).
3311 2205 3450 2275 Quid
3475 2219 3560 2264 est
3581 2190 3681 2266 atl-

2094 2289 2200 2336 tem
2225 2321 2243 2350 ,
2275 2301 2296 2336 i
2313 2284 2456 2354 quod
2479 2287 2562 2342 eis
2595 2302 2718 2344 cum
2747 2291 3032 2349 ostendere
3053 2297 3306 2366 emporia,
3333 2299 3390 2354 in
3415 2315 3503 2353 me
3526 2309 3681 2356 acer-'-

2091 2371 2270 2429 biorcs
2318 2377 2480 2431 (ient?
2509 2396 2531 2430 ι
2580 2378 2791 2436 Mentiri
2833 2384 2914 2438 eis
2954 2385 3086 2450 noli,
3135 2398 3191 2442 et
3215 2393 3324 2444 non
3366 2387 3516 2446 ﬁent.
3566 2372 3680 2464 Ego

2092 2465 2232 2518 enim
2260 2479 2364 2520 non
2397 2485 2418 2518 s
2439 2483 2556 2535 eos,
2587 2489 2606 2522 ι
2636 2473 2779 2528 sicut
2803 2473 3168 2542 calumniaris,
3201 2497 3222 2532 ι
3245 2495 3680 2552 assevempecu-

2091 2555 2218 2610 lium
2234 2555 2458 2625 diaboli,
2483 2577 2502 2612 ι
2523 2575 2658 2630 quos
2679 2561 2987 2635 redemptos
2997 2566 3198 2624 Christi
3217 2573 3474 2641 sanguine
3493 2570 3638 2628 scio'
3659 2593 3680 2632 :

2096 2665 2116 2698 ι
2136 2662 2240 2704 nec
2277 2649 2496 2706 diabolo
2521 2655 2788 2735 coniugia,
2816 2672 2840 2709 ι
2871 2657 2924 2712 in
2954 2669 3210 2729 quantum
3237 2665 3483 2734 conjugia
3511 2678 3638 2722 sunt
3656 2690 3678 2735 δ

2095 2758 2116 2792 i
2143 2742 2247 2796 tilia
2276 2734 2610 2809 transcribo;
2642 2765 2662 2799 ι
2695 2761 2798 2804 nec
2821 2765 2846 2800 ‹
2865 2765 2986 2806 eum
3008 2753 3314 2822 genitalium
3343 2734 3681 2814 commentor

2087 2833 2380 2900 artiﬁcem;
2425 2854 2449 2889 ι·
2479 2848 2580 2892 nec
2608 2856 2631 2890 ι
2655 2841 3006 2897 excitator-em
3038 2844 3275 2900 virorum
3316 2849 3415 2902 nisi
3459 2848 3528 2904 ad
3573 2851 3680 2906 illi-

2086 2924 2244 2990 cita,i
2274 2940 2376 2980 nec
2403 2944 2426 2978 ε
2449 2924 2849 2985 fecundantem
2875 2933 3216 3000 mulierum,»
3249 2950 3350 2992 nec
3381 2955 3402 2989 ι
3426 2939 3679 2994 condito-

2086 3023 2246 3068 rem»
2272 3027 2459 3071 assero
2492 3019 2900 3089 «parvulorum.
2925 3037 2945 3074 ι
2992 3023 3122 3079 Hice
3161 3039 3292 3096 ergo
3337 3041 3458 3097 quae
3501 3043 3534 3083 a
3585 3045 3678 3087 me

2084 3107 2254 3162 aliena
2295 3119 2421 3164 sunt
2438 3149 2457 3176 ,
2499 3109 2553 3166 si
2591 3109 2674 3168 eis
2691 3109 2766 3166 de
2793 3126 2881 3168 me
2907 3113 3109 3170 dixeris
3129 3116 3174 3182 ⁸,
3215 3119 3492 3174 membris
3513 3132 3530 3174 :
3549 3130 3605 3176 et
3623 3123 3675 3176 si

2071 3197 2364 3273 quisquam
2389 3210 2575 3254 eorum
2619 3199 2714 3254 tibi
2739 3201 2968 3258 credens
3005 3205 3250 3260 acablor
3285 3207 3341 3261 in
3383 3223 3470 3264 me
3510 3207 3677 3266 fuerit

2086 3283 2276 3352 factas,
2298 3285 2556 3358 deceptus
2585 3293 2778 3360 poterit
2797 3305 2942 3360 esse,
2965 3309 3074 3349 non
3093 3295 3331 3354 doctus'.
3363 3298 3400 3354 li
3421 3314 3550 3355 vero
3573 3303 3672 3372 qui

2084 3390 2139 3434 et
2187 3388 2473 3450 utrumque
2513 3391 2760 3438 nostrum
2781 3425 2798 3450 ,
2837 3394 2894 3440 et
2917 3386 3082 3442 tidem
3111 3389 3428 3446 catholicam
3454 3393 3670 3460 sciunt.

2083 3469 2290 3527 discere
2311 3472 2410 3528 abs
2434 3481 2488 3528 te
2509 3472 2709 3544 aliquid
2737 3475 2956 3542 uehunt;
2985 3477 3083 3534 aed
3123 3483 3314 3536 caveitt
3343 3481 3556 3552 mitts,
3601 3492 3680 3540 ω

2086 3561 2297 3617 auferas
2317 3563 2460 3632 quod
2489 3574 2776 3620 noverunt.
2803 3565 2954 3622 Multi
2979 3569 3178 3641 quippe
3201 3580 3332 3624 sunt
3360 3571 3412 3626 in
3437 3574 3552 3640 eis,
3577 3575 3671 3645 qui

2084 3665 2192 3706 non
2225 3652 2404 3707 solum
2433 3663 2630 3722 prima
2655 3668 2742 3711 me
2763 3693 2780 3720 ,
2823 3670 3012 3712 verum
3035 3659 3199 3713 etiam
3227 3661 3434 3730 priores
3457 3677 3546 3718 me
3570 3665 3672 3719 ista

2084 3740 2388 3798 didicerant
2405 3783 2422 3809 ,
2465 3757 2588 3816 ειη
2625 3755 2808 3802 vester
2837 3758 3015 3804 novus
3041 3764 3194 3804 error
3211 3762 3503 3822 oppugnat.
3530 3754 3670 3810 Cum

2085 3845 2213 3902 ergo
2238 3845 2346 3888 non
2367 3845 2466 3889 eos
2481 3834 2600 3907 ipsa
2623 3835 2865 3906 fecerim,
2891 3837 2986 3894 sed
3007 3839 3300 3896 invenerim
3326 3841 3486 3914 hujus
3505 3852 3670 3916 quam

2085 3923 2291 3994 negatis
2311 3927 2486 3982 socias
2509 3928 2754 3984 Veritatis
2775 3969 2792 3997 ,
2819 3931 3088 3998 quomodo
3109 3932 3189 3988 eis
3212 3933 3314 4005 ego
3335 3947 3458 3990 sum
3480 3947 3670 3992 auctor

2085 4013 2242 4086 hujus
2267 4029 2425 4086 questi
2451 4017 2648 4087 putatis
2667 4019 2915 4076 erroris!

2151 4104 2381 4162 carus
2405 4107 2496 4162 ut.
2515 4109 2696 4167 —-at.
2737 4129 2759 4164 ι
2779 4111 3022 4183 Explica,
3047 4130 3070 4168 ι
3103 4115 3317 4187 inquis,
3353 4134 3376 4171 α
3395 4121 3671 4190 quomodo

2083 4205 2358 4264 peccatum
2389 4209 2634 4268 persona:
2657 4201 2732 4256 illi
2755 4201 2902 4271 justo
2928 4204 3099 4274 possit
3124 4205 3353 4263 admitti
3377 4239 3395 4276 ,
3421 4225 3543 4280 quas
3567 4227 3671 4268 nec

2083 4287 2252 4343 voluit
2299 4301 2543 4360 peccare,
2591 4305 2693 4348 nec
2737 4293 2976 4364 punita
3019 4297 3176 4353 Aliud
3217 4306 3302 4354 est
3343 4302 3670 4371 perpetratie

2083 4379 2416 4449 propriam
2441 4421 2458 4447 ,
2501 4381 2644 4436 aliud
2687 4382 2987 4441 alienorum
3011 4389 3256 4458 contagio
3283 4400 3624 4460 peccatorum
3643 4433 3662 4460 ,

2081 4480 2334 4541 quantum
2359 4471 2574 4542 quidem
2600 4473 2666 4529 ad
2691 4489 2806 4531 suae
2827 4477 3085 4548 cujusque
3101 4478 3226 4534 vita:
3247 4481 3477 4550 pertinet
3491 4484 3661 4538 actio-

2083 4577 2228 4618 nem.
2257 4563 2392 4618 Nam
2417 4565 2464 4620 si
2493 4578 2590 4620 vos
2617 4570 2934 4622 sententiam
2965 4578 3166 4624 rectam
3193 4571 3251 4626 in
3281 4584 3518 4628 vestrum
3543 4583 3662 4630 tor-

2082 4664 2196 4711 tum
2225 4669 2438 4712 sensum
2481 4667 2732 4729 torquere
2773 4661 3018 4730 nolletis,
3062 4663 3322 4720 audiretis
3342 4665 3661 4736 Apostolus

2082 4747 2184 4802 hoc
2224 4748 2458 4804 breviter
2483 4750 2842 4820 explicantem
2867 4792 2882 4818 ,
2929 4753 3020 4823 qui
3062 4769 3224 4808 unum
3249 4755 3388 4812 diuit
3413 4757 3580 4815 fuisse
3607 4759 3662 4815 ia

2079 4853 2186 4908 quo
2231 4853 2420 4894 omnes
2465 4852 2838 4908 peccaverunt.
2893 4841 2950 4898 In
2997 4841 3090 4898 illo
3137 4857 3246 4900 trito
3292 4848 3488 4902 mortui
3536 4859 3662 4904 sunt

2079 4941 2301 4996 omnes,
2339 4937 2398 4984 ut
2433 4937 2731 4986 moreretur
2752 4931 2890 4987 alios
2925 4946 3064 4989 unus
3087 4947 3188 5005 pro
3209 4937 3476 4992 euntibus.
3513 4936 3662 4994 σιω

2079 5019 2222 5074 enim
2259 5033 2352 5088 pro
2396 5019 2627 5074 cornibus
2671 5029 2902 5076 mortuus
2941 5031 3017 5078 est
3049 5038 3070 5076 :
3091 5040 3212 5094 ergo
3249 5041 3422 5082 ma
3469 5029 3661 5084 mortui

2079 5125 2194 5167 sunt
2221 5111 2288 5184 (11
2307 5111 2424 5169 Cor.
2460 5130 2508 5180 v,
2545 5111 2654 5187 14),
2681 5131 2778 5186 pro
2801 5117 2992 5186 quibus
3013 5117 3258 5176 Christus
3285 5131 3528 5180 marinus
3551 5133 3654 5180 est.

2079 5202 2218 5276 Nega
2260 5205 2419 5274 igitur
2441 5203 2713 5260 Christum
2747 5208 2911 5261 etiam
2951 5219 3047 5278 pro
3087 5211 3321 5280 parvulis
3346 5222 3656 5280 mortuum,

2075 5335 2691 5424 2W:.-".':.."_3‘..3'3§:
2705 5337 3022 5424 Li‘i‘ﬂ
3049 5341 3266 5406 Μ
3302 5343 3405 5396 ⁸³⁸⁸
3433 5351 3653 5410 ’σπη’

3097 5497 3117 5524 ι
3135 5476 3254 5529 auos
3275 5463 3481 5520 red-wit
3511 5463 3654 5518 citri.

2077 5529 2180 5652 *ξ
2197 5531 2610 5652 πὲῈἚῖῗῗξέε
2629 5580 2816 5652 etiam
2837 5595 2915 5634 me
2933 5581 3142 5652 digeris.

2145 5644 2166 5676 ³
2200 5653 2298 5713 Ani.
2323 5651 2400 5694 Br.
2416 5651 2473 5713 et
2504 5641 2688 5706 aliquot
2705 5651 2840 5713 μαψ.
2857 5657 2952 5697 non
2969 5646 3154 5698 doctor.
3175 5653 3308 5713 ιον..
3325 5661 3426 5700 im
3447 5645 3652 5706 doctior.

2087 5713 2142 5758 Αι
2163 5703 2396 5757 meliores
2415 5711 2542 5766 βεδε-ρ
2567 5703 2658 5754 lion
2682 5703 2867 5756 doctus.
