  <div class='ocr_page' id='page_1' title='image "/cluster/home/n/w/nwhite01/storage/ocr_20150623/44/hvd.32044069687945/424.png"; bbox 0 0 4014 6186; ppageno 0'>
   <div class='ocr_carea' id='block_1_1' title="bbox 303 329 406 384">
    <p class='ocr_par' dir='ltr' id='par_1_1' title="bbox 303 329 406 384">
     <span class='ocr_line' id='line_1_1' title="bbox 303 329 406 384; baseline -0.029 0"><span class='ocrx_word' id='word_1_1' title='bbox 303 329 406 384; x_wconf 67' lang='lat'><strong>87:7</strong></span> 
     </span>
    </p>
   </div>
   <div class='ocr_carea' id='block_1_2' title="bbox 301 443 1888 518">
    <p class='ocr_par' dir='ltr' id='par_1_2' title="bbox 301 443 1888 518">
     <span class='ocr_line' id='line_1_2' title="bbox 301 443 1888 518; baseline 0.004 -18"><span class='ocrx_word' id='word_1_2' title='bbox 301 455 360 500; x_wconf 89' lang='grc' dir='ltr'><strong>ιιι</strong></span> <span class='ocrx_word' id='word_1_3' title='bbox 399 445 602 500; x_wconf 72' lang='lat' dir='ltr'><strong>eximas</strong></span> <span class='ocrx_word' id='word_1_4' title='bbox 641 451 735 499; x_wconf 75' lang='lat' dir='ltr'><strong>ens</strong></span> <span class='ocrx_word' id='word_1_5' title='bbox 762 443 830 501; x_wconf 83' lang='lat' dir='ltr'><strong>de</strong></span> <span class='ocrx_word' id='word_1_6' title='bbox 859 453 1084 502; x_wconf 83' lang='lat' dir='ltr'><strong>numero</strong></span> <span class='ocrx_word' id='word_1_7' title='bbox 1115 456 1442 502; x_wconf 85' lang='lat' dir='ltr'><strong>mortuorum</strong></span> <span class='ocrx_word' id='word_1_8' title='bbox 1469 489 1482 512; x_wconf 93' lang='lat'><strong>,</strong></span> <span class='ocrx_word' id='word_1_9' title='bbox 1527 448 1627 504; x_wconf 90' lang='lat' dir='ltr'><strong>hoc</strong></span> <span class='ocrx_word' id='word_1_10' title='bbox 1663 461 1774 518; x_wconf 90' lang='lat' dir='ltr'><strong>est,</strong></span> <span class='ocrx_word' id='word_1_11' title='bbox 1819 451 1888 506; x_wconf 91' lang='lat' dir='ltr'><strong>de</strong></span> 
     </span>
    </p>
   </div>
   <div class='ocr_carea' id='block_1_3' title="bbox 299 537 1889 612">
    <p class='ocr_par' dir='ltr' id='par_1_3' title="bbox 299 537 1889 612">
     <span class='ocr_line' id='line_1_3' title="bbox 299 537 1889 612; baseline 0.004 -22"><span class='ocrx_word' id='word_1_12' title='bbox 299 538 548 608; x_wconf 85' lang='lat' dir='ltr'><strong>contagio</strong></span> <span class='ocrx_word' id='word_1_13' title='bbox 577 545 936 604; x_wconf 82' lang='lat' dir='ltr'><strong>peccatorum.</strong></span> <span class='ocrx_word' id='word_1_14' title='bbox 969 555 990 591; x_wconf 74' lang='grc' dir='ltr'><strong>ι</strong></span> <span class='ocrx_word' id='word_1_15' title='bbox 1016 537 1116 606; x_wconf 86' lang='lat' dir='ltr'><strong>Qui</strong></span> <span class='ocrx_word' id='word_1_16' title='bbox 1140 538 1256 595; x_wconf 80' lang='lat' dir='ltr'><strong>ﬁeri</strong></span> <span class='ocrx_word' id='word_1_17' title='bbox 1283 550 1477 610; x_wconf 86' lang='lat' dir='ltr'><strong>potest,</strong></span> <span class='ocrx_word' id='word_1_18' title='bbox 1508 559 1526 594; x_wconf 74' lang='grc' dir='ltr'><strong>ι</strong></span> <span class='ocrx_word' id='word_1_19' title='bbox 1561 541 1754 612; x_wconf 90' lang='lat' dir='ltr'><strong>inquis,</strong></span> <span class='ocrx_word' id='word_1_20' title='bbox 1787 559 1808 595; x_wconf 75' lang='grc' dir='ltr'><strong>ι</strong></span> <span class='ocrx_word' id='word_1_21' title='bbox 1831 553 1889 597; x_wconf 83' lang='grc' dir='ltr'><strong>ιιι</strong></span> 
     </span>
    </p>
   </div>
   <div class='ocr_carea' id='block_1_4' title="bbox 299 627 1884 688">
    <p class='ocr_par' dir='ltr' id='par_1_4' title="bbox 299 627 1884 688">
     <span class='ocr_line' id='line_1_4' title="bbox 299 627 1884 688; baseline 0.001 -3"><span class='ocrx_word' id='word_1_22' title='bbox 299 643 388 685; x_wconf 81' lang='lat' dir='ltr'><strong>res</strong></span> <span class='ocrx_word' id='word_1_23' title='bbox 426 628 629 683; x_wconf 74' lang='lat' dir='ltr'><strong>arbitrii</strong></span> <span class='ocrx_word' id='word_1_24' title='bbox 671 627 965 682; x_wconf 86' lang='lat' dir='ltr'><strong>conditioni</strong></span> <span class='ocrx_word' id='word_1_25' title='bbox 995 631 1255 684; x_wconf 88' lang='lat' dir='ltr'><strong>seminum</strong></span> <span class='ocrx_word' id='word_1_26' title='bbox 1285 632 1610 686; x_wconf 77' lang='lat' dir='ltr'><strong>misceatur?</strong></span> <span class='ocrx_word' id='word_1_27' title='bbox 1637 651 1658 685; x_wconf 73' lang='grc' dir='ltr'><strong>ι</strong></span> <span class='ocrx_word' id='word_1_28' title='bbox 1689 631 1744 688; x_wconf 85' lang='lat' dir='ltr'><strong>Si</strong></span> <span class='ocrx_word' id='word_1_29' title='bbox 1773 631 1884 687; x_wconf 85' lang='lat' dir='ltr'><strong>fieri</strong></span> 
     </span>
    </p>
   </div>
   <div class='ocr_carea' id='block_1_5' title="bbox 301 719 1886 790">
    <p class='ocr_par' dir='ltr' id='par_1_5' title="bbox 301 719 1886 790">
     <span class='ocr_line' id='line_1_5' title="bbox 301 719 1886 790; baseline 0.001 -16"><span class='ocrx_word' id='word_1_30' title='bbox 301 733 404 774; x_wconf 84' lang='lat' dir='ltr'><strong>non</strong></span> <span class='ocrx_word' id='word_1_31' title='bbox 434 725 634 788; x_wconf 71' lang='lat' dir='ltr'><strong>posset,</strong></span> <span class='ocrx_word' id='word_1_32' title='bbox 663 733 772 772; x_wconf 89' lang='lat' dir='ltr'><strong>non</strong></span> <span class='ocrx_word' id='word_1_33' title='bbox 795 726 940 774; x_wconf 85' lang='lat' dir='ltr'><strong>esset</strong></span> <span class='ocrx_word' id='word_1_34' title='bbox 967 719 1108 774; x_wconf 90' lang='lat' dir='ltr'><strong>unde</strong></span> <span class='ocrx_word' id='word_1_35' title='bbox 1135 721 1381 790; x_wconf 87' lang='lat' dir='ltr'><strong>parvulos</strong></span> <span class='ocrx_word' id='word_1_36' title='bbox 1409 721 1644 776; x_wconf 89' lang='lat' dir='ltr'><strong>nondum</strong></span> <span class='ocrx_word' id='word_1_37' title='bbox 1673 721 1739 776; x_wconf 86' lang='lat' dir='ltr'><strong>de</strong></span> <span class='ocrx_word' id='word_1_38' title='bbox 1764 736 1886 778; x_wconf 87' lang='lat' dir='ltr'><strong>cor-</strong></span> 
     </span>
    </p>
   </div>
   <div class='ocr_carea' id='block_1_6' title="bbox 295 809 1884 880">
    <p class='ocr_par' dir='ltr' id='par_1_6' title="bbox 295 809 1884 880">
     <span class='ocr_line' id='line_1_6' title="bbox 295 809 1884 880; baseline 0.004 -18"><span class='ocrx_word' id='word_1_39' title='bbox 295 823 427 876; x_wconf 83' lang='lat' dir='ltr'><strong>pore</strong></span> <span class='ocrx_word' id='word_1_40' title='bbox 467 823 714 879; x_wconf 77' lang='lat' dir='ltr'><strong>egressos</strong></span> <span class='ocrx_word' id='word_1_41' title='bbox 751 818 995 866; x_wconf 88' lang='lat' dir='ltr'><strong>mortuos</strong></span> <span class='ocrx_word' id='word_1_42' title='bbox 1023 809 1346 866; x_wconf 83' lang='lat' dir='ltr'><strong>diceremus.</strong></span> <span class='ocrx_word' id='word_1_43' title='bbox 1373 812 1506 880; x_wconf 84' lang='lat' dir='ltr'><strong>Quia</strong></span> <span class='ocrx_word' id='word_1_44' title='bbox 1553 813 1598 866; x_wconf 88' lang='lat' dir='ltr'><strong>si</strong></span> <span class='ocrx_word' id='word_1_45' title='bbox 1639 813 1884 868; x_wconf 76' lang='lat' dir='ltr'><strong>Christus</strong></span> 
     </span>
    </p>
   </div>
   <div class='ocr_carea' id='block_1_7' title="bbox 293 903 1878 976">
    <p class='ocr_par' dir='ltr' id='par_1_7' title="bbox 293 903 1878 976">
     <span class='ocr_line' id='line_1_7' title="bbox 293 903 1878 976; baseline 0.005 -20"><span class='ocrx_word' id='word_1_46' title='bbox 293 911 348 956; x_wconf 90' lang='lat' dir='ltr'><strong>et</strong></span> <span class='ocrx_word' id='word_1_47' title='bbox 377 919 476 972; x_wconf 86' lang='lat' dir='ltr'><strong>pro</strong></span> <span class='ocrx_word' id='word_1_48' title='bbox 507 903 636 975; x_wconf 55' lang='lat' dir='ltr'><strong>ipsis</strong></span> <span class='ocrx_word' id='word_1_49' title='bbox 661 913 902 958; x_wconf 86' lang='lat' dir='ltr'><strong>mortuus</strong></span> <span class='ocrx_word' id='word_1_50' title='bbox 929 913 1048 969; x_wconf 87' lang='lat' dir='ltr'><strong>est,</strong></span> <span class='ocrx_word' id='word_1_51' title='bbox 1095 921 1224 976; x_wconf 84' lang='lat' dir='ltr'><strong>ergo</strong></span> <span class='ocrx_word' id='word_1_52' title='bbox 1266 915 1322 960; x_wconf 89' lang='lat' dir='ltr'><strong>et</strong></span> <span class='ocrx_word' id='word_1_53' title='bbox 1359 907 1454 976; x_wconf 87' lang='lat' dir='ltr'><strong>ipsi</strong></span> <span class='ocrx_word' id='word_1_54' title='bbox 1500 908 1691 962; x_wconf 85' lang='lat' dir='ltr'><strong>mortui</strong></span> <span class='ocrx_word' id='word_1_55' title='bbox 1717 917 1878 964; x_wconf 87' lang='lat' dir='ltr'><strong>sunt:</strong></span> 
     </span>
    </p>
   </div>
   <div class='ocr_carea' id='block_1_8' title="bbox 291 995 1884 1069">
    <p class='ocr_par' dir='ltr' id='par_1_8' title="bbox 291 995 1884 1069">
     <span class='ocr_line' id='line_1_8' title="bbox 291 995 1884 1069; baseline 0.004 -22"><span class='ocrx_word' id='word_1_56' title='bbox 291 995 534 1063; x_wconf 65' lang='lat' dir='ltr'><strong>quoniam</strong></span> <span class='ocrx_word' id='word_1_57' title='bbox 563 996 608 1049; x_wconf 78' lang='lat' dir='ltr'><strong>si</strong></span> <span class='ocrx_word' id='word_1_58' title='bbox 633 1011 762 1050; x_wconf 74' lang='lat' dir='ltr'><strong>unus</strong></span> <span class='ocrx_word' id='word_1_59' title='bbox 789 1011 882 1064; x_wconf 83' lang='lat' dir='ltr'><strong>pro</strong></span> <span class='ocrx_word' id='word_1_60' title='bbox 905 995 1134 1050; x_wconf 67' lang='lat' dir='ltr'><strong>omnibus</strong></span> <span class='ocrx_word' id='word_1_61' title='bbox 1171 1007 1400 1051; x_wconf 75' lang='lat' dir='ltr'><strong>mortuus</strong></span> <span class='ocrx_word' id='word_1_62' title='bbox 1425 1007 1525 1064; x_wconf 80' lang='lat' dir='ltr'><strong>est,</strong></span> <span class='ocrx_word' id='word_1_63' title='bbox 1566 1013 1684 1069; x_wconf 79' lang='lat' dir='ltr'><strong>ergo</strong></span> <span class='ocrx_word' id='word_1_64' title='bbox 1712 1015 1884 1053; x_wconf 77' lang='lat' dir='ltr'><strong>omnes</strong></span> 
     </span>
    </p>
   </div>
   <div class='ocr_carea' id='block_1_9' title="bbox 293 1085 1876 1158">
    <p class='ocr_par' dir='ltr' id='par_1_9' title="bbox 293 1085 1876 1158">
     <span class='ocr_line' id='line_1_9' title="bbox 293 1085 1876 1158; baseline 0.006 -22"><span class='ocrx_word' id='word_1_65' title='bbox 293 1085 479 1137; x_wconf 77' lang='lat' dir='ltr'><strong>mortui</strong></span> <span class='ocrx_word' id='word_1_66' title='bbox 505 1087 640 1138; x_wconf 69' lang='lat' dir='ltr'><strong>sunt.</strong></span> <span class='ocrx_word' id='word_1_67' title='bbox 663 1085 936 1152; x_wconf 79' lang='lat' dir='ltr'><strong>Audisne,</strong></span> <span class='ocrx_word' id='word_1_68' title='bbox 980 1086 1226 1142; x_wconf 63' lang='lat' dir='ltr'><strong>Julian-te?</strong></span> <span class='ocrx_word' id='word_1_69' title='bbox 1267 1087 1379 1142; x_wconf 56' lang='lat' dir='ltr'><strong>haec</strong></span> <span class='ocrx_word' id='word_1_70' title='bbox 1412 1089 1652 1158; x_wconf 82' lang='lat' dir='ltr'><strong>Apostoli</strong></span> <span class='ocrx_word' id='word_1_71' title='bbox 1679 1091 1839 1144; x_wconf 90' lang='lat' dir='ltr'><strong>verba</strong></span> <span class='ocrx_word' id='word_1_72' title='bbox 1862 1132 1876 1156; x_wconf 92' lang='lat'><strong>,</strong></span> 
     </span>
    </p>
   </div>
   <div class='ocr_carea' id='block_1_10' title="bbox 295 1177 1877 1249">
    <p class='ocr_par' dir='ltr' id='par_1_10' title="bbox 295 1177 1877 1249">
     <span class='ocr_line' id='line_1_10' title="bbox 295 1177 1877 1249; baseline 0.005 -22"><span class='ocrx_word' id='word_1_73' title='bbox 295 1190 402 1227; x_wconf 86' lang='lat' dir='ltr'><strong>non</strong></span> <span class='ocrx_word' id='word_1_74' title='bbox 435 1191 551 1229; x_wconf 88' lang='lat' dir='ltr'><strong>mea</strong></span> <span class='ocrx_word' id='word_1_75' title='bbox 583 1185 726 1230; x_wconf 86' lang='lat' dir='ltr'><strong>sunt.</strong></span> <span class='ocrx_word' id='word_1_76' title='bbox 758 1177 894 1244; x_wconf 78' lang='lat' dir='ltr'><strong>Quid</strong></span> <span class='ocrx_word' id='word_1_77' title='bbox 933 1193 962 1230; x_wconf 89' lang='lat' dir='ltr'><strong>a</strong></span> <span class='ocrx_word' id='word_1_78' title='bbox 993 1193 1078 1231; x_wconf 90' lang='lat' dir='ltr'><strong>me</strong></span> <span class='ocrx_word' id='word_1_79' title='bbox 1121 1179 1351 1246; x_wconf 77' lang='lat' dir='ltr'><strong>quzeris,</strong></span> <span class='ocrx_word' id='word_1_80' title='bbox 1403 1197 1424 1230; x_wconf 76' lang='grc' dir='ltr'><strong>ι</strong></span> <span class='ocrx_word' id='word_1_81' title='bbox 1452 1195 1558 1249; x_wconf 88' lang='lat' dir='ltr'><strong>quo</strong></span> <span class='ocrx_word' id='word_1_82' title='bbox 1585 1181 1656 1234; x_wconf 94' lang='lat' dir='ltr'><strong>sit</strong></span> <span class='ocrx_word' id='word_1_83' title='bbox 1683 1181 1877 1236; x_wconf 88' lang='lat' dir='ltr'><strong>factum</strong></span> 
     </span>
    </p>
   </div>
   <div class='ocr_carea' id='block_1_11' title="bbox 291 1264 1874 1338">
    <p class='ocr_par' dir='ltr' id='par_1_11' title="bbox 291 1264 1874 1338">
     <span class='ocr_line' id='line_1_11' title="bbox 291 1264 1874 1338; baseline 0.005 -20"><span class='ocrx_word' id='word_1_84' title='bbox 291 1264 474 1329; x_wconf 88' lang='lat' dir='ltr'><strong>modo,</strong></span> <span class='ocrx_word' id='word_1_85' title='bbox 507 1283 527 1316; x_wconf 76' lang='grc' dir='ltr'><strong>ι</strong></span> <span class='ocrx_word' id='word_1_86' title='bbox 557 1281 678 1320; x_wconf 89' lang='lat' dir='ltr'><strong>cum</strong></span> <span class='ocrx_word' id='word_1_87' title='bbox 708 1266 888 1320; x_wconf 83' lang='lat' dir='ltr'><strong>videas</strong></span> <span class='ocrx_word' id='word_1_88' title='bbox 933 1265 1128 1322; x_wconf 85' lang='lat' dir='ltr'><strong>factum</strong></span> <span class='ocrx_word' id='word_1_89' title='bbox 1169 1283 1289 1322; x_wconf 90' lang='lat' dir='ltr'><strong>esse</strong></span> <span class='ocrx_word' id='word_1_90' title='bbox 1315 1284 1652 1338; x_wconf 89' lang='lat' dir='ltr'><strong>quocumque</strong></span> <span class='ocrx_word' id='word_1_91' title='bbox 1682 1272 1840 1326; x_wconf 89' lang='lat' dir='ltr'><strong>modo</strong></span> <span class='ocrx_word' id='word_1_92' title='bbox 1859 1315 1874 1338; x_wconf 91' lang='lat'><strong>,</strong></span> 
     </span>
    </p>
   </div>
   <div class='ocr_carea' id='block_1_12' title="bbox 290 1355 1878 1428">
    <p class='ocr_par' dir='ltr' id='par_1_12' title="bbox 290 1355 1878 1428">
     <span class='ocr_line' id='line_1_12' title="bbox 290 1355 1878 1428; baseline 0.006 -20"><span class='ocrx_word' id='word_1_93' title='bbox 290 1355 334 1408; x_wconf 90' lang='lat' dir='ltr'><strong>si</strong></span> <span class='ocrx_word' id='word_1_94' title='bbox 361 1356 618 1424; x_wconf 79' lang='lat' dir='ltr'><strong>Apostolo</strong></span> <span class='ocrx_word' id='word_1_95' title='bbox 639 1357 826 1411; x_wconf 88' lang='lat' dir='ltr'><strong>credas</strong></span> <span class='ocrx_word' id='word_1_96' title='bbox 849 1357 1031 1427; x_wconf 85' lang='lat' dir='ltr'><strong>aliquo</strong></span> <span class='ocrx_word' id='word_1_97' title='bbox 1069 1358 1249 1425; x_wconf 82' lang='lat' dir='ltr'><strong>modo,</strong></span> <span class='ocrx_word' id='word_1_98' title='bbox 1282 1361 1370 1428; x_wconf 93' lang='lat' dir='ltr'><strong>qui</strong></span> <span class='ocrx_word' id='word_1_99' title='bbox 1399 1361 1465 1414; x_wconf 90' lang='lat' dir='ltr'><strong>de</strong></span> <span class='ocrx_word' id='word_1_100' title='bbox 1489 1361 1703 1417; x_wconf 81' lang='lat' dir='ltr'><strong>Christo</strong></span> <span class='ocrx_word' id='word_1_101' title='bbox 1731 1373 1784 1417; x_wconf 91' lang='lat' dir='ltr'><strong>et</strong></span> <span class='ocrx_word' id='word_1_102' title='bbox 1809 1365 1878 1419; x_wconf 89' lang='lat' dir='ltr'><strong>de</strong></span> 
     </span>
    </p>
   </div>
   <div class='ocr_carea' id='block_1_13' title="bbox 289 1443 1876 1526">
    <p class='ocr_par' dir='ltr' id='par_1_13' title="bbox 289 1443 1876 1526">
     <span class='ocr_line' id='line_1_13' title="bbox 289 1443 1876 1526; baseline 0.009 -29"><span class='ocrx_word' id='word_1_103' title='bbox 289 1443 374 1499; x_wconf 83' lang='lat' dir='ltr'><strong>bis</strong></span> <span class='ocrx_word' id='word_1_104' title='bbox 401 1461 498 1514; x_wconf 90' lang='lat' dir='ltr'><strong>pro</strong></span> <span class='ocrx_word' id='word_1_105' title='bbox 535 1447 726 1515; x_wconf 81' lang='lat' dir='ltr'><strong>quibus</strong></span> <span class='ocrx_word' id='word_1_106' title='bbox 750 1457 992 1504; x_wconf 88' lang='lat' dir='ltr'><strong>mortuus</strong></span> <span class='ocrx_word' id='word_1_107' title='bbox 1020 1460 1101 1505; x_wconf 89' lang='lat' dir='ltr'><strong>est</strong></span> <span class='ocrx_word' id='word_1_108' title='bbox 1125 1450 1398 1514; x_wconf 88' lang='lat' dir='ltr'><strong>Christus,</strong></span> <span class='ocrx_word' id='word_1_109' title='bbox 1448 1455 1658 1509; x_wconf 89' lang='lat' dir='ltr'><strong>mentiri</strong></span> <span class='ocrx_word' id='word_1_110' title='bbox 1707 1463 1876 1526; x_wconf 85' lang='lat' dir='ltr'><strong>potuit</strong></span> 
     </span>
    </p>
   </div>
   <div class='ocr_carea' id='block_1_14' title="bbox 289 1537 662 1592">
    <p class='ocr_par' dir='ltr' id='par_1_14' title="bbox 289 1537 662 1592">
     <span class='ocr_line' id='line_1_14' title="bbox 289 1537 662 1592; baseline 0 0"><span class='ocrx_word' id='word_1_111' title='bbox 289 1537 438 1592; x_wconf 86' lang='lat' dir='ltr'><strong>nullo</strong></span> <span class='ocrx_word' id='word_1_112' title='bbox 460 1539 618 1592; x_wconf 88' lang='lat' dir='ltr'><strong>modo</strong></span> <span class='ocrx_word' id='word_1_113' title='bbox 637 1539 662 1592; x_wconf 73' lang='lat'><em>1</em></span> 
     </span>
    </p>
   </div>
   <div class='ocr_carea' id='block_1_15' title="bbox 357 1626 1870 1708">
    <p class='ocr_par' dir='ltr' id='par_1_15' title="bbox 357 1626 1870 1708">
     <span class='ocr_line' id='line_1_15' title="bbox 357 1626 1870 1708; baseline 0.008 -25"><span class='ocrx_word' id='word_1_114' title='bbox 357 1626 450 1683; x_wconf 72' lang='grc'><strong>25.</strong></span> <span class='ocrx_word' id='word_1_115' title='bbox 484 1627 666 1683; x_wconf 80' lang='lat' dir='ltr'><strong>Potest</strong></span> <span class='ocrx_word' id='word_1_116' title='bbox 705 1637 880 1685; x_wconf 87' lang='lat' dir='ltr'><strong>autem</strong></span> <span class='ocrx_word' id='word_1_117' title='bbox 925 1631 1030 1687; x_wconf 89' lang='lat' dir='ltr'><strong>dici</strong></span> <span class='ocrx_word' id='word_1_118' title='bbox 1069 1633 1209 1690; x_wconf 84' lang='lat' dir='ltr'><strong>Deus</strong></span> <span class='ocrx_word' id='word_1_119' title='bbox 1237 1635 1304 1690; x_wconf 90' lang='lat' dir='ltr'><strong>ab</strong></span> <span class='ocrx_word' id='word_1_120' title='bbox 1337 1636 1461 1700; x_wconf 89' lang='lat' dir='ltr'><strong>alio,</strong></span> <span class='ocrx_word' id='word_1_121' title='bbox 1496 1640 1679 1708; x_wconf 79' lang='lat' dir='ltr'><strong>quales</strong></span> <span class='ocrx_word' id='word_1_122' title='bbox 1709 1641 1870 1706; x_wconf 90' lang='lat' dir='ltr'><strong>estis,</strong></span> 
     </span>
    </p>
   </div>
   <div class='ocr_carea' id='block_1_16' title="bbox 292 1721 1870 1801">
    <p class='ocr_par' dir='ltr' id='par_1_16' title="bbox 292 1721 1870 1801">
     <span class='ocr_line' id='line_1_16' title="bbox 292 1721 1870 1801; baseline 0.011 -29"><span class='ocrx_word' id='word_1_123' title='bbox 292 1733 580 1787; x_wconf 86' lang='lat' dir='ltr'><strong>perverso,</strong></span> <span class='ocrx_word' id='word_1_124' title='bbox 631 1721 724 1777; x_wconf 86' lang='lat' dir='ltr'><strong>sed</strong></span> <span class='ocrx_word' id='word_1_125' title='bbox 765 1739 950 1780; x_wconf 84' lang='lat' dir='ltr'><strong>errore</strong></span> <span class='ocrx_word' id='word_1_126' title='bbox 992 1726 1237 1794; x_wconf 87' lang='lat' dir='ltr'><strong>diverso;</strong></span> <span class='ocrx_word' id='word_1_127' title='bbox 1287 1739 1462 1799; x_wconf 82' lang='lat' dir='ltr'><strong>potest</strong></span> <span class='ocrx_word' id='word_1_128' title='bbox 1505 1747 1722 1801; x_wconf 83' lang='lat' dir='ltr'><strong>prorsus</strong></span> <span class='ocrx_word' id='word_1_129' title='bbox 1768 1734 1870 1789; x_wconf 80' lang='lat' dir='ltr'><strong>diei</strong></span> 
     </span>
    </p>
   </div>
   <div class='ocr_carea' id='block_1_17' title="bbox 289 1809 1868 1889">
    <p class='ocr_par' dir='ltr' id='par_1_17' title="bbox 289 1809 1868 1889">
     <span class='ocr_line' id='line_1_17' title="bbox 289 1809 1868 1889; baseline 0.011 -26"><span class='ocrx_word' id='word_1_130' title='bbox 289 1809 450 1876; x_wconf 84' lang='lat' dir='ltr'><strong>Deus,</strong></span> <span class='ocrx_word' id='word_1_131' title='bbox 481 1813 622 1883; x_wconf 88' lang='lat' dir='ltr'><strong>quod</strong></span> <span class='ocrx_word' id='word_1_132' title='bbox 653 1829 750 1868; x_wconf 90' lang='lat' dir='ltr'><strong>nos</strong></span> <span class='ocrx_word' id='word_1_133' title='bbox 777 1818 978 1872; x_wconf 89' lang='lat' dir='ltr'><strong>sentire</strong></span> <span class='ocrx_word' id='word_1_134' title='bbox 1001 1818 1069 1874; x_wconf 91' lang='lat' dir='ltr'><strong>de</strong></span> <span class='ocrx_word' id='word_1_135' title='bbox 1096 1821 1327 1889; x_wconf 75' lang='lat' dir='ltr'><strong>parvulis</strong></span> <span class='ocrx_word' id='word_1_136' title='bbox 1353 1823 1503 1888; x_wconf 89' lang='lat' dir='ltr'><strong>dicis,</strong></span> <span class='ocrx_word' id='word_1_137' title='bbox 1542 1843 1560 1876; x_wconf 76' lang='grc' dir='ltr'><strong>ι</strong></span> <span class='ocrx_word' id='word_1_138' title='bbox 1584 1825 1648 1879; x_wconf 89' lang='lat' dir='ltr'><strong>ad</strong></span> <span class='ocrx_word' id='word_1_139' title='bbox 1674 1827 1868 1881; x_wconf 86' lang='lat' dir='ltr'><strong>inimici</strong></span> 
     </span>
    </p>
   </div>
   <div class='ocr_carea' id='block_1_18' title="bbox 285 1901 1866 1983">
    <p class='ocr_par' dir='ltr' id='par_1_18' title="bbox 285 1901 1866 1983">
     <span class='ocr_line' id='line_1_18' title="bbox 285 1901 1866 1983; baseline 0.009 -30"><span class='ocrx_word' id='word_1_140' title='bbox 285 1901 366 1953; x_wconf 86' lang='lat' dir='ltr'><strong>sui</strong></span> <span class='ocrx_word' id='word_1_141' title='bbox 401 1902 602 1957; x_wconf 85' lang='lat' dir='ltr'><strong>lucrum</strong></span> <span class='ocrx_word' id='word_1_142' title='bbox 631 1919 844 1975; x_wconf 83' lang='lat' dir='ltr'><strong>semper</strong></span> <span class='ocrx_word' id='word_1_143' title='bbox 869 1905 1198 1975; x_wconf 87' lang='lat' dir='ltr'><strong>industrius;</strong></span> <span class='ocrx_word' id='word_1_144' title='bbox 1228 1928 1246 1962; x_wconf 74' lang='grc' dir='ltr'><strong>ι</strong></span> <span class='ocrx_word' id='word_1_145' title='bbox 1282 1913 1402 1982; x_wconf 82' lang='lat' dir='ltr'><strong>quia</strong></span> <span class='ocrx_word' id='word_1_146' title='bbox 1425 1927 1519 1968; x_wconf 87' lang='lat' dir='ltr'><strong>eos</strong></span> <span class='ocrx_word' id='word_1_147' title='bbox 1541 1931 1674 1983; x_wconf 89' lang='lat' dir='ltr'><strong>quos</strong></span> <span class='ocrx_word' id='word_1_148' title='bbox 1703 1919 1866 1982; x_wconf 85' lang='lat' dir='ltr'><strong>novit,</strong></span> 
     </span>
    </p>
   </div>
   <div class='ocr_carea' id='block_1_19' title="bbox 292 1993 1870 2068">
    <p class='ocr_par' dir='ltr' id='par_1_19' title="bbox 292 1993 1870 2068">
     <span class='ocr_line' id='line_1_19' title="bbox 292 1993 1870 2068; baseline 0.008 -23"><span class='ocrx_word' id='word_1_149' title='bbox 292 2007 398 2047; x_wconf 86' lang='lat' dir='ltr'><strong>non</strong></span> <span class='ocrx_word' id='word_1_150' title='bbox 427 1993 492 2048; x_wconf 89' lang='lat' dir='ltr'><strong>ad</strong></span> <span class='ocrx_word' id='word_1_151' title='bbox 539 2003 750 2064; x_wconf 81' lang='lat' dir='ltr'><strong>tempus</strong></span> <span class='ocrx_word' id='word_1_152' title='bbox 795 1998 894 2051; x_wconf 87' lang='lat' dir='ltr'><strong>sub</strong></span> <span class='ocrx_word' id='word_1_153' title='bbox 936 1999 1147 2054; x_wconf 88' lang='lat' dir='ltr'><strong>diabolo</strong></span> <span class='ocrx_word' id='word_1_154' title='bbox 1191 2000 1434 2068; x_wconf 87' lang='lat' dir='ltr'><strong>futuros,</strong></span> <span class='ocrx_word' id='word_1_155' title='bbox 1485 2004 1580 2060; x_wconf 88' lang='lat' dir='ltr'><strong>sed</strong></span> <span class='ocrx_word' id='word_1_156' title='bbox 1627 2021 1746 2060; x_wconf 92' lang='lat' dir='ltr'><strong>cum</strong></span> <span class='ocrx_word' id='word_1_157' title='bbox 1781 2008 1870 2062; x_wconf 81' lang='lat' dir='ltr'><strong>illo</strong></span> 
     </span>
    </p>
   </div>
   <div class='ocr_carea' id='block_1_20' title="bbox 281 2087 1864 2163">
    <p class='ocr_par' dir='ltr' id='par_1_20' title="bbox 281 2087 1864 2163">
     <span class='ocr_line' id='line_1_20' title="bbox 281 2087 1864 2163; baseline 0.006 -25"><span class='ocrx_word' id='word_1_158' title='bbox 281 2097 496 2153; x_wconf 81' lang='lat' dir='ltr'><strong>semper</strong></span> <span class='ocrx_word' id='word_1_159' title='bbox 519 2100 760 2151; x_wconf 82' lang='lat' dir='ltr'><strong>arsuros,</strong></span> <span class='ocrx_word' id='word_1_160' title='bbox 793 2103 900 2142; x_wconf 89' lang='lat' dir='ltr'><strong>non</strong></span> <span class='ocrx_word' id='word_1_161' title='bbox 937 2087 1132 2144; x_wconf 81' lang='lat' dir='ltr'><strong>desinit</strong></span> <span class='ocrx_word' id='word_1_162' title='bbox 1161 2106 1364 2158; x_wconf 88' lang='lat' dir='ltr'><strong>creare,</strong></span> <span class='ocrx_word' id='word_1_163' title='bbox 1395 2096 1620 2163; x_wconf 89' lang='lat' dir='ltr'><strong>nutrire,</strong></span> <span class='ocrx_word' id='word_1_164' title='bbox 1647 2099 1864 2161; x_wconf 77' lang='lat' dir='ltr'><strong>vestire,</strong></span> 
     </span>
    </p>
   </div>
   <div class='ocr_carea' id='block_1_21' title="bbox 280 2177 1864 2256">
    <p class='ocr_par' dir='ltr' id='par_1_21' title="bbox 280 2177 1864 2256">
     <span class='ocr_line' id='line_1_21' title="bbox 280 2177 1864 2256; baseline 0.011 -27"><span class='ocrx_word' id='word_1_165' title='bbox 280 2177 466 2246; x_wconf 77' lang='lat' dir='ltr'><strong>eisque</strong></span> <span class='ocrx_word' id='word_1_166' title='bbox 515 2179 934 2247; x_wconf 85' lang='lat' dir='ltr'><strong>pertinacissima</strong></span> <span class='ocrx_word' id='word_1_167' title='bbox 989 2182 1264 2254; x_wconf 80' lang='lat' dir='ltr'><strong>iniquitate</strong></span> <span class='ocrx_word' id='word_1_168' title='bbox 1313 2192 1653 2256; x_wconf 81' lang='lat' dir='ltr'><strong>peccantibus</strong></span> <span class='ocrx_word' id='word_1_169' title='bbox 1703 2193 1864 2248; x_wconf 88' lang='lat' dir='ltr'><strong>vitam</strong></span> 
     </span>
    </p>
   </div>
   <div class='ocr_carea' id='block_1_22' title="bbox 279 2263 1866 2354">
    <p class='ocr_par' dir='ltr' id='par_1_22' title="bbox 279 2263 1866 2354">
     <span class='ocr_line' id='line_1_22' title="bbox 279 2263 1866 2354; baseline 0.013 -34"><span class='ocrx_word' id='word_1_170' title='bbox 279 2267 618 2338; x_wconf 85' lang='lat' dir='ltr'><strong>salutemque</strong></span> <span class='ocrx_word' id='word_1_171' title='bbox 645 2263 1066 2329; x_wconf 84' lang='lat' dir='ltr'><strong>subministrare.</strong></span> <span class='ocrx_word' id='word_1_172' title='bbox 1117 2274 1222 2330; x_wconf 88' lang='lat' dir='ltr'><strong>Sed</strong></span> <span class='ocrx_word' id='word_1_173' title='bbox 1263 2276 1387 2333; x_wconf 84' lang='lat' dir='ltr'><strong>facit</strong></span> <span class='ocrx_word' id='word_1_174' title='bbox 1431 2279 1532 2335; x_wconf 90' lang='lat' dir='ltr'><strong>hoc</strong></span> <span class='ocrx_word' id='word_1_175' title='bbox 1564 2283 1704 2338; x_wconf 89' lang='lat' dir='ltr'><strong>Deus</strong></span> <span class='ocrx_word' id='word_1_176' title='bbox 1729 2300 1866 2354; x_wconf 89' lang='lat' dir='ltr'><strong>quo-</strong></span> 
     </span>
    </p>
   </div>
   <div class='ocr_carea' id='block_1_23' title="bbox 276 2359 1861 2444">
    <p class='ocr_par' dir='ltr' id='par_1_23' title="bbox 276 2359 1861 2444">
     <span class='ocr_line' id='line_1_23' title="bbox 276 2359 1861 2444; baseline 0.013 -33"><span class='ocrx_word' id='word_1_177' title='bbox 276 2359 444 2414; x_wconf 85' lang='lat' dir='ltr'><strong>modo</strong></span> <span class='ocrx_word' id='word_1_178' title='bbox 481 2361 658 2416; x_wconf 85' lang='lat' dir='ltr'><strong>sciens</strong></span> <span class='ocrx_word' id='word_1_179' title='bbox 702 2361 840 2418; x_wconf 87' lang='lat' dir='ltr'><strong>bene</strong></span> <span class='ocrx_word' id='word_1_180' title='bbox 869 2365 941 2419; x_wconf 87' lang='lat' dir='ltr'><strong>uti</strong></span> <span class='ocrx_word' id='word_1_181' title='bbox 971 2375 1026 2420; x_wconf 91' lang='lat' dir='ltr'><strong>et</strong></span> <span class='ocrx_word' id='word_1_182' title='bbox 1055 2366 1210 2425; x_wconf 89' lang='lat' dir='ltr'><strong>bonis</strong></span> <span class='ocrx_word' id='word_1_183' title='bbox 1237 2379 1289 2423; x_wconf 92' lang='lat' dir='ltr'><strong>et</strong></span> <span class='ocrx_word' id='word_1_184' title='bbox 1315 2371 1503 2439; x_wconf 88' lang='lat' dir='ltr'><strong>malis;</strong></span> <span class='ocrx_word' id='word_1_185' title='bbox 1549 2374 1702 2444; x_wconf 84' lang='lat' dir='ltr'><strong>cujus</strong></span> <span class='ocrx_word' id='word_1_186' title='bbox 1745 2391 1861 2431; x_wconf 90' lang='lat' dir='ltr'><strong>ma-</strong></span> 
     </span>
    </p>
   </div>
   <div class='ocr_carea' id='block_1_24' title="bbox 273 2445 1860 2530">
    <p class='ocr_par' dir='ltr' id='par_1_24' title="bbox 273 2445 1860 2530">
     <span class='ocr_line' id='line_1_24' title="bbox 273 2445 1860 2530; baseline 0.014 -29"><span class='ocrx_word' id='word_1_187' title='bbox 273 2445 488 2514; x_wconf 82' lang='lat' dir='ltr'><strong>jestatis</strong></span> <span class='ocrx_word' id='word_1_188' title='bbox 509 2449 711 2516; x_wconf 87' lang='lat' dir='ltr'><strong>usibus,</strong></span> <span class='ocrx_word' id='word_1_189' title='bbox 743 2468 848 2508; x_wconf 89' lang='lat' dir='ltr'><strong>non</strong></span> <span class='ocrx_word' id='word_1_190' title='bbox 880 2455 1052 2510; x_wconf 86' lang='lat' dir='ltr'><strong>solum</strong></span> <span class='ocrx_word' id='word_1_191' title='bbox 1093 2473 1185 2514; x_wconf 92' lang='lat' dir='ltr'><strong>eos</strong></span> <span class='ocrx_word' id='word_1_192' title='bbox 1215 2473 1350 2529; x_wconf 90' lang='lat' dir='ltr'><strong>quos</strong></span> <span class='ocrx_word' id='word_1_193' title='bbox 1381 2464 1573 2530; x_wconf 88' lang='lat' dir='ltr'><strong>premit</strong></span> <span class='ocrx_word' id='word_1_194' title='bbox 1597 2475 1688 2520; x_wconf 89' lang='lat' dir='ltr'><strong>aut</strong></span> <span class='ocrx_word' id='word_1_195' title='bbox 1715 2467 1860 2522; x_wconf 89' lang='lat' dir='ltr'><strong>deci-</strong></span> 
     </span>
    </p>
   </div>
   <div class='ocr_carea' id='block_1_25' title="bbox 276 2537 1862 2618">
    <p class='ocr_par' dir='ltr' id='par_1_25' title="bbox 276 2537 1862 2618">
     <span class='ocr_line' id='line_1_25' title="bbox 276 2537 1862 2618; baseline 0.016 -29"><span class='ocrx_word' id='word_1_196' title='bbox 276 2537 374 2606; x_wconf 88' lang='lat' dir='ltr'><strong>pit,</strong></span> <span class='ocrx_word' id='word_1_197' title='bbox 397 2537 492 2592; x_wconf 89' lang='lat' dir='ltr'><strong>sed</strong></span> <span class='ocrx_word' id='word_1_198' title='bbox 522 2555 621 2595; x_wconf 82' lang='lat' dir='ltr'><strong>nec</strong></span> <span class='ocrx_word' id='word_1_199' title='bbox 644 2555 702 2596; x_wconf 87' lang='lat' dir='ltr'><strong>se</strong></span> <span class='ocrx_word' id='word_1_200' title='bbox 723 2543 893 2612; x_wconf 89' lang='lat' dir='ltr'><strong>ipsum</strong></span> <span class='ocrx_word' id='word_1_201' title='bbox 926 2547 1268 2618; x_wconf 81' lang='lat' dir='ltr'><strong>malignitatis</strong></span> <span class='ocrx_word' id='word_1_202' title='bbox 1295 2552 1452 2606; x_wconf 88' lang='lat' dir='ltr'><strong>ullius</strong></span> <span class='ocrx_word' id='word_1_203' title='bbox 1476 2563 1592 2611; x_wconf 88' lang='lat' dir='ltr'><strong>arte</strong></span> <span class='ocrx_word' id='word_1_204' title='bbox 1619 2556 1862 2614; x_wconf 80' lang='lat' dir='ltr'><strong>diabolus</strong></span> 
     </span>
    </p>
   </div>
   <div class='ocr_carea' id='block_1_26' title="bbox 279 2629 1858 2722">
    <p class='ocr_par' dir='ltr' id='par_1_26' title="bbox 279 2629 1858 2722">
     <span class='ocr_line' id='line_1_26' title="bbox 279 2629 1858 2722; baseline 0.016 -40"><span class='ocrx_word' id='word_1_205' title='bbox 279 2629 561 2684; x_wconf 72' lang='lat' dir='ltr'><strong>subtrahit.</strong></span> <span class='ocrx_word' id='word_1_206' title='bbox 587 2633 666 2686; x_wconf 83' lang='lat' dir='ltr'><strong>Ac</strong></span> <span class='ocrx_word' id='word_1_207' title='bbox 698 2650 791 2702; x_wconf 81' lang='lat' dir='ltr'><strong>per</strong></span> <span class='ocrx_word' id='word_1_208' title='bbox 815 2636 918 2692; x_wconf 87' lang='lat' dir='ltr'><strong>hoc</strong></span> <span class='ocrx_word' id='word_1_209' title='bbox 943 2653 1047 2693; x_wconf 91' lang='lat' dir='ltr'><strong>non</strong></span> <span class='ocrx_word' id='word_1_210' title='bbox 1079 2645 1344 2711; x_wconf 86' lang='lat' dir='ltr'><strong>pertinent</strong></span> <span class='ocrx_word' id='word_1_211' title='bbox 1365 2646 1430 2700; x_wconf 90' lang='lat' dir='ltr'><strong>ad</strong></span> <span class='ocrx_word' id='word_1_212' title='bbox 1456 2648 1744 2716; x_wconf 88' lang='lat' dir='ltr'><strong>diabolum,</strong></span> <span class='ocrx_word' id='word_1_213' title='bbox 1768 2657 1858 2722; x_wconf 86' lang='lat' dir='ltr'><strong>qui</strong></span> 
     </span>
    </p>
   </div>
   <div class='ocr_carea' id='block_1_27' title="bbox 277 2721 1858 2812">
    <p class='ocr_par' dir='ltr' id='par_1_27' title="bbox 277 2721 1858 2812">
     <span class='ocr_line' id='line_1_27' title="bbox 277 2721 1858 2812; baseline 0.017 -41"><span class='ocrx_word' id='word_1_214' title='bbox 277 2728 536 2774; x_wconf 88' lang='lat' dir='ltr'><strong>eruuntur</strong></span> <span class='ocrx_word' id='word_1_215' title='bbox 557 2721 626 2778; x_wconf 88' lang='lat' dir='ltr'><strong>de</strong></span> <span class='ocrx_word' id='word_1_216' title='bbox 656 2723 850 2780; x_wconf 88' lang='lat' dir='ltr'><strong>diaboli</strong></span> <span class='ocrx_word' id='word_1_217' title='bbox 881 2739 1179 2797; x_wconf 77' lang='lat' dir='ltr'><strong>potestate:</strong></span> <span class='ocrx_word' id='word_1_218' title='bbox 1205 2735 1293 2803; x_wconf 91' lang='lat' dir='ltr'><strong>qui</strong></span> <span class='ocrx_word' id='word_1_219' title='bbox 1331 2751 1460 2791; x_wconf 88' lang='lat' dir='ltr'><strong>vero</strong></span> <span class='ocrx_word' id='word_1_220' title='bbox 1489 2739 1554 2792; x_wconf 87' lang='lat' dir='ltr'><strong>ad</strong></span> <span class='ocrx_word' id='word_1_221' title='bbox 1583 2755 1700 2794; x_wconf 92' lang='lat' dir='ltr'><strong>eum</strong></span> <span class='ocrx_word' id='word_1_222' title='bbox 1734 2721 1858 2812; x_wconf 86' lang='lat' dir='ltr'><strong>per-</strong></span> 
     </span>
    </p>
   </div>
   <div class='ocr_carea' id='block_1_28' title="bbox 275 2809 1481 2895">
    <p class='ocr_par' dir='ltr' id='par_1_28' title="bbox 275 2809 1481 2895">
     <span class='ocr_line' id='line_1_28' title="bbox 275 2809 1481 2895; baseline 0.018 -33"><span class='ocrx_word' id='word_1_223' title='bbox 275 2809 464 2874; x_wconf 79' lang='lat' dir='ltr'><strong>tinent,</strong></span> <span class='ocrx_word' id='word_1_224' title='bbox 497 2813 548 2867; x_wconf 90' lang='lat' dir='ltr'><strong>in</strong></span> <span class='ocrx_word' id='word_1_225' title='bbox 580 2815 690 2878; x_wconf 90' lang='lat' dir='ltr'><strong>Dei,</strong></span> <span class='ocrx_word' id='word_1_226' title='bbox 721 2817 859 2872; x_wconf 90' lang='lat' dir='ltr'><strong>sicut</strong></span> <span class='ocrx_word' id='word_1_227' title='bbox 886 2819 1019 2890; x_wconf 90' lang='lat' dir='ltr'><strong>ipse,</strong></span> <span class='ocrx_word' id='word_1_228' title='bbox 1048 2833 1170 2878; x_wconf 90' lang='lat' dir='ltr'><strong>sunt</strong></span> <span class='ocrx_word' id='word_1_229' title='bbox 1199 2836 1481 2895; x_wconf 85' lang='lat' dir='ltr'><strong>potestate.</strong></span> 
     </span>
    </p>
   </div>
   <div class='ocr_carea' id='block_1_29' title="bbox 343 2899 1856 2983">
    <p class='ocr_par' dir='ltr' id='par_1_29' title="bbox 343 2899 1856 2983">
     <span class='ocr_line' id='line_1_29' title="bbox 343 2899 1856 2983; baseline 0.017 -28"><span class='ocrx_word' id='word_1_230' title='bbox 343 2899 432 2956; x_wconf 74' lang='grc'><strong>26.</strong></span> <span class='ocrx_word' id='word_1_231' title='bbox 457 2903 624 2970; x_wconf 89' lang='lat' dir='ltr'><strong>Quam</strong></span> <span class='ocrx_word' id='word_1_232' title='bbox 649 2922 840 2962; x_wconf 85' lang='lat' dir='ltr'><strong>vanum</strong></span> <span class='ocrx_word' id='word_1_233' title='bbox 864 2919 944 2965; x_wconf 89' lang='lat' dir='ltr'><strong>est</strong></span> <span class='ocrx_word' id='word_1_234' title='bbox 969 2912 1150 2982; x_wconf 80' lang='lat' dir='ltr'><strong>igitur,</strong></span> <span class='ocrx_word' id='word_1_235' title='bbox 1178 2917 1315 2983; x_wconf 84' lang='lat' dir='ltr'><strong>quod</strong></span> <span class='ocrx_word' id='word_1_236' title='bbox 1343 2921 1552 2976; x_wconf 90' lang='lat' dir='ltr'><strong>acutule</strong></span> <span class='ocrx_word' id='word_1_237' title='bbox 1582 2931 1632 2978; x_wconf 86' lang='lat' dir='ltr'><strong>te</strong></span> <span class='ocrx_word' id='word_1_238' title='bbox 1657 2921 1856 2981; x_wconf 82' lang='lat' dir='ltr'><strong>dixisse</strong></span> 
     </span>
    </p>
   </div>
   <div class='ocr_carea' id='block_1_30' title="bbox 269 2989 1855 3071">
    <p class='ocr_par' dir='ltr' id='par_1_30' title="bbox 269 2989 1855 3071">
     <span class='ocr_line' id='line_1_30' title="bbox 269 2989 1855 3071; baseline 0.018 -29"><span class='ocrx_word' id='word_1_239' title='bbox 269 2989 582 3060; x_wconf 82' lang='lat' dir='ltr'><strong>arbitraris,</strong></span> <span class='ocrx_word' id='word_1_240' title='bbox 623 2998 772 3064; x_wconf 86' lang='lat' dir='ltr'><strong>quasi</strong></span> <span class='ocrx_word' id='word_1_241' title='bbox 817 3013 1156 3071; x_wconf 80' lang='lat' dir='ltr'><strong>asseramus,</strong></span> <span class='ocrx_word' id='word_1_242' title='bbox 1208 3005 1353 3063; x_wconf 70' lang='lat' dir='ltr'><strong>«hoc</strong></span> <span class='ocrx_word' id='word_1_243' title='bbox 1399 3011 1536 3065; x_wconf 90' lang='lat' dir='ltr'><strong>inter</strong></span> <span class='ocrx_word' id='word_1_244' title='bbox 1578 3029 1637 3067; x_wconf 91' lang='lat' dir='ltr'><strong>se</strong></span> <span class='ocrx_word' id='word_1_245' title='bbox 1681 3014 1855 3070; x_wconf 86' lang='lat' dir='ltr'><strong>foedus</strong></span> 
     </span>
    </p>
   </div>
   <div class='ocr_carea' id='block_1_31' title="bbox 269 3081 1850 3172">
    <p class='ocr_par' dir='ltr' id='par_1_31' title="bbox 269 3081 1850 3172">
     <span class='ocr_line' id='line_1_31' title="bbox 269 3081 1850 3172; baseline 0.016 -36"><span class='ocrx_word' id='word_1_246' title='bbox 269 3081 458 3138; x_wconf 80' lang='lat' dir='ltr'><strong>iniisse</strong></span> <span class='ocrx_word' id='word_1_247' title='bbox 483 3084 752 3142; x_wconf 87' lang='lat' dir='ltr'><strong>diabolum</strong></span> <span class='ocrx_word' id='word_1_248' title='bbox 780 3101 834 3144; x_wconf 92' lang='lat' dir='ltr'><strong>et</strong></span> <span class='ocrx_word' id='word_1_249' title='bbox 867 3093 1030 3148; x_wconf 90' lang='lat' dir='ltr'><strong>Deum</strong></span> <span class='ocrx_word' id='word_1_250' title='bbox 1057 3135 1070 3159; x_wconf 93' lang='lat'><strong>,</strong></span> <span class='ocrx_word' id='word_1_251' title='bbox 1118 3105 1177 3149; x_wconf 86' lang='lat' dir='ltr'><strong>ut</strong></span> <span class='ocrx_word' id='word_1_252' title='bbox 1205 3099 1460 3169; x_wconf 87' lang='lat' dir='ltr'><strong>quidquid</strong></span> <span class='ocrx_word' id='word_1_253' title='bbox 1490 3103 1850 3172; x_wconf 89' lang='lat' dir='ltr'><strong>perfunditur,</strong></span> 
     </span>
    </p>
   </div>
   <div class='ocr_carea' id='block_1_32' title="bbox 267 3173 1852 3253">
    <p class='ocr_par' dir='ltr' id='par_1_32' title="bbox 267 3173 1852 3253">
     <span class='ocr_line' id='line_1_32' title="bbox 267 3173 1852 3253; baseline 0.016 -26"><span class='ocrx_word' id='word_1_254' title='bbox 267 3173 450 3240; x_wconf 83' lang='lat' dir='ltr'><strong>Deus;</strong></span> <span class='ocrx_word' id='word_1_255' title='bbox 499 3177 750 3248; x_wconf 86' lang='lat' dir='ltr'><strong>quidquid</strong></span> <span class='ocrx_word' id='word_1_256' title='bbox 783 3185 1052 3253; x_wconf 89' lang='lat' dir='ltr'><strong>nascitur,</strong></span> <span class='ocrx_word' id='word_1_257' title='bbox 1093 3187 1334 3245; x_wconf 81' lang='lat' dir='ltr'><strong>diabolus</strong></span> <span class='ocrx_word' id='word_1_258' title='bbox 1364 3193 1462 3246; x_wconf 88' lang='lat' dir='ltr'><strong>sibi</strong></span> <span class='ocrx_word' id='word_1_259' title='bbox 1497 3195 1726 3251; x_wconf 84' lang='lat' dir='ltr'><strong>vindicet</strong></span> <span class='ocrx_word' id='word_1_260' title='bbox 1751 3215 1764 3250; x_wconf 90' lang='lat'><strong>:</strong></span> <span class='ocrx_word' id='word_1_261' title='bbox 1790 3215 1852 3253; x_wconf 85' lang='lat' dir='ltr'><strong>ea</strong></span> 
     </span>
    </p>
   </div>
   <div class='ocr_carea' id='block_1_33' title="bbox 267 3270 1850 3352">
    <p class='ocr_par' dir='ltr' id='par_1_33' title="bbox 267 3270 1850 3352">
     <span class='ocr_line' id='line_1_33' title="bbox 267 3270 1850 3352; baseline 0.017 -33"><span class='ocrx_word' id='word_1_262' title='bbox 267 3273 448 3322; x_wconf 84' lang='lat' dir='ltr'><strong>tamen</strong></span> <span class='ocrx_word' id='word_1_263' title='bbox 487 3270 623 3340; x_wconf 84' lang='lat' dir='ltr'><strong>lege,</strong></span> <span class='ocrx_word' id='word_1_264' title='bbox 651 3291 670 3325; x_wconf 72' lang='grc' dir='ltr'><strong>ι</strong></span> <span class='ocrx_word' id='word_1_265' title='bbox 714 3275 846 3329; x_wconf 90' lang='lat' dir='ltr'><strong>sicut</strong></span> <span class='ocrx_word' id='word_1_266' title='bbox 873 3275 1026 3345; x_wconf 89' lang='lat' dir='ltr'><strong>dicis,</strong></span> <span class='ocrx_word' id='word_1_267' title='bbox 1073 3299 1092 3331; x_wconf 74' lang='grc' dir='ltr'><strong>ι</strong></span> <span class='ocrx_word' id='word_1_268' title='bbox 1124 3291 1180 3335; x_wconf 86' lang='grc' dir='ltr'><strong>ιιι</strong></span> <span class='ocrx_word' id='word_1_269' title='bbox 1209 3283 1373 3352; x_wconf 86' lang='lat' dir='ltr'><strong>ipsam</strong></span> <span class='ocrx_word' id='word_1_270' title='bbox 1418 3289 1850 3346; x_wconf 73' lang='lat' dir='ltr'><strong>commixtionem</strong></span> 
     </span>
    </p>
   </div>
   <div class='ocr_carea' id='block_1_34' title="bbox 266 3362 1852 3439">
    <p class='ocr_par' dir='ltr' id='par_1_34' title="bbox 266 3362 1852 3439">
     <span class='ocr_line' id='line_1_34' title="bbox 266 3362 1852 3439; baseline 0.018 -28"><span class='ocrx_word' id='word_1_271' title='bbox 266 3372 428 3427; x_wconf 83' lang='lat' dir='ltr'><strong>quam</strong></span> <span class='ocrx_word' id='word_1_272' title='bbox 453 3362 699 3420; x_wconf 77' lang='lat' dir='ltr'><strong>diabolus</strong></span> <span class='ocrx_word' id='word_1_273' title='bbox 727 3368 986 3436; x_wconf 89' lang='lat' dir='ltr'><strong>instituit,</strong></span> <span class='ocrx_word' id='word_1_274' title='bbox 1018 3371 1159 3428; x_wconf 88' lang='lat' dir='ltr'><strong>Deus</strong></span> <span class='ocrx_word' id='word_1_275' title='bbox 1187 3376 1414 3432; x_wconf 86' lang='lat' dir='ltr'><strong>obnoxia</strong></span> <span class='ocrx_word' id='word_1_276' title='bbox 1446 3379 1638 3436; x_wconf 87' lang='lat' dir='ltr'><strong>virtute</strong></span> <span class='ocrx_word' id='word_1_277' title='bbox 1668 3381 1852 3439; x_wconf 88' lang='lat' dir='ltr'><strong>fecun-</strong></span> 
     </span>
    </p>
   </div>
   <div class='ocr_carea' id='block_1_35' title="bbox 265 3447 1846 3544">
    <p class='ocr_par' dir='ltr' id='par_1_35' title="bbox 265 3447 1846 3544">
     <span class='ocr_line' id='line_1_35' title="bbox 265 3447 1846 3544; baseline 0.015 -40"><span class='ocrx_word' id='word_1_278' title='bbox 265 3447 402 3505; x_wconf 75' lang='lat' dir='ltr'><strong>det?</strong></span> <span class='ocrx_word' id='word_1_279' title='bbox 431 3469 452 3504; x_wconf 76' lang='grc' dir='ltr'><strong>ι</strong></span> <span class='ocrx_word' id='word_1_280' title='bbox 483 3453 711 3510; x_wconf 90' lang='lat' dir='ltr'><strong>Prorsus</strong></span> <span class='ocrx_word' id='word_1_281' title='bbox 741 3473 837 3514; x_wconf 92' lang='lat' dir='ltr'><strong>nec</strong></span> <span class='ocrx_word' id='word_1_282' title='bbox 865 3461 1092 3517; x_wconf 88' lang='lat' dir='ltr'><strong>instituit</strong></span> <span class='ocrx_word' id='word_1_283' title='bbox 1120 3465 1362 3522; x_wconf 83' lang='lat' dir='ltr'><strong>diabolus</strong></span> <span class='ocrx_word' id='word_1_284' title='bbox 1391 3473 1846 3544; x_wconf 85' lang='lat' dir='ltr'><strong>commixtionem,</strong></span> 
     </span>
    </p>
   </div>
   <div class='ocr_carea' id='block_1_36' title="bbox 263 3543 1850 3630">
    <p class='ocr_par' dir='ltr' id='par_1_36' title="bbox 263 3543 1850 3630">
     <span class='ocr_line' id='line_1_36' title="bbox 263 3543 1850 3630; baseline 0.018 -37"><span class='ocrx_word' id='word_1_285' title='bbox 263 3543 516 3610; x_wconf 80' lang='lat' dir='ltr'><strong>quoniam</strong></span> <span class='ocrx_word' id='word_1_286' title='bbox 544 3557 686 3602; x_wconf 90' lang='lat' dir='ltr'><strong>esset</strong></span> <span class='ocrx_word' id='word_1_287' title='bbox 712 3557 766 3603; x_wconf 90' lang='lat' dir='ltr'><strong>et</strong></span> <span class='ocrx_word' id='word_1_288' title='bbox 794 3551 836 3604; x_wconf 92' lang='lat' dir='ltr'><strong>si</strong></span> <span class='ocrx_word' id='word_1_289' title='bbox 866 3567 1022 3608; x_wconf 90' lang='lat' dir='ltr'><strong>nemo</strong></span> <span class='ocrx_word' id='word_1_290' title='bbox 1048 3569 1351 3625; x_wconf 89' lang='lat' dir='ltr'><strong>peccasset;</strong></span> <span class='ocrx_word' id='word_1_291' title='bbox 1385 3563 1477 3615; x_wconf 88' lang='lat' dir='ltr'><strong>sed</strong></span> <span class='ocrx_word' id='word_1_292' title='bbox 1509 3563 1576 3616; x_wconf 88' lang='lat' dir='ltr'><strong>ita</strong></span> <span class='ocrx_word' id='word_1_293' title='bbox 1605 3575 1768 3630; x_wconf 90' lang='lat' dir='ltr'><strong>esset,</strong></span> <span class='ocrx_word' id='word_1_294' title='bbox 1792 3576 1850 3622; x_wconf 92' lang='lat' dir='ltr'><strong>ut</strong></span> 
     </span>
    </p>
   </div>
   <div class='ocr_carea' id='block_1_37' title="bbox 265 3632 1846 3722">
    <p class='ocr_par' dir='ltr' id='par_1_37' title="bbox 265 3632 1846 3722">
     <span class='ocr_line' id='line_1_37' title="bbox 265 3632 1846 3722; baseline 0.017 -37"><span class='ocrx_word' id='word_1_295' title='bbox 265 3638 352 3686; x_wconf 88' lang='lat' dir='ltr'><strong>tua</strong></span> <span class='ocrx_word' id='word_1_296' title='bbox 400 3632 474 3689; x_wconf 85' lang='lat' dir='ltr'><strong>ibi</strong></span> <span class='ocrx_word' id='word_1_297' title='bbox 517 3647 763 3708; x_wconf 87' lang='lat' dir='ltr'><strong>suscepta</strong></span> <span class='ocrx_word' id='word_1_298' title='bbox 803 3641 890 3696; x_wconf 87' lang='lat' dir='ltr'><strong>vel</strong></span> <span class='ocrx_word' id='word_1_299' title='bbox 934 3645 1074 3698; x_wconf 91' lang='lat' dir='ltr'><strong>nulla</strong></span> <span class='ocrx_word' id='word_1_300' title='bbox 1122 3657 1284 3714; x_wconf 79' lang='lat' dir='ltr'><strong>esset,</strong></span> <span class='ocrx_word' id='word_1_301' title='bbox 1334 3650 1414 3704; x_wconf 91' lang='lat' dir='ltr'><strong>vel</strong></span> <span class='ocrx_word' id='word_1_302' title='bbox 1461 3649 1694 3722; x_wconf 89' lang='lat' dir='ltr'><strong>inquieta</strong></span> <span class='ocrx_word' id='word_1_303' title='bbox 1739 3671 1846 3713; x_wconf 90' lang='lat' dir='ltr'><strong>non</strong></span> 
     </span>
    </p>
   </div>
   <div class='ocr_carea' id='block_1_38' title="bbox 261 3729 1845 3817">
    <p class='ocr_par' dir='ltr' id='par_1_38' title="bbox 261 3729 1845 3817">
     <span class='ocr_line' id='line_1_38' title="bbox 261 3729 1845 3817; baseline 0.018 -40"><span class='ocrx_word' id='word_1_304' title='bbox 261 3735 446 3780; x_wconf 83' lang='lat' dir='ltr'><strong>esset:</strong></span> <span class='ocrx_word' id='word_1_305' title='bbox 471 3743 570 3784; x_wconf 90' lang='lat' dir='ltr'><strong>nec</strong></span> <span class='ocrx_word' id='word_1_306' title='bbox 593 3729 820 3787; x_wconf 82' lang='lat' dir='ltr'><strong>obnoxia</strong></span> <span class='ocrx_word' id='word_1_307' title='bbox 861 3737 1088 3803; x_wconf 89' lang='lat' dir='ltr'><strong>virtute,</strong></span> <span class='ocrx_word' id='word_1_308' title='bbox 1121 3739 1214 3794; x_wconf 86' lang='lat' dir='ltr'><strong>sed</strong></span> <span class='ocrx_word' id='word_1_309' title='bbox 1247 3739 1413 3798; x_wconf 86' lang='lat' dir='ltr'><strong>libera</strong></span> <span class='ocrx_word' id='word_1_310' title='bbox 1442 3753 1496 3799; x_wconf 91' lang='lat' dir='ltr'><strong>et</strong></span> <span class='ocrx_word' id='word_1_311' title='bbox 1533 3749 1845 3817; x_wconf 87' lang='lat' dir='ltr'><strong>potentissi-</strong></span> 
     </span>
    </p>
   </div>
   <div class='ocr_carea' id='block_1_39' title="bbox 262 3815 1844 3899">
    <p class='ocr_par' dir='ltr' id='par_1_39' title="bbox 262 3815 1844 3899">
     <span class='ocr_line' id='line_1_39' title="bbox 262 3815 1844 3899; baseline 0.018 -32"><span class='ocrx_word' id='word_1_312' title='bbox 262 3829 348 3868; x_wconf 85' lang='lat' dir='ltr'><strong>ma</strong></span> <span class='ocrx_word' id='word_1_313' title='bbox 397 3815 536 3872; x_wconf 86' lang='lat' dir='ltr'><strong>Deus</strong></span> <span class='ocrx_word' id='word_1_314' title='bbox 582 3821 828 3878; x_wconf 88' lang='lat' dir='ltr'><strong>fecundat</strong></span> <span class='ocrx_word' id='word_1_315' title='bbox 873 3835 1054 3883; x_wconf 87' lang='lat' dir='ltr'><strong>uteros</strong></span> <span class='ocrx_word' id='word_1_316' title='bbox 1099 3826 1454 3899; x_wconf 79' lang='lat' dir='ltr'><strong>feminarum,</strong></span> <span class='ocrx_word' id='word_1_317' title='bbox 1508 3815 1670 3892; x_wconf 73' lang='lat' dir='ltr'><strong>etiam</strong></span> <span class='ocrx_word' id='word_1_318' title='bbox 1717 3854 1844 3896; x_wconf 90' lang='lat' dir='ltr'><strong>vasa</strong></span> 
     </span>
    </p>
   </div>
   <div class='ocr_carea' id='block_1_40' title="bbox 259 3905 1842 3997">
    <p class='ocr_par' dir='ltr' id='par_1_40' title="bbox 259 3905 1842 3997">
     <span class='ocr_line' id='line_1_40' title="bbox 259 3905 1842 3997; baseline 0.016 -37"><span class='ocrx_word' id='word_1_319' title='bbox 259 3905 518 3964; x_wconf 81' lang='lat' dir='ltr'><strong>diabolica</strong></span> <span class='ocrx_word' id='word_1_320' title='bbox 547 3912 834 3980; x_wconf 86' lang='lat' dir='ltr'><strong>parituros.</strong></span> <span class='ocrx_word' id='word_1_321' title='bbox 865 3915 1011 3973; x_wconf 80' lang='lat' dir='ltr'><strong>Sicut</strong></span> <span class='ocrx_word' id='word_1_322' title='bbox 1039 3919 1178 3984; x_wconf 86' lang='lat' dir='ltr'><strong>enim</strong></span> <span class='ocrx_word' id='word_1_323' title='bbox 1217 3920 1520 3980; x_wconf 82' lang='lat' dir='ltr'><strong>hominibus</strong></span> <span class='ocrx_word' id='word_1_324' title='bbox 1547 3927 1699 3983; x_wconf 88' lang='lat' dir='ltr'><strong>malis</strong></span> <span class='ocrx_word' id='word_1_325' title='bbox 1722 3970 1737 3997; x_wconf 90' lang='lat'><strong>,</strong></span> <span class='ocrx_word' id='word_1_326' title='bbox 1771 3931 1842 3986; x_wconf 84' lang='lat' dir='ltr'><strong>ita</strong></span> 
     </span>
    </p>
   </div>
   <div class='ocr_carea' id='block_1_41' title="bbox 255 3999 1844 4085">
    <p class='ocr_par' dir='ltr' id='par_1_41' title="bbox 255 3999 1844 4085">
     <span class='ocr_line' id='line_1_41' title="bbox 255 3999 1844 4085; baseline 0.016 -31"><span class='ocrx_word' id='word_1_327' title='bbox 255 4009 316 4054; x_wconf 82' lang='lat' dir='ltr'><strong>et</strong></span> <span class='ocrx_word' id='word_1_328' title='bbox 343 3999 633 4058; x_wconf 86' lang='lat' dir='ltr'><strong>seminibus</strong></span> <span class='ocrx_word' id='word_1_329' title='bbox 653 4020 718 4060; x_wconf 80' lang='lat' dir='ltr'><strong>ex</strong></span> <span class='ocrx_word' id='word_1_330' title='bbox 744 4007 946 4078; x_wconf 87' lang='lat' dir='ltr'><strong>origine</strong></span> <span class='ocrx_word' id='word_1_331' title='bbox 971 4010 1189 4072; x_wconf 72' lang='lat' dir='ltr'><strong>vitiatis.</strong></span> <span class='ocrx_word' id='word_1_332' title='bbox 1215 4012 1268 4067; x_wconf 91' lang='lat' dir='ltr'><strong>in</strong></span> <span class='ocrx_word' id='word_1_333' title='bbox 1291 4015 1482 4085; x_wconf 88' lang='lat' dir='ltr'><strong>quibus</strong></span> <span class='ocrx_word' id='word_1_334' title='bbox 1508 4017 1644 4074; x_wconf 88' lang='lat' dir='ltr'><strong>bona</strong></span> <span class='ocrx_word' id='word_1_335' title='bbox 1674 4031 1755 4076; x_wconf 88' lang='lat' dir='ltr'><strong>est</strong></span> <span class='ocrx_word' id='word_1_336' title='bbox 1776 4023 1844 4080; x_wconf 90' lang='lat' dir='ltr'><strong>ab</strong></span> 
     </span>
    </p>
   </div>
   <div class='ocr_carea' id='block_1_42' title="bbox 255 4085 1837 4182">
    <p class='ocr_par' dir='ltr' id='par_1_42' title="bbox 255 4085 1837 4182">
     <span class='ocr_line' id='line_1_42' title="bbox 255 4085 1837 4182; baseline 0.016 -38"><span class='ocrx_word' id='word_1_337' title='bbox 255 4085 352 4144; x_wconf 81' lang='lat' dir='ltr'><strong>illo</strong></span> <span class='ocrx_word' id='word_1_338' title='bbox 379 4106 556 4148; x_wconf 83' lang='lat' dir='ltr'><strong>creata</strong></span> <span class='ocrx_word' id='word_1_339' title='bbox 585 4097 899 4164; x_wconf 86' lang='lat' dir='ltr'><strong>substantia,</strong></span> <span class='ocrx_word' id='word_1_340' title='bbox 933 4099 1342 4172; x_wconf 89' lang='lat' dir='ltr'><strong>incrementum,</strong></span> <span class='ocrx_word' id='word_1_341' title='bbox 1376 4107 1622 4179; x_wconf 87' lang='lat' dir='ltr'><strong>formam,</strong></span> <span class='ocrx_word' id='word_1_342' title='bbox 1655 4113 1837 4182; x_wconf 86' lang='lat' dir='ltr'><strong>vitam,</strong></span> 
     </span>
    </p>
   </div>
   <div class='ocr_carea' id='block_1_43' title="bbox 253 4183 1840 4264">
    <p class='ocr_par' dir='ltr' id='par_1_43' title="bbox 253 4183 1840 4264">
     <span class='ocr_line' id='line_1_43' title="bbox 253 4183 1840 4264; baseline 0.016 -28"><span class='ocrx_word' id='word_1_343' title='bbox 253 4183 590 4257; x_wconf 75' lang='lat' dir='ltr'><strong>salutemque</strong></span> <span class='ocrx_word' id='word_1_344' title='bbox 615 4187 836 4258; x_wconf 79' lang='lat' dir='ltr'><strong>largitur</strong></span> <span class='ocrx_word' id='word_1_345' title='bbox 862 4193 1088 4263; x_wconf 85' lang='lat' dir='ltr'><strong>gratuita</strong></span> <span class='ocrx_word' id='word_1_346' title='bbox 1126 4195 1382 4264; x_wconf 89' lang='lat' dir='ltr'><strong>bonitate,</strong></span> <span class='ocrx_word' id='word_1_347' title='bbox 1415 4199 1556 4255; x_wconf 86' lang='lat' dir='ltr'><strong>nulla</strong></span> <span class='ocrx_word' id='word_1_348' title='bbox 1603 4205 1840 4260; x_wconf 89' lang='lat' dir='ltr'><strong>necessi-</strong></span> 
     </span>
    </p>
   </div>
   <div class='ocr_carea' id='block_1_44' title="bbox 255 4273 1834 4356">
    <p class='ocr_par' dir='ltr' id='par_1_44' title="bbox 255 4273 1834 4356">
     <span class='ocr_line' id='line_1_44' title="bbox 255 4273 1834 4356; baseline 0.013 -31"><span class='ocrx_word' id='word_1_349' title='bbox 255 4279 386 4337; x_wconf 85' lang='lat' dir='ltr'><strong>tate.</strong></span> <span class='ocrx_word' id='word_1_350' title='bbox 417 4273 762 4346; x_wconf 84' lang='lat' dir='ltr'><strong>insuperabili</strong></span> <span class='ocrx_word' id='word_1_351' title='bbox 795 4289 1073 4350; x_wconf 87' lang='lat' dir='ltr'><strong>potestate,</strong></span> <span class='ocrx_word' id='word_1_352' title='bbox 1103 4283 1560 4356; x_wconf 86' lang='lat' dir='ltr'><strong>irreprehensibili</strong></span> <span class='ocrx_word' id='word_1_353' title='bbox 1594 4294 1834 4350; x_wconf 78' lang='lat' dir='ltr'><strong>veritate.</strong></span> 
     </span>
    </p>
   </div>
   <div class='ocr_carea' id='block_1_45' title="bbox 253 4361 1838 4456">
    <p class='ocr_par' dir='ltr' id='par_1_45' title="bbox 253 4361 1838 4456">
     <span class='ocr_line' id='line_1_45' title="bbox 253 4361 1838 4456; baseline 0.015 -38"><span class='ocrx_word' id='word_1_354' title='bbox 253 4361 388 4419; x_wconf 87' lang='lat' dir='ltr'><strong>Cum</strong></span> <span class='ocrx_word' id='word_1_355' title='bbox 417 4381 547 4436; x_wconf 79' lang='lat' dir='ltr'><strong>ergo</strong></span> <span class='ocrx_word' id='word_1_356' title='bbox 589 4375 869 4441; x_wconf 75' lang='lat' dir='ltr'><strong>utrumque</strong></span> <span class='ocrx_word' id='word_1_357' title='bbox 916 4373 970 4427; x_wconf 91' lang='lat' dir='ltr'><strong>in</strong></span> <span class='ocrx_word' id='word_1_358' title='bbox 1014 4385 1275 4444; x_wconf 88' lang='lat' dir='ltr'><strong>potestate</strong></span> <span class='ocrx_word' id='word_1_359' title='bbox 1323 4379 1392 4434; x_wconf 90' lang='lat' dir='ltr'><strong>sit</strong></span> <span class='ocrx_word' id='word_1_360' title='bbox 1439 4381 1555 4447; x_wconf 88' lang='lat' dir='ltr'><strong>Dei,</strong></span> <span class='ocrx_word' id='word_1_361' title='bbox 1604 4393 1658 4440; x_wconf 91' lang='lat' dir='ltr'><strong>et</strong></span> <span class='ocrx_word' id='word_1_362' title='bbox 1696 4387 1838 4456; x_wconf 90' lang='lat' dir='ltr'><strong>quod</strong></span> 
     </span>
    </p>
   </div>
   <div class='ocr_carea' id='block_1_46' title="bbox 251 4451 1838 4546">
    <p class='ocr_par' dir='ltr' id='par_1_46' title="bbox 251 4451 1838 4546">
     <span class='ocr_line' id='line_1_46' title="bbox 251 4451 1838 4546; baseline 0.016 -41"><span class='ocrx_word' id='word_1_363' title='bbox 251 4451 587 4522; x_wconf 79' lang='lat' dir='ltr'><strong>perfunditur</strong></span> <span class='ocrx_word' id='word_1_364' title='bbox 623 4457 844 4525; x_wconf 88' lang='lat' dir='ltr'><strong>scilicet,</strong></span> <span class='ocrx_word' id='word_1_365' title='bbox 893 4471 947 4517; x_wconf 91' lang='lat' dir='ltr'><strong>et</strong></span> <span class='ocrx_word' id='word_1_366' title='bbox 992 4463 1134 4534; x_wconf 73' lang='lat' dir='ltr'><strong>Quod</strong></span> <span class='ocrx_word' id='word_1_367' title='bbox 1179 4469 1436 4536; x_wconf 83' lang='lat' dir='ltr'><strong>nascitur,</strong></span> <span class='ocrx_word' id='word_1_368' title='bbox 1482 4487 1510 4526; x_wconf 93' lang='lat' dir='ltr'><strong>a</strong></span> <span class='ocrx_word' id='word_1_369' title='bbox 1555 4451 1838 4546; x_wconf 34' lang='lat' dir='ltr'><strong>cujus-po-</strong></span> 
     </span>
    </p>
   </div>
   <div class='ocr_carea' id='block_1_47' title="bbox 251 4545 1836 4632">
    <p class='ocr_par' dir='ltr' id='par_1_47' title="bbox 251 4545 1836 4632">
     <span class='ocr_line' id='line_1_47' title="bbox 251 4545 1836 4632; baseline 0.016 -34"><span class='ocrx_word' id='word_1_370' title='bbox 251 4547 446 4598; x_wconf 73' lang='lat' dir='ltr'><strong>testate</strong></span> <span class='ocrx_word' id='word_1_371' title='bbox 477 4545 682 4603; x_wconf 89' lang='lat' dir='ltr'><strong>alienus</strong></span> <span class='ocrx_word' id='word_1_372' title='bbox 727 4563 825 4605; x_wconf 90' lang='lat' dir='ltr'><strong>nec</strong></span> <span class='ocrx_word' id='word_1_373' title='bbox 867 4551 980 4621; x_wconf 90' lang='lat' dir='ltr'><strong>ipse</strong></span> <span class='ocrx_word' id='word_1_374' title='bbox 1026 4553 1270 4614; x_wconf 90' lang='lat' dir='ltr'><strong>diabolus</strong></span> <span class='ocrx_word' id='word_1_375' title='bbox 1313 4561 1602 4632; x_wconf 81' lang='lat' dir='ltr'><strong>invenitur,</strong></span> <span class='ocrx_word' id='word_1_376' title='bbox 1647 4576 1700 4622; x_wconf 91' lang='lat' dir='ltr'><strong>tu</strong></span> <span class='ocrx_word' id='word_1_377' title='bbox 1730 4545 1836 4624; x_wconf 87' lang='lat' dir='ltr'><strong>duo</strong></span> 
     </span>
    </p>
   </div>
   <div class='ocr_carea' id='block_1_48' title="bbox 249 4725 1827 4820">
    <p class='ocr_par' dir='ltr' id='par_1_48' title="bbox 249 4725 1827 4820">
     <span class='ocr_line' id='line_1_48' title="bbox 249 4725 1827 4820; baseline 0.018 -44"><span class='ocrx_word' id='word_1_378' title='bbox 249 4725 398 4778; x_wconf 69' lang='lat' dir='ltr'><strong>nasci</strong></span> <span class='ocrx_word' id='word_1_379' title='bbox 427 4741 585 4795; x_wconf 90' lang='lat' dir='ltr'><strong>quam</strong></span> <span class='ocrx_word' id='word_1_380' title='bbox 636 4731 920 4797; x_wconf 77' lang='lat' dir='ltr'><strong>perfundi?</strong></span> <span class='ocrx_word' id='word_1_381' title='bbox 944 4735 1028 4788; x_wconf 84' lang='lat' dir='ltr'><strong>An</strong></span> <span class='ocrx_word' id='word_1_382' title='bbox 1057 4739 1244 4792; x_wconf 88' lang='lat' dir='ltr'><strong>melius</strong></span> <span class='ocrx_word' id='word_1_383' title='bbox 1267 4747 1393 4796; x_wconf 84' lang='lat' dir='ltr'><strong>esse</strong></span> <span class='ocrx_word' id='word_1_384' title='bbox 1413 4741 1676 4814; x_wconf 77' lang='lat' dir='ltr'><strong>perfundi,</strong></span> <span class='ocrx_word' id='word_1_385' title='bbox 1705 4753 1827 4820; x_wconf 88' lang='lat' dir='ltr'><strong>quia</strong></span> 
     </span>
    </p>
   </div>
   <div class='ocr_carea' id='block_1_49' title="bbox 249 4815 1833 4912">
    <p class='ocr_par' dir='ltr' id='par_1_49' title="bbox 249 4815 1833 4912">
     <span class='ocr_line' id='line_1_49' title="bbox 249 4815 1833 4912; baseline 0.019 -42"><span class='ocrx_word' id='word_1_386' title='bbox 249 4815 322 4871; x_wconf 87' lang='lat' dir='ltr'><strong>ibi</strong></span> <span class='ocrx_word' id='word_1_387' title='bbox 351 4825 434 4871; x_wconf 88' lang='lat' dir='ltr'><strong>est</strong></span> <span class='ocrx_word' id='word_1_388' title='bbox 459 4829 514 4873; x_wconf 89' lang='lat' dir='ltr'><strong>et</strong></span> <span class='ocrx_word' id='word_1_389' title='bbox 546 4823 730 4877; x_wconf 84' lang='lat' dir='ltr'><strong>nasci?</strong></span> <span class='ocrx_word' id='word_1_390' title='bbox 754 4823 868 4880; x_wconf 82' lang='lat' dir='ltr'><strong>Non</strong></span> <span class='ocrx_word' id='word_1_391' title='bbox 891 4829 1032 4883; x_wconf 90' lang='lat' dir='ltr'><strong>enim</strong></span> <span class='ocrx_word' id='word_1_392' title='bbox 1071 4831 1311 4900; x_wconf 77' lang='lat' dir='ltr'><strong>perfundi</strong></span> <span class='ocrx_word' id='word_1_393' title='bbox 1339 4841 1532 4907; x_wconf 87' lang='lat' dir='ltr'><strong>poterit</strong></span> <span class='ocrx_word' id='word_1_394' title='bbox 1559 4844 1647 4912; x_wconf 92' lang='lat' dir='ltr'><strong>qui</strong></span> <span class='ocrx_word' id='word_1_395' title='bbox 1677 4815 1833 4900; x_wconf 79' lang='lat' dir='ltr'><strong>natus</strong></span> 
     </span>
    </p>
   </div>
   <div class='ocr_carea' id='block_1_50' title="bbox 249 4909 1829 5001">
    <p class='ocr_par' dir='ltr' id='par_1_50' title="bbox 249 4909 1829 5001">
     <span class='ocr_line' id='line_1_50' title="bbox 249 4909 1829 5001; baseline 0.02 -39"><span class='ocrx_word' id='word_1_396' title='bbox 249 4923 354 4964; x_wconf 88' lang='lat' dir='ltr'><strong>non</strong></span> <span class='ocrx_word' id='word_1_397' title='bbox 387 4909 563 4966; x_wconf 88' lang='lat' dir='ltr'><strong>fuerit.</strong></span> <span class='ocrx_word' id='word_1_398' title='bbox 594 4916 674 4970; x_wconf 82' lang='lat' dir='ltr'><strong>An</strong></span> <span class='ocrx_word' id='word_1_399' title='bbox 715 4925 996 4990; x_wconf 89' lang='lat' dir='ltr'><strong>utrumque</strong></span> <span class='ocrx_word' id='word_1_400' title='bbox 1042 4939 1194 4992; x_wconf 73' lang='lat' dir='ltr'><strong>mqua</strong></span> <span class='ocrx_word' id='word_1_401' title='bbox 1237 4927 1386 4984; x_wconf 88' lang='lat' dir='ltr'><strong>lance</strong></span> <span class='ocrx_word' id='word_1_402' title='bbox 1428 4909 1749 5001; x_wconf 77' lang='lat' dir='ltr'><strong>pet-pendis?</strong></span> <span class='ocrx_word' id='word_1_403' title='bbox 1776 4940 1829 4994; x_wconf 89' lang='lat' dir='ltr'><strong>Si</strong></span> 
     </span>
    </p>
   </div>
   <div class='ocr_carea' id='block_1_51' title="bbox 249 5001 1830 5090">
    <p class='ocr_par' dir='ltr' id='par_1_51' title="bbox 249 5001 1830 5090">
     <span class='ocr_line' id='line_1_51' title="bbox 249 5001 1830 5090; baseline 0.022 -40"><span class='ocrx_word' id='word_1_404' title='bbox 249 5001 394 5054; x_wconf 79' lang='lat' dir='ltr'><strong>nasci</strong></span> <span class='ocrx_word' id='word_1_405' title='bbox 422 5013 575 5070; x_wconf 87' lang='lat' dir='ltr'><strong>putas</strong></span> <span class='ocrx_word' id='word_1_406' title='bbox 600 5021 720 5061; x_wconf 85' lang='lat' dir='ltr'><strong>esse</strong></span> <span class='ocrx_word' id='word_1_407' title='bbox 747 5009 956 5074; x_wconf 90' lang='lat' dir='ltr'><strong>melius,</strong></span> <span class='ocrx_word' id='word_1_408' title='bbox 992 5019 1378 5084; x_wconf 86' lang='lat' dir='ltr'><strong>regenerationi</strong></span> <span class='ocrx_word' id='word_1_409' title='bbox 1409 5023 1667 5090; x_wconf 87' lang='lat' dir='ltr'><strong>spirituali</strong></span> <span class='ocrx_word' id='word_1_410' title='bbox 1701 5026 1830 5084; x_wconf 87' lang='lat' dir='ltr'><strong>facis</strong></span> 
     </span>
    </p>
   </div>
   <div class='ocr_carea' id='block_1_52' title="bbox 246 5089 1828 5187">
    <p class='ocr_par' dir='ltr' id='par_1_52' title="bbox 246 5089 1828 5187">
     <span class='ocr_line' id='line_1_52' title="bbox 246 5089 1828 5187; baseline 0.021 -45"><span class='ocrx_word' id='word_1_411' title='bbox 246 5089 511 5158; x_wconf 84' lang='lat' dir='ltr'><strong>injuriam,</strong></span> <span class='ocrx_word' id='word_1_412' title='bbox 539 5096 622 5150; x_wconf 87' lang='lat' dir='ltr'><strong>cui</strong></span> <span class='ocrx_word' id='word_1_413' title='bbox 649 5103 1046 5168; x_wconf 79' lang='lat' dir='ltr'><strong>generationem</strong></span> <span class='ocrx_word' id='word_1_414' title='bbox 1071 5109 1334 5164; x_wconf 86' lang='lat' dir='ltr'><strong>carnalem</strong></span> <span class='ocrx_word' id='word_1_415' title='bbox 1367 5116 1624 5187; x_wconf 86' lang='lat' dir='ltr'><strong>sacrilego</strong></span> <span class='ocrx_word' id='word_1_416' title='bbox 1646 5133 1828 5176; x_wconf 83' lang='lat' dir='ltr'><strong>errore</strong></span> 
     </span>
    </p>
   </div>
   <div class='ocr_carea' id='block_1_53' title="bbox 245 5183 1822 5280">
    <p class='ocr_par' dir='ltr' id='par_1_53' title="bbox 245 5183 1822 5280">
     <span class='ocr_line' id='line_1_53' title="bbox 245 5183 1822 5280; baseline 0.025 -51"><span class='ocrx_word' id='word_1_417' title='bbox 245 5183 532 5249; x_wconf 71' lang='lat' dir='ltr'><strong>pra-ponis.</strong></span> <span class='ocrx_word' id='word_1_418' title='bbox 559 5183 673 5238; x_wconf 78' lang='lat' dir='ltr'><strong>Non</strong></span> <span class='ocrx_word' id='word_1_419' title='bbox 705 5191 844 5243; x_wconf 88' lang='lat' dir='ltr'><strong>enim</strong></span> <span class='ocrx_word' id='word_1_420' title='bbox 880 5191 1068 5246; x_wconf 85' lang='lat' dir='ltr'><strong>frustra</strong></span> <span class='ocrx_word' id='word_1_421' title='bbox 1103 5199 1340 5255; x_wconf 88' lang='lat' dir='ltr'><strong>erederis</strong></span> <span class='ocrx_word' id='word_1_422' title='bbox 1366 5205 1598 5262; x_wconf 90' lang='lat' dir='ltr'><strong>noluisse</strong></span> <span class='ocrx_word' id='word_1_423' title='bbox 1623 5209 1822 5280; x_wconf 86' lang='lat' dir='ltr'><strong>dicere,</strong></span> 
     </span>
    </p>
   </div>
   <div class='ocr_carea' id='block_1_54' title="bbox 243 5267 1822 5370">
    <p class='ocr_par' dir='ltr' id='par_1_54' title="bbox 243 5267 1822 5370">
     <span class='ocr_line' id='line_1_54' title="bbox 243 5267 1822 5370; baseline 0.025 -52"><span class='ocrx_word' id='word_1_424' title='bbox 243 5268 400 5336; x_wconf 83' lang='lat' dir='ltr'><strong>Quod</strong></span> <span class='ocrx_word' id='word_1_425' title='bbox 427 5267 759 5342; x_wconf 76' lang='lat' dir='ltr'><strong>renascitur;</strong></span> <span class='ocrx_word' id='word_1_426' title='bbox 806 5282 922 5344; x_wconf 91' lang='lat' dir='ltr'><strong>sed,</strong></span> <span class='ocrx_word' id='word_1_427' title='bbox 953 5301 971 5333; x_wconf 72' lang='grc' dir='ltr'><strong>ι</strong></span> <span class='ocrx_word' id='word_1_428' title='bbox 1002 5287 1138 5352; x_wconf 86' lang='lat' dir='ltr'><strong>quod</strong></span> <span class='ocrx_word' id='word_1_429' title='bbox 1163 5289 1526 5356; x_wconf 88' lang='lat' dir='ltr'><strong>perfunditur:</strong></span> <span class='ocrx_word' id='word_1_430' title='bbox 1555 5316 1574 5348; x_wconf 77' lang='grc' dir='ltr'><strong>ι</strong></span> <span class='ocrx_word' id='word_1_431' title='bbox 1603 5311 1659 5352; x_wconf 82' lang='grc' dir='ltr'><strong>ιιι</strong></span> <span class='ocrx_word' id='word_1_432' title='bbox 1689 5267 1822 5370; x_wconf 65' lang='lat' dir='ltr'><strong>quo:</strong></span> 
     </span>
    </p>
   </div>
   <div class='ocr_carea' id='block_1_55' title="bbox 242 5359 1823 5448">
    <p class='ocr_par' dir='ltr' id='par_1_55' title="bbox 242 5359 1823 5448">
     <span class='ocr_line' id='line_1_55' title="bbox 242 5359 1823 5448; baseline 0.025 -39"><span class='ocrx_word' id='word_1_433' title='bbox 242 5359 384 5412; x_wconf 88' lang='lat' dir='ltr'><strong>niam</strong></span> <span class='ocrx_word' id='word_1_434' title='bbox 413 5361 686 5419; x_wconf 85' lang='lat' dir='ltr'><strong>diabolum</strong></span> <span class='ocrx_word' id='word_1_435' title='bbox 727 5377 782 5422; x_wconf 90' lang='lat' dir='ltr'><strong>et</strong></span> <span class='ocrx_word' id='word_1_436' title='bbox 809 5371 970 5424; x_wconf 90' lang='lat' dir='ltr'><strong>Deum</strong></span> <span class='ocrx_word' id='word_1_437' title='bbox 998 5377 1148 5443; x_wconf 87' lang='lat' dir='ltr'><strong>quasi</strong></span> <span class='ocrx_word' id='word_1_438' title='bbox 1175 5393 1350 5448; x_wconf 86' lang='lat' dir='ltr'><strong>partes</strong></span> <span class='ocrx_word' id='word_1_439' title='bbox 1390 5383 1528 5439; x_wconf 90' lang='lat' dir='ltr'><strong>inter</strong></span> <span class='ocrx_word' id='word_1_440' title='bbox 1552 5402 1609 5443; x_wconf 88' lang='lat' dir='ltr'><strong>se</strong></span> <span class='ocrx_word' id='word_1_441' title='bbox 1635 5389 1823 5448; x_wconf 79' lang='lat' dir='ltr'><strong>fecisse</strong></span> 
     </span>
    </p>
   </div>
   <div class='ocr_carea' id='block_1_56' title="bbox 239 5461 1820 5552">
    <p class='ocr_par' dir='ltr' id='par_1_56' title="bbox 239 5461 1820 5552">
     <span class='ocr_line' id='line_1_56' title="bbox 239 5461 1820 5552; baseline 0.023 -49"><span class='ocrx_word' id='word_1_442' title='bbox 239 5465 336 5517; x_wconf 70' lang='lat' dir='ltr'><strong>rer</strong></span> <span class='ocrx_word' id='word_1_443' title='bbox 363 5461 606 5508; x_wconf 88' lang='lat' dir='ltr'><strong>nostrum</strong></span> <span class='ocrx_word' id='word_1_444' title='bbox 639 5470 852 5514; x_wconf 83' lang='lat' dir='ltr'><strong>sensum</strong></span> <span class='ocrx_word' id='word_1_445' title='bbox 883 5463 1251 5524; x_wconf 85' lang='lat' dir='ltr'><strong>demonstrare</strong></span> <span class='ocrx_word' id='word_1_446' title='bbox 1279 5475 1530 5542; x_wconf 87' lang='lat' dir='ltr'><strong>cupiebas</strong></span> <span class='ocrx_word' id='word_1_447' title='bbox 1555 5519 1570 5542; x_wconf 95' lang='lat'><strong>,</strong></span> <span class='ocrx_word' id='word_1_448' title='bbox 1616 5493 1820 5552; x_wconf 84' lang='lat' dir='ltr'><strong>partem</strong></span> 
     </span>
    </p>
   </div>
   <div class='ocr_carea' id='block_1_57' title="bbox 219 5541 1820 5628">
    <p class='ocr_par' dir='ltr' id='par_1_57' title="bbox 219 5541 1820 5628">
     <span class='ocr_line' id='line_1_57' title="bbox 219 5541 1820 5628; baseline 0.021 -32"><span class='ocrx_word' id='word_1_449' title='bbox 219 5541 332 5596; x_wconf 83' lang='lat' dir='ltr'><strong>.Dei</strong></span> <span class='ocrx_word' id='word_1_450' title='bbox 377 5541 588 5602; x_wconf 73' lang='lat' dir='ltr'><strong>faceres</strong></span> <span class='ocrx_word' id='word_1_451' title='bbox 624 5550 770 5605; x_wconf 86' lang='lat' dir='ltr'><strong>verbi</strong></span> <span class='ocrx_word' id='word_1_452' title='bbox 803 5553 1000 5610; x_wconf 85' lang='lat' dir='ltr'><strong>vilitate</strong></span> <span class='ocrx_word' id='word_1_453' title='bbox 1027 5559 1286 5614; x_wconf 84' lang='lat' dir='ltr'><strong>viliorem.</strong></span> <span class='ocrx_word' id='word_1_454' title='bbox 1321 5563 1540 5622; x_wconf 86' lang='lat' dir='ltr'><strong>Potuisti</strong></span> <span class='ocrx_word' id='word_1_455' title='bbox 1571 5541 1710 5624; x_wconf 76' lang='lat' dir='ltr'><strong>enim</strong></span> <span class='ocrx_word' id='word_1_456' title='bbox 1743 5575 1820 5628; x_wconf 87' lang='lat' dir='ltr'><strong>di-</strong></span> 
     </span>
    </p>
   </div>
   <div class='ocr_carea' id='block_1_58' title="bbox 232 5635 1812 5730">
    <p class='ocr_par' dir='ltr' id='par_1_58' title="bbox 232 5635 1812 5730">
     <span class='ocr_line' id='line_1_58' title="bbox 232 5635 1812 5730; baseline 0.021 -44"><span class='ocrx_word' id='word_1_457' title='bbox 232 5646 382 5698; x_wconf 87' lang='lat' dir='ltr'><strong>cere,</strong></span> <span class='ocrx_word' id='word_1_458' title='bbox 409 5635 561 5703; x_wconf 79' lang='lat' dir='ltr'><strong>Quod</strong></span> <span class='ocrx_word' id='word_1_459' title='bbox 591 5649 921 5708; x_wconf 85' lang='lat' dir='ltr'><strong>renascitur;</strong></span> <span class='ocrx_word' id='word_1_460' title='bbox 971 5650 1207 5717; x_wconf 83' lang='lat' dir='ltr'><strong>potuisti,</strong></span> <span class='ocrx_word' id='word_1_461' title='bbox 1254 5652 1404 5720; x_wconf 90' lang='lat' dir='ltr'><strong>Quod</strong></span> <span class='ocrx_word' id='word_1_462' title='bbox 1435 5673 1812 5730; x_wconf 77' lang='lat' dir='ltr'><strong>regeneratur;</strong></span> 
     </span>
    </p>
   </div>
   <div class='ocr_carea' id='block_1_59' title="bbox 230 5727 1814 5813">
    <p class='ocr_par' dir='ltr' id='par_1_59' title="bbox 230 5727 1814 5813">
     <span class='ocr_line' id='line_1_59' title="bbox 230 5727 1814 5813; baseline 0.025 -39"><span class='ocrx_word' id='word_1_463' title='bbox 230 5727 454 5787; x_wconf 76' lang='lat' dir='ltr'><strong>potuisti</strong></span> <span class='ocrx_word' id='word_1_464' title='bbox 497 5741 792 5802; x_wconf 81' lang='lat' dir='ltr'><strong>postremo,</strong></span> <span class='ocrx_word' id='word_1_465' title='bbox 839 5735 990 5801; x_wconf 81' lang='lat' dir='ltr'><strong>Quod</strong></span> <span class='ocrx_word' id='word_1_466' title='bbox 1031 5741 1326 5810; x_wconf 82' lang='lat' dir='ltr'><strong>baptizatur</strong></span> <span class='ocrx_word' id='word_1_467' title='bbox 1353 5763 1368 5794; x_wconf 74' lang='grc' dir='ltr'><strong>ι</strong></span> <span class='ocrx_word' id='word_1_468' title='bbox 1399 5727 1668 5807; x_wconf 16' lang='grc' dir='ltr'><strong>Ιιοὸίριιίηι</strong></span> <span class='ocrx_word' id='word_1_469' title='bbox 1693 5727 1814 5813; x_wconf 50' lang='grc' dir='ltr'><strong>νει-ξ</strong></span> 
     </span>
    </p>
   </div>
   <div class='ocr_carea' id='block_1_60' title="bbox 1691 321 2212 398">
    <p class='ocr_par' dir='ltr' id='par_1_60' title="bbox 1691 321 2212 398">
     <span class='ocr_line' id='line_1_60' title="bbox 1691 321 2212 398; baseline 0.008 -4"><span class='ocrx_word' id='word_1_470' title='bbox 1691 321 1887 394; x_wconf 75' lang='lat' dir='ltr'><strong>Ltnun</strong></span> <span class='ocrx_word' id='word_1_471' title='bbox 1927 339 2212 398; x_wconf 69' lang='lat' dir='ltr'><strong>scmus.</strong></span> 
     </span>
    </p>
   </div>
   <div class='ocr_carea' id='block_1_61' title="bbox 3477 371 3580 428">
    <p class='ocr_par' dir='ltr' id='par_1_61' title="bbox 3477 371 3580 428">
     <span class='ocr_line' id='line_1_61' title="bbox 3477 371 3580 428; baseline 0.019 -2"><span class='ocrx_word' id='word_1_472' title='bbox 3477 371 3580 428; x_wconf 74' lang='lat'><strong>858</strong></span> 
     </span>
    </p>
   </div>
   <div class='ocr_carea' id='block_1_62' title="bbox 1997 451 3582 545">
    <p class='ocr_par' dir='ltr' id='par_1_62' title="bbox 1997 451 3582 545">
     <span class='ocr_line' id='line_1_62' title="bbox 1997 451 3582 545; baseline 0.023 -39"><span class='ocrx_word' id='word_1_473' title='bbox 1997 451 2118 506; x_wconf 88' lang='lat' dir='ltr'><strong>bum</strong></span> <span class='ocrx_word' id='word_1_474' title='bbox 2161 467 2225 506; x_wconf 76' lang='lat' dir='ltr'><strong>ex</strong></span> <span class='ocrx_word' id='word_1_475' title='bbox 2273 469 2447 524; x_wconf 61' lang='lat' dir='ltr'><strong>grarco</strong></span> <span class='ocrx_word' id='word_1_476' title='bbox 2493 457 2652 514; x_wconf 84' lang='lat' dir='ltr'><strong>latina</strong></span> <span class='ocrx_word' id='word_1_477' title='bbox 2683 467 3016 522; x_wconf 85' lang='lat' dir='ltr'><strong>consuetudo</strong></span> <span class='ocrx_word' id='word_1_478' title='bbox 3040 471 3115 526; x_wconf 86' lang='lat' dir='ltr'><strong>sic</strong></span> <span class='ocrx_word' id='word_1_479' title='bbox 3147 455 3343 545; x_wconf 78' lang='lat' dir='ltr'><strong>habet,</strong></span> <span class='ocrx_word' id='word_1_480' title='bbox 3389 489 3582 542; x_wconf 77' lang='lat' dir='ltr'><strong>utnon</strong></span> 
     </span>
    </p>
   </div>
   <div class='ocr_carea' id='block_1_63' title="bbox 1993 543 3574 648">
    <p class='ocr_par' dir='ltr' id='par_1_63' title="bbox 1993 543 3574 648">
     <span class='ocr_line' id='line_1_63' title="bbox 1993 543 3574 648; baseline 0.023 -52"><span class='ocrx_word' id='word_1_481' title='bbox 1993 543 2162 598; x_wconf 83' lang='lat' dir='ltr'><strong>soleat</strong></span> <span class='ocrx_word' id='word_1_482' title='bbox 2179 545 2304 600; x_wconf 87' lang='lat' dir='ltr'><strong>alibi</strong></span> <span class='ocrx_word' id='word_1_483' title='bbox 2327 547 2428 602; x_wconf 91' lang='lat' dir='ltr'><strong>nisi</strong></span> <span class='ocrx_word' id='word_1_484' title='bbox 2451 549 2502 603; x_wconf 91' lang='lat' dir='ltr'><strong>in</strong></span> <span class='ocrx_word' id='word_1_485' title='bbox 2524 549 2870 611; x_wconf 82' lang='lat' dir='ltr'><strong>Sacramenta</strong></span> <span class='ocrx_word' id='word_1_486' title='bbox 2893 567 3311 630; x_wconf 82' lang='lat' dir='ltr'><strong>regenerationis</strong></span> <span class='ocrx_word' id='word_1_487' title='bbox 3329 543 3574 648; x_wconf 79' lang='lat' dir='ltr'><strong>intelligi.</strong></span> 
     </span>
    </p>
   </div>
   <div class='ocr_carea' id='block_1_64' title="bbox 1993 632 3582 739">
    <p class='ocr_par' dir='ltr' id='par_1_64' title="bbox 1993 632 3582 739">
     <span class='ocr_line' id='line_1_64' title="bbox 1993 632 3582 739; baseline 0.026 -55"><span class='ocrx_word' id='word_1_488' title='bbox 1993 632 2134 688; x_wconf 84' lang='lat' dir='ltr'><strong>Nihil</strong></span> <span class='ocrx_word' id='word_1_489' title='bbox 2167 635 2356 692; x_wconf 89' lang='lat' dir='ltr'><strong>horum</strong></span> <span class='ocrx_word' id='word_1_490' title='bbox 2385 639 2566 697; x_wconf 88' lang='lat' dir='ltr'><strong>dicere</strong></span> <span class='ocrx_word' id='word_1_491' title='bbox 2591 645 2824 714; x_wconf 67' lang='lat' dir='ltr'><strong>voluisti,</strong></span> <span class='ocrx_word' id='word_1_492' title='bbox 2868 652 2962 706; x_wconf 88' lang='lat' dir='ltr'><strong>sed</strong></span> <span class='ocrx_word' id='word_1_493' title='bbox 2990 654 3194 726; x_wconf 84' lang='lat' dir='ltr'><strong>elegisti</strong></span> <span class='ocrx_word' id='word_1_494' title='bbox 3224 663 3446 721; x_wconf 85' lang='lat' dir='ltr'><strong>verbum</strong></span> <span class='ocrx_word' id='word_1_495' title='bbox 3471 632 3582 739; x_wconf 55' lang='lat' dir='ltr'><strong>quo</strong></span> 
     </span>
    </p>
   </div>
   <div class='ocr_carea' id='block_1_65' title="bbox 1994 725 3578 830">
    <p class='ocr_par' dir='ltr' id='par_1_65' title="bbox 1994 725 3578 830">
     <span class='ocr_line' id='line_1_65' title="bbox 1994 725 3578 830; baseline 0.025 -53"><span class='ocrx_word' id='word_1_496' title='bbox 1994 725 2145 780; x_wconf 86' lang='lat' dir='ltr'><strong>fleret</strong></span> <span class='ocrx_word' id='word_1_497' title='bbox 2171 733 2573 801; x_wconf 88' lang='lat' dir='ltr'><strong>contemptibile</strong></span> <span class='ocrx_word' id='word_1_498' title='bbox 2601 739 2740 806; x_wconf 82' lang='lat' dir='ltr'><strong>quod</strong></span> <span class='ocrx_word' id='word_1_499' title='bbox 2769 741 3002 800; x_wconf 89' lang='lat' dir='ltr'><strong>dicebas.</strong></span> <span class='ocrx_word' id='word_1_500' title='bbox 3030 725 3200 804; x_wconf 83' lang='lat' dir='ltr'><strong>Nemo</strong></span> <span class='ocrx_word' id='word_1_501' title='bbox 3225 755 3366 810; x_wconf 87' lang='lat' dir='ltr'><strong>enim</strong></span> <span class='ocrx_word' id='word_1_502' title='bbox 3397 725 3578 830; x_wconf 73' lang='lat' dir='ltr'><strong>legen-</strong></span> 
     </span>
    </p>
   </div>
   <div class='ocr_carea' id='block_1_66' title="bbox 1991 815 3575 918">
    <p class='ocr_par' dir='ltr' id='par_1_66' title="bbox 1991 815 3575 918">
     <span class='ocr_line' id='line_1_66' title="bbox 1991 815 3575 918; baseline 0.021 -50"><span class='ocrx_word' id='word_1_503' title='bbox 1991 815 2119 870; x_wconf 83' lang='lat' dir='ltr'><strong>tium</strong></span> <span class='ocrx_word' id='word_1_504' title='bbox 2159 819 2414 889; x_wconf 84' lang='lat' dir='ltr'><strong>pra-ferre</strong></span> <span class='ocrx_word' id='word_1_505' title='bbox 2456 837 2633 892; x_wconf 85' lang='lat' dir='ltr'><strong>posset</strong></span> <span class='ocrx_word' id='word_1_506' title='bbox 2665 837 2842 884; x_wconf 88' lang='lat' dir='ltr'><strong>natum</strong></span> <span class='ocrx_word' id='word_1_507' title='bbox 2875 845 3080 902; x_wconf 87' lang='lat' dir='ltr'><strong>renato,</strong></span> <span class='ocrx_word' id='word_1_508' title='bbox 3130 841 3214 896; x_wconf 83' lang='lat' dir='ltr'><strong>vel</strong></span> <span class='ocrx_word' id='word_1_509' title='bbox 3241 815 3575 918; x_wconf 54' lang='lat' dir='ltr'><strong>regetiemto,</strong></span> 
     </span>
    </p>
   </div>
   <div class='ocr_carea' id='block_1_67' title="bbox 1989 906 3580 1010">
    <p class='ocr_par' dir='ltr' id='par_1_67' title="bbox 1989 906 3580 1010">
     <span class='ocr_line' id='line_1_67' title="bbox 1989 906 3580 1010; baseline 0.028 -54"><span class='ocrx_word' id='word_1_510' title='bbox 1989 906 2072 959; x_wconf 79' lang='lat' dir='ltr'><strong>vel</strong></span> <span class='ocrx_word' id='word_1_511' title='bbox 2099 907 2396 976; x_wconf 85' lang='lat' dir='ltr'><strong>baptizato;</strong></span> <span class='ocrx_word' id='word_1_512' title='bbox 2430 918 2524 968; x_wconf 87' lang='lat' dir='ltr'><strong>sed</strong></span> <span class='ocrx_word' id='word_1_513' title='bbox 2554 916 2708 974; x_wconf 81' lang='lat' dir='ltr'><strong>facik:</strong></span> <span class='ocrx_word' id='word_1_514' title='bbox 2733 926 2924 990; x_wconf 89' lang='lat' dir='ltr'><strong>putasti</strong></span> <span class='ocrx_word' id='word_1_515' title='bbox 2953 939 3132 984; x_wconf 87' lang='lat' dir='ltr'><strong>natum</strong></span> <span class='ocrx_word' id='word_1_516' title='bbox 3160 906 3394 1000; x_wconf 67' lang='lat' dir='ltr'><strong>prmferri</strong></span> <span class='ocrx_word' id='word_1_517' title='bbox 3420 906 3580 1010; x_wconf 73' lang='lat' dir='ltr'><strong>posse</strong></span> 
     </span>
    </p>
   </div>
   <div class='ocr_carea' id='block_1_68' title="bbox 1988 997 3572 1102">
    <p class='ocr_par' dir='ltr' id='par_1_68' title="bbox 1988 997 3572 1102">
     <span class='ocr_line' id='line_1_68' title="bbox 1988 997 3572 1102; baseline 0.027 -54"><span class='ocrx_word' id='word_1_518' title='bbox 1988 997 2220 1065; x_wconf 86' lang='lat' dir='ltr'><strong>perfuso.</strong></span> <span class='ocrx_word' id='word_1_519' title='bbox 2273 1001 2331 1056; x_wconf 91' lang='lat' dir='ltr'><strong>Si</strong></span> <span class='ocrx_word' id='word_1_520' title='bbox 2375 1014 2552 1060; x_wconf 84' lang='lat' dir='ltr'><strong>autem</strong></span> <span class='ocrx_word' id='word_1_521' title='bbox 2597 1023 2850 1080; x_wconf 85' lang='lat' dir='ltr'><strong>quantum</strong></span> <span class='ocrx_word' id='word_1_522' title='bbox 2894 1017 3055 1074; x_wconf 89' lang='lat' dir='ltr'><strong>distat</strong></span> <span class='ocrx_word' id='word_1_523' title='bbox 3103 997 3296 1082; x_wconf 70' lang='lat' dir='ltr'><strong>coelum</strong></span> <span class='ocrx_word' id='word_1_524' title='bbox 3328 1045 3359 1086; x_wconf 91' lang='lat' dir='ltr'><strong>a</strong></span> <span class='ocrx_word' id='word_1_525' title='bbox 3391 997 3526 1089; x_wconf 73' lang='lat' dir='ltr'><strong>terra</strong></span> <span class='ocrx_word' id='word_1_526' title='bbox 3556 1079 3572 1102; x_wconf 86' lang='lat'><strong>,</strong></span> 
     </span>
    </p>
   </div>
   <div class='ocr_carea' id='block_1_69' title="bbox 1986 1093 3575 1197">
    <p class='ocr_par' dir='ltr' id='par_1_69' title="bbox 1986 1093 3575 1197">
     <span class='ocr_line' id='line_1_69' title="bbox 1986 1093 3575 1197; baseline 0.026 -57"><span class='ocrx_word' id='word_1_527' title='bbox 1986 1095 2134 1141; x_wconf 86' lang='lat' dir='ltr'><strong>tanto</strong></span> <span class='ocrx_word' id='word_1_528' title='bbox 2163 1093 2353 1148; x_wconf 87' lang='lat' dir='ltr'><strong>melius</strong></span> <span class='ocrx_word' id='word_1_529' title='bbox 2381 1105 2464 1150; x_wconf 89' lang='lat' dir='ltr'><strong>est</strong></span> <span class='ocrx_word' id='word_1_530' title='bbox 2497 1099 2739 1166; x_wconf 85' lang='lat' dir='ltr'><strong>perfundi</strong></span> <span class='ocrx_word' id='word_1_531' title='bbox 2785 1115 2840 1158; x_wconf 88' lang='lat' dir='ltr'><strong>ut</strong></span> <span class='ocrx_word' id='word_1_532' title='bbox 2871 1117 3110 1176; x_wconf 84' lang='lat' dir='ltr'><strong>portetur</strong></span> <span class='ocrx_word' id='word_1_533' title='bbox 3140 1115 3370 1175; x_wconf 88' lang='lat' dir='ltr'><strong>hominis</strong></span> <span class='ocrx_word' id='word_1_534' title='bbox 3401 1093 3575 1197; x_wconf 77' lang='lat' dir='ltr'><strong>imago</strong></span> 
     </span>
    </p>
   </div>
   <div class='ocr_carea' id='block_1_70' title="bbox 1985 1179 3574 1282">
    <p class='ocr_par' dir='ltr' id='par_1_70' title="bbox 1985 1179 3574 1282">
     <span class='ocr_line' id='line_1_70' title="bbox 1985 1179 3574 1282; baseline 0.025 -51"><span class='ocrx_word' id='word_1_535' title='bbox 1985 1179 2240 1246; x_wconf 64' lang='lat' dir='ltr'><strong>caelestis,</strong></span> <span class='ocrx_word' id='word_1_536' title='bbox 2283 1199 2446 1252; x_wconf 89' lang='lat' dir='ltr'><strong>quam</strong></span> <span class='ocrx_word' id='word_1_537' title='bbox 2477 1191 2622 1243; x_wconf 88' lang='lat' dir='ltr'><strong>nasci</strong></span> <span class='ocrx_word' id='word_1_538' title='bbox 2653 1202 2706 1244; x_wconf 91' lang='lat' dir='ltr'><strong>ut</strong></span> <span class='ocrx_word' id='word_1_539' title='bbox 2735 1207 2976 1261; x_wconf 71' lang='lat' dir='ltr'><strong>portetur</strong></span> <span class='ocrx_word' id='word_1_540' title='bbox 3005 1201 3234 1262; x_wconf 89' lang='lat' dir='ltr'><strong>hominis</strong></span> <span class='ocrx_word' id='word_1_541' title='bbox 3268 1210 3440 1282; x_wconf 80' lang='lat' dir='ltr'><strong>imago</strong></span> <span class='ocrx_word' id='word_1_542' title='bbox 3469 1179 3574 1270; x_wconf 56' lang='lat' dir='ltr'><strong>tt;-</strong></span> 
     </span>
    </p>
   </div>
   <div class='ocr_carea' id='block_1_71' title="bbox 1983 1268 3572 1360">
    <p class='ocr_par' dir='ltr' id='par_1_71' title="bbox 1983 1268 3572 1360">
     <span class='ocr_line' id='line_1_71' title="bbox 1983 1268 3572 1360; baseline 0.026 -40"><span class='ocrx_word' id='word_1_543' title='bbox 1983 1268 2096 1322; x_wconf 85' lang='lat' dir='ltr'><strong>reui</strong></span> <span class='ocrx_word' id='word_1_544' title='bbox 2128 1269 2186 1340; x_wconf 90' lang='grc' dir='ltr'><strong>(Ι</strong></span> <span class='ocrx_word' id='word_1_545' title='bbox 2215 1271 2336 1328; x_wconf 84' lang='lat' dir='ltr'><strong>Cor.</strong></span> <span class='ocrx_word' id='word_1_546' title='bbox 2371 1291 2458 1342; x_wconf 81' lang='lat' dir='ltr'><strong>xv,</strong></span> <span class='ocrx_word' id='word_1_547' title='bbox 2489 1279 2618 1348; x_wconf 68' lang='lat'><strong>49);</strong></span> <span class='ocrx_word' id='word_1_548' title='bbox 2669 1287 2882 1340; x_wconf 87' lang='lat' dir='ltr'><strong>evanuit</strong></span> <span class='ocrx_word' id='word_1_549' title='bbox 2921 1288 3030 1358; x_wconf 88' lang='lat' dir='ltr'><strong>jam</strong></span> <span class='ocrx_word' id='word_1_550' title='bbox 3067 1303 3152 1347; x_wconf 90' lang='lat' dir='ltr'><strong>tua</strong></span> <span class='ocrx_word' id='word_1_551' title='bbox 3184 1297 3282 1351; x_wconf 86' lang='lat' dir='ltr'><strong>ista</strong></span> <span class='ocrx_word' id='word_1_552' title='bbox 3315 1268 3572 1360; x_wconf 49' lang='lat' dir='ltr'><strong>iniidiosa</strong></span> 
     </span>
    </p>
   </div>
   <div class='ocr_carea' id='block_1_72' title="bbox 1983 1361 3570 1448">
    <p class='ocr_par' dir='ltr' id='par_1_72' title="bbox 1983 1361 3570 1448">
     <span class='ocr_line' id='line_1_72' title="bbox 1983 1361 3570 1448; baseline 0.024 -38"><span class='ocrx_word' id='word_1_553' title='bbox 1983 1361 2216 1427; x_wconf 85' lang='lat' dir='ltr'><strong>partitio.</strong></span> <span class='ocrx_word' id='word_1_554' title='bbox 2247 1361 2432 1434; x_wconf 85' lang='lat' dir='ltr'><strong>Neque</strong></span> <span class='ocrx_word' id='word_1_555' title='bbox 2469 1369 2612 1423; x_wconf 90' lang='lat' dir='ltr'><strong>enim</strong></span> <span class='ocrx_word' id='word_1_556' title='bbox 2655 1373 2956 1432; x_wconf 89' lang='lat' dir='ltr'><strong>mirandum</strong></span> <span class='ocrx_word' id='word_1_557' title='bbox 2989 1392 3108 1446; x_wconf 80' lang='lat' dir='ltr'><strong>est,</strong></span> <span class='ocrx_word' id='word_1_558' title='bbox 3139 1385 3182 1438; x_wconf 88' lang='lat' dir='ltr'><strong>si</strong></span> <span class='ocrx_word' id='word_1_559' title='bbox 3209 1389 3446 1446; x_wconf 68' lang='lat' dir='ltr'><strong>cmlestis</strong></span> <span class='ocrx_word' id='word_1_560' title='bbox 3471 1397 3570 1448; x_wconf 83' lang='grc' dir='ltr'><strong>Ιιο-</strong></span> 
     </span>
    </p>
   </div>
   <div class='ocr_carea' id='block_1_73' title="bbox 1981 1448 3568 1552">
    <p class='ocr_par' dir='ltr' id='par_1_73' title="bbox 1981 1448 3568 1552">
     <span class='ocr_line' id='line_1_73' title="bbox 1981 1448 3568 1552; baseline 0.025 -52"><span class='ocrx_word' id='word_1_561' title='bbox 1981 1448 2142 1504; x_wconf 81' lang='lat' dir='ltr'><strong>mi;.is</strong></span> <span class='ocrx_word' id='word_1_562' title='bbox 2186 1452 2491 1523; x_wconf 83' lang='lat' dir='ltr'><strong>imaginem,</strong></span> <span class='ocrx_word' id='word_1_563' title='bbox 2540 1476 2658 1528; x_wconf 76' lang='lat' dir='ltr'><strong>qua:</strong></span> <span class='ocrx_word' id='word_1_564' title='bbox 2709 1479 2858 1520; x_wconf 82' lang='lat' dir='ltr'><strong>sacra</strong></span> <span class='ocrx_word' id='word_1_565' title='bbox 2909 1470 3214 1538; x_wconf 76' lang='lat' dir='ltr'><strong>perfusione</strong></span> <span class='ocrx_word' id='word_1_566' title='bbox 3263 1485 3568 1552; x_wconf 79' lang='lat' dir='ltr'><strong>suscipitur,</strong></span> 
     </span>
    </p>
   </div>
   <div class='ocr_carea' id='block_1_74' title="bbox 1980 1538 3570 1632">
    <p class='ocr_par' dir='ltr' id='par_1_74' title="bbox 1980 1538 3570 1632">
     <span class='ocr_line' id='line_1_74' title="bbox 1980 1538 3570 1632; baseline 0.026 -42"><span class='ocrx_word' id='word_1_567' title='bbox 1980 1538 2078 1592; x_wconf 85' lang='lat' dir='ltr'><strong>sibi</strong></span> <span class='ocrx_word' id='word_1_568' title='bbox 2109 1541 2336 1597; x_wconf 87' lang='lat' dir='ltr'><strong>vindicat</strong></span> <span class='ocrx_word' id='word_1_569' title='bbox 2385 1547 2558 1613; x_wconf 84' lang='lat' dir='ltr'><strong>Deus;</strong></span> <span class='ocrx_word' id='word_1_570' title='bbox 2607 1553 2888 1624; x_wconf 85' lang='lat' dir='ltr'><strong>imaginem</strong></span> <span class='ocrx_word' id='word_1_571' title='bbox 2931 1577 3057 1616; x_wconf 84' lang='lat' dir='ltr'><strong>vero</strong></span> <span class='ocrx_word' id='word_1_572' title='bbox 3101 1571 3294 1624; x_wconf 81' lang='lat' dir='ltr'><strong>terreni</strong></span> <span class='ocrx_word' id='word_1_573' title='bbox 3338 1572 3570 1632; x_wconf 85' lang='lat' dir='ltr'><strong>hominis</strong></span> 
     </span>
    </p>
   </div>
   <div class='ocr_carea' id='block_1_75' title="bbox 1979 1635 3568 1724">
    <p class='ocr_par' dir='ltr' id='par_1_75' title="bbox 1979 1635 3568 1724">
     <span class='ocr_line' id='line_1_75' title="bbox 1979 1635 3568 1724; baseline 0.026 -41"><span class='ocrx_word' id='word_1_574' title='bbox 1979 1637 2192 1686; x_wconf 85' lang='lat' dir='ltr'><strong>terrena</strong></span> <span class='ocrx_word' id='word_1_575' title='bbox 2221 1635 2339 1690; x_wconf 86' lang='lat' dir='ltr'><strong>labe</strong></span> <span class='ocrx_word' id='word_1_576' title='bbox 2366 1641 2668 1697; x_wconf 83' lang='lat' dir='ltr'><strong>sordentem</strong></span> <span class='ocrx_word' id='word_1_577' title='bbox 2695 1649 2822 1701; x_wconf 87' lang='lat' dir='ltr'><strong>sinit</strong></span> <span class='ocrx_word' id='word_1_578' title='bbox 2849 1667 2968 1707; x_wconf 87' lang='lat' dir='ltr'><strong>esse</strong></span> <span class='ocrx_word' id='word_1_579' title='bbox 2994 1657 3094 1710; x_wconf 88' lang='lat' dir='ltr'><strong>sub</strong></span> <span class='ocrx_word' id='word_1_580' title='bbox 3119 1659 3332 1715; x_wconf 83' lang='lat' dir='ltr'><strong>diabolo</strong></span> <span class='ocrx_word' id='word_1_581' title='bbox 3357 1683 3369 1719; x_wconf 92' lang='lat'><strong>:</strong></span> <span class='ocrx_word' id='word_1_582' title='bbox 3395 1667 3568 1724; x_wconf 85' lang='lat' dir='ltr'><strong>donec</strong></span> 
     </span>
    </p>
   </div>
   <div class='ocr_carea' id='block_1_76' title="bbox 1978 1721 3566 1818">
    <p class='ocr_par' dir='ltr' id='par_1_76' title="bbox 1978 1721 3566 1818">
     <span class='ocr_line' id='line_1_76' title="bbox 1978 1721 3566 1818; baseline 0.027 -45"><span class='ocrx_word' id='word_1_583' title='bbox 1978 1721 2044 1774; x_wconf 88' lang='lat' dir='ltr'><strong>ad</strong></span> <span class='ocrx_word' id='word_1_584' title='bbox 2073 1725 2470 1793; x_wconf 86' lang='lat' dir='ltr'><strong>suscipiendam</strong></span> <span class='ocrx_word' id='word_1_585' title='bbox 2493 1733 2728 1791; x_wconf 70' lang='lat' dir='ltr'><strong>cmlestis</strong></span> <span class='ocrx_word' id='word_1_586' title='bbox 2752 1739 2986 1797; x_wconf 82' lang='lat' dir='ltr'><strong>hominis</strong></span> <span class='ocrx_word' id='word_1_587' title='bbox 3010 1746 3293 1818; x_wconf 88' lang='lat' dir='ltr'><strong>imaginem</strong></span> <span class='ocrx_word' id='word_1_588' title='bbox 3320 1773 3566 1815; x_wconf 83' lang='lat' dir='ltr'><strong>renasca-</strong></span> 
     </span>
    </p>
   </div>
   <div class='ocr_carea' id='block_1_77' title="bbox 1979 1813 2406 1872">
    <p class='ocr_par' dir='ltr' id='par_1_77' title="bbox 1979 1813 2406 1872">
     <span class='ocr_line' id='line_1_77' title="bbox 1979 1813 2406 1872; baseline 0.019 -8"><span class='ocrx_word' id='word_1_589' title='bbox 1979 1820 2064 1864; x_wconf 90' lang='lat' dir='ltr'><strong>tur</strong></span> <span class='ocrx_word' id='word_1_590' title='bbox 2091 1813 2142 1866; x_wconf 92' lang='lat' dir='ltr'><strong>in</strong></span> <span class='ocrx_word' id='word_1_591' title='bbox 2171 1815 2406 1872; x_wconf 84' lang='lat' dir='ltr'><strong>Christo.</strong></span> 
     </span>
    </p>
   </div>
   <div class='ocr_carea' id='block_1_78' title="bbox 2043 1901 3563 2008">
    <p class='ocr_par' dir='ltr' id='par_1_78' title="bbox 2043 1901 3563 2008">
     <span class='ocr_line' id='line_1_78' title="bbox 2043 1901 3563 2008; baseline 0.027 -53"><span class='ocrx_word' id='word_1_592' title='bbox 2043 1901 2134 1958; x_wconf 76' lang='lat'><strong>27.</strong></span> <span class='ocrx_word' id='word_1_593' title='bbox 2175 1904 2341 1962; x_wconf 89' lang='lat' dir='ltr'><strong>Porro</strong></span> <span class='ocrx_word' id='word_1_594' title='bbox 2373 1911 2416 1964; x_wconf 90' lang='lat' dir='ltr'><strong>si</strong></span> <span class='ocrx_word' id='word_1_595' title='bbox 2457 1913 2694 1980; x_wconf 83' lang='lat' dir='ltr'><strong>perfundi</strong></span> <span class='ocrx_word' id='word_1_596' title='bbox 2722 1925 2776 1974; x_wconf 90' lang='lat' dir='ltr'><strong>et</strong></span> <span class='ocrx_word' id='word_1_597' title='bbox 2815 1925 2956 1983; x_wconf 84' lang='lat' dir='ltr'><strong>nasci</strong></span> <span class='ocrx_word' id='word_1_598' title='bbox 2997 1930 3186 1996; x_wconf 81' lang='lat' dir='ltr'><strong>aequali</strong></span> <span class='ocrx_word' id='word_1_599' title='bbox 3225 1933 3322 1988; x_wconf 88' lang='lat' dir='ltr'><strong>abs</strong></span> <span class='ocrx_word' id='word_1_600' title='bbox 3353 1945 3404 1992; x_wconf 92' lang='lat' dir='ltr'><strong>te</strong></span> <span class='ocrx_word' id='word_1_601' title='bbox 3429 1953 3563 2008; x_wconf 90' lang='lat' dir='ltr'><strong>pen-</strong></span> 
     </span>
    </p>
   </div>
   <div class='ocr_carea' id='block_1_79' title="bbox 1973 2001 3564 2090">
    <p class='ocr_par' dir='ltr' id='par_1_79' title="bbox 1973 2001 3564 2090">
     <span class='ocr_line' id='line_1_79' title="bbox 1973 2001 3564 2090; baseline 0.028 -45"><span class='ocrx_word' id='word_1_602' title='bbox 1973 2003 2158 2049; x_wconf 88' lang='lat' dir='ltr'><strong>santur</strong></span> <span class='ocrx_word' id='word_1_603' title='bbox 2181 2001 2454 2068; x_wconf 76' lang='lat' dir='ltr'><strong>examine,</strong></span> <span class='ocrx_word' id='word_1_604' title='bbox 2487 2013 2544 2058; x_wconf 89' lang='lat' dir='ltr'><strong>ut</strong></span> <span class='ocrx_word' id='word_1_605' title='bbox 2587 2007 2706 2063; x_wconf 90' lang='lat' dir='ltr'><strong>ideo</strong></span> <span class='ocrx_word' id='word_1_606' title='bbox 2743 2015 2946 2080; x_wconf 86' lang='lat' dir='ltr'><strong>parvuli</strong></span> <span class='ocrx_word' id='word_1_607' title='bbox 2977 2021 3208 2076; x_wconf 90' lang='lat' dir='ltr'><strong>nondum</strong></span> <span class='ocrx_word' id='word_1_608' title='bbox 3252 2031 3420 2083; x_wconf 89' lang='lat' dir='ltr'><strong>renati</strong></span> <span class='ocrx_word' id='word_1_609' title='bbox 3453 2049 3564 2090; x_wconf 87' lang='lat' dir='ltr'><strong>non</strong></span> 
     </span>
    </p>
   </div>
   <div class='ocr_carea' id='block_1_80' title="bbox 1972 2085 3564 2185">
    <p class='ocr_par' dir='ltr' id='par_1_80' title="bbox 1972 2085 3564 2185">
     <span class='ocr_line' id='line_1_80' title="bbox 1972 2085 3564 2185; baseline 0.027 -49"><span class='ocrx_word' id='word_1_610' title='bbox 1972 2085 2258 2142; x_wconf 86' lang='lat' dir='ltr'><strong>credantur</strong></span> <span class='ocrx_word' id='word_1_611' title='bbox 2281 2105 2402 2147; x_wconf 88' lang='lat' dir='ltr'><strong>esse</strong></span> <span class='ocrx_word' id='word_1_612' title='bbox 2429 2096 2530 2150; x_wconf 87' lang='lat' dir='ltr'><strong>sub</strong></span> <span class='ocrx_word' id='word_1_613' title='bbox 2553 2097 2765 2155; x_wconf 89' lang='lat' dir='ltr'><strong>diabolo</strong></span> <span class='ocrx_word' id='word_1_614' title='bbox 2783 2143 2798 2168; x_wconf 96' lang='lat'><strong>,</strong></span> <span class='ocrx_word' id='word_1_615' title='bbox 2831 2121 2896 2159; x_wconf 91' lang='lat' dir='ltr'><strong>ne</strong></span> <span class='ocrx_word' id='word_1_616' title='bbox 2921 2121 3100 2176; x_wconf 88' lang='lat' dir='ltr'><strong>partes</strong></span> <span class='ocrx_word' id='word_1_617' title='bbox 3144 2119 3378 2185; x_wconf 78' lang='lat' dir='ltr'><strong>a-quales</strong></span> <span class='ocrx_word' id='word_1_618' title='bbox 3423 2123 3564 2179; x_wconf 88' lang='lat' dir='ltr'><strong>inter</strong></span> 
     </span>
    </p>
   </div>
   <div class='ocr_carea' id='block_1_81' title="bbox 1971 2178 3560 2272">
    <p class='ocr_par' dir='ltr' id='par_1_81' title="bbox 1971 2178 3560 2272">
     <span class='ocr_line' id='line_1_81' title="bbox 1971 2178 3560 2272; baseline 0.025 -41"><span class='ocrx_word' id='word_1_619' title='bbox 1971 2189 2032 2232; x_wconf 88' lang='lat' dir='ltr'><strong>se</strong></span> <span class='ocrx_word' id='word_1_620' title='bbox 2079 2178 2218 2236; x_wconf 85' lang='lat' dir='ltr'><strong>Deus</strong></span> <span class='ocrx_word' id='word_1_621' title='bbox 2254 2191 2310 2236; x_wconf 89' lang='lat' dir='ltr'><strong>et</strong></span> <span class='ocrx_word' id='word_1_622' title='bbox 2346 2185 2588 2244; x_wconf 86' lang='lat' dir='ltr'><strong>diabolus</strong></span> <span class='ocrx_word' id='word_1_623' title='bbox 2628 2193 2802 2251; x_wconf 83' lang='lat' dir='ltr'><strong>facere</strong></span> <span class='ocrx_word' id='word_1_624' title='bbox 2843 2198 3149 2272; x_wconf 85' lang='lat' dir='ltr'><strong>videantur,</strong></span> <span class='ocrx_word' id='word_1_625' title='bbox 3194 2178 3236 2261; x_wconf 67' lang='lat' dir='ltr'><strong>si</strong></span> <span class='ocrx_word' id='word_1_626' title='bbox 3280 2210 3419 2268; x_wconf 88' lang='lat' dir='ltr'><strong>Deus</strong></span> <span class='ocrx_word' id='word_1_627' title='bbox 3457 2217 3560 2272; x_wconf 90' lang='lat' dir='ltr'><strong>sibi</strong></span> 
     </span>
    </p>
   </div>
   <div class='ocr_carea' id='block_1_82' title="bbox 1969 2266 3610 2372">
    <p class='ocr_par' dir='ltr' id='par_1_82' title="bbox 1969 2266 3610 2372">
     <span class='ocr_line' id='line_1_82' title="bbox 1969 2266 3610 2372; baseline 0.027 -53"><span class='ocrx_word' id='word_1_628' title='bbox 1969 2266 2232 2337; x_wconf 80' lang='lat' dir='ltr'><strong>perfusos,</strong></span> <span class='ocrx_word' id='word_1_629' title='bbox 2275 2273 2519 2332; x_wconf 85' lang='lat' dir='ltr'><strong>diabolus</strong></span> <span class='ocrx_word' id='word_1_630' title='bbox 2560 2289 2736 2337; x_wconf 86' lang='lat' dir='ltr'><strong>autem</strong></span> <span class='ocrx_word' id='word_1_631' title='bbox 2785 2287 3018 2345; x_wconf 87' lang='lat' dir='ltr'><strong>vindicat</strong></span> <span class='ocrx_word' id='word_1_632' title='bbox 3069 2266 3263 2353; x_wconf 78' lang='lat' dir='ltr'><strong>natos:</strong></span> <span class='ocrx_word' id='word_1_633' title='bbox 3320 2266 3562 2372; x_wconf 66' lang='lat' dir='ltr'><strong>profecto</strong></span> <span class='ocrx_word' id='word_1_634' title='bbox 3597 2299 3610 2312; x_wconf 86' lang='grc'><em>’</em></span> 
     </span>
    </p>
   </div>
   <div class='ocr_carea' id='block_1_83' title="bbox 1967 2359 3555 2466">
    <p class='ocr_par' dir='ltr' id='par_1_83' title="bbox 1967 2359 3555 2466">
     <span class='ocr_line' id='line_1_83' title="bbox 1967 2359 3555 2466; baseline 0.027 -57"><span class='ocrx_word' id='word_1_635' title='bbox 1967 2359 2090 2427; x_wconf 89' lang='lat' dir='ltr'><strong>quia</strong></span> <span class='ocrx_word' id='word_1_636' title='bbox 2139 2365 2434 2421; x_wconf 84' lang='lat' dir='ltr'><strong>secundum</strong></span> <span class='ocrx_word' id='word_1_637' title='bbox 2493 2371 2649 2428; x_wconf 91' lang='lat' dir='ltr'><strong>istum</strong></span> <span class='ocrx_word' id='word_1_638' title='bbox 2706 2391 2921 2435; x_wconf 87' lang='lat' dir='ltr'><strong>sensum</strong></span> <span class='ocrx_word' id='word_1_639' title='bbox 2977 2391 3182 2442; x_wconf 80' lang='lat' dir='ltr'><strong>tantum</strong></span> <span class='ocrx_word' id='word_1_640' title='bbox 3235 2359 3376 2449; x_wconf 73' lang='lat' dir='ltr'><strong>valet</strong></span> <span class='ocrx_word' id='word_1_641' title='bbox 3433 2413 3555 2466; x_wconf 84' lang='lat' dir='ltr'><strong>pcr-</strong></span> 
     </span>
    </p>
   </div>
   <div class='ocr_carea' id='block_1_84' title="bbox 1969 2449 3558 2551">
    <p class='ocr_par' dir='ltr' id='par_1_84' title="bbox 1969 2449 3558 2551">
     <span class='ocr_line' id='line_1_84' title="bbox 1969 2449 3558 2551; baseline 0.028 -48"><span class='ocrx_word' id='word_1_642' title='bbox 1969 2449 2116 2506; x_wconf 86' lang='lat' dir='ltr'><strong>fundi</strong></span> <span class='ocrx_word' id='word_1_643' title='bbox 2157 2466 2412 2525; x_wconf 88' lang='lat' dir='ltr'><strong>quantum</strong></span> <span class='ocrx_word' id='word_1_644' title='bbox 2455 2463 2597 2518; x_wconf 87' lang='lat' dir='ltr'><strong>valet</strong></span> <span class='ocrx_word' id='word_1_645' title='bbox 2640 2471 2820 2538; x_wconf 89' lang='lat' dir='ltr'><strong>nasci,</strong></span> <span class='ocrx_word' id='word_1_646' title='bbox 2864 2477 3188 2544; x_wconf 89' lang='lat' dir='ltr'><strong>superfluum</strong></span> <span class='ocrx_word' id='word_1_647' title='bbox 3227 2449 3558 2551; x_wconf 79' lang='lat' dir='ltr'><strong>persuadetis</strong></span> 
     </span>
    </p>
   </div>
   <div class='ocr_carea' id='block_1_85' title="bbox 1964 2545 3560 2642">
    <p class='ocr_par' dir='ltr' id='par_1_85' title="bbox 1964 2545 3560 2642">
     <span class='ocr_line' id='line_1_85' title="bbox 1964 2545 3560 2642; baseline 0.026 -49"><span class='ocrx_word' id='word_1_648' title='bbox 1964 2553 2086 2596; x_wconf 86' lang='lat' dir='ltr'><strong>esse</strong></span> <span class='ocrx_word' id='word_1_649' title='bbox 2113 2545 2391 2614; x_wconf 88' lang='lat' dir='ltr'><strong>perfundi;</strong></span> <span class='ocrx_word' id='word_1_650' title='bbox 2423 2555 2696 2622; x_wconf 88' lang='lat' dir='ltr'><strong>quoniam,</strong></span> <span class='ocrx_word' id='word_1_651' title='bbox 2729 2561 2870 2630; x_wconf 91' lang='lat' dir='ltr'><strong>quod</strong></span> <span class='ocrx_word' id='word_1_652' title='bbox 2901 2545 3240 2626; x_wconf 75' lang='lat' dir='ltr'><strong>tantumdem</strong></span> <span class='ocrx_word' id='word_1_653' title='bbox 3257 2575 3414 2642; x_wconf 86' lang='lat' dir='ltr'><strong>valet,</strong></span> <span class='ocrx_word' id='word_1_654' title='bbox 3449 2581 3560 2634; x_wconf 91' lang='lat' dir='ltr'><strong>suf-</strong></span> 
     </span>
    </p>
   </div>
   <div class='ocr_carea' id='block_1_86' title="bbox 1965 2630 3555 2730">
    <p class='ocr_par' dir='ltr' id='par_1_86' title="bbox 1965 2630 3555 2730">
     <span class='ocr_line' id='line_1_86' title="bbox 1965 2630 3555 2730; baseline 0.027 -48"><span class='ocrx_word' id='word_1_655' title='bbox 1965 2630 2075 2684; x_wconf 87' lang='lat' dir='ltr'><strong>ficit</strong></span> <span class='ocrx_word' id='word_1_656' title='bbox 2113 2637 2281 2688; x_wconf 89' lang='lat' dir='ltr'><strong>nasci.</strong></span> <span class='ocrx_word' id='word_1_657' title='bbox 2313 2639 2376 2692; x_wconf 90' lang='lat' dir='ltr'><strong>Et</strong></span> <span class='ocrx_word' id='word_1_658' title='bbox 2422 2649 2598 2698; x_wconf 85' lang='lat' dir='ltr'><strong>tamen</strong></span> <span class='ocrx_word' id='word_1_659' title='bbox 2637 2648 2845 2716; x_wconf 87' lang='lat' dir='ltr'><strong>agimus</strong></span> <span class='ocrx_word' id='word_1_660' title='bbox 2881 2657 3097 2722; x_wconf 86' lang='lat' dir='ltr'><strong>gratias,</strong></span> <span class='ocrx_word' id='word_1_661' title='bbox 3141 2663 3262 2730; x_wconf 86' lang='lat' dir='ltr'><strong>quia</strong></span> <span class='ocrx_word' id='word_1_662' title='bbox 3307 2681 3410 2720; x_wconf 88' lang='lat' dir='ltr'><strong>non</strong></span> <span class='ocrx_word' id='word_1_663' title='bbox 3453 2669 3555 2724; x_wconf 87' lang='lat' dir='ltr'><strong>hoc</strong></span> 
     </span>
    </p>
   </div>
   <div class='ocr_carea' id='block_1_87' title="bbox 1961 2723 3548 2824">
    <p class='ocr_par' dir='ltr' id='par_1_87' title="bbox 1961 2723 3548 2824">
     <span class='ocr_line' id='line_1_87' title="bbox 1961 2723 3548 2824; baseline 0.029 -55"><span class='ocrx_word' id='word_1_664' title='bbox 1961 2723 2180 2790; x_wconf 86' lang='lat' dir='ltr'><strong>putatis.</strong></span> <span class='ocrx_word' id='word_1_665' title='bbox 2212 2724 2328 2780; x_wconf 81' lang='lat' dir='ltr'><strong>Non</strong></span> <span class='ocrx_word' id='word_1_666' title='bbox 2356 2729 2495 2782; x_wconf 91' lang='lat' dir='ltr'><strong>enim</strong></span> <span class='ocrx_word' id='word_1_667' title='bbox 2526 2733 2594 2786; x_wconf 88' lang='lat' dir='ltr'><strong>ad</strong></span> <span class='ocrx_word' id='word_1_668' title='bbox 2624 2749 2842 2805; x_wconf 83' lang='lat' dir='ltr'><strong>regnum</strong></span> <span class='ocrx_word' id='word_1_669' title='bbox 2869 2741 2963 2796; x_wconf 89' lang='lat' dir='ltr'><strong>Dei</strong></span> <span class='ocrx_word' id='word_1_670' title='bbox 2995 2723 3172 2816; x_wconf 64' lang='lat' dir='ltr'><strong>natos,</strong></span> <span class='ocrx_word' id='word_1_671' title='bbox 3203 2755 3302 2806; x_wconf 90' lang='lat' dir='ltr'><strong>nisi</strong></span> <span class='ocrx_word' id='word_1_672' title='bbox 3332 2761 3548 2824; x_wconf 56' lang='grc' dir='ltr'><strong>[ιρι-Γυλ-</strong></span> 
     </span>
    </p>
   </div>
   <div class='ocr_carea' id='block_1_88' title="bbox 1962 2810 3552 2908">
    <p class='ocr_par' dir='ltr' id='par_1_88' title="bbox 1962 2810 3552 2908">
     <span class='ocr_line' id='line_1_88' title="bbox 1962 2810 3552 2908; baseline 0.028 -45"><span class='ocrx_word' id='word_1_673' title='bbox 1962 2810 2156 2868; x_wconf 88' lang='lat' dir='ltr'><strong>dantur</strong></span> <span class='ocrx_word' id='word_1_674' title='bbox 2179 2855 2194 2880; x_wconf 90' lang='lat'><strong>,</strong></span> <span class='ocrx_word' id='word_1_675' title='bbox 2236 2817 2512 2876; x_wconf 82' lang='lat' dir='ltr'><strong>admittitis</strong></span> <span class='ocrx_word' id='word_1_676' title='bbox 2541 2841 2554 2876; x_wconf 91' lang='lat'><strong>:</strong></span> <span class='ocrx_word' id='word_1_677' title='bbox 2601 2835 2762 2896; x_wconf 88' lang='lat' dir='ltr'><strong>atque</strong></span> <span class='ocrx_word' id='word_1_678' title='bbox 2785 2831 2856 2884; x_wconf 86' lang='lat' dir='ltr'><strong>ita</strong></span> <span class='ocrx_word' id='word_1_679' title='bbox 2888 2835 3132 2903; x_wconf 77' lang='lat' dir='ltr'><strong>perfundi</strong></span> <span class='ocrx_word' id='word_1_680' title='bbox 3155 2810 3552 2908; x_wconf 52' lang='lat' dir='ltr'><strong>inulto&#39;mcllus</strong></span> 
     </span>
    </p>
   </div>
   <div class='ocr_carea' id='block_1_89' title="bbox 1956 2901 3545 3004">
    <p class='ocr_par' dir='ltr' id='par_1_89' title="bbox 1956 2901 3545 3004">
     <span class='ocr_line' id='line_1_89' title="bbox 1956 2901 3545 3004; baseline 0.026 -50"><span class='ocrx_word' id='word_1_681' title='bbox 1956 2901 2204 2971; x_wconf 87' lang='lat' dir='ltr'><strong>judicatis</strong></span> <span class='ocrx_word' id='word_1_682' title='bbox 2231 2923 2353 2964; x_wconf 89' lang='lat' dir='ltr'><strong>esse</strong></span> <span class='ocrx_word' id='word_1_683' title='bbox 2377 2927 2536 2980; x_wconf 83' lang='lat' dir='ltr'><strong>quam</strong></span> <span class='ocrx_word' id='word_1_684' title='bbox 2565 2919 2726 2971; x_wconf 90' lang='lat' dir='ltr'><strong>nasci.</strong></span> <span class='ocrx_word' id='word_1_685' title='bbox 2758 2901 3082 2997; x_wconf 77' lang='lat' dir='ltr'><strong>Jamitaque</strong></span> <span class='ocrx_word' id='word_1_686' title='bbox 3115 2933 3263 2986; x_wconf 84' lang='lat' dir='ltr'><strong>vobis</strong></span> <span class='ocrx_word' id='word_1_687' title='bbox 3291 2935 3393 3004; x_wconf 83' lang='lat' dir='ltr'><strong>ipsi</strong></span> <span class='ocrx_word' id='word_1_688' title='bbox 3420 2941 3545 2995; x_wconf 89' lang='lat' dir='ltr'><strong>red-</strong></span> 
     </span>
    </p>
   </div>
   <div class='ocr_carea' id='block_1_90' title="bbox 1960 2993 3548 3092">
    <p class='ocr_par' dir='ltr' id='par_1_90' title="bbox 1960 2993 3548 3092">
     <span class='ocr_line' id='line_1_90' title="bbox 1960 2993 3548 3092; baseline 0.025 -46"><span class='ocrx_word' id='word_1_689' title='bbox 1960 2993 2068 3048; x_wconf 86' lang='lat' dir='ltr'><strong>dite</strong></span> <span class='ocrx_word' id='word_1_690' title='bbox 2097 2999 2380 3064; x_wconf 88' lang='lat' dir='ltr'><strong>rationem,</strong></span> <span class='ocrx_word' id='word_1_691' title='bbox 2413 3019 2480 3058; x_wconf 89' lang='lat' dir='ltr'><strong>ne</strong></span> <span class='ocrx_word' id='word_1_692' title='bbox 2507 3010 2701 3074; x_wconf 86' lang='lat' dir='ltr'><strong>putetis</strong></span> <span class='ocrx_word' id='word_1_693' title='bbox 2724 2993 3016 3084; x_wconf 63' lang='lat' dir='ltr'><strong>indignum,</strong></span> <span class='ocrx_word' id='word_1_694' title='bbox 3044 3031 3098 3075; x_wconf 91' lang='lat' dir='ltr'><strong>ut</strong></span> <span class='ocrx_word' id='word_1_695' title='bbox 3118 3025 3204 3092; x_wconf 88' lang='lat' dir='ltr'><strong>qui</strong></span> <span class='ocrx_word' id='word_1_696' title='bbox 3229 2993 3331 3080; x_wconf 76' lang='lat' dir='ltr'><strong>non</strong></span> <span class='ocrx_word' id='word_1_697' title='bbox 3355 3031 3548 3086; x_wconf 90' lang='lat' dir='ltr'><strong>admit-</strong></span> 
     </span>
    </p>
   </div>
   <div class='ocr_carea' id='block_1_91' title="bbox 1961 3089 3550 3184">
    <p class='ocr_par' dir='ltr' id='par_1_91' title="bbox 1961 3089 3550 3184">
     <span class='ocr_line' id='line_1_91' title="bbox 1961 3089 3550 3184; baseline 0.028 -49"><span class='ocrx_word' id='word_1_698' title='bbox 1961 3091 2142 3138; x_wconf 87' lang='lat' dir='ltr'><strong>tuntur</strong></span> <span class='ocrx_word' id='word_1_699' title='bbox 2189 3089 2240 3142; x_wconf 86' lang='lat' dir='ltr'><strong>in</strong></span> <span class='ocrx_word' id='word_1_700' title='bbox 2297 3107 2518 3162; x_wconf 89' lang='lat' dir='ltr'><strong>regnum</strong></span> <span class='ocrx_word' id='word_1_701' title='bbox 2567 3099 2692 3163; x_wconf 89' lang='lat' dir='ltr'><strong>Dei,</strong></span> <span class='ocrx_word' id='word_1_702' title='bbox 2723 3103 2829 3155; x_wconf 87' lang='lat' dir='ltr'><strong>sint</strong></span> <span class='ocrx_word' id='word_1_703' title='bbox 2859 3108 2957 3162; x_wconf 92' lang='lat' dir='ltr'><strong>sub</strong></span> <span class='ocrx_word' id='word_1_704' title='bbox 3002 3111 3090 3166; x_wconf 91' lang='lat' dir='ltr'><strong>illo</strong></span> <span class='ocrx_word' id='word_1_705' title='bbox 3127 3089 3216 3184; x_wconf 84' lang='lat' dir='ltr'><strong>qui</strong></span> <span class='ocrx_word' id='word_1_706' title='bbox 3257 3121 3450 3176; x_wconf 89' lang='lat' dir='ltr'><strong>cecidit</strong></span> <span class='ocrx_word' id='word_1_707' title='bbox 3479 3125 3550 3179; x_wconf 89' lang='lat' dir='ltr'><strong>de</strong></span> 
     </span>
    </p>
   </div>
   <div class='ocr_carea' id='block_1_92' title="bbox 1957 3179 3572 3290">
    <p class='ocr_par' dir='ltr' id='par_1_92' title="bbox 1957 3179 3572 3290">
     <span class='ocr_line' id='line_1_92' title="bbox 1957 3179 3572 3290; baseline 0.016 -46"><span class='ocrx_word' id='word_1_708' title='bbox 1957 3189 2122 3244; x_wconf 69' lang='grc' dir='ltr'><strong>τοεηο</strong></span> <span class='ocrx_word' id='word_1_709' title='bbox 2149 3179 2271 3242; x_wconf 66' lang='lat' dir='ltr'><strong>Dei;</strong></span> <span class='ocrx_word' id='word_1_710' title='bbox 2300 3192 2353 3236; x_wconf 72' lang='grc' dir='ltr'><strong>ει</strong></span> <span class='ocrx_word' id='word_1_711' title='bbox 2382 3187 2470 3254; x_wconf 77' lang='lat' dir='ltr'><strong>qui</strong></span> <span class='ocrx_word' id='word_1_712' title='bbox 2501 3203 2604 3242; x_wconf 79' lang='lat' dir='ltr'><strong>non</strong></span> <span class='ocrx_word' id='word_1_713' title='bbox 2634 3189 2829 3248; x_wconf 86' lang='lat' dir='ltr'><strong>habent</strong></span> <span class='ocrx_word' id='word_1_714' title='bbox 2861 3198 3051 3268; x_wconf 85' lang='lat' dir='ltr'><strong>vitam,</strong></span> <span class='ocrx_word' id='word_1_715' title='bbox 3081 3179 3187 3259; x_wconf 80' lang='lat' dir='ltr'><strong>sint</strong></span> <span class='ocrx_word' id='word_1_716' title='bbox 3211 3210 3310 3264; x_wconf 91' lang='lat' dir='ltr'><strong>sub</strong></span> <span class='ocrx_word' id='word_1_717' title='bbox 3341 3213 3432 3266; x_wconf 88' lang='lat' dir='ltr'><strong>illo</strong></span> <span class='ocrx_word' id='word_1_718' title='bbox 3457 3218 3572 3290; x_wconf 75' lang='lat' dir='ltr'><strong>qui</strong></span> 
     </span>
     <span class='ocr_line' id='line_1_93' title="bbox 1957 3267 2855 3290; baseline 0.006 -7"><span class='ocrx_word' id='word_1_719' title='bbox 1957 3267 2182 3290; x_wconf 33' lang='lat' dir='ltr'><strong>&quot;ut...</strong></span> <span class='ocrx_word' id='word_1_720' title='bbox 2467 3277 2510 3290; x_wconf 84' lang='lat'><strong>-,</strong></span> <span class='ocrx_word' id='word_1_721' title='bbox 2846 3288 2855 3290; x_wconf 79' lang='lat'><strong><em>_</em></strong></span> 
     </span>
    </p>
   </div>
   <div class='ocr_carea' id='block_1_93' title="bbox 1955 3267 3541 3373">
    <p class='ocr_par' dir='ltr' id='par_1_93' title="bbox 1955 3267 3541 3373">
     <span class='ocr_line' id='line_1_94' title="bbox 1955 3267 3541 3373; baseline 0.025 -54"><span class='ocrx_word' id='word_1_722' title='bbox 1955 3267 2186 3333; x_wconf 88' lang='lat' dir='ltr'><strong>perdidit</strong></span> <span class='ocrx_word' id='word_1_723' title='bbox 2237 3273 2419 3330; x_wconf 87' lang='lat' dir='ltr'><strong>vitam.</strong></span> <span class='ocrx_word' id='word_1_724' title='bbox 2465 3277 2578 3334; x_wconf 85' lang='lat' dir='ltr'><strong>Non</strong></span> <span class='ocrx_word' id='word_1_725' title='bbox 2623 3291 2800 3339; x_wconf 85' lang='lat' dir='ltr'><strong>autem</strong></span> <span class='ocrx_word' id='word_1_726' title='bbox 2845 3288 3038 3364; x_wconf 80' lang='lat' dir='ltr'><strong>habere</strong></span> <span class='ocrx_word' id='word_1_727' title='bbox 3081 3302 3330 3363; x_wconf 84' lang='lat' dir='ltr'><strong>parvulos</strong></span> <span class='ocrx_word' id='word_1_728' title='bbox 3359 3267 3541 3373; x_wconf 61' lang='lat' dir='ltr'><strong>vitain,</strong></span> 
     </span>
    </p>
   </div>
   <div class='ocr_carea' id='block_1_94' title="bbox 1953 3357 3544 3453">
    <p class='ocr_par' dir='ltr' id='par_1_94' title="bbox 1953 3357 3544 3453">
     <span class='ocr_line' id='line_1_95' title="bbox 1953 3357 3544 3453; baseline 0.028 -44"><span class='ocrx_word' id='word_1_729' title='bbox 1953 3357 2054 3412; x_wconf 86' lang='lat' dir='ltr'><strong>nisi</strong></span> <span class='ocrx_word' id='word_1_730' title='bbox 2101 3359 2328 3418; x_wconf 84' lang='lat' dir='ltr'><strong>habeant</strong></span> <span class='ocrx_word' id='word_1_731' title='bbox 2363 3365 2632 3426; x_wconf 84' lang='lat' dir='ltr'><strong>Christum</strong></span> <span class='ocrx_word' id='word_1_732' title='bbox 2685 3357 3102 3450; x_wconf 34' lang='lat' dir='ltr'><strong>(quem&#39;procu-l</strong></span> <span class='ocrx_word' id='word_1_733' title='bbox 3143 3389 3306 3446; x_wconf 92' lang='lat' dir='ltr'><strong>dubio</strong></span> <span class='ocrx_word' id='word_1_734' title='bbox 3346 3357 3544 3453; x_wconf 73' lang='lat' dir='ltr'><strong>habere</strong></span> 
     </span>
    </p>
   </div>
   <div class='ocr_carea' id='block_1_95' title="bbox 1951 3455 3541 3556">
    <p class='ocr_par' dir='ltr' id='par_1_95' title="bbox 1951 3455 3541 3556">
     <span class='ocr_line' id='line_1_96' title="bbox 1951 3455 3541 3556; baseline 0.029 -55"><span class='ocrx_word' id='word_1_735' title='bbox 1951 3463 2058 3503; x_wconf 87' lang='lat' dir='ltr'><strong>non</strong></span> <span class='ocrx_word' id='word_1_736' title='bbox 2085 3465 2338 3522; x_wconf 86' lang='lat' dir='ltr'><strong>possunt,</strong></span> <span class='ocrx_word' id='word_1_737' title='bbox 2372 3461 2470 3513; x_wconf 87' lang='lat' dir='ltr'><strong>nisi</strong></span> <span class='ocrx_word' id='word_1_738' title='bbox 2499 3455 2770 3521; x_wconf 88' lang='lat' dir='ltr'><strong>induerint</strong></span> <span class='ocrx_word' id='word_1_739' title='bbox 2797 3485 2917 3526; x_wconf 89' lang='lat' dir='ltr'><strong>eum</strong></span> <span class='ocrx_word' id='word_1_740' title='bbox 2944 3517 2959 3538; x_wconf 94' lang='lat'><strong>,</strong></span> <span class='ocrx_word' id='word_1_741' title='bbox 2993 3491 3056 3529; x_wconf 91' lang='lat' dir='ltr'><strong>eo</strong></span> <span class='ocrx_word' id='word_1_742' title='bbox 3089 3481 3248 3536; x_wconf 90' lang='lat' dir='ltr'><strong>modo</strong></span> <span class='ocrx_word' id='word_1_743' title='bbox 3275 3501 3380 3556; x_wconf 89' lang='lat' dir='ltr'><strong>quo</strong></span> <span class='ocrx_word' id='word_1_744' title='bbox 3409 3494 3541 3545; x_wconf 88' lang='lat' dir='ltr'><strong>scri-</strong></span> 
     </span>
    </p>
   </div>
   <div class='ocr_carea' id='block_1_96' title="bbox 1952 3545 3540 3640">
    <p class='ocr_par' dir='ltr' id='par_1_96' title="bbox 1952 3545 3540 3640">
     <span class='ocr_line' id='line_1_97' title="bbox 1952 3545 3540 3640; baseline 0.029 -51"><span class='ocrx_word' id='word_1_745' title='bbox 1952 3547 2099 3606; x_wconf 88' lang='lat' dir='ltr'><strong>ptum</strong></span> <span class='ocrx_word' id='word_1_746' title='bbox 2129 3557 2228 3606; x_wconf 70' lang='grc' dir='ltr'>ρει,</span> <span class='ocrx_word' id='word_1_747' title='bbox 2263 3545 2514 3618; x_wconf 79' lang='lat' dir='ltr'><strong>Quotquot</strong></span> <span class='ocrx_word' id='word_1_748' title='bbox 2539 3553 2590 3606; x_wconf 81' lang='lat' dir='ltr'><strong>in</strong></span> <span class='ocrx_word' id='word_1_749' title='bbox 2619 3554 2818 3612; x_wconf 79' lang='lat' dir='ltr'><strong>Christo</strong></span> <span class='ocrx_word' id='word_1_750' title='bbox 2844 3562 3084 3631; x_wconf 69' lang='lat' dir='ltr'><strong>baptismi</strong></span> <span class='ocrx_word' id='word_1_751' title='bbox 3108 3571 3255 3640; x_wconf 78' lang='lat' dir='ltr'><strong>estis,</strong></span> <span class='ocrx_word' id='word_1_752' title='bbox 3286 3545 3540 3635; x_wconf 72' lang='lat' dir='ltr'><strong>Christum</strong></span> 
     </span>
    </p>
   </div>
   <div class='ocr_carea' id='block_1_97' title="bbox 1949 3625 3536 3738">
    <p class='ocr_par' dir='ltr' id='par_1_97' title="bbox 1949 3625 3536 3738">
     <span class='ocr_line' id='line_1_98' title="bbox 1949 3625 3536 3738; baseline 0.029 -58"><span class='ocrx_word' id='word_1_753' title='bbox 1949 3625 2184 3684; x_wconf 70' lang='lat' dir='ltr'><strong>induisti:</strong></span> <span class='ocrx_word' id='word_1_754' title='bbox 2209 3629 2403 3702; x_wconf 60' lang='lat' dir='ltr'><strong>[Colat</strong></span> <span class='ocrx_word' id='word_1_755' title='bbox 2437 3653 2521 3706; x_wconf 86' lang='lat' dir='ltr'><strong>tu,</strong></span> <span class='ocrx_word' id='word_1_756' title='bbox 2549 3640 2667 3714; x_wconf 77' lang='grc'><strong>27])</strong></span> <span class='ocrx_word' id='word_1_757' title='bbox 2687 3661 2702 3698; x_wconf 91' lang='lat'><strong>:</strong></span> <span class='ocrx_word' id='word_1_758' title='bbox 2723 3662 2828 3702; x_wconf 92' lang='lat' dir='ltr'><strong>non</strong></span> <span class='ocrx_word' id='word_1_759' title='bbox 2856 3625 2981 3721; x_wconf 68' lang='lat' dir='ltr'><strong>ergo</strong></span> <span class='ocrx_word' id='word_1_760' title='bbox 3007 3669 3100 3711; x_wconf 86' lang='lat' dir='ltr'><strong>eos</strong></span> 
     </span>
    </p>
   </div>
   <div class='ocr_carea' id='block_1_98' title="bbox 1948 3717 3534 3828">
    <p class='ocr_par' dir='ltr' id='par_1_98' title="bbox 1948 3717 3534 3828">
     <span class='ocr_line' id='line_1_99' title="bbox 1948 3717 3534 3828; baseline 0.03 -58"><span class='ocrx_word' id='word_1_761' title='bbox 1948 3717 2048 3772; x_wconf 89' lang='lat' dir='ltr'><strong>nisi</strong></span> <span class='ocrx_word' id='word_1_762' title='bbox 2081 3719 2302 3778; x_wconf 84' lang='lat' dir='ltr'><strong>habeant</strong></span> <span class='ocrx_word' id='word_1_763' title='bbox 2333 3725 2627 3798; x_wconf 87' lang='lat' dir='ltr'><strong>Christum,</strong></span> <span class='ocrx_word' id='word_1_764' title='bbox 2658 3734 2892 3794; x_wconf 86' lang='lat' dir='ltr'><strong>Joannes</strong></span> <span class='ocrx_word' id='word_1_765' title='bbox 2918 3717 3244 3816; x_wconf 77' lang='lat' dir='ltr'><strong>evangelista</strong></span> <span class='ocrx_word' id='word_1_766' title='bbox 3275 3717 3534 3828; x_wconf 67' lang='lat' dir='ltr'><strong>lestatur:</strong></span> 
     </span>
    </p>
   </div>
   <div class='ocr_carea' id='block_1_99' title="bbox 1948 3808 3534 3908">
    <p class='ocr_par' dir='ltr' id='par_1_99' title="bbox 1948 3808 3534 3908">
     <span class='ocr_line' id='line_1_100' title="bbox 1948 3808 3534 3908; baseline 0.026 -44"><span class='ocrx_word' id='word_1_767' title='bbox 1948 3808 2132 3866; x_wconf 85' lang='lat' dir='ltr'><strong>dicens</strong></span> <span class='ocrx_word' id='word_1_768' title='bbox 2171 3813 2222 3868; x_wconf 90' lang='lat' dir='ltr'><strong>in</strong></span> <span class='ocrx_word' id='word_1_769' title='bbox 2262 3815 2492 3887; x_wconf 75' lang='lat' dir='ltr'><strong>Epistula</strong></span> <span class='ocrx_word' id='word_1_770' title='bbox 2519 3837 2644 3889; x_wconf 88' lang='lat' dir='ltr'><strong>sua,</strong></span> <span class='ocrx_word' id='word_1_771' title='bbox 2679 3827 2781 3896; x_wconf 83' lang='lat' dir='ltr'><strong>Qui</strong></span> <span class='ocrx_word' id='word_1_772' title='bbox 2813 3831 2961 3888; x_wconf 75' lang='lat' dir='ltr'><strong>liabet</strong></span> <span class='ocrx_word' id='word_1_773' title='bbox 2997 3808 3229 3908; x_wconf 64' lang='lat' dir='ltr'><strong>Filium,</strong></span> <span class='ocrx_word' id='word_1_774' title='bbox 3269 3808 3534 3908; x_wconf 27' lang='lat' dir='ltr'><strong>[rubra-&quot;ui:</strong></span> 
     </span>
    </p>
   </div>
   <div class='ocr_carea' id='block_1_100' title="bbox 1948 3907 3530 4010">
    <p class='ocr_par' dir='ltr' id='par_1_100' title="bbox 1948 3907 3530 4010">
     <span class='ocr_line' id='line_1_101' title="bbox 1948 3907 3530 4010; baseline 0.027 -54"><span class='ocrx_word' id='word_1_775' title='bbox 1948 3911 2093 3969; x_wconf 82' lang='lat' dir='ltr'><strong>tam;</strong></span> <span class='ocrx_word' id='word_1_776' title='bbox 2125 3907 2214 3977; x_wconf 79' lang='lat' dir='ltr'><strong>qui</strong></span> <span class='ocrx_word' id='word_1_777' title='bbox 2239 3926 2341 3964; x_wconf 85' lang='lat' dir='ltr'><strong>non</strong></span> <span class='ocrx_word' id='word_1_778' title='bbox 2367 3914 2512 3968; x_wconf 75' lang='lat' dir='ltr'><strong>habet</strong></span> <span class='ocrx_word' id='word_1_779' title='bbox 2548 3915 2598 3970; x_wconf 70' lang='grc' dir='ltr'><em>Γ</em></span> <span class='ocrx_word' id='word_1_780' title='bbox 2598 3917 2770 3984; x_wconf 79' lang='lat' dir='ltr'><strong>ilium,</strong></span> <span class='ocrx_word' id='word_1_781' title='bbox 2799 3924 2953 3980; x_wconf 76' lang='lat' dir='ltr'><strong>vitam</strong></span> <span class='ocrx_word' id='word_1_782' title='bbox 2981 3946 3082 3986; x_wconf 83' lang='lat' dir='ltr'><strong>non</strong></span> <span class='ocrx_word' id='word_1_783' title='bbox 3120 3907 3269 3990; x_wconf 76' lang='lat' dir='ltr'><strong>habet</strong></span> <span class='ocrx_word' id='word_1_784' title='bbox 3311 3939 3348 4010; x_wconf 96' lang='grc' dir='ltr'><strong>(Ι</strong></span> <span class='ocrx_word' id='word_1_785' title='bbox 3373 3907 3530 3998; x_wconf 71' lang='lat' dir='ltr'><strong>loeti.</strong></span> 
     </span>
    </p>
   </div>
   <div class='ocr_carea' id='block_1_101' title="bbox 1949 3997 3535 4099">
    <p class='ocr_par' dir='ltr' id='par_1_101' title="bbox 1949 3997 3535 4099">
     <span class='ocr_line' id='line_1_102' title="bbox 1949 3997 3535 4099; baseline 0.026 -49"><span class='ocrx_word' id='word_1_786' title='bbox 1949 4011 1984 4050; x_wconf 79' lang='grc' dir='ltr'><strong>ν</strong></span> <span class='ocrx_word' id='word_1_787' title='bbox 2005 4037 2022 4064; x_wconf 86' lang='grc'><strong><em>,</em></strong></span> <span class='ocrx_word' id='word_1_788' title='bbox 2052 3997 2165 4070; x_wconf 74' lang='grc'><strong>12).</strong></span> <span class='ocrx_word' id='word_1_789' title='bbox 2198 4000 2386 4058; x_wconf 81' lang='lat' dir='ltr'><strong>Merito</strong></span> <span class='ocrx_word' id='word_1_790' title='bbox 2413 4022 2541 4078; x_wconf 86' lang='lat' dir='ltr'><strong>ergo</strong></span> <span class='ocrx_word' id='word_1_791' title='bbox 2570 4010 2935 4085; x_wconf 85' lang='lat' dir='ltr'><strong>intelliguntur</strong></span> <span class='ocrx_word' id='word_1_792' title='bbox 2960 4025 3154 4080; x_wconf 89' lang='lat' dir='ltr'><strong>mortui</strong></span> <span class='ocrx_word' id='word_1_793' title='bbox 3185 4030 3274 4099; x_wconf 90' lang='lat' dir='ltr'><strong>qui</strong></span> <span class='ocrx_word' id='word_1_794' title='bbox 3305 3997 3410 4088; x_wconf 77' lang='lat' dir='ltr'><strong>non</strong></span> <span class='ocrx_word' id='word_1_795' title='bbox 3440 4036 3535 4090; x_wconf 88' lang='lat' dir='ltr'><strong>ha-</strong></span> 
     </span>
    </p>
   </div>
   <div class='ocr_carea' id='block_1_102' title="bbox 1945 4085 3532 4180">
    <p class='ocr_par' dir='ltr' id='par_1_102' title="bbox 1945 4085 3532 4180">
     <span class='ocr_line' id='line_1_103' title="bbox 1945 4085 3532 4180; baseline 0.026 -40"><span class='ocrx_word' id='word_1_796' title='bbox 1945 4085 2073 4143; x_wconf 85' lang='lat' dir='ltr'><strong>bent</strong></span> <span class='ocrx_word' id='word_1_797' title='bbox 2111 4091 2307 4160; x_wconf 83' lang='lat' dir='ltr'><strong>vitam,</strong></span> <span class='ocrx_word' id='word_1_798' title='bbox 2341 4109 2438 4165; x_wconf 91' lang='lat' dir='ltr'><strong>pro</strong></span> <span class='ocrx_word' id='word_1_799' title='bbox 2474 4101 2666 4168; x_wconf 89' lang='lat' dir='ltr'><strong>quibus</strong></span> <span class='ocrx_word' id='word_1_800' title='bbox 2691 4115 2771 4160; x_wconf 83' lang='lat' dir='ltr'><strong>est</strong></span> <span class='ocrx_word' id='word_1_801' title='bbox 2795 4107 3036 4168; x_wconf 88' lang='lat' dir='ltr'><strong>Christus</strong></span> <span class='ocrx_word' id='word_1_802' title='bbox 3064 4085 3308 4176; x_wconf 51' lang='lat' dir='ltr'><strong>mort&#39;uus</strong></span> <span class='ocrx_word' id='word_1_803' title='bbox 3349 4133 3403 4178; x_wconf 91' lang='lat' dir='ltr'><strong>ut</strong></span> <span class='ocrx_word' id='word_1_804' title='bbox 3433 4125 3532 4180; x_wconf 81' lang='lat' dir='ltr'><strong>lia-</strong></span> 
     </span>
    </p>
   </div>
   <div class='ocr_carea' id='block_1_103' title="bbox 1944 4179 3536 4286">
    <p class='ocr_par' dir='ltr' id='par_1_103' title="bbox 1944 4179 3536 4286">
     <span class='ocr_line' id='line_1_104' title="bbox 1944 4179 3536 4286; baseline 0.026 -54"><span class='ocrx_word' id='word_1_805' title='bbox 1944 4179 2125 4235; x_wconf 86' lang='lat' dir='ltr'><strong>bcant.</strong></span> <span class='ocrx_word' id='word_1_806' title='bbox 2153 4181 2299 4240; x_wconf 77' lang='lat' dir='ltr'><strong>Unus</strong></span> <span class='ocrx_word' id='word_1_807' title='bbox 2321 4189 2465 4243; x_wconf 89' lang='lat' dir='ltr'><strong>enim</strong></span> <span class='ocrx_word' id='word_1_808' title='bbox 2488 4209 2580 4261; x_wconf 88' lang='lat' dir='ltr'><strong>pro</strong></span> <span class='ocrx_word' id='word_1_809' title='bbox 2604 4199 2831 4254; x_wconf 76' lang='lat' dir='ltr'><strong>omnibus</strong></span> <span class='ocrx_word' id='word_1_810' title='bbox 2852 4214 3076 4261; x_wconf 75' lang='lat' dir='ltr'><strong>mortuus</strong></span> <span class='ocrx_word' id='word_1_811' title='bbox 3096 4219 3189 4278; x_wconf 77' lang='lat' dir='ltr'><strong>est,</strong></span> <span class='ocrx_word' id='word_1_812' title='bbox 3218 4230 3337 4286; x_wconf 78' lang='lat' dir='ltr'><strong>ergo</strong></span> <span class='ocrx_word' id='word_1_813' title='bbox 3358 4234 3536 4274; x_wconf 71' lang='lat' dir='ltr'><strong>omnes</strong></span> 
     </span>
    </p>
   </div>
   <div class='ocr_carea' id='block_1_104' title="bbox 1943 4273 3532 4378">
    <p class='ocr_par' dir='ltr' id='par_1_104' title="bbox 1943 4273 3532 4378">
     <span class='ocr_line' id='line_1_105' title="bbox 1943 4273 3532 4378; baseline 0.03 -57"><span class='ocrx_word' id='word_1_814' title='bbox 1943 4273 2132 4326; x_wconf 81' lang='lat' dir='ltr'><strong>mortui</strong></span> <span class='ocrx_word' id='word_1_815' title='bbox 2153 4283 2288 4330; x_wconf 73' lang='lat' dir='ltr'><strong>sunt.</strong></span> <span class='ocrx_word' id='word_1_816' title='bbox 2315 4277 2440 4334; x_wconf 80' lang='lat' dir='ltr'><strong>Ideo</strong></span> <span class='ocrx_word' id='word_1_817' title='bbox 2468 4292 2644 4340; x_wconf 87' lang='lat' dir='ltr'><strong>autem</strong></span> <span class='ocrx_word' id='word_1_818' title='bbox 2685 4299 2924 4348; x_wconf 87' lang='lat' dir='ltr'><strong>mortuus</strong></span> <span class='ocrx_word' id='word_1_819' title='bbox 2953 4307 3056 4366; x_wconf 90' lang='lat' dir='ltr'><strong>est,</strong></span> <span class='ocrx_word' id='word_1_820' title='bbox 3084 4273 3223 4358; x_wconf 76' lang='lat' dir='ltr'><strong>sicut</strong></span> <span class='ocrx_word' id='word_1_821' title='bbox 3249 4273 3438 4378; x_wconf 65' lang='lat' dir='ltr'><strong>legitur</strong></span> <span class='ocrx_word' id='word_1_822' title='bbox 3459 4314 3532 4368; x_wconf 84' lang='lat' dir='ltr'><strong>ad</strong></span> 
     </span>
    </p>
   </div>
   <div class='ocr_carea' id='block_1_105' title="bbox 1943 4359 3528 4467">
    <p class='ocr_par' dir='ltr' id='par_1_105' title="bbox 1943 4359 3528 4467">
     <span class='ocr_line' id='line_1_106' title="bbox 1943 4359 3528 4467; baseline 0.026 -52"><span class='ocrx_word' id='word_1_823' title='bbox 1943 4359 2196 4420; x_wconf 76' lang='lat' dir='ltr'><strong>Ilebrznos</strong></span> <span class='ocrx_word' id='word_1_824' title='bbox 2219 4406 2234 4430; x_wconf 89' lang='lat'><strong>,</strong></span> <span class='ocrx_word' id='word_1_825' title='bbox 2266 4377 2319 4420; x_wconf 81' lang='lat' dir='ltr'><strong>ut</strong></span> <span class='ocrx_word' id='word_1_826' title='bbox 2349 4387 2438 4439; x_wconf 81' lang='lat' dir='ltr'><strong>per</strong></span> <span class='ocrx_word' id='word_1_827' title='bbox 2456 4384 2664 4430; x_wconf 85' lang='lat' dir='ltr'><strong>mortem</strong></span> <span class='ocrx_word' id='word_1_828' title='bbox 2689 4393 2952 4438; x_wconf 65' lang='lat' dir='ltr'><strong>ovat-itaret</strong></span> <span class='ocrx_word' id='word_1_829' title='bbox 2979 4401 3092 4444; x_wconf 80' lang='lat' dir='ltr'><strong>eum</strong></span> <span class='ocrx_word' id='word_1_830' title='bbox 3120 4394 3207 4464; x_wconf 85' lang='lat' dir='ltr'><strong>qui</strong></span> <span class='ocrx_word' id='word_1_831' title='bbox 3229 4359 3528 4467; x_wconf 64' lang='lat' dir='ltr'><strong>po7estatem</strong></span> 
     </span>
    </p>
   </div>
   <div class='ocr_carea' id='block_1_106' title="bbox 1947 4453 3530 4560">
    <p class='ocr_par' dir='ltr' id='par_1_106' title="bbox 1947 4453 3530 4560">
     <span class='ocr_line' id='line_1_107' title="bbox 1947 4453 3530 4560; baseline 0.028 -57"><span class='ocrx_word' id='word_1_832' title='bbox 1947 4453 2159 4508; x_wconf 75' lang='lat' dir='ltr'><strong>habebat</strong></span> <span class='ocrx_word' id='word_1_833' title='bbox 2186 4461 2390 4526; x_wconf 71' lang='lat' dir='ltr'><strong>mortis,</strong></span> <span class='ocrx_word' id='word_1_834' title='bbox 2423 4463 2480 4516; x_wconf 83' lang='lat' dir='ltr'><strong>id</strong></span> <span class='ocrx_word' id='word_1_835' title='bbox 2500 4475 2602 4530; x_wconf 73' lang='lat' dir='ltr'><strong>est;</strong></span> <span class='ocrx_word' id='word_1_836' title='bbox 2635 4468 2888 4526; x_wconf 84' lang='lat' dir='ltr'><strong>diabolum</strong></span> <span class='ocrx_word' id='word_1_837' title='bbox 2928 4475 3110 4548; x_wconf 82' lang='lat' dir='ltr'><strong>(Hebr.</strong></span> <span class='ocrx_word' id='word_1_838' title='bbox 3131 4453 3176 4539; x_wconf 54' lang='grc' dir='ltr'><strong>ἰι</strong></span> <span class='ocrx_word' id='word_1_839' title='bbox 3195 4527 3210 4553; x_wconf 87' lang='grc'>,</span> <span class='ocrx_word' id='word_1_840' title='bbox 3229 4453 3354 4560; x_wconf 49' lang='lat' dir='ltr'><strong>&#39;M).</strong></span> <span class='ocrx_word' id='word_1_841' title='bbox 3387 4453 3530 4559; x_wconf 76' lang='lat' dir='ltr'><strong>Quid</strong></span> 
     </span>
    </p>
   </div>
   <div class='ocr_carea' id='block_1_107' title="bbox 1942 4546 3526 4647">
    <p class='ocr_par' dir='ltr' id='par_1_107' title="bbox 1942 4546 3526 4647">
     <span class='ocr_line' id='line_1_108' title="bbox 1942 4546 3526 4647; baseline 0.03 -50"><span class='ocrx_word' id='word_1_842' title='bbox 1942 4557 2070 4616; x_wconf 84' lang='lat' dir='ltr'><strong>ergo</strong></span> <span class='ocrx_word' id='word_1_843' title='bbox 2095 4546 2285 4604; x_wconf 90' lang='lat' dir='ltr'><strong>mirum</strong></span> <span class='ocrx_word' id='word_1_844' title='bbox 2307 4593 2321 4617; x_wconf 96' lang='lat'><strong>,</strong></span> <span class='ocrx_word' id='word_1_845' title='bbox 2349 4553 2392 4607; x_wconf 87' lang='lat' dir='ltr'><strong>si</strong></span> <span class='ocrx_word' id='word_1_846' title='bbox 2423 4559 2658 4625; x_wconf 88' lang='lat' dir='ltr'><strong>parvuli,</strong></span> <span class='ocrx_word' id='word_1_847' title='bbox 2691 4546 2944 4632; x_wconf 86' lang='lat' dir='ltr'><strong>quamdiu</strong></span> <span class='ocrx_word' id='word_1_848' title='bbox 2970 4575 3160 4630; x_wconf 88' lang='lat' dir='ltr'><strong>mortui</strong></span> <span class='ocrx_word' id='word_1_849' title='bbox 3189 4546 3346 4647; x_wconf 46' lang='lat' dir='ltr'><strong>sunt&#39;,</strong></span> <span class='ocrx_word' id='word_1_850' title='bbox 3377 4546 3526 4642; x_wconf 67' lang='lat' dir='ltr'><strong>ante-</strong></span> 
     </span>
    </p>
   </div>
   <div class='ocr_carea' id='block_1_108' title="bbox 1939 4642 3526 4744">
    <p class='ocr_par' dir='ltr' id='par_1_108' title="bbox 1939 4642 3526 4744">
     <span class='ocr_line' id='line_1_109' title="bbox 1939 4642 3526 4744; baseline 0.029 -55"><span class='ocrx_word' id='word_1_851' title='bbox 1939 4653 2096 4707; x_wconf 86' lang='lat' dir='ltr'><strong>quam</strong></span> <span class='ocrx_word' id='word_1_852' title='bbox 2125 4642 2376 4714; x_wconf 89' lang='lat' dir='ltr'><strong>incipiant</strong></span> <span class='ocrx_word' id='word_1_853' title='bbox 2402 4663 2522 4703; x_wconf 92' lang='lat' dir='ltr'><strong>eum</strong></span> <span class='ocrx_word' id='word_1_854' title='bbox 2549 4650 2750 4738; x_wconf 85' lang='lat' dir='ltr'><strong>habere</strong></span> <span class='ocrx_word' id='word_1_855' title='bbox 2778 4661 2865 4728; x_wconf 91' lang='lat' dir='ltr'><strong>qui</strong></span> <span class='ocrx_word' id='word_1_856' title='bbox 2893 4675 3133 4724; x_wconf 89' lang='lat' dir='ltr'><strong>mortuus</strong></span> <span class='ocrx_word' id='word_1_857' title='bbox 3155 4681 3235 4726; x_wconf 90' lang='lat' dir='ltr'><strong>est</strong></span> <span class='ocrx_word' id='word_1_858' title='bbox 3261 4689 3361 4744; x_wconf 84' lang='lat' dir='ltr'><strong>pro</strong></span> <span class='ocrx_word' id='word_1_859' title='bbox 3385 4693 3526 4733; x_wconf 90' lang='lat' dir='ltr'><strong>mor-</strong></span> 
     </span>
    </p>
   </div>
   <div class='ocr_carea' id='block_1_109' title="bbox 1939 4733 3345 4820">
    <p class='ocr_par' dir='ltr' id='par_1_109' title="bbox 1939 4733 3345 4820">
     <span class='ocr_line' id='line_1_110' title="bbox 1939 4733 3345 4820; baseline 0.026 -36"><span class='ocrx_word' id='word_1_860' title='bbox 1939 4733 2066 4796; x_wconf 88' lang='lat' dir='ltr'><strong>tuis,</strong></span> <span class='ocrx_word' id='word_1_861' title='bbox 2099 4735 2197 4789; x_wconf 90' lang='lat' dir='ltr'><strong>sub</strong></span> <span class='ocrx_word' id='word_1_862' title='bbox 2225 4753 2289 4792; x_wconf 87' lang='lat' dir='ltr'><strong>eo</strong></span> <span class='ocrx_word' id='word_1_863' title='bbox 2318 4751 2443 4794; x_wconf 90' lang='lat' dir='ltr'><strong>sunt</strong></span> <span class='ocrx_word' id='word_1_864' title='bbox 2471 4744 2560 4814; x_wconf 90' lang='lat' dir='ltr'><strong>qui</strong></span> <span class='ocrx_word' id='word_1_865' title='bbox 2592 4733 2908 4815; x_wconf 81' lang='lat' dir='ltr'><strong>potestatem</strong></span> <span class='ocrx_word' id='word_1_866' title='bbox 2937 4755 3096 4813; x_wconf 87' lang='lat' dir='ltr'><strong>habet</strong></span> <span class='ocrx_word' id='word_1_867' title='bbox 3122 4733 3345 4820; x_wconf 80' lang='lat' dir='ltr'><strong>mortis?</strong></span> 
     </span>
    </p>
   </div>
   <div class='ocr_carea' id='block_1_110' title="bbox 2009 4821 3552 4928">
    <p class='ocr_par' dir='ltr' id='par_1_110' title="bbox 2009 4821 3552 4928">
     <span class='ocr_line' id='line_1_111' title="bbox 2009 4821 3552 4928; baseline 0.029 -53"><span class='ocrx_word' id='word_1_868' title='bbox 2009 4821 2234 4881; x_wconf 74' lang='lat' dir='ltr'><strong>CAPUT</strong></span> <span class='ocrx_word' id='word_1_869' title='bbox 2269 4829 2337 4883; x_wconf 70' lang='grc' dir='ltr'><strong>Χ.</strong></span> <span class='ocrx_word' id='word_1_870' title='bbox 2365 4862 2430 4872; x_wconf 88' lang='lat'><strong><em>—</em></strong></span> <span class='ocrx_word' id='word_1_871' title='bbox 2455 4833 2542 4890; x_wconf 72' lang='lat'><strong>‘28.</strong></span> <span class='ocrx_word' id='word_1_872' title='bbox 2586 4837 2880 4900; x_wconf 89' lang='lat' dir='ltr'><strong>Enumeras</strong></span> <span class='ocrx_word' id='word_1_873' title='bbox 2908 4863 3025 4918; x_wconf 69' lang='lat' dir='ltr'><strong>qua:</strong></span> <span class='ocrx_word' id='word_1_874' title='bbox 3057 4851 3187 4908; x_wconf 86' lang='lat' dir='ltr'><strong>fides</strong></span> <span class='ocrx_word' id='word_1_875' title='bbox 3218 4872 3341 4912; x_wconf 85' lang='lat' dir='ltr'><strong>vere</strong></span> <span class='ocrx_word' id='word_1_876' title='bbox 3367 4860 3381 4891; x_wconf 80' lang='grc'>³</span> <span class='ocrx_word' id='word_1_877' title='bbox 3412 4876 3520 4918; x_wconf 89' lang='lat' dir='ltr'><strong>non</strong></span> <span class='ocrx_word' id='word_1_878' title='bbox 3547 4917 3552 4928; x_wconf 79' lang='grc'><strong>,</strong></span> 
     </span>
    </p>
   </div>
   <div class='ocr_carea' id='block_1_111' title="bbox 1935 4911 3518 5021">
    <p class='ocr_par' dir='ltr' id='par_1_111' title="bbox 1935 4911 3518 5021">
     <span class='ocr_line' id='line_1_112' title="bbox 1935 4911 3518 5021; baseline 0.027 -55"><span class='ocrx_word' id='word_1_879' title='bbox 1935 4911 2139 4968; x_wconf 86' lang='lat' dir='ltr'><strong>dubitet</strong></span> <span class='ocrx_word' id='word_1_880' title='bbox 2168 4915 2486 4988; x_wconf 86' lang='lat' dir='ltr'><strong>christiana;</strong></span> <span class='ocrx_word' id='word_1_881' title='bbox 2532 4927 2582 4980; x_wconf 92' lang='lat' dir='ltr'><strong>in</strong></span> <span class='ocrx_word' id='word_1_882' title='bbox 2623 4932 2814 4998; x_wconf 91' lang='lat' dir='ltr'><strong>quibus</strong></span> <span class='ocrx_word' id='word_1_883' title='bbox 2845 4952 2902 4990; x_wconf 90' lang='lat' dir='ltr'><strong>ea</strong></span> <span class='ocrx_word' id='word_1_884' title='bbox 2935 4953 3322 5004; x_wconf 88' lang='lat' dir='ltr'><strong>commemoras</strong></span> <span class='ocrx_word' id='word_1_885' title='bbox 3343 4991 3356 5012; x_wconf 91' lang='lat'><strong>,</strong></span> <span class='ocrx_word' id='word_1_886' title='bbox 3397 4968 3518 5021; x_wconf 79' lang='lat' dir='ltr'><strong>qua:</strong></span> 
     </span>
    </p>
   </div>
   <div class='ocr_carea' id='block_1_112' title="bbox 1935 5010 3520 5104">
    <p class='ocr_par' dir='ltr' id='par_1_112' title="bbox 1935 5010 3520 5104">
     <span class='ocr_line' id='line_1_113' title="bbox 1935 5010 3520 5104; baseline 0.028 -50"><span class='ocrx_word' id='word_1_887' title='bbox 1935 5018 2068 5071; x_wconf 90' lang='lat' dir='ltr'><strong>pene</strong></span> <span class='ocrx_word' id='word_1_888' title='bbox 2092 5010 2268 5062; x_wconf 88' lang='lat' dir='ltr'><strong>omnia</strong></span> <span class='ocrx_word' id='word_1_889' title='bbox 2311 5013 2660 5080; x_wconf 72' lang='lat' dir='ltr'><strong>praedicamus</strong></span> <span class='ocrx_word' id='word_1_890' title='bbox 2703 5033 2757 5076; x_wconf 91' lang='lat' dir='ltr'><strong>et</strong></span> <span class='ocrx_word' id='word_1_891' title='bbox 2787 5041 2916 5092; x_wconf 91' lang='lat' dir='ltr'><strong>nos,</strong></span> <span class='ocrx_word' id='word_1_892' title='bbox 2948 5040 3000 5084; x_wconf 90' lang='lat' dir='ltr'><strong>et</strong></span> <span class='ocrx_word' id='word_1_893' title='bbox 3038 5031 3104 5088; x_wconf 88' lang='lat' dir='ltr'><strong>de</strong></span> <span class='ocrx_word' id='word_1_894' title='bbox 3145 5037 3333 5104; x_wconf 90' lang='lat' dir='ltr'><strong>quibus</strong></span> <span class='ocrx_word' id='word_1_895' title='bbox 3369 5044 3520 5096; x_wconf 87' lang='lat' dir='ltr'><strong>nullo</strong></span> 
     </span>
    </p>
   </div>
   <div class='ocr_carea' id='block_1_113' title="bbox 1933 5095 3514 5194">
    <p class='ocr_par' dir='ltr' id='par_1_113' title="bbox 1933 5095 3514 5194">
     <span class='ocr_line' id='line_1_114' title="bbox 1933 5095 3514 5194; baseline 0.028 -49"><span class='ocrx_word' id='word_1_896' title='bbox 1933 5095 2091 5148; x_wconf 84' lang='lat' dir='ltr'><strong>modo</strong></span> <span class='ocrx_word' id='word_1_897' title='bbox 2130 5099 2475 5158; x_wconf 88' lang='lat' dir='ltr'><strong>dubitandum</strong></span> <span class='ocrx_word' id='word_1_898' title='bbox 2517 5124 2636 5164; x_wconf 88' lang='lat' dir='ltr'><strong>esse</strong></span> <span class='ocrx_word' id='word_1_899' title='bbox 2681 5131 2996 5186; x_wconf 88' lang='lat' dir='ltr'><strong>censemus;</strong></span> <span class='ocrx_word' id='word_1_900' title='bbox 3049 5139 3212 5194; x_wconf 86' lang='lat' dir='ltr'><strong>usque</strong></span> <span class='ocrx_word' id='word_1_901' title='bbox 3264 5129 3398 5186; x_wconf 87' lang='lat' dir='ltr'><strong>adeo</strong></span> <span class='ocrx_word' id='word_1_902' title='bbox 3455 5145 3514 5188; x_wconf 87' lang='lat' dir='ltr'><strong>ut</strong></span> 
     </span>
    </p>
   </div>
   <div class='ocr_carea' id='block_1_114' title="bbox 1932 5185 3516 5277">
    <p class='ocr_par' dir='ltr' id='par_1_114' title="bbox 1932 5185 3516 5277">
     <span class='ocr_line' id='line_1_115' title="bbox 1932 5185 3516 5277; baseline 0.024 -39"><span class='ocrx_word' id='word_1_903' title='bbox 1932 5185 2090 5239; x_wconf 87' lang='lat' dir='ltr'><strong>etiam</strong></span> <span class='ocrx_word' id='word_1_904' title='bbox 2141 5188 2266 5242; x_wconf 89' lang='lat' dir='ltr'><strong>illud</strong></span> <span class='ocrx_word' id='word_1_905' title='bbox 2297 5195 2437 5261; x_wconf 82' lang='lat' dir='ltr'><strong>quod</strong></span> <span class='ocrx_word' id='word_1_906' title='bbox 2482 5197 2635 5266; x_wconf 86' lang='lat' dir='ltr'><strong>dicis,</strong></span> <span class='ocrx_word' id='word_1_907' title='bbox 2687 5221 2704 5253; x_wconf 78' lang='grc' dir='ltr'><strong>ι</strong></span> <span class='ocrx_word' id='word_1_908' title='bbox 2740 5204 2867 5260; x_wconf 92' lang='lat' dir='ltr'><strong>Sine</strong></span> <span class='ocrx_word' id='word_1_909' title='bbox 2914 5185 3074 5274; x_wconf 77' lang='lat' dir='ltr'><strong>Opere</strong></span> <span class='ocrx_word' id='word_1_910' title='bbox 3117 5185 3268 5270; x_wconf 71' lang='lat' dir='ltr'><strong>liberi</strong></span> <span class='ocrx_word' id='word_1_911' title='bbox 3304 5185 3516 5277; x_wconf 71' lang='lat' dir='ltr'><strong>arbitrii</strong></span> 
     </span>
    </p>
   </div>
   <div class='ocr_carea' id='block_1_115' title="bbox 1933 5277 3516 5366">
    <p class='ocr_par' dir='ltr' id='par_1_115' title="bbox 1933 5277 3516 5366">
     <span class='ocr_line' id='line_1_116' title="bbox 1933 5277 3516 5366; baseline 0.024 -38"><span class='ocrx_word' id='word_1_912' title='bbox 1933 5277 2134 5330; x_wconf 91' lang='lat' dir='ltr'><strong>nullum</strong></span> <span class='ocrx_word' id='word_1_913' title='bbox 2165 5279 2391 5338; x_wconf 89' lang='lat' dir='ltr'><strong>hominis</strong></span> <span class='ocrx_word' id='word_1_914' title='bbox 2422 5301 2541 5342; x_wconf 88' lang='lat' dir='ltr'><strong>esse</strong></span> <span class='ocrx_word' id='word_1_915' title='bbox 2572 5307 2726 5358; x_wconf 88' lang='lat' dir='ltr'><strong>posse</strong></span> <span class='ocrx_word' id='word_1_916' title='bbox 2769 5309 3040 5362; x_wconf 88' lang='lat' dir='ltr'><strong>peccatum</strong></span> <span class='ocrx_word' id='word_1_917' title='bbox 3062 5344 3076 5366; x_wconf 92' lang='lat'><strong>,</strong></span> <span class='ocrx_word' id='word_1_918' title='bbox 3127 5323 3146 5356; x_wconf 74' lang='grc' dir='ltr'><strong>ι</strong></span> <span class='ocrx_word' id='word_1_919' title='bbox 3180 5322 3359 5362; x_wconf 90' lang='lat' dir='ltr'><strong>verum</strong></span> <span class='ocrx_word' id='word_1_920' title='bbox 3391 5326 3516 5366; x_wconf 85' lang='lat' dir='ltr'><strong>esse</strong></span> 
     </span>
    </p>
   </div>
   <div class='ocr_carea' id='block_1_116' title="bbox 1931 5365 3504 5467">
    <p class='ocr_par' dir='ltr' id='par_1_116' title="bbox 1931 5365 3504 5467">
     <span class='ocr_line' id='line_1_117' title="bbox 1931 5365 3504 5467; baseline 0.025 -49"><span class='ocrx_word' id='word_1_921' title='bbox 1931 5365 2209 5424; x_wconf 84' lang='lat' dir='ltr'><strong>fateamur.</strong></span> <span class='ocrx_word' id='word_1_922' title='bbox 2237 5371 2350 5426; x_wconf 86' lang='lat' dir='ltr'><strong>Non</strong></span> <span class='ocrx_word' id='word_1_923' title='bbox 2378 5376 2518 5430; x_wconf 90' lang='lat' dir='ltr'><strong>enim</strong></span> <span class='ocrx_word' id='word_1_924' title='bbox 2543 5389 2594 5433; x_wconf 87' lang='lat' dir='ltr'><strong>ct</strong></span> <span class='ocrx_word' id='word_1_925' title='bbox 2621 5381 2720 5436; x_wconf 87' lang='lat' dir='ltr'><strong>hoc</strong></span> <span class='ocrx_word' id='word_1_926' title='bbox 2748 5397 2888 5441; x_wconf 88' lang='lat' dir='ltr'><strong>esset</strong></span> <span class='ocrx_word' id='word_1_927' title='bbox 2911 5403 3204 5460; x_wconf 87' lang='lat' dir='ltr'><strong>peccatum,</strong></span> <span class='ocrx_word' id='word_1_928' title='bbox 3233 5399 3372 5467; x_wconf 89' lang='lat' dir='ltr'><strong>quod</strong></span> <span class='ocrx_word' id='word_1_929' title='bbox 3404 5415 3504 5456; x_wconf 71' lang='grc' dir='ltr'><strong>οτι-</strong></span> 
     </span>
    </p>
   </div>
   <div class='ocr_carea' id='block_1_117' title="bbox 1928 5457 3510 5561">
    <p class='ocr_par' dir='ltr' id='par_1_117' title="bbox 1928 5457 3510 5561">
     <span class='ocr_line' id='line_1_118' title="bbox 1928 5457 3510 5561; baseline 0.023 -51"><span class='ocrx_word' id='word_1_930' title='bbox 1928 5457 2098 5526; x_wconf 87' lang='lat' dir='ltr'><strong>ginale</strong></span> <span class='ocrx_word' id='word_1_931' title='bbox 2127 5461 2426 5520; x_wconf 88' lang='lat' dir='ltr'><strong>traheretur</strong></span> <span class='ocrx_word' id='word_1_932' title='bbox 2448 5509 2466 5531; x_wconf 89' lang='lat'><strong>,</strong></span> <span class='ocrx_word' id='word_1_933' title='bbox 2495 5469 2610 5525; x_wconf 81' lang='lat' dir='ltr'><strong>sine</strong></span> <span class='ocrx_word' id='word_1_934' title='bbox 2638 5488 2801 5543; x_wconf 89' lang='lat' dir='ltr'><strong>opere</strong></span> <span class='ocrx_word' id='word_1_935' title='bbox 2831 5457 2980 5535; x_wconf 88' lang='lat' dir='ltr'><strong>liberi</strong></span> <span class='ocrx_word' id='word_1_936' title='bbox 3016 5457 3368 5558; x_wconf 54' lang='lat' dir='ltr'><strong>arbitrii,-quo</strong></span> <span class='ocrx_word' id='word_1_937' title='bbox 3398 5493 3510 5561; x_wconf 83' lang='lat' dir='ltr'><strong>pri-</strong></span> 
     </span>
    </p>
   </div>
   <div class='ocr_carea' id='block_1_118' title="bbox 1929 5551 3514 5640">
    <p class='ocr_par' dir='ltr' id='par_1_118' title="bbox 1929 5551 3514 5640">
     <span class='ocr_line' id='line_1_119' title="bbox 1929 5551 3514 5640; baseline 0.024 -41"><span class='ocrx_word' id='word_1_938' title='bbox 1929 5564 2046 5602; x_wconf 90' lang='lat' dir='ltr'><strong>mus</strong></span> <span class='ocrx_word' id='word_1_939' title='bbox 2075 5551 2232 5606; x_wconf 86' lang='lat' dir='ltr'><strong>homo</strong></span> <span class='ocrx_word' id='word_1_940' title='bbox 2271 5560 2540 5624; x_wconf 85' lang='lat' dir='ltr'><strong>peccavit,</strong></span> <span class='ocrx_word' id='word_1_941' title='bbox 2573 5578 2667 5630; x_wconf 87' lang='lat' dir='ltr'><strong>per</strong></span> <span class='ocrx_word' id='word_1_942' title='bbox 2694 5581 2850 5634; x_wconf 82' lang='lat' dir='ltr'><strong>quem</strong></span> <span class='ocrx_word' id='word_1_943' title='bbox 2897 5585 3167 5640; x_wconf 88' lang='lat' dir='ltr'><strong>peccatum</strong></span> <span class='ocrx_word' id='word_1_944' title='bbox 3209 5578 3424 5636; x_wconf 87' lang='lat' dir='ltr'><strong>intravit</strong></span> <span class='ocrx_word' id='word_1_945' title='bbox 3453 5584 3514 5637; x_wconf 84' lang='lat' dir='ltr'><strong>in</strong></span> 
     </span>
    </p>
   </div>
   <div class='ocr_carea' id='block_1_119' title="bbox 1925 5640 3508 5740">
    <p class='ocr_par' dir='ltr' id='par_1_119' title="bbox 1925 5640 3508 5740">
     <span class='ocr_line' id='line_1_120' title="bbox 1925 5640 3508 5740; baseline 0.025 -50"><span class='ocrx_word' id='word_1_946' title='bbox 1925 5640 2211 5709; x_wconf 90' lang='lat' dir='ltr'><strong>mundum,</strong></span> <span class='ocrx_word' id='word_1_947' title='bbox 2265 5656 2316 5700; x_wconf 91' lang='lat' dir='ltr'><strong>ct</strong></span> <span class='ocrx_word' id='word_1_948' title='bbox 2341 5647 2394 5701; x_wconf 91' lang='lat' dir='ltr'><strong>in</strong></span> <span class='ocrx_word' id='word_1_949' title='bbox 2433 5665 2621 5708; x_wconf 89' lang='lat' dir='ltr'><strong>omnes</strong></span> <span class='ocrx_word' id='word_1_950' title='bbox 2675 5655 2916 5716; x_wconf 85' lang='lat' dir='ltr'><strong>homines</strong></span> <span class='ocrx_word' id='word_1_951' title='bbox 2960 5669 3276 5731; x_wconf 83' lang='lat' dir='ltr'><strong>pertransiit-</strong></span> <span class='ocrx_word' id='word_1_952' title='bbox 3307 5673 3324 5740; x_wconf 91' lang='lat'><strong>(</strong></span> <span class='ocrx_word' id='word_1_953' title='bbox 3353 5673 3508 5728; x_wconf 60' lang='lat' dir='ltr'><strong>noun</strong></span> 
     </span>
    </p>
   </div>
   <div class='ocr_carea' id='block_1_120' title="bbox 1991 5775 2554 5839">
    <p class='ocr_par' dir='ltr' id='par_1_120' title="bbox 1991 5775 2554 5839">
     <span class='ocr_line' id='line_1_121' title="bbox 1991 5775 2554 5839; baseline 0.032 -18"><span class='ocrx_word' id='word_1_954' title='bbox 1991 5777 2004 5806; x_wconf 85' lang='grc'>¹</span> <span class='ocrx_word' id='word_1_955' title='bbox 2045 5775 2266 5834; x_wconf 69' lang='lat' dir='ltr'><strong>Plerique</strong></span> <span class='ocrx_word' id='word_1_956' title='bbox 2293 5789 2392 5832; x_wconf 66' lang='lat' dir='ltr'><strong>Mss.</strong></span> <span class='ocrx_word' id='word_1_957' title='bbox 2413 5818 2427 5839; x_wconf 86' lang='lat'><strong>.</strong></span> <span class='ocrx_word' id='word_1_958' title='bbox 2449 5799 2554 5838; x_wconf 62' lang='lat' dir='ltr'><strong>rufo</strong></span> 
     </span>
    </p>
   </div>
  </div>
