4014 6186
453 327 564 388 8‘59

449 459 515 510 τ,
549 440 658 513 12).
685 437 834 508 Quod
863 445 1038 492 autem
1065 434 1220 500 dicis,
1255 451 1272 484 ι
1308 432 1509 488 Alienis
1529 432 1768 501 peccatis
1797 431 2022 486 alterum

449 533 734 589 obnoxium
761 545 864 584 non
888 527 1090 592 teneri;
1121 546 1140 580 ι
1173 527 1394 582 interest
1416 535 1676 594 quatenus
1697 532 1839 578 recte
1863 524 2029 592 pos~it

449 621 691 691 intelligi.
707 619 890 688 Neque
911 631 1050 672 nunc
1069 631 1189 694 ago,
1216 614 1354 686 quod
1379 615 1616 684 peccavit
1643 613 1825 676 David,
1850 622 1906 668 et
1930 625 2028 681 pro

451 719 668 782 peccato
681 709 796 780 ejus
814 705 1176 762 tothominum
1192 706 1356 762 millia
1370 703 1752 790 ceciderunt(ll
1773 705 1898 775 Reg.
1909 704 2025 771 24);

447 813 501 858 et
526 801 665 874 quod
693 801 761 857 de
788 799 1124 877 anathemate
1151 808 1332 856 contra
1361 797 1698 854 interdictum
1723 797 1844 866 quia
1859 811 2038 851 .usur-.

445 895 594 966 pavit
621 908 754 968 unus
777 933 792 959 ,
821 892 872 944 in
896 906 990 946 eos
1015 891 1104 959 qui
1144 889 1246 944 hoc
1270 904 1377 946 non
1397 889 1679 952 fecerant,
1707 903 1807 942 nec
1832 887 2028 942 factum

448 984 614 1040 fuisse
641 967 940 1050 noverant,
979 983 1209 1041 vindicta
1244 983 1504 1052 processit
1543 979 1721 1052 (Iosue
1751 981 1888 1049 vn):
1927 980 2028 1033 alia

447 1073 735 1145 disputatio
759 1082 845 1130 est
862 1115 878 1140 ,
909 1089 1080 1143 neque
1107 1088 1246 1128 nunc
1277 1081 1458 1128 tenere
1483 1087 1582 1126 nos
1606 1071 1800 1135 debet,
1839 1069 1906 1124 de
1931 1069 2042 1124 hoc‘

448 1179 644 1236 genere
675 1173 1010 1233 peccatorum
1049 1163 1170 1217 sive
1197 1177 1498 1232 pinnarum.
1528 1161 1813 1216 Parentum
1851 1170 2028 1215 autem

454 1264 666 1323 peccata
689 1253 848 1328 modo
870 1254 1096 1322 quodam
1117 1253 1362 1306 dicuntur
1381 1251 1575 1314 aliena,
1598 1259 1650 1306 et
1669 1265 1854 1304 rursus
1874 1249 2032 1304 modo

451 1344 679 1414 quodam
724 1345 1058 1412 reperiuntur
1100 1351 1153 1396 et
1191 1350 1408 1396 nostra:
1458 1341 1628 1398 aliena
1669 1344 1864 1413 quippe
1900 1357 2030 1410 pro-

455 1435 678 1504 prietate
717 1443 836 1486 sunt
867 1433 1121 1497 actionis,
1151 1439 1327 1486 ucstra
1355 1440 1477 1486 sunt
1515 1439 1691 1486 autem
1721 1432 2032 1500 contagione

452 1524 776 1594 prepaginis.
823 1522 970 1590 Quod
1007 1522 1050 1576 si
1082 1522 1265 1577 falsum
1305 1527 1475 1586 esset,
1505 1520 1739 1589 profecto
1763 1535 1922 1591 grave
1944 1520 2034 1589 ju-

455 1630 580 1685 gum
607 1631 765 1682 sttpt‘t‘
792 1615 926 1668 ﬁlios
947 1613 1114 1668 Adam
1133 1655 1150 1678 ,
1181 1628 1208 1666 ο
1235 1613 1322 1667 die
1345 1613 1516 1668 exitus
1539 1613 1607 1674 de
1631 1623 1814 1668 ventre
1851 1613 2046 1668 matris.

453 1719 637 1758 eorum
667 1702 848 1774 (Eceti.
877 1719 946 1758 xx.
965 1745 980 1769 ,
1012 1704 1087 1775 1),
1116 1705 1260 1758 nullo
1287 1703 1448 1759 modo
1475 1704 1677 1773 justum
1705 1713 1866 1760 esset.

525 1795 617 1851 29.
657 1795 806 1864 Quod
835 1804 1012 1850 autem
1039 1795 1350 1865 Apostulnm
1378 1795 1576 1850 dixisse
1602 1811 1990 1850 commemoras
2015 1836 2032 1862 ,

459 1883 644 1940 Omnes
669 1902 759 1938 nos
787 1886 1103 1953 manifestari
1131 1893 1328 1953 oportet
1343 1894 1466 1948 ante
1491 1884 1708 1939 tribunal
1733 1885 1918 1943 Christi
1934 1927 1949 1950 ,
1980 1896 2036 1939 ut

455 1962 673 2044 reportet
713 1967 1050 2046 unusquisque
1083 1977 1286 2045 propria
1306 1977 1529 2045 corporis
1560 1977 1639 2030 sui
1671 1985 1818 2046 prout
1841 1977 2030 2046 gessit,

455 2065 559 2120 sive
580 2065 762 2118 bonum
783 2107 797 2130 ,
828 2067 930 2118 sive
963 2066 1152 2119 malum
1179 2065 1244 2136 (ll
1275 2063 1395 2121 Cor.
1438 2081 1472 2120 ν
1494 2107 1509 2129 ,
1540 2065 1663 2138 10);
1690 2067 1958 2136 quomodo
1982 2067 2034 2121 in

460 2157 695 2225 parvulis
727 2157 970 2225 accipis?
998 2165 1172 2214 utrum
1213 2165 1267 2214 et
1296 2157 1395 2226 ipsi
1421 2165 1544 2212 ante
1585 2157 1810 2212 tribunal
1840 2156 2036 2212 Christi

421 2283 428 2288 ι
461 2246 932 2302 manifestabuntur
953 2289 969 2314 ,
1000 2263 1066 2302 an
1109 2248 1258 2302 non?
1287 2249 1341 2304 Si
1378 2264 1483 2302 non
1526 2247 2034 2316 manifestabuntur,

459 2337 584 2408 quid
607 2346 657 2392 te
680 2337 888 2408 adjuvat
915 2337 1012 2394 ista
1037 2339 1322 2406 sententia,
1344 2337 1556 2409 quando
1581 2338 1648 2394 ad
1671 2354 1766 2395 eos
1791 2355 1894 2394 non
1919 2354 2040 2409 per-

458 2429 624 2491 tinet,
665 2442 887 2495 quornm
927 2443 1068 2481 nunc
1105 2429 1278 2498 agitur
1314 2429 1512 2484 causa?
1547 2427 1602 2484 Si
1647 2429 2038 2504 autem_mani-

458 2513 823 2582 festabuntur,
853 2516 1124 2586 quomodo,
1163 2526 1616 2588 reportatcurum
1651 2519 1875 2590 quisque
1898 2519 2038 2590 quod

461 2607 650 2678 gessit,
696 2606 784 2677 qui
821 2606 950 2660 nihil
991 2609 1187 2678 gessit;
1231 2609 1330 2663 nisi
1367 2609 1487 2678 quia
1526 2609 1754 2678 pertinet
1796 2609 1864 2664 ad
1905 2625 2037 2677 eos,

461 2689 602 2768 quod
632 2713 724 2767 per
749 2697 910 2752 corda
940 2707 993 2752 et
1015 2714 1106 2752 ora
1131 2699 1446 2770 gestantium
1467 2740 1483 2766 ,
1507 2700 1620 2754 sive
1643 2700 1864 2756 credunt
1882 2742 1898 2767 ,
1925 2701 2040 2757 sive

461 2805 567 2842 non
605 2787 870 2842 credunt?
910 2787 1132 2858 Propria
1159 2773 1386 2861 corporis
1407 2789 1488 2844 sui
1525 2790 1664 2845 enim
1701 2789 1865 2856 dixit,
1894 2793 2039 2864 quod

460 2879 526 2934 ad
555 2895 986 2951 unumquemque
1017 2881 1069 2937 in
1099 2896 1157 2936 se
1197 2882 1312 2952 ipso
1339 2871 1454 2952 jam
1477 2883 1745 2942 viventem
1769 2885 2068 2960 -pertinet._

461 2965 594 3024 Nam
627 2969 893 3041 quomodo
923 2979 1159 3040 reportat
1183 2971 1414 3036 bonum,
1459 2981 1515 3026 ut
1541 2973 1700 3028 intret
1727 2973 1780 3028 in
1818 2989 2037 3044 regnum

461 3061 593 3128 Dei,
625 3061 670 3116 si
701 3061 802 3117 hoc
838 3070 1080 3135 reportat
1113 3061 1334 3140 quisque
1361 3061 1501 3132 quod
1543 3063 1744 3132 gessit;
1772 3065 1872 3119 nisi
1915 3067 2038 3135 quia

463 3153 692 3220 pertinet
717 3153 784 3208 ad
807 3153 1088 3222 parvulum
1117 3153 1277 3208 etiam
1307 3152 1448 3223 quod
1475 3167 1570 3223 per
1595 3153 1818 3219 alterum
1850 3155 2036 3226 gessit,

463 3240 516 3295 id
543 3249 652 3304 cst,
683 3241 949 3297 credidit?
977 3243 1123 3298 Sicut
1149 3242 1324 3312 itaque
1349 3241 1491 3312 quod
1519 3242 1781 3308 credidit,
1811 3244 2067 3312 pertioet_

462 3329 528 3385 ad
551 3323 799 3413 eum,.ut
839 3340 1076 3413 reportet
1101 3332 1294 3387 bonum
1315 3372 1332 3398 ,
1367 3332 1468 3386 hoc
1501 3341 1612 3398 est,
1651 3333 1906 3403 percipiat
1946 3334 2036 3390 Dei

465 3437 687 3493 regnum
716 3441 732 3478 :
777 3423 854 3479 sic
879 3423 942 3478 ad
971 3423 1102 3479 eum'
1119 3424 1345 3493 pertinet
1371 3423 1551 3490 etiam,
1579 3423 1622 3478 si
1646 3438 1754 3502 non
1778 3425 2036 3492 credidit,

469 3521 528 3568 ιιι
557 3524 789 3584 reportet
825 3513 1284 3570 eondemnationis
1318 3513 1606 3585 judicium;
1643 3515 1766 3584 quia
1806 3531 2067 3584 evangc-v

465 3605 563 3660 lica
590 3614 672 3658 est
706 3613 760 3660 et
787 3605 900 3675 ipsa
942 3606 1204 3662 sententia
1233 3607 1281 3669 ι,
1313 3605 1413 3671 Qui
1440 3621 1540 3660 non
1587 3607 1886 3672 crediderit,
1912 3624 2036 3662 con-

463 3697 776 3768 demuubilur
823 3696 1012 3769 (Marc.
1043 3713 1132 3753 Χνι
1155 3737 1172 3762 ,
1215 3697 1327 3768 16).
1355 3694 1420 3780 Et
1453 3698 1742 3768 Apostolus
1767 3699 1995 3755 dicendo
2019 3739 2034 3764 ,

466 3785 649 3862 Omnes
677 3803 767 3841 uos
799 3787 1110 3868 ntanifestari
1139 3796 1364 3860 oportet,
1390 3797 1444 3841 ut
1472 3789 1677 3859 recipiat
1703 3791 2039 3860 unusquisque

463 3885 611 3946 prout
638 3877 820 3946 gessit,
849 3877 952 3930 sive
977 3877 1189 3940 bonum,
1219 3877 1321 3930 sive
1350 3877 1568 3942 malum;
1595 3876 1724 3930 nihil
1750 3878 1914 3932 voluit
1950 3879 2032 3934 in-

465 3967 628 4038 telligi
655 3952 906 4022 medium.
941 3967 1074 4022 Vide
1099 3983 1224 4038 ergo
1251 3982 1406 4037 quam
1431 3967 1730 4037 importune
1755 3970 1892 4025 nolis
1915 3986 2036 4040 par-
2059 4017 2063 4022 ι

466 4059 645 4113 vulum
685 4057 750 4114 de
787 4057 962 4113 alieno
990 4067 1208 4130 peccato
1247 4066 1516 4128 reportare
1553 4059 1770 4127 malum,
1811 4070 1868 4118 et
1905 4063 2036 4119 velis

463 4163 584 4202 etim
610 4148 678 4202 de
699 4147 872 4203 alieno
903 4157 1044 4205 recte
1068 4147 1205 4204 facto
1230 4159 1502 4220 reportare
1527 4138 1746 4220 bonum,
1777 4167 1882 4206 non
1903 4169 2036 4224 qua-

463 4237 760 4308 lecumque,
792 4237 887 4294 sed
917 4239 1004 4294 Dei
1028 4255 1270 4310 regnum.
1301 4239 1547 4296 Alienum
1573 4241 1767 4310 quippe
1795 4257 1928 4310 opus
1954 4252 2038 4299 est

465 4343 581 4382 cum
608 4327 776 4382 credit
801 4343 894 4398 per
921 4330 1144 4406 alterum
1164 4371 1178 4397 ,
1208 4330 1342 4385 sicut
1365 4328 1594 4386 alienum
1621 4344 1754 4400 opus
1777 4328 1876 4406 fuit
1911 4346 2032 4388 cum

465 4418 700 4487 peccavit
721 4418 771 4471 in
791 4417 978 4472 altero.
1001 4415 1110 4474 Nec
1134 4434 1232 4475 nos
1251 4419 1553 4476 dubitamus
1570 4420 1690 4490 quia
1715 4421 2034 4491 Baptismate

463 4509 714 4562 delirtum
754 4523 912 4562 omne
949 4510 1260 4578 mundetur,
1301 4508 1395 4566 sed
1441 4512 1771 4567 renascendo
1812 4513 2034 4582 quisque

463 4598 768 4654 mundatur.
799 4598 951 4666 Quod
995 4615 1121 4670 ergo
1161 4616 1266 4656 non
1302 4599 1487 4658 adimit
1526 4601 1629 4657 nisi
1666 4603 2027 4674 regeneratio,

463 4704 571 4745 non
595 4677 778 4766 cessat
793 4687 1000 4742 trahere
1025 4690 1314 4760 generatio.
1989 4751 1994 4755 η

533 4780 622 4836 30.
662 4777 803 4834 Sane
847 4778 1070 4834 dicendo
1112 4798 1131 4830 ι
1163 4781 1642 4848 concupiscentiam
1687 4797 1790 4838 non
1837 4799 2032 4854 usque-

460 4884 668 4942 quaque
710 4870 888 4925 animo
931 4870 1182 4926 rebellem
1209 4911 1224 4935 ,
1274 4888 1293 4922 ι
1325 4871 1504 4938 precul
1551 4870 1711 4926 dubio
1763 4873 2032 4929 conﬁteris

462 4962 713 5018 rebellem
740 4979 754 5016 :
781 4970 834 5016 et
857 4961 1168 5031 supplicium
1195 4976 1296 5016 non
1335 4959 1533 5026 fateris,
1567 4976 1674 5032 quo
1706 4962 1960 5019 adversus
1981 4975 2031 5020 te

461 5054 637 5121 ipsum
661 5053 855 5108 bellum
883 5051 1065 5121 geris?
1099 5071 1118 5104 ι
1147 5053 1378 5119 Dicatur,
1405 5071 1424 5104 ι
1447 5052 1638 5123 inquis,
1665 5055 2029 5122 aparvulorum

461 5153 668 5199 creator
693 5136 832 5196 Deus
856 5142 1057 5208 talium,
1083 5143 1266 5213 quales
1292 5141 1382 5197 Dei
1406 5141 1648 5198 manibus
1661 5142 1800 5213 digni
1829 5152 1974 5210 sunt;
2003 5162 2023 5197 ι

460 5240 516 5286 et
537 5233 708 5298 addis,
743 5249 762 5284 ο
789 5232 840 5286 id
867 5241 977 5298 est,
1004 5227 1381 5288 innocentium.
1411 5251 1432 5286 ι
1465 5232 1651 5289 Nonne
1677 5245 1728 5290 te
1752 5235 1943 5305 pietate
1975 5247 2031 5292 et

465 5325 557 5380 Dei
584 5326 883 5382 laudatione
908 5325 1118 5382 vincere
1143 5325 1364 5394 videtur,
1391 5325 1480 5396 qui
1509 5325 1707 5381 dixerit
1729 5327 1889 5383 etiam
1914 5329 2030 5398 put-

459 5417 586 5471 chra
635 5427 688 5471 et
723 5431 850 5472 sana
895 5433 1055 5487 opera
1097 5417 1288 5472 decere
1333 5432 1520 5472 manus
1565 5417 1694 5472 Dei?
1739 5417 1808 5472 Et
1851 5427 2028 5476 tamen

459 5505 611 5560 multi
649 5505 944 5573 deformes,
975 5506 1122 5560 multi
1151 5505 1373 5560 morbidi
1399 5549 1414 5572 ,
1459 5507 1608 5562 multi
1640 5505 1840 5562 horridi
1873 5523 2026 5564 mon-

460 5655 723 5780 Μέεξςῖξίξέ
745 5663 790 5708 ολ
811 5671 916 5722 ³1³³0
945 5659 1174 5711 sententia
1197 5658 1417 5711 dicendo.
1446 5659 1602 5725 Abest,
1631 5659 1856 5719 dicendo.
1879 5676 1906 5712 a
1925 5677 2026 5716 ma-

1269 321 1535 377 CONTRA
1577 319 1910 376 JULHXU)!
1942 317 2413 384 .I‘ELACIANUM,
2455 318 2511 372 ὃ.
2553 318 2920 375 AUGUSTI.“

3611 325 3718 381 840

2132 429 2392 498 strosiqtte
2421 438 2746 492 natcuntur;
2789 447 2888 486 nec
2925 429 3044 485 ideo
3085 431 3228 486 illam
3259 441 3419 488 totam
3459 437 3722 493 substan-

2133 520 2257 573 tiam
2279 561 2294 584 ,
2335 535 2626 590 omnesque
2651 532 2828 591 partes
2853 521 2972 590 ejus
2989 563 3006 588 ,
3034 531 3087 577 et
3117 522 3373 594 quidquid
3402 525 3454 579 in
3479 541 3540 581 ea
3581 529 3722 584 sub-

2131 609 2447 664 stantialiter
2471 611 2650 665 existit
2671 610 2896 676 et-vivit,
2929 612 3096 681 potuit
3133 626 3322 669 creare
3343 614 3444 670 nisi
3467 615 3646 672 bonus
3663 627 3727 673 et

2131 713 2290 754 verus
2315 700 2452 754 Deus
2475 701 2514 755 ⁸.

2201 789 2306 848 51..
2329 789 2494 846 Iubes
2515 799 2576 846 ut
2600 806 2858 855 asseram,
2891 810 2912 844 t
2938 793 3384 863 quemadmodum
3407 796 3458 851 in
3479 797 3719 858 Christo.

2135 877 2184 932 id
2212 887 2294 934 est
2335 879 2387 932 in
2432 879 2629 934 virtute
2666 881 2804 948 ejus,
2847 892 3056 938 creatos
3103 885 3349 953 parvulos
3384 887 3488 942 sibi
3525 889 3725 944 audeat

2132 967 2376 1026 diabolus
2411 970 2700 1026 vindicare.
2735 990 2755 1024 ι
2789 971 3114 1040 'l‘wassere,
3155 975 3202 1030 si
3231 985 3414 1044 potes,
3445 979 3725 1048 quomodo
3789 961 3796 966 ’

2133 1058 2256 1123 sibi,
2275 1073 2388 1114 non
2405 1060 2661 1126 obscure,
2685 1060 2778 1118 sed
2800 1072 2984 1130 aperte
3011 1063 3270 1119 vindicet"
3291 1068 3560 1136 parvulos,
3582 1085 3723 1140 qttos

2134 1147 2390 1207 immundi
2425 1151 2642 1218 spiritus
2679 1160 2890 1206 vexant.
2923 1151 2978 1206 Si
3017 1153 3066 1207 ei
3109 1155 3324 1212 traditos
3353 1156 3530 1212 dicis:
3573 1159 3724 1216 vide-

2136 1253 2254 1295 mus
2277 1239 2434 1292 ambo
2463 1241 2802 1310 supplicium,
2827 1251 2881 1294 tu
2907 1243 2995 1298 die
3023 1245 3268 1301 meritum
3292 1263 3307 1310 ;
3339 1247 3498 1302 ambo
3535 1251 3720 1305 cernie

2137 1347 2254 1386 mus
2292 1346 2534 1400 pinnam,
2565 1333 2732 1403 tupqni
2771 1333 2914 1390 milia
2941 1335 3076 1389 mala
3117 1339 3304 1392 merita
3343 1341 3477 1395 dicis
3513 1357 3582 1395 ex
3623 1359 3692 1412 pa

2138 1419 2374 1474 rentibus
2420 1419 2595 1484 trahi,
2639 1438 2756 1475 cum
2809 1423 2971 1476 Deum
3007 1424 3209 1492 justum
3248 1428 3406 1483 ambo
3433 1427 3720 1499 fateamur,

2136 1508 2440 1564 demoostra
2470 1511 2566 1564 ista
2607 1525 2760 1579 pinna
2797 1511 3009 1582 dignam
3049 1513 3092 1568 si
3140 1525 3292 1584 potes
3333 1517 3385 1571 in
3425 1517 3724 1575 infantibus

2139 1598 2366 1666 culpam.
2417 1599 2500 1653 An
2541 1614 2666 1653 vero
2705 1602 3100 1674 nonuagnoscis
3135 1605 3293 1660 etiam
3335 1605 3436 1662 hoc
3473 1608 3543 1664 ad
3589 1610 3722 1664 illud

2137 1703 2296 1759 grave
2317 1687 2512 1760 jngum’
2536 1691 2820 1760 pertinere,
2849 1693 2988 1763 quod
3015 1703 3099 1750 est
3119 1709 3281 1764 super
3309 1698 3447 1753 filios
3473 1700 3671 1768 Adam,
3695 1718 3724 1754 a

2136 1781 2222 1835 die
2267 1780 2439 1836 exitus
2467 1780 2536 1838 de
2571 1791 2759 1839 ventre
2801 1785 2982 1838 matris
3024 1799 3244 1852 eorum,
3288 1803 3455 1858 usque
3501 1791 3554 1845 in
3581 1791 3724 1847 diem

2136 1871 2422 1938 sepultura:
2448 1871 2502 1926 in
2529 1879 2752 1926 matrem
2783 1874 3062 1930 omnium?
3087 1875 3196 1930 Sub
3219 1893 3324 1946 quo
3342 1881 3474 1948 jngo
3490 1881 3725 1939 diversis

2136 1962 2374 2018 cladibus
2405 1963 2472 2016 ita
2499 1965 2794 2036 conteritur
2823 1980 2994 2034 genus
3033 1968 3318 2022 humanum
3338 2011 3354 2036 ,
3383 1982 3440 2026 ut
3466 1985 3725 2042 appareat

2140 2050 2242 2107 hoc
2260 2051 2399 2122 quod
2427 2067 2495 2108 ex
2525 2053 2648 2110 tiliis
2678 2053 2770 2108 ira:
2797 2053 2926 2108 fiunt
2958 2055 3198 2112 homines
3225 2067 3470 2128 tanquam
3503 2061 3726 2132 pignore

2137 2151 2353 2210 accepto
2381 2141 2472 2196 filii
2501 2133 2878 2198 misericordia:
2899 2183 2916 2210 ,
2951 2145 3000 2198 in
3033 2145 3264 2202 futurum
3294 2150 3548 2204 smenlum
3583 2168 3726 2220 prte-

2140 2234 2347 2304 parari:
2379 2235 2429 2290 in
2452 2235 2552 2292 hoc
2573 2246 2746 2290 autem
2774 2237 2970 2292 smculo
2990 2253 3019 2290 a
3041 2238 3294 2304 dieortus
3315 2257 3484 2312 usque
3505 2243 3560 2297 iu
3581 2245 3722 2300 diem

2139 2325 2341 2391 obitus,
2387 2327 2550 2381 etiam
2581 2326 2724 2396 ipsos
2757 2327 2860 2384 sub
2903 2327 3088 2383 eodem
3127 2330 3274 2399 gravi
3311 2331 3441 2403 jugo
3490 2317 3720 2391 conteri.

2140 2413 2578 2485 Quandoquidem
2599 2417 2758 2474 etiam
2785 2416 3029 2486 baptizali
3059 2423 3260 2489 parvuli
3289 2423 3424 2478 inter
3445 2424 3552 2482 alia
3579 2427 3718 2480 mala

2141 2501 2264 2557 vitm
2292 2504 2445 2574 hujus
2470 2520 2846 2577 nonnunquam
2876 2517 2931 2564 et
2959 2509 3088 2565 istos
3117 2509 3414 2566 deminuunt
3446 2515 3725 2584 patiuntur

2141 2595 2415 2662 incursus;
2445 2597 2685 2666 quamvis
2705 2599 2840 2652 eruti
2869 2599 2935 2654 de
2960 2609 3220 2677 potestate
3243 2604 3588 2676 tenebrarum
3605 2645 3625 2672 ,
3655 2624 3724 2664 ne

2141 2685 2209 2740 ab
2235 2687 2314 2741 eis
2341 2687 2618 2764 trahantur
2647 2689 2700 2744 in
2728 2691 3044 2760 supplicium
3075 2693 3477 2762 sempiternum.

2212 2775 2300 2832 52.
2342 2775 2537 2832 lterum
2574 2778 2706 2834 dicis
2725 2821 2741 2842 ,
2765 2766 2908 2850 quod
2943 2781 3052 2850 jam
3077 2783 3291 2853 quidem
3316 2785 3532 2850 dixisti,
3561 2798 3726 2860 atque

2141 2867 2390 2936 respondi
2419 2867 2636 2940 (Supra,
2661 2869 2746 2924 tib.
2767 2870 2823 2936 5,
2849 2887 2937 2926 nn.
2966 2872 3020 2938 8,
3043 2872 3120 2944 9),
3151 2875 3245 2930 sed
3270 2877 3427 2948 etiam
3449 2893 3594 2934 nunc
3616 2897 3726 2936 non

2142 2953 2312 3012 dcch
2336 2959 2611 3036 praitcrire
2634 3001 2649 3026 ,
2685 2979 2704 3012 ι
2737 2960 2888 3028 Quod
2915 2978 3035 3017 cum
3065 2963 3204 3020 Deus
3230 2966 3460 3037 parvulis
3492 2969 3624 3024 nihil
3654 2971 3728 3026 de

2143 3048 2358 3118 proprio
2388 3055 2492 3102 tam
2521 3047 2643 3104 boni
2681 3066 2838 3120 quam
2875 3053 2996 3108 mali
3029 3055 3354 3110 merentibus
3375 3057 3606 3128 gloriam
3635 3076 3727 3116 re-

2140 3139 2497 3210 generationis
2519 3141 2540 3174 ³
2565 3143 2828 3209 attribuit,
2855 3131 2966 3201 hic.
2983 3147 3096 3214 ipso
3123 3162 3216 3204 eos
3244 3149 3310 3222 ad
3334 3164 3484 3204 suam
3505 3167 3720 3224 curam,

2141 3230 2207 3310 ad
2249 3245 2404 3286 suum
2443 3232 2553 3302 jus,
2597 3232 2664 3287 ad
2692 3249 2845 3289 suum
2884 3235 3180 3293 dominium
3220 3241 3484 3309 pertinere
3521 3241 3728 3310 docet,

2140 3305 2279 3391 qiiod
2327 3319 2510 3376 eorum
2561 3323 2884 3402 voluntatem
2936 3305 3513 3399 ineffabilis'prmvenit
3551 3305 3724 3390 bene;

2141 3407 2242 3464 ficii
2290 3409 2552 3480 largitate.
2582 3431 2602 3465 ι
2635 3413 2770 3480 Quid
2812 3403 2972 3485 igitur
3009 3431 3130 3472 eum
3173 3419 3532 3496 oll'euderunt,
3583 3439 3726 3494 quos

2141 3501 2338 3582 pariter
2362 3502 2703 3569 innocentes,
2738 3506 2986 3574 mundos,
3015 3523 3046 3562 a
3074 3524 3134 3565 se
3159 3493 3227 3566 ad
3257 3493 3537 3582 imaginem
3564 3493 3722 3582 suam

2140 3581 2376 3658 cicatos,
2409 3589 2822 3654 innumerabiles
2859 3599 2928 3654 ab
2955 3599 3055 3654 isto
3093 3617 3311 3658 munere
3348 3581 3545 3659 alienat
3619 3581 3723 3662 nec

2139 3697 2322 3738 eorum
2349 3686 2671 3742 voluntatem
2697 3680 2854 3759 hujus
2877 3677 3160 3768 incﬂ'abilis
3187 3695 3440 3770 praevenit
3469 3695 3722 3754 beneficii

2139 3772 2404 3844 largitate,
2431 3788 2686 3846 separans
2705 3787 2792 3848 tot
2816 3778 3072 3850 imagines
3100 3765 3279 3838 suasa
3309 3801 3474 3856 regno
3499 3788 3638 3858 suo?
3659 3787 3720 3845 Si

2139 3861 2242 3917 hoc
2277 3863 2356 3918 eis
2383 3880 2490 3920 non
2523 3868 2628 3920 erit
2651 3867 2874 3936 malum,
2905 3885 3010 3926 non
3038 3887 3166 3943 ergo
3203 3875 3456 3931 amabunt
3493 3894 3718 3948 regnum

2139 3953 2232 4009 Dei
2261 3963 2337 4010 tot
2365 3956 2674 4015 innocentes
2702 3959 2958 4030 imagines
2988 3963 3098 4018 Dei.
3133 3961 3188 4020 Si
3214 3975 3390 4022 autem
3417 3969 3675 4026 amabunt
3696 4009 3714 4036 ,

2137 4055 2191 4099 ct
2212 4052 2412 4100 tantum
2434 4047 2702 4115 amabunt,
2721 4061 2972 4120 quantum
2995 4053 3302 4111 innocentes
3313 4039 3504 4134 amare
3523 4059 3724 4134 debent

2138 4147 2359 4222 regnum
2399 4135 2534 4222 ejus,
2577 4153 2608 4192 a
2647 4155 2752 4214 quo
2797 4141 2863 4196 ad
2909 4142 3072 4213 ipsius
3117 4145 3404 4222 imaginem
3445 4161 3720 4218 creantur,

2139 4227 2342 4284 nihilne
2399 4221 2521 4286 mali
2572 4231 2640 4286 dc
2700 4231 2798 4288 bac
2851 4234 2962 4304 ipsa
3021 4221 3355 4306 separatione
3407 4243 3721 4312 patientur?

2138 4316 2448 4384 Postremo,
2480 4320 2698 4376 ubilibet
2725 4324 2830 4378 sint
2853 4364 2867 4387 ,
2907 4316 3305 4394 quomodulibet
3331 4329 3436 4385 siut
3473 4331 3576 4390 sub
3609 4333 3721 4388 Deo

2133 4405 2333 4474 judice,
2361 4409 2448 4476 qui
2478 4423 2578 4464 nec
2603 4409 2709 4466 fato
2734 4413 3024 4480 premitur,
3057 4431 3154 4469 nec
3182 4431 3526 4485 personarum
3553 4435 3717 4478 acoe-

2139 4497 2318 4564 ptionc
2337 4501 2717 4569 corrumpitur;
2742 4503 2793 4557 iu
2817 4501 2957 4558 illius
2977 4496 3122 4576 regni
3141 4507 3386 4564 felicitate
3405 4527 3511 4566 non
3533 4522 3716 4582 erunt,

2137 4585 2226 4640 ubi
2269 4597 2425 4640 erunt
2459 4589 2547 4659 qui
2579 4592 2774 4660 pariter
2803 4593 2932 4648 nihil
2982 4594 3102 4650 boni
3147 4599 3337 4655 malive
3381 4615 3718 4663 meruerunt.

2135 4671 2240 4732 Sed
2267 4675 2312 4730 si
2342 4666 2467 4732 nihil
2495 4681 2808 4758 meruissent
2839 4681 2978 4749 mali,
3005 4702 3270 4756 nunquam
3300 4691 3637 4760 privarentur
3663 4696 3716 4749 in

2137 4767 2403 4835 communi
2433 4784 2588 4823 causa
2616 4773 2986 4830 communione
3019 4778 3144 4830 tanti
3178 4778 3319 4833 boni.
3350 4780 3404 4834 In
3434 4783 3516 4836 eis
3542 4799 3674 4854 ergo
3693 4827 3712 4850 ,

2139 4866 2192 4911 ut
2233 4871 2374 4927 saepe
2407 4859 2668 4928 diximus,
2711 4864 2804 4918 irae
2847 4866 2986 4921 vasls
3028 4880 3181 4924 notas
3218 4869 3370 4938 facit,
3417 4876 3714 4932 secundo

2135 4948 2444 5018 Apostolum
2466 4994 2482 5018 ,
2512 4951 2652 5008 Deus
2676 4955 2884 5010 divitias
2920 4958 3100 5028 glorim
3129 4975 3238 5014 sue
3267 4961 3320 5016 in
3345 4977 3466 5018 vasa
3497 4966 3712 5021 miseri-

2135 5037 2328 5093 cordiae
2355 5039 2527 5110 (Rom.
2556 5055 2609 5097 ts
2629 5085 2644 5109 ,
2670 5042 2742 5097 εξ
2763 5085 2777 5110 ,
2803 5043 2895 5116 23)
2917 5087 2932 5110 ,
2963 5064 3028 5102 uc
3055 5049 3344 5120 glorientur
3371 5061 3620 5123 tanquam
3646 5055 3716 5112 de

2135 5127 2338 5182 meritis
2365 5130 2484 5184 vitae
2510 5146 2640 5198 sum,
2669 5148 2788 5187 cum
2811 5149 3140 5206 cognoscunt
3163 5137 3265 5196 hoc
3289 5141 3390 5196 sibi
3409 5143 3714 5212 justissima

2135 5215 2282 5270 reddi
2312 5219 2564 5286 potuisse,
2595 5223 2734 5291 quod
2761 5224 2938 5280 vident
2964 5227 3109 5282 reddi
3135 5231 3350 5299 paribus
3371 5237 3712 5292 costsortibus

2135 5308 2323 5362 mortis
2348 5324 2458 5366 sna)
2487 5311 2527 5365 ⁵.

2199 5419 2214 5450 ³
2252 5418 2388 5494 Εάῐιξ,
2551 5439 2674 5476 unus
2697 5423 2844 5478 bonus
2875 5434 2922 5479 et
2952 5442 3090 5482 uerus
3133 5439 3280 5482 Deus.
3304 5435 3481 5495 Abest,
3515 5447 3659 5498 tm
3679 5449 3708 5486 ι

2133 5489 2481 5534 imuscrmtts.
2879 5507 2882 5510 ’

2137 5498 2481 5545 tmpus.
2879 5507 2882 5510 .

2137 5540 2425 5655 ‘,.,:d:-;L:‘ss'
2447 5579 2461 5605 ⁹
2486 5545 2722 5600 vindicem
2741 5560 2760 5599 -'
2794 5558 2958 5612 ι’θαθο
2998 5551 3042 5601 εί
3063 5560 3230 5614 ροειω
3246 5553 3502 5617 legeretur
3527 5571 3542 5606 :
3563 5557 3614 5608 ἓ
3633 5558 3705 5609 eis

2198 5663 2218 5736 ξ
2250 5667 2454 5736 Vaticani
2477 5669 2691 5736 quinque
2707 5676 2842 5736 Msa,
2859 5671 3064 5731 matiam
3088 5673 3469 5736 regenerationis.

2197 5723 2218 5752 ⁸
2253 5733 2376 5787 rust,
2397 5723 2562 5782 morti;
2579 5723 2696 5789 suae,
2720 5723 2846 5792 apud
2870 5723 2968 5783 λιιι.
2996 5741 3067 5782 Er.
3090 5723 3686 5791 efnonuutlosvmsauscrt
