4014 6186
332 395 430 452 8H

401 506 488 563 55.
521 503 731 573 Si-ergo
753 509 895 556 recte
922 499 1001 554 vis
1029 512 1236 568 sapere,
1256 495 1415 551 etiam
1436 493 1502 549 de
1529 490 1760 562 parvulis
1781 503 1909 558 sape

332 595 468 670 quod
497 592 572 650 ait
621 592 906 663 Apostolus
941 591 1009 646 de
1040 589 1148 643 Deo
1191 587 1382 652 Patre,
1424 583 1523 650 Qui
1731 593 1820 632 nos
1849 577 1912 631 de

334 667 577 756 potestate
601 685 950 748 tenebrarum,
979 689 1024 733 et
1051 675 1304 730 transtulit
1329 675 1382 727 in
1409 687 1616 742 regnum
1642 667 1766 723 Filii
1790 667 1912 720 cha-

333 778 494 831 ritatis
524 791 628 830 suae
655 772 874 843 (Coloss.
905 787 956 836 ι,
987 766 1076 838 15)
1105 785 1119 820 :
1157 776 1212 822 et
1237 763 1365 819 illud
1395 764 1620 818 alterum
1647 801 1660 824 ,
1699 757 1913 812 Fuimus

333 869 464 923 enim
507 875 552 918 et
597 879 684 917 nos
721 858 994 942 aliquando
1025 865 1206 910 natura
1239 853 1335 922 lilii
1362 855 1470 922 irai,
1503 851 1630 905 sicut
1658 857 1703 902 et
1747 845 1913 901 caeteri

335 957 548 1028 (Epiros.
577 971 633 1019 ll,
656 955 734 1025 5).
762 953 962 1007 Omnes
980 949 1122 1004 enim
1160 954 1416 1003 eruuntur
1440 942 1506 998 de
1527 947 1789 1013 potestate
1835 947 1912 991 tc-

336 1047 618 1102 nebrarum
649 1055 700 1099 et
726 1042 818 1096 lilii
845 1042 937 1095 irze
982 1045 1153 1102 erant,
1184 1035 1274 1106 qui
1325 1042 1541 1102 peccato
1593 1029 1910 1083 moriuntur.

335 1135 532 1193 Omnes
557 1144 733 1188 autem
765 1141 821 1186 ut
851 1131 958 1185 Deo
986 1129 1200 1192 vivant,
1229 1133 1446 1195 peccato
1475 1120 1790 1183 moriuntur,
1823 1116 1911 1187 qui

336 1229 387 1282 in
417 1235 586 1280 morte
621 1223 816 1278 Christi
847 1221 1200 1290 baptizantur.
1244 1214 1440 1272 Omnes
1466 1227 1623 1282 porro
1662 1209 1713 1264 in
1745 1215 1914 1261 morte

337 1319 452 1388 eius
479 1316 844 1386 baptizantur,
876 1312 1194 1382 quicumque
1221 1307 1552 1377 baptizantur
1594 1303 1645 1357 in
1675 1301 1910 1356 Christo.

341 1406 479 1476 Ergo
507 1407 630 1476 quia
654 1415 708 1459 et
750 1402 952 1474 parvuli
978 1401 1308 1469 baptizantnr
1334 1398 1384 1450 in
1411 1393 1622 1450 Clu-isto
1641 1433 1656 1458 ,
1698 1399 1914 1461 peccato

339 1498 656 1558 moriuntur,
681 1503 734 1549 et
761 1509 790 1547 a
816 1501 1080 1564 potestate
1105 1488 1462 1549 tenebrarum,
1494 1483 1582 1536 ubi
1611 1490 1797 1536 natura
1821 1479 1913 1535 lilii

339 1590 430 1644 ira:
466 1587 707 1652 fuerant,
752 1593 1029 1639 eruuntur.
1069 1579 1220 1648 Quod
1265 1590 1438 1632 autem
1469 1575 1620 1640 dicis,
1654 1591 1672 1624 ε
1703 1571 1802 1628 Ubi
1841 1571 1916 1624 ait

339 1679 644 1750 Apestolus,
669 1685 852 1729 natura
877 1673 971 1742 ﬁlii
995 1672 1104 1737 im,
1131 1684 1284 1740 posse
1309 1665 1546 1736 intelligi,
1575 1664 1800 1718 Prorsus
1821 1657 1915 1712 lilii

339 1771 469 1824 iraa:
499 1787 518 1820 ι
555 1781 728 1820 noime
756 1759 877 1818 hinc
903 1760 1175 1816 admoneri
1205 1756 1452 1818 debuisti,
1484 1754 1752 1823 antiquam
1783 1765 1914 1806 con-

341 1871 419 1916 tra
448 1875 540 1913 vos
563 1857 774 1914 defendi
799 1851 1112 1911 catholicam
1141 1851 1331 1914 tidem;
1359 1849 1479 1920 quia
1507 1859 1610 1902 non
1637 1843 1750 1900 fere
1771 1844 1918 1898 inve-

341 1952 481 2006 nitur
525 1950 716 2003 latinus
763 1942 969 2010 codex,
1019 1942 1064 1997 si
1105 1957 1208 1996 non
1251 1954 1282 1992 a
1312 1937 1475 2004 ,vobis
1517 1949 1656 1990 nunc
1701 1932 1918 2001 incipiat

341 2039 633 2118 emendari,
658 2035 737 2092 vel
765 2036 936 2106 potius
965 2034 1019 2089 in
1051 2031 1298 2088 mendum
1325 2027 1539 2094 mutari,
1573 2027 1656 2080 ubi
1685 2035 1790 2079 non
1819 2040 1914 2077 na-

342 2116 456 2186 tura
483 2131 552 2186 sit
579 2130 830 2199 scriptum
863 2128 935 2198 (τι)
959 2127 981 2178 ?
1005 2123 1157 2194 Quod
1186 2123 1366 2191 utique
1392 2134 1578 2176 cavere
1620 2116 1802 2172 debuit
1829 2116 1914 2169 in-

343 2231 632 2291 terpretum
655 2219 937 2288 antiquitas
957 2257 972 2282 ,
1006 2216 1103 2268 nisi
1130 2215 1289 2269 etiam
1318 2211 1437 2266 ﬁdei
1467 2210 1582 2264 lucc
1607 2217 1747 2263 esset
1775 2205 1914 2260 anti-

343 2313 538 2383 quitus,
567 2309 652 2364 cui
679 2319 850 2363 vestra
877 2306 1038 2376 erepit
1058 2305 1310 2359 resistere
1337 2299 1564 2356 novitas.

415 2397 641 2456 CAPUT
670 2396 844 2454 XL—
869 2395 953 2453 5i.
985 2395 1093 2450 Sed
1122 2393 1282 2447 homo
1331 2389 1597 2461 egregius,
1649 2385 1700 2442 in
1757 2399 1920 2458 grege

347 2509 454 2550 non
481 2493 560 2545 vis
587 2507 706 2546 esse
735 2489 952 2558 vulgari.
979 2487 1185 2540 Rursus
1227 2481 1369 2538 enim
1417 2479 1730 2536 sententiam
1782 2475 1921 2547 vulgi

271 2615 278 2621 -
346 2583 572 2653 respuis,
603 2591 721 2650 post
743 2589 904 2645 tanta,
927 2577 1118 2648 quibus
1147 2589 1268 2630 eum
1319 2570 1526 2626 reddita
1569 2569 1780 2624 ratione
1829 2566 1923 2622 ad-

347 2687 531 2728 versus
582 2687 667 2725 me
707 2671 1066 2726 concitaveras
1099 2663 1332 2737 gravius,
1378 2677 1537 2732 quam
1577 2659 1628 2714 in
1659 2667 1710 2713 te
1755 2659 1926 2712 fuerat

349 2763 662 2816 concitatus.
692 2757 799 2816 Sed
830 2758 1078 2812 nimirum
1133 2764 1220 2809 tua
1263 2752 1528 2822 disputata
1557 2747 1923 2814 considerans,

351 2853 480 2908 nihil
509 2861 560 2906 te
585 2851 776 2906 talibus
796 2846 1123 2919 argumentis
1149 2843 1288 2914 apud
1307 2841 1559 2913 populum
1577 2839 1638 2910 in
1651 2837 1928 2894 catholica:

353 2943 474 2997 lidei
503 2944 726 2996 veritate
753 2951 806 2996 et
835 2939 1148 3010 antiquitate
1179 2935 1455 2990 fundatum
1503 2945 1662 3003 agere
1692 2929 1928 3002 potuisse

351 3033 431 3089 vel
463 3047 618 3104 posse
647 3030 882 3086 sensisti.
915 3029 1063 3084 Unde
1084 3026 1150 3082 ad
1177 3041 1298 3082 eum
1337 3020 1698 3096 spernendum
1741 3029 1929 3076 contu-

351 3126 520 3178 macia
549 3138 733 3178 rursus
771 3137 864 3175 ora
893 3120 1181 3185 convertis,
1235 3117 1457 3188 ejusque
1503 3123 1682 3186 partes
1734 3113 1929 3185 quibus

351 3227 579 3283 constat,
611 3233 715 3271 non
738 3216 1004 3271 immerito
1031 3212 1180 3269 vobis
1227 3211 1648 3266 Christianorum
1681 3206 1930 3266 infensis-

352 3311 486 3363 sima
509 3307 812 3372 multitudo,
835 3303 1140 3375 singillatim
1173 3297 1528 3358 describendo
1554 3305 1608 3354 et
1635 3294 1930 3352 derideudo

353 3401 644 3472 percurris,
686 3399 738 3453 in
770 3399 960 3470 quibus
1003 3405 1058 3452 et
1089 3414 1107 3448 ι
1141 3392 1483 3450 auditoriales
1521 3389 1870 3446 scholasticos
1904 3406 1925 3441 ι

353 3493 542 3564 tangis,
577 3499 632 3546 et
651 3489 784 3545 dicis
813 3497 998 3544 contra
1039 3501 1126 3542 me
1157 3485 1504 3548 clamaturos,
1537 3498 1556 3532 ι
1589 3479 1633 3536 Ο
1660 3487 1928 3548 tempora,

354 3599 388 3637 ο
409 3596 587 3637 mores
607 3599 628 3632 ι
659 3578 871 3650 (Cicero,
903 3573 1190 3632 Oratione!
1221 3575 1274 3628 in
1291 3572 1442 3629 Catil.
1471 3579 1518 3626 et
1537 3579 1636 3625 act.
1663 3569 1697 3624 6
1721 3570 1773 3622 in
1809 3565 1933 3622 Ver-

355 3670 545 3745 rem)!
591 3679 646 3726 et
701 3682 875 3726 tamen
924 3667 1065 3738 vulgi
1126 3663 1382 3736 judicium
1452 3660 1786 3724 reformidas,
1841 3657 1930 3712 ubi

356 3774 462 3820 tam
491 3765 754 3820 clamosus
785 3760 875 3816 tibi
902 3758 1277 3829 suifragatores
1303 3753 1543 3810 invenire
1579 3750 1818 3823 potuisti,
1842 3749 1932 3820 qui

356 3857 616 3914 Tullianis
637 3871 723 3912 me
749 3854 962 3908 vocibus
989 3851 1267 3914 territent;
1297 3846 1438 3919 quod
1475 3864 1494 3896 ε
1525 3841 1741 3899 aliunde
1773 3856 1932 3914 quam

359 3950 500 4005 unde
527 3957 691 4002 totum
719 3955 820 4008 est,
849 3959 968 4000 esse
1003 3953 1180 4012 putem
1217 3937 1496 4008 genitalem
1540 3935 1780 4002 corporis
1816 3947 1936 4000 par-

359 4050 486 4096 tem.
525 4059 543 4092 ι
572 4038 772 4106 Quibus
801 4049 898 4106 ego
925 4049 1045 4088 cum
1074 4031 1324 4093 retulero,
1355 4026 1468 4082 Non
1497 4024 1600 4080 hoc
1625 4025 1766 4090 dico,
1785 4038 1934 4076 men-

360 4135 486 4194 titur
513 4148 524 4182 :
555 4127 826 4182 libidinem
853 4124 1031 4193 culpo,
1061 4137 1165 4175 non
1193 4117 1466 4180 membra;
1491 4115 1675 4168 vitium
1705 4113 1926 4200 ignoto,

359 4236 464 4274 non
492 4229 730 4272 naturam
764 4233 778 4269 :
808 4213 907 4268 iste
943 4223 1120 4266 autem
1147 4209 1234 4279 qui
1285 4206 1412 4260 mihi
1439 4203 1578 4276 apud
1611 4217 1704 4258 vos
1735 4202 1938 4256 calum-

361 4311 557 4374 niatur,
589 4305 747 4360 audet
786 4305 837 4358 in
865 4300 1100 4358 Ecclesia
1145 4295 1343 4352 Christi
1393 4303 1518 4349 ante
1543 4291 1849 4362 magistrum
1881 4290 1934 4344 in

361 4402 499 4457 cutio
525 4400 796 4454 sedentem
819 4395 1043 4451 recitare
1069 4389 1302 4446 libidinis
1329 4386 1574 4449 laudem;
1608 4383 1748 4455 quod
1769 4383 1816 4437 ei
1846 4397 1936 4438 rc-

363 4489 655 4554 citandum,
685 4489 728 4542 si
765 4485 1040 4540 vobiscum
1074 4481 1333 4540 studeret,
1367 4477 1740 4554 magistrorum
1778 4486 1937 4526 nemo

363 4587 706 4654 proponeret,
740 4593 806 4632 ne
823 4574 1115 4630 oﬂenderet
1131 4569 1368 4626 omnium
1391 4576 1624 4622 vestrum
1647 4563 1933 4634 pudorem:

363 4687 543 4728 nonne
581 4670 684 4724 alia
729 4667 782 4722 in
816 4677 866 4720 te
897 4663 1137 4720 Tulliana
1189 4675 1318 4716 Vere
1364 4655 1732 4712 convenientia
1775 4653 1936 4707 verba

363 4771 702 4832 converte-nt,
759 4760 996 4814 dicentes
1033 4754 1146 4819 tibi,
1232 4752 1358 4806 «Ex
1405 4750 1506 4804 hac
1568 4757 1714 4818 parte
1768 4744 1939 4816 pudor

363 4862 586 4930 pugnat,
618 4855 713 4906 abs
779 4860 831 4904 te
879 4847 1200 4920 petulantia;
1231 4843 1356 4896 hinc
1408 4838 1751 4904 continentia,
1793 4835 1939 4890 illinc

363 4947 532 5006 libido
575 4963 593 4997 ι
629 4941 816 5016 (Idem,
851 4939 1090 4995 Oratione
1115 4935 1150 4990 2
1176 4937 1228 4989 in
1253 4931 1570 5004 Catilinam).

434 5037 527 5093 ‘55.
556 5033 746 5090 Nescio
781 5047 912 5102 quos
953 5029 1110 5084 etiam
1136 5026 1285 5098 quasi
1330 5024 1630 5078 desertores
1677 5017 1939 5089 dogmatis

366 5126 531 5184 vestri
567 5125 632 5180 ad
668 5123 822 5178 [idem
855 5119 1166 5176 catholicam
1207 5129 1496 5170 conversos
1527 5110 1704 5180 arguis
1743 5108 1823 5163 vel
1851 5123 1937 5160 re-

368 5232 574 5274 versos.
624 5216 766 5284 Quos
814 5224 990 5268 tamen
1037 5207 1342 5281 significasti
1375 5205 1445 5259 ita
1479 5214 1530 5258 te
1579 5213 1834 5264 metuere,
1883 5207 1941 5252 ut

364 5322 555 5364 eorum
581 5304 793 5359 nomina
838 5303 1135 5371 exprimere
1163 5315 1264 5351 non
1295 5295 1552 5356 auderes;
1585 5306 1650 5344 ne
1691 5294 1822 5344 terte
1848 5305 1942 5341 au-

366 5400 583 5455 dientes
607 5393 702 5449 abs
730 5402 784 5449 te
822 5407 916 5446 sua
965 5389 1092 5444 falsa
1139 5387 1383 5448 erimina,
1431 5399 1554 5438 mox
1601 5383 1714 5447 tibi,
1759 5382 1800 5434 si
1835 5396 1938 5433 non

366 5518 480 5576 rtos
503 5511 553 5576 in
575 5513 859 5576 contextum
876 5495 1759 5576 transiitimargtnalis‘lltne‘adnotatig
1782 5507 1794 5542 :
1809 5491 1940 5576 Itiro

365 5555 634 5636 Enipea;
651 5555 909 5636 aperimus
927 5555 1217 5636 testimonii;
1225 5558 1400 5636 (isset-it
1415 5555 1796 5636 pannulos‘et‘rle
1809 5562 1940 5636 note:

365 5614 843 5693 Quill-antarii".
881 5623 988 5693 erui
1007 5636 1138 5693 .emn
1162 5619 1352 5693 cretei-is
1365 5655 1399 5692 ,.
1415 5614 1461 5670 2-:
1473 5625 1658 5693 natura
1694 5628 1796 5688 esse
1809 5614 1943 5693 ﬁlios

363 5675 491 5753 iiii:
518 5675 906 5756 :iiefii'trleteteri;
937 5685 1048 5756 quin
1071 5691 1263 5756 peccato
1278 5675 1562 5742 nutriuntur,
1589 5691 1698 5728 eum
1720 5675 1770 5727 in
1793 5675 1944 5726 morte

365 5746 501 5806 σινοί-
514 5753 552 5804 ti
575 5753 874 5815 baptizatum
898 5746 957 5798 tn’
970 5746 1174 5815 (nr-isto.

431 5804 504 5880 (ri;-
544 5804 655 5862 \'i'le
674 5817 1010 5873 ttierouyunnn
1033 5811 1078 5857 in
1105 5811 1258 5869 ipsum
1283 5804 1455 5852 hieum.

651 5893 918 5950 Vernon.
959 5887 1084 5946 XL!
1105 5887 1170 5946 ν.

1693 371 1891 432 LIBER
1925 367 2220 427 SEXTUS.

3491 371 3590 423 Si?

2023 501 2168 549 vera,
2200 494 2346 542 certe
2389 486 2720 543 credibilium
2773 495 3110 558 reponerent.
3177 485 3325 554 Quod
3377 487 3590 558 quidem

2017 576 2335 648 quicumque
2362 587 2486 632 sunt
2508 578 2614 642 isti,
2634 579 2678 632 si
2699 579 2930 648 graviter
2946 579 3175 648 sapiunt,
3199 596 3304 632 non
3333 578 3588 643 facerent,

2017 681 2070 724 et
2097 681 2376 740 parcerent
2399 673 2490 727 tibi
2513 672 2802 728 secundum
2829 673 3148 742 apostolum,
3180 689 3279 726 non
3322 671 3586 727 reddenti-3

2018 763 2334 818 maledictum
2377 780 2467 833 pro
2515 764 2780 819 maledicto
2831 763 2870 834 (l
2899 761 3038 816 Pelr.
3068 779 3146 826 tu,
3173 762 3252 831 9).
3283 762 3361 816 Tu
3411 772 3589 816 autem

2018 854 2204 909 Saltem
2233 855 2379 908 illum
2408 865 2712 910 monentem
2744 871 2810 910 ne
2835 849 3138 924 dedigneﬁs
3163 854 3367 920 audire,
3395 854 3462 909 de
3488 871 3582 909 eu-

2013 944 2102 1014 jus
2129 945 2318 999 litteris
2345 945 2644 1000 exclamare
2673 955 2723 1000 te
2768 945 2940 1008 libuit,
2976 963 2994 997 ι
3031 944 3076 1000 Ο
3113 955 3372 1014 tempora,
3400 961 3434 1000 ο
3474 963 3588 1000 Ino-

2019 1039 2138 1093 res!
2179 1057 2196 1089 ι
2226 1039 2446 1102 Saltem,
2482 1039 2717 1108 inquam,
2763 1039 2932 1108 ipsum
2961 1037 3104 1102 audi,
3144 1019 3252 1092 t'ttt
3279 1048 3530 1108 quantum
3559 1055 3588 1092 a

2019 1143 2196 1184 rerum
2227 1129 2549 1197 turpitudine
2582 1130 2710 1183 abes
2737 1148 2756 1182 ι
2781 1129 2824 1182 si
2853 1140 3026 1183 tamen
3057 1130 3452 1196 abcs,rlantum
3485 1141 3535 1184 te
3559 1150 3586 1181 .t

2021 1221 2302 1274 verborum
2331 1221 2574 1275 libertate
2602 1219 2885 1290 sejungas;
2927 1230 2982 1274 et
3011 1235 3072 1274 ea
3103 1220 3155 1274 in
3194 1221 3388 1274 alteros
3414 1237 3481 1276 ne
3504 1222 3591 1273 di-

2017 1327 2129 1378 cas,
2159 1327 2276 1381 qua:
2301 1328 2422 1367 cum
2451 1312 2541 1366 tibi
2566 1311 2698 1366 falso
2726 1312 2934 1380 objecta
2947 1311 3074 1375 sint,
3105 1311 3408 1366 erubescas.
3449 1332 3467 1364 ι
3493 1314 3519 1365 Ί
3538 1333 3596 1366 a-

2023 1402 2088 1458 lia
2116 1411 2166 1457 te
2185 1417 2314 1458 sane
2339 1403 2390 1456 in
2417 1403 2544 1457 istos
2597 1403 2777 1458 nescio
2818 1416 2954 1472 quos
3000 1400 3200 1456 dixisse
3245 1404 3336 1471 qui
3385 1401 3590 1470 legunt,

2019 1494 2257 1560 sciant‘,
2298 1493 2472 1563 qualia
2514 1493 2566 1547 in
2611 1493 2876 1562 aliquibus
2923 1494 3143 1550 omnino
3168 1509 3276 1550 non
3328 1494 3594 1554 novimus.

2018 1599 2153 1654 quos
2180 1583 2231 1638 in
2263 1585 2534 1653 proposito
2581 1585 2918 1639 continentiae
2957 1585 3248 1642 recessisse
3287 1600 3319 1639 a
3357 1585 3595 1655 Pelagia-

2019 1676 2102 1729 nis
2149 1674 2414 1732 hznreticis
2458 1677 2723 1732 novimus.
2753 1677 2848 1730 'l‘ui
2883 1691 3011 1732 vero
3028 1677 3110 1732 vel
3137 1686 3240 1732 tum
3265 1678 3455 1747 quales
3486 1678 3594 1730 sint

2019 1767 2151 1822 nihil
2179 1781 2296 1821 mea
2324 1767 2570 1834 interest,
2595 1781 2729 1838 quos
2770 1777 2825 1820 tu
2853 1767 2936 1820 vel
2964 1782 3098 1836 quas
3137 1775 3189 1821 tu
3222 1766 3300 1822 sie
3329 1767 3484 1832 fallis,
3535 1779 3595 1822 ut

2019 1855 2166 1910 dicas
2194 1871 2278 1910 me
2299 1856 2541 1920 delinire,
2580 1875 2600 1912 ι
2637 1871 2734 1912 nec
2764 1858 2816 1912 in
2847 1857 3054 1912 carioso
3103 1857 3316 1928 quidem
3367 1873 3595 1928 corpore

2021 1945 2294 2002 libidinem
2322 1961 2479 2017 posse
2504 1946 2720 2002 frenari.
2749 1966 2768 2000 ι
2803 1949 2915 2002 lnm
2940 1948 3062 2018 quia
3105 1947 3297 2003 frenari
3343 1964 3504 2018 posse
3540 1960 3597 2004 et

2020 2033 2217 2090 frenari
2241 2045 2489 2106 Oportere
2513 2035 2762 2103 decerno,
2787 2037 2906 2094 ideo
2928 2037 3125 2092 malum
3155 2039 3410 2110 intelligo.
3439 2039 3594 2108 Quod

2019 2126 2111 2196 qui
2137 2135 2294 2198 negat
2339 2127 2554 2194 malum,
2598 2127 2790 2182 viderit
2835 2128 3100 2196 quomodo
3137 2128 3330 2184 habeat
3375 2130 3590 2192 bonum.

2021 2218 2106 2273 cui
2131 2226 2531 2290 repugnantem,
2561 2219 2686 2274 velit
2716 2219 2865 2282 nolit,
2907 2217 3098 2274 fatetur
3126 2218 3438 2275 frenandam
3471 2235 3594 2276 esst:

2023 2306 2315 2363 libidinem.
2346 2307 2457 2380 Ego
2485 2309 2660 2378 itaque
2689 2323 2794 2362 non
2819 2309 2990 2362 solum
3022 2324 3050 2362 a
3078 2309 3314 2376 senibus,
3335 2327 3518 2366 verum
3540 2321 3597 2366 et

2025 2411 2053 2450 a
2077 2397 2362 2468 juvenibus
2387 2398 2506 2452 dico
2531 2398 2800 2453 libidinem
2824 2413 2978 2467 posse
2997 2397 3189 2453 h'enari
3212 2417 3226 2453 :
3248 2399 3340 2455 sed
3371 2403 3596 2456 multum

1977 2539 1982 2544 .
2027 2487 2192 2541 miror
2216 2505 2247 2542 a
2271 2487 2667 2542 continentibus
2693 2487 2967 2542 libidinem
2995 2501 3152 2556 posse
3182 2488 3405 2543 laudari.

2099 2576 2188 2632 56.
2214 2577 2344 2644 Quis
2373 2588 2548 2631 autem
2568 2586 2806 2632 nostrum
2848 2577 2998 2644 dicit,
3032 2596 3051 2630 ε
3084 2578 3277 2633 Malum
3319 2580 3420 2634 hoc
3457 2580 3598 2650 quod

2029 2669 2238 2741 parvuli
2264 2669 2594 2740 originaliter
2631 2668 2868 2733 trahunt,
2908 2669 3026 2723 sine
3064 2669 3357 2724 substantia
3409 2671 3596 2741 inqua

2027 2771 2128 2827 est,
2157 2769 2247 2816 aut
2269 2775 2386 2816 esse
2411 2775 2587 2832 posse,
2629 2769 2719 2815 aut
2745 2776 2977 2831 unquam
3005 2760 3204 2816 fuisse?
3232 2780 3251 2814 ι
3286 2761 3437 2830 Quod
3471 2771 3599 2818 tau-

2029 2867 2186 2923 quam
2213 2851 2470 2919 dieamus,
2505 2851 2575 2906 ita
2603 2851 2796 2920 quacris
2825 2851 3133 2906 dialecticos
3164 2851 3394 2923 judiccs.
3446 2861 3502 2908 et
3529 2854 3603 2908 ir-

2030 2941 2172 2998 rides
2199 2942 2430 3013 vulgum,
2461 2942 2608 3012 quasi
2641 2941 2706 2996 ad
2734 2942 2904 3013 ipsum
2945 2950 2994 2996 te
3030 2942 3260 3010 judicent
3311 2943 3592 3008 adducam,

2031 3047 2063 3088 a
2092 3047 2196 3103 quo
2214 3031 2438 3103 judicari
2466 3031 2564 3086 ista
2595 3046 2698 3086 non
2732 3040 2952 3101 possunt
2981 3049 2993 3084 :
3023 3047 3140 3101 qut-.r
3172 3041 3224 3086 tu
3255 3033 3298 3085 si
3329 3049 3432 3088 non
3459 3033 3600 3088 didi-

2033 3127 2218 3188 cisses,
2253 3122 2515 3193 Pelagiani
2538 3121 2802 3192 dogmatis
2853 3121 3096 3176 machina
3149 3122 3264 3177 sine
3309 3124 3601 3180 architecto

2034 3215 2336 3270 necessario
2369 3213 2736 3268 remansisset.
2764 3212 2818 3268 Si
2847 3213 2924 3267 vis
2940 3213 3136 3278 vivere,
3162 3212 3268 3267 noli
3300 3228 3480 3268 amare
3514 3231 3604 3268 sa-

2035 3305 2288 3375 pientiam
2319 3303 2485 3368 verbi,
2531 3318 2634 3373 qua
2663 3314 2948 3357 evacuatur
2988 3318 3117 3358 crux
3161 3301 3358 3357 Christi
3405 3303 3450 3374 (Ι
3477 3303 3599 3358 Cor.

2035 3412 2074 3463 ι,
2110 3394 2219 3467 17).
2237 3393 2514 3461 Quomodo
2537 3393 2604 3450 de
2629 3393 2749 3448 aliis
2774 3393 3082 3448 substantiis
3108 3393 3162 3448 in
3192 3393 3324 3450 alias
3353 3395 3604 3449 substan-

2037 3487 2138 3541 tias
2159 3485 2238 3540 vel
2269 3485 2423 3540 bona:
2451 3485 2534 3536 vel
2563 3484 2716 3537 mala:
2739 3492 3014 3538 transeant
3040 3484 3344 3553 qualitates,
3377 3501 3480 3538 non
3507 3484 3605 3539 mi-

2034 3575 2256 3648 grando,
2281 3574 2374 3630 sed
2394 3572 2696 3640 alliciendo,
2735 3573 2846 3642 jam
2877 3573 3011 3628 libro
3032 3575 3308 3644 superiore
3347 3576 3600 3630 tractavi-

2038 3685 2156 3726 mus
2193 3668 2412 3740 (Supra,
2457 3666 2546 3720 lib.
2593 3666 2648 3731 5,
2679 3683 2732 3718 η.
2765 3665 2878 3735 51).
2927 3663 2985 3718 Si
3030 3665 3172 3734 vulgi
3217 3665 3426 3734 spernis
3459 3665 3608 3738 judi-

2042 3765 2206 3831 cium,
2235 3762 2354 3818 illos
2389 3759 2596 3830 judices
2643 3759 2871 3825 intuere,
2901 3771 3033 3826 quos
3071 3757 3162 3810 tibi
3191 3757 3397 3811 duobus
3420 3757 3610 3826 priori-

2037 3861 2136 3916 bus
2189 3857 2322 3915 meis
2365 3857 2514 3912 libris
2552 3851 2974 3910 luculentissima
3035 3851 3088 3905 iu
3129 3849 3366 3906 Ecclesia
3411 3851 3608 3905 Christi

2039 3953 2291 4024 praeditos
2316 3949 2628 4005 auctoritate
2654 3949 2926 4018 proposui.

2108 4043 2333 4099 CAPUT
2355 4041 2470 4096 Xll.
2502 4069 2572 4080 ——
2599 4040 2688 4094 57.
2719 4038 2885 4104 Quale
2907 4045 2988 4091 est
3011 4044 3208 4101 autem,
3259 4033 3399 4105 quod
3440 4033 3610 4089 beate

2041 4134 2312 4189 memoria:
2371 4131 2637 4186 Zosimum
2707 4128 3028 4196 Apostnlicze
3081 4125 3241 4180 Sedis
3275 4125 3608 4195 cpiscopmn,

2041 4232 2098 4277 ut
2119 4223 2170 4278 in
2194 4231 2280 4276 tua
2304 4221 2557 4290 pravitate
2589 4217 2860 4288 persistas,
2882 4214 3332 4284 prmvaricatiouis
3355 4212 3612 4284 accusas?
3657 4196 3660 4200 ’

2039 4313 2142 4380 Qui
2172 4328 2278 4367 non
2308 4310 2524 4366 recessit
2543 4324 2572 4362 a
2603 4323 2700 4362 suo
2716 4306 3076 4376 pt'arcessore’
3101 4304 3425 4373 Innocentio,
3453 4319 3611 4374 quem

2041 4415 2096 4462 tu
2125 4405 2399 4460 nominare
2449 4401 2696 4462 timuisti;
2744 4397 2838 4454 sed
2879 4397 3109 4452 maluisti
3155 4395 3450 4462 Zosimum,
3489 4395 3610 4466 quia

2040 4499 2150 4570 egit
2178 4496 2421 4567 primitus
2468 4493 2638 4547 lenius
2664 4509 2784 4545 cum
2833 4490 3092 4546 leestio
3121 4507 3134 4542 :
3164 4489 3412 4560 quoniam
3447 4503 3508 4544 se
3556 4488 3610 4543 in

2043 4590 2126 4646 his
2147 4587 2392 4644 sensibus
2419 4583 2609 4638 vestris
2637 4582 2679 4636 si
2710 4580 2835 4652 quid
2857 4580 3185 4649 diSpliceret,
3227 4590 3462 4649 paratum
3492 4595 3614 4634 esse

2041 4679 2257 4734 dixerat
2297 4675 2513 4746 corrigi,
2555 4683 2609 4729 et
2660 4671 2950 4727 Innocentii
2992 4671 3185 4726 litteris
3225 4684 3610 4724 COIISCIISIH‘UIII

1985 4797 1992 4801 -
2043 4785 2161 4826 esse
2178 4769 2485 4838 promiserat
2497 4805 2511 4820 .

2113 4860 2202 4916 58.
2226 4859 2488 4914 Memento
2509 4871 2640 4911 sane
2665 4852 3106 4926 quemadmodum
3135 4850 3202 4904 de
3244 4849 3615 4904 constituendo

2043 4955 2292 5022 episcopo
2327 4949 2715 5004 dissensionem
2745 4945 2923 5016 populi
2959 4943 3179 4997 [lanuuii
3200 4941 3612 4996 insultahuudus

2043 5045 2278 5113 objectas
2307 5040 2405 5112 (a).
2438 5039 2588 5107 Quod
2610 5039 2706 5092 abs
2733 5051 2783 5093 te
2809 5052 3010 5106 quaero,
3041 5044 3216 5089 utrum
3248 5033 3490 5087 homian
3521 5049 3612 5090 sua

2045 5133 2268 5190 fecerint
2292 5131 2582 5186 voluntate.
2611 5127 2762 5196 Quod
2791 5128 2833 5180 si
2859 5141 3040 5196 negas,
3088 5123 3356 5194 quomodo
3394 5125 3616 5179 liberum

2111 5304 2126 5333 ι
2164 5311 2261 5350 Am.
2287 5305 2361 5348 Er.
2389 5305 2440 5348 et
2477 5295 2654 5359 aliquot
2677 5301 2802 5359 Mss,
2826 5287 2996 5359 sciunt.
3037 5289 3258 5339 \teliorcs
3301 5293 3615 5359 manuscrigti

2039 5377 2157 5414 cum
2180 5369 2310 5418 l.ov.,
2332 5359 2502 5410 sciant.
2529 5352 2623 5407 Non
2649 5355 2750 5418 vult
2783 5354 3072 5418 augustinus
3090 5388 3103 5408 ,
3130 5359 3183 5399 ut
3207 5364 3269 5418 ea
3289 5352 3486 5418 crimina
3506 5365 3616 5418 qua:

2045 5413 2165 5474 falso
2188 5413 2312 5472 forte
2347 5422 2647 5476 ohoctantur
2667 5451 2681 5476 ,
2705 5417 2782 5465 hic
2805 5428 2892 5476 per
2932 5415 3084 5476 ipsum
3105 5413 3330 5460 noverint
3349 5413 3432 5473 qui
3469 5413 3618 5462 Julia-

2045 5500 2162 5538 num
2195 5499 2287 5533 non
2313 5483 2497 5543 legunt.

2109 5529 2249 5596 Ter:
2258 5529 2329 5593 "et
2351 5529 2458 5592 Cod.
2475 5573 2490 5597 ,
2513 5555 2544 5590 a
2564 5552 2652 5592 suo
2686 5536 3038 5602 prcdeeeuore
3087 5529 3372 5584 Innocentio.
3419 5543 3522 5582 Am.
3563 5541 3616 5583 et

2049 5618 2175 5668 5185.,
2200 5615 2504 5671 pi-ozressore.

2111 5655 2419 5731 (ai'selumna
2453 5662 2639 5731 scilicet
2659 5659 2815 5726 quod,
2847 5659 3032 5731 ZosimO
3069 5657 3128 5706 ad
3151 5655 3622 5731 ﬁiicnnlaunichrisii

2049 5715 2350 5780 “Surorum
2366 5763 2380 5785 ,
2413 5729 2660 5774 subortqu
2679 5715 2787 5782 'est,
2803 5715 2914 5785 cum
2937 5721 3170 5785 adversus
3193 5718 3475 5768 nutritaeium
3497 5715 3624 5780 legi-

2051 5796 2167 5844 time
2194 5780 2399 5840 electum
2423 5780 2780 5836 contenderent
2791 5783 2871 5833 alii
2891 5795 2975 5846 pro
3000 5780 3196 5830 Eulalio.

2846 5867 2880 5948 (
2891 5862 3298 5942 Vingt—sent.)
