4014 6186
425 357 533 414 855

433 471 674 529 defendis
693 469 1008 528 arbitrium?
1033 469 1088 526 Si
1118 479 1294 526 autem
1339 470 1542 537 fateris,
1573 469 1840 540 quomodo
1882 484 1999 524 eam

432 579 590 621 vocas
615 582 632 616 ι
663 563 914 618 ultionem
944 563 1056 631 Dei,
1085 581 1104 616 ι
1131 570 1290 633 atque
1317 580 1346 617 a
1375 571 1554 618 vestro
1573 561 1822 634 dogmate
1847 576 2002 617 exer-

432 656 586 713 hitas.
613 651 738 709 dum
773 652 952 722 putari
994 651 1244 708 divinitus
1273 652 1567 707 vindicatus
1591 651 1608 684 ¹
1635 649 1890 707 allectas‘l
1917 650 1999 706 An

427 743 642 800 tandem
685 742 972 814 aliquando
1037 741 1324 809 concedis,
1396 741 1538 813 quod
1582 741 1998 798 obstinatissima

427 834 769 889 contentione
816 816 1127 905 negaveras,
1155 833 1367 888 occulto
1399 833 1489 890 Dei
1513 832 1716 902 judicio
1759 832 1896 897 ﬁeri,
1942 840 2001 886 ut

425 925 480 978 in
517 925 647 994 ipsis
687 923 964 978 hominum
1018 923 1382 978 voluntatibus
1430 923 1728 977 inveniatur
1775 921 1993 992 aliquid,

425 1015 566 1082 quod
594 1022 646 1070 et
673 1023 945 1084 peccatum
971 1013 1043 1069 sit
1060 1023 1114 1070 et
1141 1028 1295 1083 poena
1326 1012 1566 1082 peccati?
1592 1012 1704 1068 Hoc
1727 1012 1868 1066 enim
1897 1011 1998 1067 nisi

414 1108 475 1160 in
499 1107 596 1160 ista
625 1116 708 1160 tua
737 1105 1001 1160 sententia
1026 1105 1316 1175 sapuisses,
1337 1105 1481 1158 nullo
1498 1102 1659 1158 modo
1681 1102 1875 1158 laetum
1905 1102 2000 1156 ho-

427 1197 625 1249 minum
651 1195 906 1248 ultionem
937 1195 1032 1249 Dei
1057 1209 1176 1248 esse
1206 1193 1454 1249 dixisses.
1487 1193 1594 1249 Sed
1625 1192 1836 1264 quando
1875 1202 1998 1247 ante

426 1301 594 1339 annos
625 1287 880 1355 plurimos
903 1285 1005 1342 tale
1034 1285 1106 1340 ibi
1135 1285 1384 1356 quiddam
1408 1285 1474 1340 de
1499 1285 1656 1340 beato
1680 1285 1906 1339 Damaso
1944 1294 1999 1340 et

357 1393 362 1398 '
425 1375 676 1431 Ursicino
715 1379 735 1408 ¹
769 1377 1014 1446 contigit,
1039 1376 1268 1431 nondum
1294 1375 1598 1445 Pelagianos
1633 1375 1868 1431 Ecclesia
1892 1374 2000 1430 Ro—
2024 1441 2050 1454 ﬁ

421 1483 578 1522 mana
609 1467 973 1522 damnaverat.

491 1557 576 1612 39.
637 1558 798 1622 Dicis,
850 1574 979 1613 «me
1019 1571 1230 1629 quoque
1274 1559 1447 1629 ipsum
1489 1559 1770 1613 innovasse
1804 1572 1993 1614 sensus

415 1664 582 1713 meos,
605 1659 660 1705 et
693 1651 843 1705 initio
872 1651 1237 1706 conversionis
1277 1667 1412 1706 mea:
1440 1651 1543 1708 hoc
1588 1653 1822 1706 sensisse
1850 1650 1993 1722 quod

415 1753 534 1797 tu.)
565 1740 672 1798 Sed
726 1743 882 1809 fallis,
913 1753 1005 1798 aut
1053 1741 1281 1810 falleris,
1325 1744 1440 1799 sive
1488 1742 1859 1800 calumniando
1911 1742 1993 1797 his

412 1849 532 1902 qua:
561 1849 699 1888 nunc
719 1833 859 1900 dico,
889 1835 1001 1888 sive
1029 1849 1134 1888 non
1163 1833 1528 1906 intelligendo,
1557 1834 1644 1890 vel
1673 1833 1849 1902 potius
1879 1847 1988 1888 non

414 1925 639 1996 legendo
665 1941 726 1980 ea
753 1941 872 1997 qna:
904 1935 1030 1983 tunc
1053 1926 1184 1982 dixi.
1212 1925 1342 1982 Nam
1365 1941 1469 1998 ego
1492 1941 1590 1997 per
1617 1941 1776 1982 unum
1818 1925 1991 1981 homi-

413 2031 536 2070 nem
565 2016 616 2070 in
645 2015 902 2070 mundum
931 2015 1157 2071 intrasse
1186 2027 1484 2086 peccatmn,
1515 2025 1569 2073 et
1589 2031 1684 2088 per
1711 2025 1987 2088 peccatum

410 2115 656 2172 mortem,
705 2115 756 2161 et
815 2107 884 2161 ita
912 2106 966 2161 in
1009 2121 1197 2162 omnes
1241 2107 1486 2164 homines
1530 2107 1902 2179 pertransisse,
1934 2107 1986 2162 in

410 2213 514 2267 quo
539 2208 893 2268 peccaverunt
914 2213 1102 2254 omnes
1123 2195 1303 2270 (liam.
1328 2214 1382 2267 v,
1406 2197 1516 2272 12);
1563 2198 1631 2254 ab
1662 2198 1815 2254 initio
1855 2212 1986 2253 con-

410 2289 671 2344 versionis
697 2304 830 2343 mete
853 2290 934 2344 sic
984 2290 1126 2344 tenui
1167 2304 1401 2360 semper,
1449 2298 1506 2346 ut
1539 2298 1712 2345 teneo.
1768 2286 1986 2344 Exstant

409 2377 528 2432 libri
559 2392 693 2450 quos
717 2377 892 2433 adhue
910 2379 1078 2435 laicus
1105 2379 1476 2434 recentissima
1499 2395 1618 2435 mea
1639 2379 1988 2436 conversione

407 2471 721 2542 conscripsi,
745 2471 846 2526 etsi
871 2470 1108 2526 nondum
1146 2471 1286 2527 sicut
1333 2480 1513 2542 postea
1562 2472 1730 2528 sacris
1772 2471 1987 2528 Litteris

411 2560 672 2627 eruditus,
705 2569 882 2617 tamen
915 2561 1046 2616 nihil
1075 2561 1142 2618 de
1167 2561 1264 2617 hac
1311 2578 1370 2618 re
1409 2562 1520 2634 jam
1551 2571 1678 2620 tunc
1724 2561 1982 2630 sentiens,

405 2661 458 2706 ct
485 2651 574 2706 ubi
601 2651 904 2722 disputandi
927 2652 1064 2708 ratio
1095 2662 1415 2724 poposcerat
1442 2651 1650 2719 dicens,
1694 2653 1796 2708 nisi
1843 2651 1986 2725 quod

347 2797 366 2810 ,
403 2741 695 2814 antiquitus
727 2741 906 2799 “discit
947 2741 968 2775 ³
992 2750 1048 2799 et
1091 2743 1252 2798 docet
1285 2744 1460 2799 omnis
1505 2743 1740 2800 Ecclesia
1765 2745 1852 2801 :in
1890 2745 1986 2802 has

403 2835 654 2891 videlicet
697 2848 918 2908 magnas
961 2835 1376 2908 manilestasque
1418 2834 1686 2903 miserias,
1714 2838 1766 2892 in
1797 2837 1987 2910 quibus

402 2927 565 2984 homo
610 2928 827 2984 vanitati
870 2929 1059 2984 similis
1095 2928 1263 2986 factus
1315 2937 1418 2996 est,
1453 2938 1513 2984 ut
1547 2928 1666 2984 dies
1703 2928 1820 3000 ejus
1849 2930 1986 2986 sicut

404 3021 589 3076 umbra
618 3029 940 3093 praetereant
967 3019 1139 3092 (Psat.
1169 3035 1350 3087 chnt,
1387 3019 1470 3092 4),
1519 3029 1575 3076 et
1625 3019 1694 3076 sit
1735 3019 1985 3077 universa

404 3113 610 3184 vanitas
653 3113 828 3168 omnis
853 3112 1015 3168 homo
1039 3113 1224 3168 vivens
1243 3111 1412 3183 (Psal.
1448 3127 1670 3180 xxxvtn,
1705 3111 1784 3184 6),
1824 3113 1988 3168 meri-

404 3212 461 3260 to
514 3203 715 3277 peccati
754 3204 1025 3275 originalis
1073 3217 1240 3274 genus
1277 3203 1564 3258 humanum
1616 3201 1778 3260 fuisse
1818 3203 1987 3260 colla-

403 3311 577 3368 psum;
593 3295 731 3352 unde
743 3309 848 3352 non
865 3295 1051 3352 liberat
1066 3295 1164 3351 nisi
1183 3295 1270 3366 qui
1287 3293 1436 3360 dixit,
1455 3293 1647 3350 Veritas
1661 3292 1888 3350 liberabit
1903 3311 1988 3354 vos

409 3385 586 3454 (Jaan.
617 3401 711 3442 τίη
731 3427 746 3451 ,
777 3385 893 3456 32);
920 3394 994 3453 et,
1024 3382 1137 3458 Ego
1161 3402 1272 3440 sum
1302 3385 1482 3438 veritas
1513 3382 1622 3456 (Id.
1644 3399 1753 3452 xtv,
1783 3383 1862 3458 6);
1908 3393 1983 3454 et,

404 3477 465 3534 Si
491 3493 575 3533 vos
613 3475 783 3532 Filius
829 3475 1132 3542 liberaverit,
1191 3485 1310 3530 tunc
1350 3489 1462 3530 vere
1503 3475 1648 3531 liberi
1692 3474 1826 3530 eritis
1873 3471 1982 3549 (ld.

403 3583 517 3636 vni,
535 3568 648 3637 '56).
670 3567 786 3623 Non
825 3567 966 3623 enim
996 3582 1027 3622 a
1048 3568 1280 3622 vanitate
1308 3566 1406 3622 nisi
1431 3565 1630 3626 veritas
1643 3563 1865 3633 liberat;
1891 3565 1986 3622 sed

403 3658 694 3716 Secundum
719 3659 970 3730 gratiam,
994 3669 1100 3714 non
1121 3659 1413 3714 secundum
1441 3655 1700 3723 debitam;
1745 3671 1839 3728 per
1883 3657 1987 3712 ml-

404 3748 768 3814 sericordiam,
826 3763 932 3804 non
973 3763 1068 3820 per
1116 3747 1386 3804 meritum.
1427 3745 1575 3803 Sicut
1617 3745 1760 3803 enim
1803 3745 1986 3818 judicii

405 3843 504 3896 fuit
529 3851 583 3896 ut
604 3839 820 3895 vanitati
850 3839 1266 3909 subjiceremur;
1297 3839 1368 3892 ita
1398 3835 1780 3892 misericordia:
1817 3847 1898 3892 est
1927 3847 1987 3893 ut

405 3933 628 3987 veritate
653 3931 964 3997 liberemur,
990 3937 1046 3984 et
1075 3929 1187 4000 ipsa
1210 3927 1349 3983 bona
1399 3927 1590 3983 merita
1621 3937 1802 3982 nostra
1844 3941 1984 3982 non-

407 4024 510 4080 nisi
541 4021 632 4078 Dei
653 4021 793 4077 dona
819 4035 940 4076 esse
973 4017 1254 4074 fateamur.

475 4110 701 4169 CAPUT
727 4107 840 4167 Xlll
873 4111 1044 4183 (a).-
1063 4109 1151 4166 40.
1174 4109 1288 4166 lam
1311 4124 1452 4166 nunc
1477 4109 1618 4164 illam
1650 4119 1790 4165 tuam
1811 4110 1986 4166 discu-

331 4273 337 4278 _
407 4207 600 4262 tiamus
616 4203 954 4272 calumniam,
981 4219 1084 4274 qua
1106 4215 1192 4260 me
1221 4203 1416 4259 dixisse
1431 4203 1748 4267 criminaris,
1773 4221 1792 4255 ι
1819 4203 1988 4274 bapti-

406 4307 555 4351 zatos
597 4307 666 4350 ex
691 4303 846 4366 parte
874 4293 1140 4350 mandari.
1176 4293 1328 4363 Quod
1363 4295 1550 4350 melius
1581 4313 1600 4348 ι
1629 4293 1764 4350 dicis
1798 4313 1816 4347 ι
1846 4295 1980 4350 meis

408 4380 744 4439 sermonibus
767 4397 1021 4454 apparere
1051 4399 1066 4440 :
1097 4403 1116 4438 ι
1143 4399 1343 4456 eosque
1364 4399 1638 4441 sermones
1671 4401 1842 4452 mem,
1865 4387 1982 4457 qui-

409 4475 510 4528 bus
541 4473 642 4527 hoc
669 4487 925 4542 apparere
955 4487 1112 4544 posse
1139 4488 1434 4540 asseveras,
1475 4475 1887 4532 considerandos
1930 4477 1985 4532 in

411 4573 498 4618 tua
521 4561 878 4632 disputatione
923 4563 1194 4632 proponis.
1229 4565 1342 4634 Ago
1387 4565 1609 4634 gratias,
1655 4581 1851 4638 nempe
1897 4567 1986 4624 isti

407 4666 533 4712 smn
563 4675 575 4711 :
612 4675 630 4708 ι
665 4653 874 4719 Carnis,
913 4673 931 4708 ι
963 4656 1199 4726 inquam,
1256 4673 1274 4707 ι
1304 4657 1732 4728 concupiscentia
1770 4675 1876 4714 non
1904 4669 1988 4716 est

412 4748 608 4820 nuptiis
639 4745 968 4820 imputanda,
1011 4746 1104 4802 sed
1136 4746 1429 4806 toleranda.
1455 4747 1570 4804 Non
1611 4750 1753 4806 enim
1797 4759 1878 4806 est
1915 4763 1984 4808 ex

412 4839 638 4897 naturali
663 4838 928 4896 connubio
950 4839 1166 4894 veniens
1185 4839 1398 4906 bonum,
1417 4839 1508 4896 sed
1531 4856 1595 4897 ex
1619 4842 1837 4914 antiquo
1857 4857 1986 4914 pec-

411 4941 532 4990 cato
549 4930 795 4989 accidens
821 4930 1034 4984 malum.
1065 4929 1292 5000 Propter
1317 4930 1453 4986 hanc
1479 4946 1608 5004 ergo
1637 4931 1713 5000 lit,
1741 4944 1800 4988 ut
1828 4935 1986 4990 etiam

412 5024 479 5077 de
501 5022 658 5093 justis
683 5029 738 5076 et
768 5019 1013 5090 legitimis
1062 5019 1264 5090 nuptiis
1307 5021 1534 5077 llliorum
1579 5023 1694 5090 Dei,
1735 5038 1841 5078 non
1892 5023 1986 5080 lilii

417 5113 530 5177 Dei,
557 5111 652 5168 sed
679 5110 769 5166 lilii
797 5111 975 5167 saeculi
1001 5120 1362 5182 generentur:
1405 5113 1526 5183 quia
1545 5121 1600 5168 et
1627 5113 1680 5168 hi
1713 5115 1802 5184 qni
1827 5129 1988 5186 gene-

415 5215 556 5272 rant,
600 5206 644 5259 si
687 5203 796 5276 jam
854 5203 1148 5274 regenerati
1191 5212 1332 5270 sunt,
1368 5219 1473 5258 non
1505 5220 1568 5260 ex
1598 5203 1702 5262 hoc
1729 5216 1991 5277 generant

487 5315 614 5378 t‘t-‘r.
653 5319 708 5363 et
742 5318 852 5362 nov.
894 5347 910 5373 ,
958 5308 1268 5378 vindictam.
1298 5320 1368 5378 ittt
1413 5321 1510 5378 Am.
1559 5322 1613 5366 et
1649 5328 1819 5366 omnes
1857 5323 1986 5378 uss...

417 5372 703 5440 vindicatus.
739 5435 752 5440 _
791 5372 922 5440 Hanc
974 5372 1236 5440 lectionem
1255 5436 1266 5440 _
1295 5377 1566 5440 improbant
1633 5372 1984 5440 tevanienses,

419 5447 517 5508 non
539 5435 604 5484 ob
625 5434 890 5508 aliud,__nisi
905 5434 1044 5506 .quod
1069 5435 1168 5484 illic
1187 5436 1268 5508 agi
1291 5443 1465 5508 putent
1493 5438 1839 5508 de_scl1_istmte
1861 5434 1990 5508 inter

419 5503 676 5544 Damasum
696 5503 749 5546 et
771 5495 1056 5557 ursicinum,
1087 5495 1427 5560 quod'adidit,
1452 5497 1692 5560 inquiunt,
1716 5506 1831 5550 ante
1851 5502 1989 5552 audi-

421 5566 524 5606 tum
545 5555 718 5606 Juliani
741 5569 941 5606 nomen.

421 5566 524 5608 tum
545 5562 718 5606 Juttani
741 5569 941 5606 nomen.

481 5619 503 5650 ι
525 5617 666 5686 ,Αρυα
689 5625 791 5664 Am.
809 5621 883 5664 Er.
911 5625 964 5668 et
982 5615 1246 5670 Gallicanos
1264 5625 1374 5670 uss.
1408 5632 1684 5686 omnesque
1723 5622 1987 5687 Vaticanos,

424 5687 714 5787 υΐξκυῖιῖηθε
737 5747 888 5797 prope
907 5741 1038 5793 ηεξ..
1059 5734 1198 5790 dicit.

480 5800 553 5862 (ο)
587 5798 715 5862 Apud
738 5807 837 5848 Am.
859 5805 910 5847 et
933 5804 1025 5860 υ..
1046 5799 1095 5848 5.

1241 335 1513 412 CONTRA
1550 353 1885 414 JULIANUM
1927 354 2384 429 PELAGIANUM,
2423 360 2484 418 s.
2523 343 2891 421 sucusrta‘t

3572 380 3683 438 8“

2107 483 2212 544 quo
2243 470 2335 526 lilii
2365 471 2460 529 Dei
2482 483 2624 542 sunt,
2657 476 2750 532 sed
2778 493 2842 534 ex
2868 486 2974 550 quo
2994 478 3166 537 adhuc
3201 481 3296 538 lilii
3337 486 3538 544 saaculi.
3570 489 3677 544 Do-

2109 560 2302 617 minica
2330 564 2522 634 quippe
2549 569 2810 624 sententia
2838 579 2924 625 est
2951 589 2967 627 :
2994 570 3120 627 Filii
3145 573 3299 646 hujus
3333 579 3502 632 sustuli
3525 595 3686 652 gene-

2107 661 2222 706 rant
2247 660 2293 706 et
2309 667 2606 723 generantur
2632 673 2652 710 ›
2675 657 2824 728 (Luc.
2848 675 2944 727 xx,
2967 661 3078 735 5i).
3116 664 3226 720 «Ex
3255 675 3360 736 quo
3385 668 3560 738 itaque
3582 685 3680 724 su-

2107 756 2226 798 mus
2246 743 2418 798 adhuc
2446 745 2539 800 lilii
2566 747 2718 818 hujus
2755 751 2958 818 saeculi,
3003 758 3246 811 exterior
3284 757 3448 813 homo
3489 769 3677 816 noster

2105 835 2482 904 corrumpitur,
2497 851 2560 891 ex
2582 837 2684 894 hoc
2703 847 2756 894 et
2776 839 2934 910 hujus
2958 847 3136 899 exeuli
3159 846 3248 900 lilii
3269 859 3592 918 generantur
3621 843 3645 883 “
3661 869 3682 906 τ

2107 937 2172 977 ex
2198 939 2303 994 quo
2329 939 2512 982 sumus
2537 927 2632 983 lilii
2659 929 2775 998 Dei,
2808 930 3031 989 interior
3055 943 3339 993 renovatur
3389 940 3460 996 de
3509 941 3598 996 die
3627 943 3681 998 in

2106 1013 2245 1104 diem
2275 1033 2294 1068 ›
2320 1015 2388 1086 (ll
2411 1016 2530 1072 Cor.
2552 1033 2622 1087 tv,
2652 1019 2762 1093 16).
2793 1038 2814 1076 ι
2845 1023 3096 1091 Quamvis
3112 1036 3166 1082 et
3189 1027 3304 1100 ipse
3327 1031 3560 1087 exterior
3584 1049 3680 1104 per

2105 1103 2374 1162 lavacrum
2389 1109 2748 1167 sanctificatus
2791 1114 2880 1181 sit,
2919 1124 2972 1169 et
3014 1131 3163 1186 spem
3210 1121 3397 1174 latura:
3434 1103 3681 1177 incorru-

2105 1193 2302 1263 ptionis
2328 1201 2611 1268 acceperit,
2641 1213 2856 1273 promer
2868 1205 3006 1274 quod
3023 1216 3076 1260 et
3093 1207 3344 1278 templum
3366 1211 3458 1266 Dei
3484 1214 3682 1268 merito

2105 1283 2297 1340 dicitur
2322 1304 2343 1338 ι
2369 1287 2414 1360 (l
2431 1287 2547 1344 Cor.
2578 1305 2658 1356 tu,
2683 1292 2768 1365 16)
2795 1311 2815 1348 ι
2851 1311 2865 1348 :
2889 1295 2980 1350 sed
3011 1297 3112 1352 hoc
3133 1309 3240 1353 non
3265 1300 3435 1356 solum
3459 1315 3680 1374 propter

2103 1387 2420 1444 praesentem
2437 1383 2929 1453 sanctiﬁcationem,
2956 1388 3050 1443 sed
3067 1399 3285 1460 propter
3311 1394 3333 1426 ³
3356 1392 3504 1448 illam
3524 1410 3680 1464 spem

2104 1466 2303 1522 dictum
2327 1480 2428 1537 est,
2455 1469 2522 1528 de
2568 1487 2671 1543 qua
2699 1474 2913 1543 dicitur,
2959 1477 3025 1533 Et
3053 1497 3146 1534 nos
3188 1483 3290 1552 ipsi
3312 1486 3560 1553 primitias
3585 1490 3680 1543 ha-

2103 1558 2268 1613 bentes
2304 1560 2508 1629 spiritus
2557 1563 2946 1636 ingemiscimus,
2999 1563 3322 1642 adeptionem
3343 1573 3682 1644 ’περιεωθε-

2101 1657 2183 1714 tes,
2215 1651 2610 1724 redemptionem
2622 1658 2846 1727 corporis
2870 1661 3030 1715 nostri
3055 1679 3076 1713 ›
3095 1663 3272 1732 (Rom.
3295 1679 3404 1732 vtn,
3433 1665 3588 1740 25).ι
3617 1669 3679 1726 Si

2099 1753 2226 1811 ergo
2252 1741 2551 1815 redemptio
2580 1749 2820 1817 corporis
2843 1751 3009 1806 nostri
3038 1754 3330 1810 secundum
3357 1758 3677 1827 Apostolum

2097 1839 2454 1902 exspectatur,
2481 1835 2720 1905 profecto
2746 1840 2898 1914 quod.
2910 1853 3252 1912 exspectatur
3275 1847 3453 1904 adhuc
3481 1863 3675 1919 spera-

2099 1929 2202 1988 tur,
2231 1923 2465 1980 nondum
2511 1934 2748 1984 tenetur)
2783 1927 2884 2002 (De
2912 1931 3121 2003 Nuptiis
3156 1943 3204 1990 et
3231 1933 3675 2008 Concupiscentia,

2097 2013 2183 2067 tib.
2209 2016 2260 2080 1,
2298 2033 2387 2070 nn.
2419 2019 2510 2085 19,
2545 2018 2662 2092 20).
2721 2021 2865 2078 Nihil
2909 2023 3110 2082 habent
3167 2028 3281 2083 haec
3322 2030 3484 2084 verba
3545 2047 3671 2088 mea

2095 2106 2236 2177 quod
2252 2122 2358 2163 non
2388 2110 2440 2164 in
2463 2123 2523 2166 se
2549 2111 2848 2183 baptizatus
2867 2125 3139 2186 agnoscat,
3158 2119 3246 2188 qui
3270 2133 3392 2174 cum
3411 2120 3674 2190 Apostolo

2093 2199 2224 2254 dicit
2251 2219 2264 2254 :
2295 2199 2365 2254 Et
2393 2203 2490 2271 ipsi
2527 2204 2579 2258 in
2605 2206 2972 2278 nobismetipsis
2996 2209 3388 2280 ingemiscimus.
3433 2209 3591 2268 Unde
3617 2223 3677 2270 et

2093 2291 2220 2346 alibi
2239 2293 2312 2348 ait
2345 2311 2360 2350 :
2390 2292 2594 2350 Etenim
2619 2297 2706 2366 qui
2724 2314 2896 2352 sumus
2934 2300 2986 2354 in
3013 2300 3108 2354 hac
3152 2300 3478 2369 habitatione,
3524 2303 3673 2377 inge-

2093 2382 2349 2439 miscimus
2376 2387 2572 2456 gravati
2592 2385 2659 2456 (ll
2679 2386 2796 2440 Cor.
2816 2403 2868 2454 v,
2891 2387 2968 2460 4).
2997 2387 3112 2456 Quo
3137 2390 3376 2461 pertinet
3394 2392 3555 2448 etiam
3597 2395 3668 2448 il-

2091 2471 2203 2539 lud,
2245 2473 2387 2543 quod
2415 2474 2466 2528 in
2498 2473 2634 2530 libro
2681 2474 2966 2547 Sapientia:
3008 2477 3234 2550 legimus
3261 2499 3274 2534 :
3298 2479 3494 2553 Carpus
3529 2483 3670 2537 enim

2091 2561 2416 2633 corruptibile
2434 2575 2676 2635 aggravat
2702 2567 2944 2634 animam,
2967 2576 3016 2620 et
3041 2567 3273 2638 deprimit
3296 2579 3492 2624 terrena
3517 2571 3672 2626 inlut-

2093 2651 2265 2706 bitatio
2289 2668 2491 2707 sensum
2512 2653 2672 2709 multa
2699 2657 2998 2726 cogitantem
3026 2657 3180 2729 (Sap.
3208 2673 3283 2724 ιι,
3318 2659 3430 2730 15).
3458 2659 3566 2716 Sed
3609 2668 3669 2716 tu

2092 2751 2340 2814 tanquam
2383 2745 2434 2800 in
2459 2745 2596 2800 coelo
2609 2745 2720 2816 jam
2757 2747 2892 2802 inter
2913 2747 3147 2818 Angelos
3174 2749 3549 2806 immortaliter
3568 2751 3673 2810 ha-

2092 2831 2286 2901 bitans,
2315 2833 2474 2891 vci‘ba
2503 2835 2820 2892 infirmitatis
2844 2845 2899 2893 et
2927 2839 3264 2894 mortalitatis
3283 2840 3500 2908 irrides;
3526 2853 3584 2897 et
3603 2857 3674 2900 ea

2091 2937 2364 2994 exponens
2387 2939 2490 2998 non
2533 2926 2826 2982 secundum
2863 2943 3040 2983 meum
3086 2944 3323 2999 sensum,
3351 2929 3443 2986 sed
3473 2947 3675 2989 secun-

2092 3012 2214 3068 dum
2237 3009 2418 3069 dolum
2444 3025 2608 3083 tuum,
2642 3015 2840 3072 dixisse
2868 3033 2954 3074 me
3001 3015 3255 3085 afﬁrmas,
3291 3038 3310 3072 ε
3334 3023 3472 3092 quod
3497 3021 3671 3094 gratia

2091 3117 2198 3157 non
2220 3101 2453 3174 perfecte
2479 3106 2746 3161 hominem
2765 3123 2958 3163 novum
2979 3106 3156 3163 faciat.
3186 3129 3206 3162 ι
3231 3109 3344 3165 Non
3375 3106 3478 3166 hoc
3495 3111 3622 3167 dico
3652 3129 3670 3168 :

2099 3194 2314 3250 attende
2331 3195 2474 3266 quod
2501 3197 2640 3252 dico.
2672 3197 2850 3254 Gratia
2890 3198 3126 3269 perfecte
3169 3199 3436 3258 hominem
3469 3216 3674 3260 novum

2090 3280 2236 3350 facit;
2284 3281 2710 3356 quandoquidem
2739 3297 2794 3344 et
2838 3288 2906 3344 ad
2953 3291 3190 3360 corporis
3217 3290 3674 3350 immortalitatem

2090 3373 2407 3446 plenamque
2432 3376 2732 3432 felicitatem
2759 3379 2870 3451 ipsa
2895 3372 3156 3451 perducit.
3175 3381 3326 3438 Nunc
3354 3383 3515 3438 etiam
3540 3399 3673 3455 per-

2091 3465 2232 3522 fecte
2257 3467 2474 3524 innovat
2503 3470 2794 3536 hominem,
2845 3482 3100 3544 quantum
3131 3475 3322 3530 attinet
3357 3474 3424 3530 ad
3466 3475 3676 3531 libera-

2093 3559 2293 3616 tinnem
2319 3561 2387 3616 ab
2413 3563 2662 3618 omnibus
2703 3565 2920 3620 omnino
2965 3567 3217 3636 peccatis,
3259 3582 3363 3622 non
3407 3576 3671 3637 quantum

2091 3651 2158 3705 ad
2181 3651 2546 3708 liberationem
2577 3655 2764 3710 attinet
2787 3656 2854 3710 ab
2871 3655 3116 3711 omnibus
3148 3657 3323 3725 malis,
3347 3667 3402 3713 et
3421 3657 3490 3714 ab
3517 3659 3674 3714 omni

2093 3743 2435 3812 corruptione
2477 3745 2836 3812 mortalitatis,
2865 3761 2966 3817 qua
3015 3761 3155 3802 nunc
3188 3762 3384 3818 corpus
3411 3759 3664 3820 aggravet

2092 3833 2342 3887 animam.
2371 3833 2523 3890 Unde
2541 3843 2625 3890 est
2641 3837 2891 3906 gemitus,
2919 3853 3076 3907 quem
3118 3853 3275 3892 suum
3306 3853 3514 3909 quoque
3537 3853 3676 3894 con-

2095 3921 2272 3977 litetur
2300 3923 2583 3993 Apostolus
2603 3924 2806 3992 dicens,
2835 3923 2902 3980 Et
2921 3926 3021 3998 ipsi
3044 3928 3095 3982 in
3121 3927 3489 3998 nobismetipsis
3519 3929 3674 4002 inge-

2093 4014 2368 4068 miscinms.
2405 4015 2512 4070 Sed
2549 4016 2613 4070 ad
2663 4017 2804 4071 illam
2868 4033 3079 4089 quoque
3127 4010 3504 4088 perfectionem
3549 4037 3674 4092 qua:

2093 4099 2354 4174 Sperzﬂir,
2378 4106 2568 4162 eodem
2598 4107 2942 4178 Daptismate,
2973 4109 3114 4180 quod
3137 4109 3222 4165 hic
3242 4111 3518 4180 accipitur,
3543 4126 3674 4181 pere

2093 4195 2324 4250 venitur.
2351 4193 2466 4250 Non
2492 4207 2674 4253 autem
2703 4211 2890 4254 omnes
2911 4197 3001 4252 lilii
3031 4199 3212 4256 saeculi
3258 4201 3353 4254 lilii
3381 4210 3507 4255 sunt
3549 4201 3674 4256 dia-

2094 4285 2224 4354 holi,
2249 4289 2491 4358 quamvis
2514 4304 2701 4344 omnes
2723 4290 2814 4344 lilii
2837 4286 3034 4346 diaboli
3065 4291 3154 4346 lilii
3173 4293 3282 4346 sint
3305 4293 3508 4348 seculi.
3532 4293 3676 4351 Sunt

2093 4379 2234 4432 enim
2256 4378 2414 4432 etiam
2444 4378 2536 4434 lilii
2567 4379 2685 4447 Dei,
2735 4381 2822 4452 qui
2867 4391 3041 4438 tamen
3083 4381 3255 4437 adhuc
3283 4383 3374 4439 lilii
3397 4393 3521 4440 sunt
3561 4401 3677 4442 ate-

2095 4469 2234 4532 culi;
2274 4481 2490 4539 propter
2513 4469 2655 4542 quod
2679 4482 2734 4527 et
2757 4473 3002 4544 conjugio
3024 4474 3338 4543 copulantur
3363 4493 3376 4529 :
3399 4475 3494 4531 sed
3529 4475 3676 4532 ﬁlios

2095 4560 2186 4614 Dei
2218 4576 2377 4616 carne
2403 4579 2507 4617 non
2532 4564 2774 4634 gignunt,
2820 4566 2942 4636 quia
2983 4573 3039 4621 et
3087 4566 3186 4636 ipsi
3237 4578 3295 4622 ut
3342 4576 3532 4624 essent
3565 4568 3664 4626 lilii

2097 4649 2210 4714 Dei,
2238 4667 2341 4706 non
2371 4667 2436 4706 ex
2458 4668 2641 4720 carne,
2666 4670 2772 4710 non
2797 4671 2862 4711 ex
2891 4657 3168 4726 Sanguine,
3199 4674 3305 4712 non
3357 4674 3423 4712 ex
3475 4659 3670 4714 volun-

2097 4750 2202 4798 tate
2231 4743 2348 4808 viri,
2379 4758 2550 4814 neque
2575 4760 2642 4798 ex
2672 4746 2944 4800 voluntate
2968 4747 3165 4815 carnis,
3216 4749 3309 4803 sed
3336 4764 3401 4803 ex
3429 4749 3540 4804 Deo
3561 4751 3677 4804 nati

2094 4843 2216 4887 sunt
2245 4833 2420 4905 (Joan.
2447 4850 2484 4902 ι,
2514 4829 2625 4907 l3).
2653 4835 3014 4892 Sanctificatio
3045 4853 3172 4909 ergo
3215 4854 3312 4909 per
3339 4839 3676 4910 Baptismum

2094 4924 2252 4977 etiam
2299 4939 2440 4978 nunc
2467 4924 2742 4980 confertur
2765 4935 2821 4982 et
2865 4927 3099 4997 corpori,
3149 4943 3257 4984 non
3306 4937 3486 4986 tamen
3531 4947 3680 4986 nunc

2095 5018 2370 5086 corruptio
2396 5017 2510 5087 ejus
2529 5017 2788 5086 aufertur,
2815 5036 2932 5089 quae
2969 5019 3136 5090 ipsam
3177 5037 3388 5092 quoque
3421 5034 3680 5093 aggravat

2094 5111 2346 5162 animam.
2372 5108 2440 5163 Et
2469 5109 2590 5164 ideo
2636 5111 2877 5180 quamvis
2916 5121 3062 5166 casta
3111 5113 3218 5166 sint
3239 5127 3503 5182 ,ωψσε-τι)
3550 5129 3676 5169 cum

2095 5199 2372 5256 desideriis
2401 5201 2600 5272 peccati
2629 5203 2866 5258 membra
2890 5218 2993 5256 non
3010 5203 3269 5272 serviunt,
3291 5215 3514 5274 propter
3535 5205 3676 5275 quod

2095 5289 2160 5345 ad
2190 5293 2442 5362 templum
2467 5291 2558 5347 Dei
2586 5291 2852 5362 pertinere
2879 5301 3157 5363 coeperunt
3186 5312 3199 5349 :
3229 5301 3310 5350 est
3335 5303 3512 5349 tamen
3533 5294 3680 5364 quod

2161 5500 2178 5532 ³
2214 5501 2344 5564 ttic‘a
2365 5497 2552 5564 .ndieno
2575 5499 2950 5564 prieterntiwum
2965 5533 2986 5564 ,
3025 5512 3113 5550 nec
3131 5495 3228 5564 ﬁlii
3251 5497 3458 5564 Dei
3486 5511 3684 5564 regens-

2096 5559 2400 5634 rentnrﬁimt
2426 5559 2712 5634 :As‘ed.’vide
2729 5561 2902 5610 librum
2919 5559 3211 5622 primum'de
3228 5569 3313 5624 tm;
3330 5563 3416 5612 tiis
3433 5559 3685 5614 et

2098 5630 2422 5733 ιῶξίιὲιῗῖἷιιῖἶ
2437 5621 2590 5745 ιῖοὶὶηο
2611 5681 2677 5732 de
2698 5683 2880 5744 auritus
2901 5689 2950 5733 et
2973 5681 3386 5746 Concupiscentia,
3411 5683 3499 5734 sed
3522 5679 3685 5734 mnsi-

2098 5757 2174 5794 me
2207 5755 2416 5804 propter.

2167 5807 2187 5839 ³
2219 5813 2320 5854 Am.
2368 5812 2440 5855 Er.
2483 5811 2535 5856 et
2579 5811 2682 5856 atas.
2725 5805 2982 5869 omittunt,
3030 5804 3343 5871 adoptionem.

3686 5904 3716 5925 δ
