3972 6178
274 435 374 503 ea;

272 557 434 630 gratia
465 552 518 609 in
547 554 654 609 tota
680 551 780 607 ista
802 538 1154 605 mdiﬁcadonc
1178 538 1440 616 perﬁciat,
1461 540 1712 614 quamdiu
1734 555 1860 630 caro

271 628 608 714 concupiscit
654 640 914 696 adversus
958 636 1207 707 spiritum
1258 643 1315 689 ut
1353 639 1530 688 motus
1574 630 1745 684 malos
1771 628 1864 699 qui

272 735 576 795 refrenandi
603 742 729 790 sunt
762 731 975 798 incitet,
1004 738 1059 785 et
1104 728 1325 800 spiritus
1350 725 1609 781 adversus
1648 738 1863 778 carnem

273 827 471 901 (Gatat.
497 842 552 890 v,
583 826 675 894 i7)
698 832 756 878 ιιι
777 821 1037 877 sanctitas
1068 827 1394 889 perseveret.

290 946 311 957 —
340 917 569 976 CAPUT
589 914 727 972 XIV.
749 943 823 955 -—
842 913 930 969 ιι.
956 911 1085 980 Quis
1109 919 1287 964 autem
1318 907 1487 963 nescit
1514 906 1529 939 ¹
1553 903 1695 977 quod
1715 903 1868 959 nobis

274 1009 518 1082 egregius
542 1008 727 1063 doctor
745 1004 1004 1069 inculcas,
1042 1021 1062 1056 ι
1097 1001 1218 1056 ideo
1239 1000 1341 1056 dici
1373 1014 1588 1056 carnem
1618 996 1872 1066 concupi-

278 1116 444 1165 scere,
470 1100 589 1171 quia
611 1097 899 1154 carnaliter
922 1095 1096 1150 anima
1119 1092 1445 1163 concupiscit
1470 1090 1495 1145 ’ἐ
1534 1110 1553 1144 ι
1578 1088 1692 1145 Non
1722 1087 1867 1147 enim

277 1193 391 1249 sine
406 1194 583 1246 anima
602 1191 708 1245 ulla
732 1199 910 1261 potest
930 1202 1049 1243 esse
1065 1184 1241 1241 carnis
1256 1180 1709 1253 concupiscentia.
1733 1179 1865 1235 Nam

280 1283 460 1353 utique
478 1282 859 1352 concupiscere
879 1277 1105 1333 viventis
1125 1275 1509 1344 sentientisque
1529 1282 1730 1327 naturae
1749 1280 1830 1327 est
1853 1288 1866 1323 :

280 1370 347 1423 ita
376 1376 435 1423 ut
460 1381 565 1422 non
590 1365 728 1421 desit
750 1361 1205 1432 concupiscentia,
1235 1375 1394 1431 quam
1418 1358 1712 1427 spadonum
1739 1368 1869 1427 quo-

280 1476 382 1531 que
418 1460 636 1514 castitas
675 1456 889 1521 frenet;
930 1453 1107 1508 minus
1141 1446 1358 1523 quidem
1404 1449 1667 1533 laboriosa
1692 1491 1705 1514 ,
1749 1448 1872 1518 quia

284 1549 369 1603 ubi
413 1548 687 1603 materiam
739 1545 809 1602 de
849 1559 953 1616 qua
986 1551 1237 1614 operetur
1275 1557 1380 1595 non
1420 1540 1655 1604 invenit,
1698 1540 1873 1594 minus

281 1640 532 1695 adversus
574 1654 691 1694 eam
728 1637 893 1692 libido
917 1636 1199 1705 consurgit
1232 1652 1245 1687 ε
1289 1642 1372 1689 est
1402 1642 1578 1689 tamen
1602 1674 1616 1700 ,
1651 1632 1871 1703 pudice-

281 1747 384 1801 que
430 1728 830 1800 εοιιιρι·ἰιιιίιιιι⁴,
874 1738 941 1781 ne
979 1724 1367 1781 concumbendi
1412 1725 1657 1795 quamvis
1694 1724 1873 1779 irritus

283 1824 396 1895 ipse
424 1831 645 1877 conatus
674 1862 689 1886 ,
735 1820 788 1873 in
819 1832 937 1874 eam
981 1816 1366 1887 turpitudinem
1410 1815 1585 1870 veniat
1608 1855 1624 1881 ,
1658 1824 1875 1883 propter

281 1929 439 1984 quam
488 1913 821 1983 Calligonum
881 1909 1238 1965 Valentiniani
1282 1908 1513 1979 jnnioris
1570 1906 1872 1962 eunuchum

282 2004 456 2076 gladio
503 2006 748 2060 novimus
783 2004 959 2059 ultore
989 2002 1264 2072 punitum,
1310 2000 1608 2056 meretricis
1650 1999 1874 2055 confes-

283 2098 431 2154 sione
459 2096 785 2153 convictum.
817 2096 1003 2166 Neque
1034 2094 1175 2150 enim
1205 2102 1259 2150 ct
1284 2093 1337 2150 in
1368 2091 1506 2149 libro
1533 2092 1871 2149 Ecclesiasti-

284 2204 348 2244 co
373 2188 715 2244 adhiberetur
741 2186 864 2241 inde
888 2184 1184 2241 similitudo
1202 2225 1216 2250 ,
1244 2192 1404 2255 atque
1429 2183 1701 2238 diceretur
1720 2223 1735 2249 ,
1780 2180 1873 2236 Vi-

285 2279 407 2334 dens
428 2280 585 2334 oculis
606 2288 653 2333 et
672 2278 1021 2350 ingemiscens,
1053 2276 1201 2346 quasi
1225 2275 1388 2347 spado
1409 2274 1743 2345 complectens
1769 2273 1872 2327 vir-

285 2374 452 2442 ginem
471 2380 517 2426 et
541 2372 802 2441 suspirans
831 2370 848 2442 (
872 2367 1035 2423 Eccli.
1064 2380 1200 2435 xxx,
1230 2366 1293 2422 2|
1319 2366 1338 2438 )
1371 2385 1384 2433 ;
1420 2367 1519 2422 nisi
1547 2377 1601 2422 et
1629 2365 1728 2436 ipsi
1758 2380 1874 2421 mo-

284 2471 541 2517 verentur
563 2460 1012 2532 eoncupiscentite
1040 2458 1269 2513 carnalis
1296 2457 1595 2523 affectibus,
1630 2457 1752 2513 licet
1782 2457 1875 2512 de.

285 2552 456 2605 stituti
505 2551 683 2606 carnis
726 2550 1024 2606 ell'cetibus.
1068 2547 1296 2602 Motibus
1339 2546 1498 2617 igitur
1544 2546 1654 2603 suis
1700 2547 1875 2601 anima

287 2655 420 2710 quos
450 2639 613 2696 habet
639 2640 933 2696 secundum
955 2638 1198 2711 Spiritum
1222 2678 1238 2704 ,
1271 2636 1591 2692 adversatur
1615 2636 1733 2693 aliis
1761 2651 1878 2693 mo-

290 2731 431 2785 tibus
470 2732 583 2785 suis
616 2744 753 2802 quos
781 2730 940 2785 habet
979 2728 1270 2785 secundum
1300 2743 1554 2794 carnem;
1588 2735 1642 2782 et
1670 2742 1873 2796 rursus,

289 2822 528 2877 motibus
552 2824 663 2875 suis
691 2834 826 2891 quos
852 2820 1009 2875 habet
1044 2819 1336 2875 secundum
1358 2833 1597 2884 carnem,
1622 2817 1875 2875 adversa-

286 2918 376 2966 tur
396 2912 515 2966 aliis
540 2912 771 2967 motibus
793 2911 903 2966 suis
932 2926 1063 2982 quos
1084 2910 1243 2966 habet
1265 2909 1555 2966 secundum
1584 2908 1828 2981 Spiritum
1858 2928 1874 2965 :

285 3016 340 3062 et
367 3006 488 3061 ideo
514 3004 707 3061 dicitur
724 3047 739 3069 ,
770 3014 895 3060 caro
921 3005 1301 3075 concupiscere
1325 3001 1580 3057 adversus
1603 3002 1874 3073 Spiritum,

286 3109 341 3154 et
373 3099 587 3168 spiritus
611 3098 869 3153 adversus
911 3112 1149 3151 carnem.
1196 3094 1301 3152 Sed
1339 3103 1557 3165 propter
1595 3096 1697 3150 hoc
1725 3102 1779 3150 et
1810 3095 1879 3151 de

286 3189 399 3260 ipsa
419 3189 593 3243 anima
619 3188 817 3243 dictum
833 3195 935 3252 est,
959 3185 1249 3241 Renovatur
1269 3186 1331 3241 de
1350 3185 1432 3240 die
1450 3184 1501 3239 in
1524 3185 1656 3239 diem
1674 3184 1739 3255 (ll
1755 3183 1874 3240 Cor.

288 3295 368 3348 ιγ,
396 3280 520 3352 16).
552 3279 732 3351 Neque
761 3278 901 3334 enim
933 3278 1045 3352 ipsa
1076 3279 1128 3333 in
1167 3278 1448 3334 sanctitate
1493 3292 1597 3333 non
1636 3276 1876 3347 proﬁcit,

287 3387 410 3428 cum
430 3369 599 3442 magis
628 3372 899 3442 magisque
928 3370 1116 3425 minuit
1139 3384 1230 3425 eas
1253 3409 1268 3436 ,
1298 3369 1489 3441 quibus
1516 3384 1622 3424 non
1650 3382 1881 3425 consen—

292 3463 359 3522 tit.
378 3502 393 3527 .
418 3462 662 3518 carnales
693 3461 1028 3531 cupiditates.
1062 3459 1181 3517 1am
1216 3458 1493 3529 baptizatis
1518 3459 1714 3530 quippe
1739 3458 1882 3515 dice-

289 3552 383 3607 bat
421 3552 746 3621 Apostolus,
792 3547 1098 3620 Mortiﬁcate
1148 3547 1370 3604 membra
1412 3558 1576 3603 uestra
1611 3564 1723 3618 qua
1767 3556 1884 3603 sunt

290 3658 444 3711 super
467 3651 672 3696 terram.
706 3640 780 3695 lbi
807 3648 862 3696 et
891 3640 1170 3695 fornicatio
1190 3681 1203 3705 ,
1243 3651 1297 3694 et
1324 3639 1462 3694 mala
1498 3638 1884 3708 concupiscen-

293 3734 364 3788 tia
386 3775 400 3799 ,
426 3744 479 3789 et
500 3732 718 3788 avaritia
766 3733 1070 3786 nominatur
1102 3728 1344 3800 (Coloss.
1374 3746 1461 3797 ιιι,
1488 3727 1577 3802 5).
1606 3728 1886 3796 Quomodo

290 3837 423 3893 ergo
451 3823 737 3877 nmrtiﬁcat
774 3822 884 3892 jam
918 3822 1211 3892 baptizatus
1247 3819 1682 3889 fornicationem,
1725 3836 1885 3891 quam

292 3926 403 3968 non
437 3912 548 3982 jam
581 3920 881 3982 perpetrat,
915 3921 971 3966 et
1002 3911 1293 3967 secundum
1324 3920 1376 3966 te
1411 3927 1431 3962 ι
1473 3926 1575 3965 nec
1604 3909 1765 3966 habet
1788 3910 1885 3967 ali-

291 4002 421 4073 quid
467 4001 606 4073 quod
635 4001 970 4057 mortiﬁcct?
1006 4020 1027 4054 ι
1061 3999 1359 4068 Quomodo,
1393 4000 1606 4071 inquam
1632 4042 1646 4066 ,
1678 4001 1888 4057 obtem-

293 4100 450 4163 perat
477 4092 732 4160 Apostolo
757 4090 979 4156 dicenti,
1011 4087 1315 4159 Mortiﬁcate
1333 4087 1717 4161 fornicationem
1743 4104 1763 4154 ;
1786 4089 1886 4144 nisi

292 4198 419 4239 cum
460 4181 725 4239 desideria
768 4183 885 4252 ejus
911 4181 1101 4253 quibus
1146 4192 1251 4235 non
1291 4180 1559 4236 consentit
1583 4178 1844 4250 exptignat
1869 4214 1886 4249 -,

293 4291 417 4346 quae
463 4277 515 4330 in
564 4276 701 4331 bene
731 4272 1129 4345 proﬁcientibus
1156 4275 1176 4305 ¹
1199 4314 1215 4340 ,
1261 4281 1316 4328 et
1344 4272 1561 4327 omnino
1592 4289 1696 4327 non
1727 4273 1890 4327 forni~

293 4364 572 4429 cantibus,
621 4379 718 4418 nec
751 4364 1135 4427 consensione,
1175 4374 1275 4418 nec
1302 4377 1498 4430 opere,
1532 4363 1632 4416 etsi
1663 4376 1767 4417 non
1797 4361 1892 4417 dea

295 4464 444 4517 sunt,
490 4464 666 4509 tamen
692 4453 928 4523 quotidie
954 4453 1264 4508 minuuntur
1290 4451 1316 4505 ?
1339 4451 1452 4507 Hoc
1475 4451 1647 4523 agitur
1666 4452 1890 4508 in-tem-

298 4546 392 4617 ‘plo
430 4545 524 4601 Dei
550 4589 565 4611 ,
609 4544 820 4615 quando
846 4545 1134 4616 adjuvante
1160 4547 1268 4601 Deo
1296 4545 1471 4617 agitur
1496 4545 1639 4617 quod
1692 4561 1889 4617 praece-

298 4638 379 4708 pit
423 4637 583 4692 Deus.
638 4634 808 4707 Opera
860 4637 1080 4706 Spiritus
1137 4637 1449 4707 eriguntur,
1504 4650 1665 4705 Opera
1714 4637 1890 4691 carnis

294 4726 705 4783 mortiﬁcamur.
741 4726 802 4781 Si
838 4727 968 4781 enim
993 4726 1266 4781 secundum
1290 4742 1493 4780 carnem
1520 4726 1740 4781 riterith
1764 4768 1778 4788 .
1811 4727 1893 4780 in-

296 4819 417 4889 quit
437 4858 454 4884 ,
482 4817 761 4871 moriemini
785 4830 803 4870 :
831 4817 873 4870 si
901 4826 1065 4870 autem
1100 4818 1281 4885 spiritu
1319 4818 1454 4888 facta
1485 4820 1653 4873 carnis
1681 4819 1893 4888 mortiﬁ-

296 4909 532 4963 caveritis
555 4948 569 4973 ,
608 4908 797 4961 vinctis.
829 4907 893 4961 Et
930 4916 989 4961 ut
1012 4908 1212 4961 scirent
1237 4921 1295 4961 se
1332 4908 1431 4961 hoc
1458 4924 1560 4962 non
1590 4905 1763 4963 facere
1791 4907 1891 4963 nisi

296 5000 473 5071 gratia
507 4999 600 5054 Dei
627 5042 640 5063 ,
669 5001 921 5053 continuo
952 4999 1186 5052 subdidit
1215 5016 1228 5051 :
1262 4998 1516 5069 Quotquot
1553 5000 1684 5054 enim
1711 5000 1892 5069 spiritu

301 5091 403 5144 Dei
424 5100 644 5161 aguntur
667 5131 683 5154 ,
714 5091 766 5142 1ιὶ
794 5089 889 5157 lilii
909 5098 1023 5143 sunt
1048 5087 1184 5162 Dei(
1212 5088 1362 5143 Rom.
1389 5104 1498 5153 vnt,
1535 5090 1622 5153 15,
1656 5092 1722 5145 Η
1742 5090 1783 5164 ).
1816 5094 1893 5146 Ac

301 5201 401 5255 per
432 5183 535 5238 hoc
578 5182 896 5254 quicumque
938 5191 1167 5252 aguntur
1208 5181 1301 5236 Dei
1347 5182 1571 5251 Spiritu,
1620 5183 1716 5252 ipsi
1756 5182 1892 5238 facta

368 5318 385 5352 ι
428 5323 565 5379 Ante,
596 5315 701 5379 quis
723 5320 880 5365 mrtem
904 5314 1053 5379 nescit
1067 5315 1267 5379 .Ahaacin
1292 5316 1452 5379 editis
1468 5322 1568 5379 itm.
1598 5320 1672 5364 Er.
1708 5323 1762 5367 et
1781 5324 1891 5368 Inv.

298 5381 458 5429 verba
481 5374 695 5440 delenda
729 5384 873 5440 sunt;
903 5377 1015 5431 Ideo
1033 5376 1181 5440 diris,
1206 5375 1452 5440 (vel,_dici
1467 5374 1485 5440 )
1507 5389 1702 5440 cantem
1724 5391 1896 5440 concu-

295 5440 510 5509 piscere,
537 5437 652 5502 quia
674 5437 936 5509 canwtiter
959 5438 1123 5489 animo
1146 5435 1478 5509 σρηειιρὶδεαιζ
1502 5435 1552 5487 si
1573 5436 1766 5509 qvidem
1791 5438 1895 5491 sine

295 5502 468 5569 animo
493 5512 610 5551 caro
630 5511 717 5569 nec
739 5502 925 5551 sentiat.
973 5502 1320 5569 concupiscere
1364 5508 1525 5569 autat}
1564 5502 1896 5569 timuissen-

294 5562 556 5626 tientisque
578 5565 766 5626 natura:
803 5569 872 5612 est
894 5598 908 5622 ,
950 5560 1166 5626 sinequo
1195 5574 1336 5613 sensu
1366 5561 1582 5626 membra
1604 5560 1779 5614 moveri
1800 5575 1895 5613 non

297 5621 533 5690 τιοξειιηὶ,
572 5621 626 5674 id
663 5629 733 5673 est
750 5660 763 5683 ,
790 5621 1151 5690 perqsentetip'm
1189 5623 1525 5690 (commiscere
1548 5632 1787 5690 nequem
1819 5631 1896 5673 ‘et

298 5683 313 5690 '
336 5687 411 5737 uis
434 5683 601 5736 sensus
624 5696 773 5734 concu
792 5683 917 5736 iisti!
941 5683 1085 5734 etiam
1115 5698 1215 5735 nne
1238 5683 1494 5738 membris.
1518 5694 1569 5734 ut
1592 5683 1640 5734 iit
1664 5686 1894 5747 εῃαιιοηι-
1923 5685 1930 5693 ’

295 5701 409 5797 ἵεις.
447 5754 509 5795 Ea
531 5747 714 5797 unione
736 5698 912 5795 absunt
944 5760 970 5795 a
993 5746 1277 5795 ineliori‘nus
1294 5747 1628 5797 utanttscrintis
1648 5746 1896 5797 Gallicanis

335 5762 409 5799 us.
447 5754 509 5795 Ea
531 5747 714 5810 quippe
736 5746 912 5795 absunt
944 5760 970 5795 a
993 5746 1277 5795 laetioribus
1294 5747 1628 5809 mazatscriptis
1648 5746 1896 5798 Gallicanis

301 5820 354 5860 et
373 5810 627 5859 \‘aticauis.

367 5874 387 5903 ¹
422 5874 495 5921 sic
510 5876 617 5919 Mss.
643 5876 695 5919 At
716 5869 847 5921 editi.
874 5867 922 5919 in
949 5870 1059 5918 liene
1084 5870 1378 5919 funalibus.

1645 419 1844 482 LIBER
1885 423 2172 481 SEXTUS.

3457 402 3561 477 sui

1980 537 2154 592 carnis
2184 534 2497 589 mortilieant
2522 536 2726 606 spiritu.

1998 674 2003 679 .
2043 626 2134 680 4‘2.
2169 626 2395 683 [labcnt-
2428 644 2556 699 ergo
2594 627 2703 699 jam
2745 626 2990 695 baptizati
3037 628 3162 698 quid
3194 636 3349 697 agant
3395 628 3451 683 In
3502 642 3564 683 so

1973 719 2131 789 ipsis,
2180 719 2280 775 hoc
2309 730 2422 788 est,
2470 722 2521 775 in
2560 721 2650 776 Dei
2690 721 2916 790 templo,
2944 708 3085 790 quod
3124 720 3419 774 aaliﬁcatur
3455 718 3560 775 hoc

1975 821 2214 879 tempore
2237 853 2251 878 ,
2275 821 2332 865 ut
2351 811 2626 866 dedicetur
2656 810 2707 864 in
2742 810 2867 865 ﬁne.
2897 809 3216 867 Aidiﬁcatur
3239 820 3418 865 autem
3447 825 3566 880 poet

1972 899 2385 968 captivitatem‘,
2409 900 2543 955 sicut
2564 900 2721 970 hujus
2746 900 2823 957 rei
2852 909 2933 954 cst
2960 899 3114 954 index
3145 900 3324 954 titulus
3354 900 3565 969 psalmi,

1973 992 2144 1062 ejecto
2173 992 2373 1047 scilicet
2418 992 2558 1048 foras
2583 994 2672 1065 qui
2716 994 3075 1063 captivaverat
3112 993 3347 1048 inimico.
3387 993 3442 1048 In
3476 1009 3568 1048 or-

1974 1083 2099 1155 dine
2128 1084 2324 1155 quippc
2350 1084 2680 1140 Psahnorum
2707 1127 2722 1152 ,
2756 1085 2895 1155 quod
2924 1085 3116 1140 mirum
3153 1085 3320 1140 videri
3349 1094 3520 1156 potest
3547 1127 3564 1149 ,

1978 1174 2122 1244 prior
2171 1182 2255 1229 est
2301 1172 2539 1242 psalmus
2576 1174 2923 1231 dedicationis
2964 1174 3155 1231 domus
3178 1218 3193 1244 ,
3223 1185 3279 1231 et
3309 1177 3571 1247 posterior

1976 1266 2359 1321 aediﬁcationis.
2393 1266 2497 1321 Sed
2528 1266 2878 1323 dedicationis
2908 1268 3027 1323 ideo
3051 1269 3197 1338 prior
3219 1279 3319 1334 est,
3345 1271 3467 1340 quia
3497 1270 3565 1325 il.

1976 1358 2078 1411 lam
2106 1357 2320 1411 don'mm
2348 1366 2557 1424 cantat,
2589 1357 2657 1413 de
2682 1374 2782 1429 qua
2815 1357 2929 1428 ejus
2959 1358 3277 1414 architectus
3304 1359 3411 1426 ait,
3443 1359 3569 1415 801·-

1977 1449 2072 1501 vite
2107 1449 2344 1520 templum
2386 1449 2479 1502 hoc
2500 1489 2514 1512 ,
2547 1458 2593 1503 et
2630 1449 2681 1502 in
2711 1449 2867 1502 tribus
2895 1450 3067 1503 diebus
3106 1450 3415 1505 exsuscitabo
3441 1450 3571 1504 illud

1977 1536 1996 1607 (
2017 1535 2170 1592 Joan.
2198 1555 2265 1606 ιι,
2297 1538 2420 1610 19).
2453 1539 2555 1596 [Ste
2582 1549 2755 1594 autem
2802 1541 3068 1609 posterior
3096 1583 3112 1605 ,
3140 1540 3352 1612 quando
3378 1541 3571 1597 domus

1979 1628 2338 1685 aediﬁcabatur
2366 1638 2486 1701 post
2516 1631 2872 1701 captivitatem
2898 1672 2913 1696 ,
2948 1632 3236 1688 Ecclesium
3279 1632 3571 1704 propheta-

1978 1721 2070 1775 vit.
2100 1722 2335 1793 Denique
2362 1733 2413 1776 et
2453 1724 2528 1776 sic
2564 1722 2747 1792 incipit
2776 1744 2789 1776 :
2819 1722 3030 1780 Cantate
3062 1724 3280 1779 Domino
3318 1726 3571 1780 canticum

1978 1828 2161 1866 novum
2186 1830 2205 1879 ;
2235 1823 2435 1867 cantate
2455 1806 2693 1882 Domino,
2716 1816 2879 1871 omnis
2900 1826 3029 1871 terra
3053 1816 3224 1887 (Psal.
3254 1833 3376 1885 xcv,
3409 1819 3458 1883 1,
3486 1816 3568 1889 2).

1977 1903 2148 1960 Nemo
2194 1904 2352 1976 igitur
2379 1906 2446 1959 ita
2483 1904 2742 1976 desipiat,
2776 1896 2831 1961 ut
2862 1924 3291 1981 unumquemque
3332 1910 3570 1979 baptiza-

1979 2008 2091 2053 tum
2121 1997 2240 2054 ideo
2271 1998 2538 2055 existimet
2563 2000 2672 2070 jam
2703 2015 2823 2056 esse
2850 2000 3146 2072 perfectum
3165 2044 3178 2063 ,
3208 2002 3329 2072 quia
3366 2002 3569 2057 dictum

1978 2098 2056 2143 est
2081 2132 2096 2157 ,
2124 2088 2388 2161 Templum
2417 2089 2514 2146 Dei
2551 2101 2781 2146 sanctum
2818 2102 2891 2147 est
2909 2133 2925 2161 ,
2955 2093 3090 2163 quod
3115 2093 3235 2147 estis
3258 2109 3341 2147 vos
3366 2089 3419 2163 (ι
3445 2093 3565 2148 Cor.

1976 2193 2055 2247 ιιι,
2080 2180 2185 2249 17)
2219 2190 2328 2246 :et,
2362 2179 2580 2235 Nescitis
2626 2183 2743 2252 quia
2781 2198 2995 2252 corpora
3023 2191 3183 2238 ucstra
3227 2183 3470 2252 templum
3513 2183 3570 2238 in

1978 2276 2114 2348 vobis
2152 2283 2223 2327 est
2251 2273 2479 2344 Spiritus
2506 2276 2667 2329 sancti
2690 2315 2704 2339 ,
2745 2291 2893 2346 quem
2923 2273 3119 2331 habetis
3137 2291 3170 2329 α
3196 2273 3303 2329 Deo
3331 2272 3352 2348 (
3378 2273 3462 2329 Id.
3493 2291 3564 2341 vl,

1981 2340 2049 2420 li)
2075 2366 2091 2434 )
2113 2366 2137 2419 ?
2162 2374 2216 2419 et
2243 2340 2426 2421 in-alio
2462 2367 2578 2421 loco
2608 2408 2623 2432 ,
2658 2340 2769 2421 Nos
2802 2364 3205 2436 euim'templmn
3235 2340 3446 2421 Dei‘uivi
3481 2340 3575 2422 su-

1980 2472 2092 2511 mus
2130 2454 2219 2525 (ll
2246 2454 2364 2510 Cor.
2403 2472 2451 2511 vt
2476 2496 2491 2523 ,
2534 2456 2640 2525 16)
2682 2474 2695 2512 :
2738 2464 2792 2511 et
2832 2466 3026 2511 cmtcra
3078 2455 3405 2527 huiusmodi.
3448 2455 3569 2512 Jam

1981 2549 2121 2603 enim
2152 2550 2253 2603 hoc
2279 2557 2499 2603 vocatur
2531 2565 2545 2615 ;
2572 2557 2624 2603 et
2648 2562 2768 2602 cum
2793 2547 3109 2613 aediﬁcatur,
3139 2547 3527 2605 mortiﬁcamur
3548 2551 3569 2581 ³

1981 2637 2067 2692 hic
2106 2638 2343 2693 membra
2375 2647 2554 2694 nostra
2581 2680 2596 2705 ,
2619 2655 2737 2708 quae
2770 2647 2894 2693 sunt
2921 2653 3082 2708 super
3120 2648 3336 2695 terram.
3376 2639 3572 2709 Quam-

1981 2728 2060 2785 vis
2094 2730 2237 2784 enim
2270 2728 2379 2799 jam
2414 2741 2634 2801 peccato
2673 2730 2898 2795 mortui,
2930 2730 3039 2787 Deo
3070 2731 3350 2788 vivamus:
3386 2742 3468 2789 est
3493 2741 3571 2788 ta-

1980 2839 2103 2879 men
2134 2823 2275 2894 quod
2300 2823 2351 2879 in
2380 2824 2532 2880 nobis
2559 2822 2945 2880 mortiﬁcemus
2968 2864 2983 2889 ,
3009 2832 3067 2879 ut
3096 2840 3203 2878 non
3234 2834 3417 2894 regnet
3446 2838 3571 2896 pec-

1981 2926 2156 2970 catum
2205 2915 2256 2970 in
2308 2925 2490 2971 nostro
2538 2914 2750 2970 mortali
2790 2930 3048 2986 corpore,
3096 2915 3161 2970 ad
3213 2914 3568 2972 obedientium

1981 3006 2424 3076 concupiscentiis
2450 3005 2564 3077 ejus
2596 3004 2615 3078 (
2634 3006 2782 3062 Rom.
2816 3022 2866 3061 ιι
2886 3046 2902 3072 ,
2951 3007 3007 3061 ll
3039 3016 3085 3060 et
3117 3004 3220 3077 ’12)
3252 3022 3269 3071 ;
3309 3021 3341 3060 a
3368 3007 3564 3077 quibus

1984 3110 2084 3151 nos
2108 3088 2300 3163 solvit,
2332 3111 2399 3153 ne
2429 3096 2512 3152 his
2536 3110 2778 3154 essemus
2804 3096 3056 3160 obnoxii,
3092 3096 3247 3166 plena
3275 3105 3434 3168 atque
3460 3113 3576 3167 per.

1983 3188 2116 3243 tecta
2156 3187 2402 3245 remissio
2430 3198 2803 3259 peccatorum,
2834 3197 2890 3244 et
2927 3196 3300 3243 remanserunt
3328 3188 3381 3243 in
3414 3186 3572 3245 nobis

1982 3293 2105 3333 cum
2142 3277 2337 3349 quibus
2377 3286 2628 3347 gerantur
2667 3278 2804 3334 bella
2843 3287 3129 3334 castorum.
3164 3277 3240 3334 Ex
3274 3279 3357 3334 his
3393 3292 3478 3335 est
3519 3289 3576 3336 et

1986 3366 2075 3423 ilia
2125 3384 2228 3440 qua
2280 3368 2500 3440 pudicus
2542 3369 2678 3425 bene
2709 3370 2874 3424 utitur
2901 3368 3215 3439 conjugatus
3258 3386 3272 3424 :
3316 3370 3411 3425 sed
3452 3386 3575 3426 cum

1984 3458 2123 3516 bene
2151 3461 2227 3527 lit,
2263 3461 2330 3516 de
2355 3462 2494 3516 malo
2518 3462 2752 3517 nascitur
2782 3461 2979 3516 bonum
3012 3476 3116 3516 non
3147 3460 3265 3517 sine
3303 3463 3443 3521 malo
3477 3472 3576 3530 ;c‘.

1987 3549 2109 3607 ideo
2137 3554 2452 3618 renascitur,
2482 3560 2538 3605 ut
2564 3552 2820 3607 liberetur
2840 3567 2868 3605 a
2897 3552 3059 3607 malo.
3090 3553 3242 3619 Quod
3262 3555 3406 3610 enim
3440 3556 3580 3613 Dens

1989 3652 2137 3698 creat
2164 3650 2220 3697 et
2256 3640 2417 3697 homo
2437 3652 2654 3714 generat
2682 3684 2697 3709 ,
2733 3642 2970 3712 profecto
2999 3644 3192 3699 bonum
3223 3656 3306 3701 est
3336 3647 3388 3701 in
3414 3664 3580 3719 quan-

1992 3742 2100 3788 tum
2127 3733 2288 3787 homo
2314 3741 2394 3787 est
2423 3750 2437 3788 :
2465 3733 2557 3788 sed
2591 3732 2710 3789 ideo
2738 3749 2844 3788 non
2872 3734 2987 3789 sine
3017 3735 3180 3801 malo,
3207 3735 3327 3807 quia
3355 3739 3464 3792 sola
3489 3753 3576 3792 m-

1991 3825 2262 3895 generatio
2311 3824 2471 3879 solvit
2523 3840 2556 3881 a
2612 3826 2789 3894 malo,
2821 3825 2962 3897 quod
3000 3824 3164 3882 lrahit
3206 3832 3480 3899 generatio
3509 3830 3578 3887 de

1994 3913 2164 3985 primo
2190 3929 2487 3987 magnoque
2518 3925 2756 3985 peccato.
3364 3942 3365 3947 η

2063 4001 2152 4061 45.
2196 4004 2294 4062 Sic.
2334 4015 2511 4061 autem
2560 4006 2872 4064 incredibile
2919 4006 2999 4061 vis
3045 4006 3253 4076 videri,
3288 4027 3307 4061 ι
3341 4009 3483 4080 quod
3522 4010 3577 4066 in

1993 4114 2146 4158 utero
2176 4102 2452 4172 baptizata:
2472 4144 2488 4169 ,
2516 4101 2666 4172 cujus
2694 4117 2889 4172 corpus
2906 4111 2999 4181 est
3021 4105 3274 4171 templum
3306 4104 3435 4173 Dei,
3465 4105 3579 4162 for-

1994 4204 2169 4250 matur
2189 4193 2349 4248 homo
2373 4191 2582 4249 futurus
2604 4193 2705 4249 sub
2730 4193 2963 4259 diabolo,
2994 4194 3094 4249 nisi
3127 4194 3238 4271 Deo
3268 4207 3583 4261 renascatur

1995 4302 2059 4340 ex
2092 4284 2202 4341 Deo
2236 4302 2251 4341 :
2292 4303 2312 4337 ι
2346 4285 2497 4355 quasi
2526 4298 2629 4339 non
2661 4282 2879 4353 majoris
2913 4285 3281 4341 admirationis
3306 4288 3396 4355 sit,
3435 4289 3580 4359 quod

1997 4379 2137 4432 Deus
2164 4384 2219 4432 et
2246 4376 2335 4432 ubi
2378 4392 2485 4431 non
2526 4374 2727 4432 habitat
2753 4385 3021 4445 cperatur.
3060 4377 3179 4433 Non
3207 4379 3349 4436 enim
3376 4380 3584 4438 habitat

1995 4471 2051 4525 in
2072 4485 2297 4541 corpore
2342 4468 2557 4525 subdito
2598 4471 2827 4539 peccatis
2852 4469 2871 4542 (
2899 4469 3029 4542 ευρ.
3063 4488 3100 4539 ι,
3132 4472 3207 4547 4)
3244 4492 3258 4529 :
3302 4489 3360 4531 et
3405 4485 3581 4532 tamen

1996 4571 2247 4633 operatur
2272 4561 2544 4618 hominem
2575 4561 2628 4618 in
2667 4571 2822 4620 utero
2852 4565 3168 4619 meretricis.
3199 4566 3418 4638 Attingit
3440 4568 3585 4623 ωιίιιι

1997 4656 2191 4725 ubique
2225 4664 2442 4726 propter
2471 4670 2621 4710 suam
2649 4655 2984 4723 munditiam,
3018 4666 3072 4712 et
3096 4658 3224 4714 nihil
3254 4661 3584 4729 inquinatum

1999 4746 2049 4800 in
2081 4762 2200 4800 eum
2226 4746 2444 4801 incurrit
2471 4745 2582 4818 (Id.
2607 4763 2700 4811 vn,
2726 4748 2797 4802 24
2811 4758 2857 4801 et
2872 4746 2990 4818 9.5).
3019 4748 3085 4803 Et
3109 4750 3250 4819 quod
3297 4751 3464 4805 multo
3499 4763 3585 4807 est

1998 4836 2309 4899 mirabilius,
2339 4837 2624 4909 aliquando
2652 4838 2869 4909 adoptat
2898 4839 2949 4892 in
2993 4839 3175 4905 ﬁlium,
3209 4857 3366 4911 quem
3394 4838 3586 4900 format

1999 4930 2051 4984 in
2094 4942 2244 4986 utero
2278 4930 2714 4987 immundissimm
2757 4931 2971 4986 femina:
2997 4948 3012 4996 ;
3038 4941 3108 4987 et
3147 4933 3437 5003 aliquando
3475 4950 3584 4991 non

2001 5021 2111 5076 vult
2138 5036 2256 5076 esse
2282 5036 2436 5076 suum
2465 5023 2665 5087 ﬁlium,
2707 5039 2865 5094 quem
2898 5022 3091 5076 {orntat
3120 5024 3169 5076 in
3200 5032 3349 5079 utero
3376 5040 3489 5080 sua:
3519 5026 3585 5080 li-

2001 5117 2103 5170 lize.
2134 5115 2229 5172 ille
2253 5115 2448 5186 quippe
2475 5114 2540 5170 ad
2570 5115 2892 5185 baptismum
2922 5115 3105 5171 nescio
3140 5129 3244 5185 qua
3282 5116 3588 5186 provisione

2064 5258 2080 5286 ι
2096 5260 2195 5323 tlue
2207 5265 2257 5303 ιιι
2266 5250 2553 5323 quilmsdam
2563 5250 2899 5323 maimscrlptis
2915 5256 2965 5299 et
2983 5248 3031 5299 In
3045 5251 3399 5323 antiquipribus
3413 5250 3588 5323 salillo-

2004 5315 2147 5382 nihus
2169 5310 2431 5382 immissum
2455 5322 2563 5363 erat
2579 5310 2969 5382 istud‘glo'ssctna
2992 5317 3108 5382 :‘De
3132 5310 3322 5382 ζξξαιηιο
3342 5312 3428 5377 Qui
3448 5314 3588 5382 prius

2002 5374 2354 5438 dedicationem
2390 5375 2560 5426 domus
2582 5370 2819 5436 prwdicat
2835 5379 2887 5438 rt
2926 5377 3030 5438 post
3063 5370 3460 5438 wdiﬁcation'eml
3494 5377 3588 5428 Sed

2001 5436 2243 5506 dedicatio
2263 5437 2350 5506 ad.
2370 5441 2512 5501 caput
2531 5433 2699 5506 domus
2722 5433 2955 5506 pertinet,
2978 5433 3068 5506 Ιξος
3087 5433 3179 5506 est,
3199 5437 3266 5506 ad
3303 5435 3590 5506 qltristum;

2000 5498 2262 5563 wdi/icatio
2285 5498 2350 5563 att
2373 5494 2546 5563 corpus
2580 5494 2729 5547 totum
2751 5494 2948 5563 (largius,
2964 5557 2974 5563 _
2991 5494 3046 5548 id
3066 5494 3173 5558 cst,
3199 5497 3265 5549 ad
3302 5494 3585 5563 ecclesiam;

2006 5554 2118 5612 Ideo
2140 5559 2273 5624 prior
2296 5554 2554 5618 dedicatio,
2579 5570 2724 5622 quam
2741 5554 3002 5624 ludiﬁcatio
3029 5563 3116 5624 est,
3141 5554 3159 5607 ι
3171 5561 3469 5612 ovanienses
3491 5575 3590 5612 non

2000 5623 2092 5673 hoc
2125 5619 2281 5685 Solum
2324 5619 2714 5685 e_xl._naxerunt,_
2736 5619 3013 5685 sed'etiam
3044 5621 3432 5685 subsequentem
3472 5636 3587 5672 ver-

2001 5698 2138 5747 sum,
2179 5682 2304 5734 sicut
2337 5679 2482 5745 Iuijus
2504 5682 2575 5733 rei
2597 5688 2666 5733 est
2685 5679 2850 5732 inde:
2870 5679 3037 5732 titulus
3056 5679 3238 5747 statim}
3258 5718 3271 5747 ,
3311 5686 3395 5747 qu:
3421 5689 3587 5732 tamen

2001 5745 2059 5794 ad
2107 5751 2391 5795 contextum
2445 5746 2690 5807 pertinet,
2746 5751 3010 5806 exstatque
3051 5745 3102 5794 in
3146 5745 3371 5795 omnibus
3413 5755 3585 5794 nntiu-

2000 5809 2108 5867 serij
2129 5807 2203 5856 tis.

2069 5865 2106 5899 ι’
2123 5868 2251 5925 Apud
2275 5875 2383 5917 tov.
2413 5867 2488 5916 hic
2513 5865 2718 5923 additur,
2746 5879 2872 5917 cum.
