3972 6178
389 312 502 373 an

407 426 644 496 pervenit
675 441 691 491 ;
722 423 819 482 iste
851 422 1124 493 repentina
1154 431 1327 478 morte
1367 437 1474 478 non
1513 422 1774 493 pervenit.
1811 422 1984 492 Atque

403 516 476 570 ita
520 513 660 570 Deus
683 553 698 579 ,
748 514 799 568 in
841 514 993 581 cujus
1021 521 1282 582 potestate
1309 520 1434 568 sunt
1471 513 1650 568 omnia
1677 553 1690 576 ,
1720 512 1841 568 facit
1869 525 1990 568 esse

406 604 466 660 in
493 605 685 661 Christi
710 604 979 659 consortio
1005 645 1019 671 ,
1049 617 1205 674 quem
1237 601 1486 659 formavit
1511 605 1563 659 in
1589 602 1786 659 diaboli
1817 602 1989 658 domi-

407 701 530 756 cilio
559 715 576 766 ;
607 709 660 754 et
701 714 806 754 non
847 698 954 752 vult
982 713 1104 754 esse
1143 697 1194 752 in
1227 711 1390 768 regno
1430 711 1528 752 suo
1551 738 1567 765 ,
1607 711 1764 768 quem
1801 695 1990 752 forma-

405 791 482 845 vit
523 790 573 844 in
621 789 816 860 templo
856 805 975 845 suo.
1023 789 1128 844 Aut
1156 789 1202 844 si
1230 789 1382 854 vult,
1409 803 1506 844 cur
1533 802 1638 843 non
1687 787 1812 844 facit
1847 787 1988 859 quod

403 877 516 934 vult
542 880 566 934 ?
592 878 706 934 Non
750 881 892 935 enim
942 878 1081 951 quod
1126 879 1313 934 soletis
1339 878 1408 934 de
1435 877 1729 950 majoribus
1766 879 1944 933 dicere
1973 919 1990 945 ,

409 972 548 1027 Deus
575 972 719 1037 vult,
761 981 814 1027 et
849 973 1097 1043 parvulus
1135 989 1244 1028 non
1290 971 1424 1028 vult.
1452 971 1610 1028 Certe
1647 971 1734 1028 hic
1767 973 1854 1027 ubi
1895 971 1988 1026 fati

405 1062 551 1116 nulla
573 1073 652 1117 est
677 1062 1050 1130 immobilitas,
1078 1065 1222 1120 nulla
1259 1063 1482 1120 fortuna:
1504 1064 1777 1120 temeritas
1798 1103 1814 1129 ,
1849 1063 1989 1119 nulla

407 1167 650 1224 persona:
674 1154 902 1226 dignitas
921 1197 936 1222 ,
967 1155 1092 1228 quid
1121 1165 1288 1212 restat
1308 1157 1410 1212 nisi
1437 1154 1821 1212 misericordia:
1847 1155 1989 1210 veri-

407 1245 634 1317 tatisque
663 1245 996 1316 profunditas
1029 1247 1053 1300 ?
1093 1246 1160 1302 Ut
1200 1248 1433 1301 sciamus
1462 1254 1518 1301 et
1554 1262 1620 1302 ex
1653 1247 1753 1319 hoc
1784 1247 1987 1301 ineunt-

409 1336 752 1408 prchcnsibili
777 1337 1294 1408 comprehendamus
1317 1380 1332 1405 ,
1360 1337 1509 1409 juxta
1536 1339 1671 1393 duos
1701 1339 1946 1394 homines
1963 1380 1983 1405 ,

405 1443 567 1483 unum
599 1444 691 1499 per
717 1445 872 1500 quem
914 1439 1187 1500 peccatum
1218 1431 1431 1484 intravit
1457 1430 1788 1485 inmundum
1811 1472 1826 1497 ,
1859 1431 1988 1486 alte-

404 1535 523 1576 rum
553 1521 640 1592 qui
668 1521 806 1576 tollit
843 1532 1116 1591 peccatum
1146 1520 1364 1588 mundi,
1401 1534 1589 1576 omnes
1619 1519 1756 1576 ﬁlios
1783 1535 1987 1575 concu-

401 1613 674 1682 piscentire
711 1613 938 1667 carnalis
972 1613 1339 1684 undecumque
1361 1621 1680 1678 nascantur,
1706 1611 1771 1668 ad
1800 1612 1986 1684 jugum

398 1712 564 1773 grave
591 1699 818 1757 ﬁliorum
850 1703 1018 1758 Adam
1047 1705 1235 1758 merito
1262 1703 1528 1772 pertinere
1552 1719 1566 1769 ;
1592 1713 1646 1760 et
1665 1718 1729 1760 ex
1759 1702 1842 1759 his
1869 1718 1985 1758 om-

403 1807 501 1848 nes
537 1791 672 1847 ﬁlius
716 1793 901 1864 gratim
932 1794 1222 1864 Spiritualis
1257 1794 1627 1865 undecumque
1663 1804 1984 1861 nascantur,

399 1881 466 1938 ad
495 1883 680 1954 jugum
709 1899 872 1940 suave
910 1885 1140 1941 ﬁliorum
1171 1885 1263 1940 Dei
1295 1885 1412 1941 sine
1453 1885 1644 1941 merito
1682 1885 1986 1956 pervenire.

401 1975 634 2035 Proinde
674 1975 1032 2033 conditionem
1093 1993 1241 2033 suam
1301 1979 1478 2048 gerit,
1534 1979 1623 2048 qui
1668 1981 1722 2033 in
1767 1977 1987 2033 alterius

403 2083 631 2139 corpore
651 2111 666 2136 ,
695 2069 837 2140 quod
868 2078 950 2126 est
990 2071 1246 2141 templum
1277 2070 1368 2125 Dei
1391 2111 1404 2133 ,
1435 2070 1507 2126 ita
1537 2069 1886 2144 construitur,
1930 2079 1988 2125 ut

401 2175 509 2215 n-m
549 2159 668 2214 ideo
705 2160 770 2216 sit
797 2169 853 2216 et
881 2161 992 2230 ipse
1019 2162 1272 2232 templum
1297 2161 1424 2228 Dei,
1450 2161 1574 2232 quia
1599 2160 1894 2217 tediﬁcatur
1929 2161 1982 2216 in

401 2250 600 2320 templo
634 2249 749 2306 Dei.
797 2250 976 2306 Matris
1005 2252 1202 2322 quippe
1238 2266 1433 2321 corpus
1459 2261 1518 2306 ut
1551 2259 1696 2308 esset
1729 2251 1982 2322 templum

399 2337 532 2408 Dei,
563 2337 745 2409 gratia:
773 2338 1090 2396 beneﬁcium
1117 2351 1220 2408 est,
1251 2356 1354 2397 non
1383 2349 1586 2398 natura:
1613 2359 1627 2396 :
1655 2357 1775 2412 quae
1816 2343 1984 2412 gratia

405 2445 517 2489 .Iton
545 2431 894 2502 conceptione
917 2473 931 2498 ,
962 2431 1056 2488 sed
1099 2433 1500 2504 regeneratione
1527 2433 1822 2490 confertur.
1851 2435 1983 2491 Nam

397 2522 442 2576 si
465 2519 532 2578 ad
559 2522 747 2579 matris
775 2538 970 2595 corpus
994 2523 1045 2580 id
1085 2524 1224 2596 quod
1245 2525 1310 2580 in
1340 2540 1403 2581 ea
1430 2526 1726 2599 concipitur
1751 2528 1987 2598 pertine-

396 2621 516 2682 ret,
547 2615 622 2670 ita
656 2621 714 2671 ut
756 2615 873 2686 ejus
909 2629 1033 2687 pars
1059 2617 1405 2688 deputaretur
1445 2636 1460 2685 ;
1489 2635 1596 2674 non
1626 2619 1984 2690 baptizaretur

395 2703 577 2761 infans
601 2746 616 2774 ,
663 2708 816 2778 cujus
850 2717 1022 2762 mater
1050 2708 1310 2778 baptizata
1349 2719 1430 2764 est
1456 2709 1634 2780 aliquo
1673 2711 1860 2766 mortis
1889 2727 1982 2765 ιιι·-

394 2803 551 2866 gente
593 2797 869 2868 pcriculo,
907 2813 1028 2853 eum
1069 2812 1192 2854 eum
1239 2807 1472 2870 gestaret
1512 2799 1564 2855 in
1615 2810 1787 2858 utero.
1829 2800 1983 2857 Nune

395 2904 524 2945 vero
553 2903 673 2945 cum
716 2889 877 2945 etiam
922 2890 1037 2961 ipse
1065 2889 1396 2960 baptizatur,
1430 2906 1536 2946 non
1577 2892 1757 2963 utique
1781 2892 1862 2947 bis
1883 2891 1981 2948 ba-

393 2979 620 3050 ptizatus
644 2979 943 3037 habebitur.
983 2980 1098 3036 Non
1130 2982 1305 3052 itaque
1327 2981 1395 3038 ad
1421 2977 1720 3039 maternum
1743 2998 1976 3055 corpus,

391 3082 516 3122 cum
543 3077 684 3124 esset
708 3069 760 3124 in
796 3077 978 3136 utero,
1008 3070 1301 3140 pertinebat
1335 3089 1348 3124 :
1381 3080 1436 3126 et
1480 3079 1658 3127 tamen
1699 3074 1982 3129 creabatur

394 3161 448 3213 in
481 3159 676 3228 templo
706 3159 797 3214 Dei
826 3176 944 3231 ‘non
979 3162 1376 3230 templnm'Dei.
1411 3161 1481 3217 Ita
1518 3164 1572 3218 in
1609 3162 1804 3218 femina
1840 3164 1980 3220 ﬁdeli

397 3259 607 3305 creatus
632 3257 713 3305 est
735 3249 996 3316 inﬁdelis,
1023 3261 1074 3305 et
1104 3251 1155 3304 in
1180 3267 1300 3306 eum
1329 3262 1574 3322 parentes
1615 3253 1979 3310 inﬁdelitatem

399 3342 762 3411 trajecerant,
805 3355 964 3412 quam
1012 3356 1116 3396 non
1155 3341 1433 3398 habebant
1483 3339 1695 3414 quando
1735 3360 1801 3402 es
1848 3345 1982 3416 ipsis

398 3441 553 3488 natus
583 3442 692 3498 est,
725 3432 819 3488 sed
861 3441 983 3487 tunc
1009 3431 1275 3488 habebant
1301 3433 1512 3504 quando
1532 3444 1586 3492 et
1611 3435 1709 3507 ipsi
1734 3423 1982 3510 similiter

400 3523 506 3578 uati
547 3529 692 3578 sunt.
743 3521 1091 3593 'I‘rajecrrunt
1130 3539 1292 3596 ergo,
1321 3525 1459 3596 quod
1481 3525 1591 3598 jam
1640 3542 1744 3583 non
1782 3539 1898 3584 erat
1926 3530 1980 3586 in

397 3615 478 3670 eis
499 3655 516 3683 ,
553 3623 771 3688 propter
808 3629 988 3671 semen
1026 3615 1299 3686 spirituale
1333 3633 1438 3688 quo
1469 3619 1762 3688 regenerati
1807 3631 1931 3677 sunt
1964 3639 1978 3688 ;

396 3706 491 3763 sed
534 3715 649 3763 erat
681 3708 732 3764 in
762 3722 949 3763 eorum
990 3707 1189 3763 carnali
1213 3712 1416 3765 semine
1435 3751 1450 3778 ,
1476 3726 1582 3780 quo
1607 3725 1728 3766 eum
1758 3726 1981 3783 genera-

399 3807 609 3856 verunt.

466 3891 555 3946 44.
595 3889 847 3958 Quamvis
875 3890 1050 3961 itaque
1085 3905 1238 3946 sacro
1265 3890 1590 3962 Baptismate
1615 3892 1976 3950 sanetiﬁcctur

397 3991 450 4039 et
477 3994 670 4052 corpus
699 3997 714 4046 ;
741 3979 806 4036 ad
834 3982 934 4036 hoc
952 3991 1127 4037 tamen
1149 3982 1512 4037 sanctiﬁcatur
1533 4022 1548 4048 ,
1577 3992 1635 4038 ut
1661 3999 1756 4054 per
1779 3985 1971 4040 remis-

396 4074 601 4129 sionem
645 4080 981 4143 peccatorum
1042 4088 1146 4128 non
1190 4074 1362 4128 solum
1411 4075 1694 4146 praeteritis
1747 4075 1983 4146 peccatis

397 4165 681 4228 omnibus,
713 4179 897 4220 verum
937 4165 1094 4220 etiam
1139 4165 1236 4236 ipsi
1271 4182 1388 4234 qua!
1418 4167 1555 4222 iucst
1579 4167 1756 4222 carnis
1783 4183 1978 4224 concu-

398 4256 670 4328 pisceutia:
693 4272 796 4312 non
825 4257 893 4312 sit
918 4255 1202 4311 obnoxiam
1223 4274 1238 4323 ;
1263 4257 1343 4312 cui
1369 4273 1589 4315 necesse
1613 4269 1695 4315 est
1722 4259 1983 4316 obnoxius

402 4347 580 4401 omnis
619 4345 780 4403 homo
821 4355 1107 4414 nascatur,
1153 4349 1310 4402 etiam
1358 4349 1645 4404 moriturus
1685 4349 1979 4417 obnoxius,

399 4436 447 4492 si
467 4449 573 4491 non
596 4446 926 4492 renascatur.
956 4437 1055 4492 Ubi
1077 4453 1204 4508 ergo
1231 4451 1315 4492 me
1342 4437 1534 4493 audisti
1569 4439 1680 4495 sive
1705 4439 1877 4512 legisti
1903 4439 1984 4496 di-

403 4538 650 4596 centem,
684 4546 703 4581 ι
753 4543 858 4584 non
905 4528 1144 4584 innovari
1191 4529 1437 4585 homines
1482 4546 1576 4601 per
1617 4531 1976 4603 Baptismum,

403 4618 499 4676 sed
521 4619 674 4690 quasi
718 4618 958 4672 innovari
987 4636 1001 4684 ;
1033 4618 1139 4673 non
1171 4619 1406 4685 liberari,
1434 4621 1526 4676 sed
1550 4623 1698 4692 quasi
1719 4623 1938 4680 liberari
1963 4642 1978 4689 ;

403 4727 510 4770 non
538 4711 762 4777 salvari,
807 4709 899 4766 sed
939 4711 1089 4780 quasi
1129 4711 1318 4765 salvari
1350 4711 1374 4764 ?
1409 4731 1426 4764 ι
1465 4712 1618 4768 Absit
1653 4724 1708 4768 ut
1733 4729 1832 4784 ego
1871 4715 1984 4770 ina-

403 4817 526 4860 nem
565 4803 798 4860 dicerem
837 4803 1058 4872 gratiam
1103 4801 1298 4856 lavacri
1339 4803 1512 4870 illius,
1557 4803 1608 4858 in
1636 4818 1740 4874 quo
1769 4814 1982 4862 renatus

405 4911 526 4953 sum
552 4912 618 4952 ex
641 4911 776 4968 aqua
817 4906 870 4952 et
897 4893 1117 4966 spiritu,
1158 4909 1258 4964 qua
1306 4895 1559 4951 liberatus
1601 4911 1716 4951 sum
1757 4911 1786 4951 a
1831 4908 1982 4954 reatu

402 4989 641 5047 omnium
683 5003 1052 5060 peccaturum,
1095 4987 1174 5042 vel
1221 5002 1338 5058 qum
1384 4987 1651 5044 nascendo
1689 4999 1980 5056 traxerant,

404 5084 487 5139 vel
527 5098 646 5154 qua:
673 5083 812 5137 male
839 5081 1066 5136 vivendo
1101 5091 1471 5138 contraxeram
1515 5100 1529 5137 :
1564 5097 1664 5154 qua
1702 5083 1898 5138 liberor
1926 5094 1982 5139 ιιι

407 5172 570 5228 sciam
602 5173 616 5204 ³
645 5187 716 5228 ne
757 5171 947 5227 intrem
979 5172 1030 5226 in
1073 5171 1451 5237 tentatiunem,
1490 5187 1518 5225 a
1550 5172 1979 5243 concupiscentia

407 5277 527 5316 mea
555 5263 852 5317 abstractus
879 5271 930 5317 et
955 5260 1202 5328 illectus,
1241 5273 1402 5334 atque
1433 5271 1489 5316 ut
1521 5262 1778 5318 exaudiar
1802 5265 1983 5319 dicens

407 5366 532 5408 cum
578 5353 912 5408 consortibus
949 5352 1122 5415 meis,
1173 5351 1383 5408 Dimitte
1422 5353 1563 5408 nobis
1605 5352 1768 5406 debita
1811 5365 1984 5409 nostra

405 5441 622 5509 (natm.
646 5457 718 5503 vi.
749 5441 840 5510 η)
864 5458 997 5514 ;qua
1027 5442 1310 5507 liberabor.
1329 5453 1386 5498 ut
1411 5458 1590 5514 spero,
1623 5445 1674 5498 in
1704 5453 1982 5512 trternum,

411 5531 498 5586 ubi
533 5543 642 5599 jam
691 5533 836 5586 nulla
877 5533 959 5587 lex
999 5532 1054 5589 ia
1093 5535 1346 5589 membris
1399 5535 1531 5592 meis
1577 5547 1834 5608 repugnet
1876 5537 1976 5610 legi

408 5618 604 5674 mentis
629 5633 760 5672 mea:
799 5620 994 5688 (Rom.
1021 5637 1092 5676 ru
1113 5663 1128 5686 ,
1156 5623 1228 5678 25
1249 5626 1288 5694 ).
1318 5625 1431 5680 Non
1460 5627 1617 5698 igitur
1643 5642 1742 5700 ego
1769 5629 1980 5688 inanem

482 5747 501 5782 ι
527 5747 604 5795 sic
626 5753 749 5804 usa,
776 5753 828 5796 Αι
849 5747 965 5798 editi
981 5783 996 5806 ,
1021 5755 1070 5799 ut
1093 5762 1208 5802 scio.

1190 308 1462 365 comas
1501 306 1838 366 JULIANUM
1879 289 2344 368 PELAGiANUtl.
2382 302 2438 362 s.
2484 265 2849 366 sucusrmt

3581 323 3677 380 uti

2100 417 2234 474 facio
2263 416 2357 474 Dei
2384 419 2607 490 gratiam
2641 438 2654 474 :
2684 421 2776 478 sed
2807 430 2861 478 tu
2886 421 3001 495 ejus
3028 423 3280 484 inimicus
3303 429 3517 489 inanem
3541 450 3676 507 qua:-

2092 509 2227 564 sisse
2273 508 2470 566 videris
2506 513 2852 580 jactantiam,
2899 521 2956 568 ιιι
2985 513 3037 568 in
3080 525 3224 572 tuam
3264 519 3675 592 disputationem

2093 598 2462 656 introduceres
2501 599 2788 672 Epicurum
2811 645 2826 670 ,
2879 599 2914 657 ι’
2944 607 3032 678 qui
3080 610 3290 681 negavit
3329 627 3450 670 esse
3489 632 3676 689 corpus

2093 689 2314 746 deorum
2336 733 2350 758 ,
2380 690 2474 746 sed
2506 700 2755 764 tanquam
2787 709 2982 768 corpus
3008 715 3024 765 ;
3052 715 3152 756 nec
3189 705 3501 773 sanguinem
3529 749 3546 776 ,
3582 713 3669 766 sed

2094 788 2346 852 tanquam
2371 783 2685 852 sanguinem
2717 803 2735 837 ι
2767 783 2980 855 (Cicero
3001 830 3017 855 ,
3043 789 3130 843 lib.
3171 791 3204 846 5
3243 793 3308 848 de
3336 791 3540 853 Natura
3565 799 3675 855 deo-

2092 885 2204 923 rum
2233 871 2290 942 );
2341 880 2395 926 et
2437 871 2536 927 bac
2572 874 2852 932 occasione
2906 877 2974 933 de
3013 878 3452 954 philosophorum
3496 887 3675 946 litteris

2095 961 2162 1017 ad
2193 978 2307 1018 rem
2339 979 2457 1035 qua:
2481 965 2619 1020 inter
2641 981 2739 1020 nos
2761 968 2934 1037 agitur
2955 986 3059 1025 non
3092 975 3474 1041 pertinentibus
3494 1021 3512 1048 ,
3536 989 3674 1036 tanto

2096 1054 2328 1126 ineptius
2369 1068 2569 1128 quanto
2613 1065 2757 1115 velut
2787 1062 2993 1119 doctius
3031 1063 3310 1124 delirares.
3349 1072 3476 1139 Quis
3503 1087 3674 1134 autem

2094 1156 2334 1201 nostrum
2373 1147 2500 1203 dicit
2525 1189 2540 1214 ,
2587 1168 2606 1202 ι
2643 1149 2907 1222 Quidquid
2943 1155 2994 1209 in
3041 1161 3286 1226 ιιι-ωερε]ιί
3331 1164 3530 1218 saeculo
3571 1169 3675 1238 agi-

2093 1247 2199 1302 tur,
2226 1253 2345 1294 esse
2375 1241 2694 1311 culpandum
2725 1259 2740 1310 ;
2772 1262 2790 1296 ι
2836 1259 2956 1300 cum
2991 1246 3076 1304 hic
3103 1249 3217 1320 ipse
3250 1252 3496 1311 Christus
3535 1265 3675 1314 tanta

2101 1329 2266 1398 egerit
2299 1329 2458 1398 bona,
2489 1331 2584 1388 sed
2617 1343 2672 1389 ut
2699 1349 2796 1391 nos
2835 1349 3046 1394 erueret
3085 1339 3154 1395 de
3195 1346 3447 1413 pnescnti
3485 1349 3678 1405 smeulo

2093 1419 2234 1474 malo
2258 1420 2282 1472 ?
2815 1423 2821 1428 ’
3285 1486 3296 1496 α

2161 1509 2387 1567 CAPUT
2421 1511 2536 1568 XV.
2567 1545 2638 1556 —
2663 1516 2752 1572 45.
2785 1517 2951 1586 Quam
2984 1535 3142 1590 porro
3166 1521 3448 1596 diligenter
3471 1537 3528 1586 et
3551 1544 3677 1587 cun-

2088 1612 2342 1671 grucnter
2373 1619 2609 1674 exponas
2635 1607 2987 1676 apostolicum
3017 1612 3373 1672 testimonium
3397 1659 3414 1683 ,
3446 1619 3538 1674 ubi
3566 1623 3673 1688 ait,

2090 1692 2198 1762 Spe
2242 1694 2370 1748 salvi
2416 1697 2537 1767 [acti
2579 1714 2786 1766 sumus,
2835 1711 2889 1755 et
2927 1713 3119 1758 Cretera
3143 1745 3158 1772 ,
3195 1721 3362 1777 usque
3390 1709 3457 1764 ad
3483 1711 3676 1766 redem-

2089 1783 2308 1854 ptionem
2350 1787 2576 1856 corporis
2621 1790 2780 1843 nostri
2826 1788 3001 1861 (Rom.
3045 1809 3170 1862 vut,
3209 1794 3314 1864 24,
3343 1797 3474 1869 25),
3498 1815 3674 1872 operte

2089 1874 2315 1945 pretium
2355 1887 2440 1932 est
2481 1877 2696 1935 intueri.
2742 1881 2884 1938 Dicis
2925 1885 3067 1942 enim
3091 1887 3233 1958 quod
3269 1908 3288 1942 ι
3323 1891 3410 1946 illa
3435 1908 3673 1951 resurre.

2087 1967 2194 2023 ctio
2235 1985 2339 2024 non
2377 1983 2594 2041 peccata
2622 1973 2855 2030 dimittat
2882 1977 3180 2049 aliquorum
3203 2024 3220 2050 ,
3248 1983 3343 2040 sed
3367 1999 3624 2058 expurget
3650 1991 3666 2022 ι

2087 2061 2277 2114 merita
2298 2061 2650 2133 singulorum.
2673 2065 2869 2122 Reddit
2893 2069 3035 2123 enim
3063 2073 3342 2144 unicuique
3361 2116 3378 2144 ,
3413 2095 3432 2130 ι
3461 2078 3515 2133 in
3531 2080 3663 2151 luis,

2093 2168 2112 2203 ι
2143 2153 2434 2209 secundum
2462 2167 2623 2226 opera
2645 2173 2740 2214 sua
2761 2200 2777 2225 ,
2811 2176 2831 2212 ι
2858 2175 2956 2216 nec
2981 2171 3154 2218 tamen
3182 2164 3314 2221 dicis
3332 2207 3348 2233 ,
3380 2171 3668 2228 secundum

2087 2257 2206 2312 quze
2248 2259 2411 2314 opera
2453 2261 2548 2301 sua
2589 2263 2810 2319 regnum
2839 2249 2932 2306 Dei
2961 2255 3192 2323 parvulis
3219 2257 3424 2314 reddat.
3458 2261 3525 2316 Et
3543 2277 3667 2334 pee-

2086 2340 2204 2388 cata
2231 2334 2445 2404 quidem
2476 2336 2618 2392 nulla
2647 2339 2988 2396 remittuntur
3015 2343 3068 2398 in
3099 2361 3265 2416 regno
3295 2365 3310 2401 :
3339 2349 3432 2405 sed
3461 2351 3508 2406 si
3532 2353 3667 2408 nulla

2085 2423 2483 2480 remitterentur
2525 2427 2578 2480 in
2619 2426 2822 2498 judicio
2863 2431 2954 2487 illo
2997 2434 3320 2504 novissimo,
3365 2450 3494 2510 puto
3528 2444 3664 2512 quod

2085 2509 2341 2569 Dominus
2379 2530 2484 2570 non
2524 2515 2746 2574 dixisset
2785 2518 2854 2575 de
2889 2521 3116 2592 quodam
3155 2509 3408 2597 peccato,
3438 2509 3560 2586 Non
3584 2550 3666 2589 re-

2083 2601 2306 2657 mittetur
2345 2620 2508 2676 ueque
2549 2607 2602 2662 in
2633 2609 2728 2662 hoc
2752 2612 2968 2679 stmulo,
2996 2629 3153 2683 neque
3179 2616 3232 2670 in
3259 2622 3431 2689 futuro
3455 2621 3663 2691 (Matth.

2084 2705 2155 2784 an
2177 2733 2192 2760 ,
2230 2693 2361 2767 32);
2402 2697 2614 2766 quando
2651 2701 2751 2756 sibi
2780 2703 2974 2758 remitti
3001 2707 3246 2776 sperabat
3272 2709 3405 2766 latro
3433 2712 3552 2779 ille,
3577 2715 3664 2784 qui

2083 2783 2289 2841 dicebat
2312 2827 2328 2855 ,
2373 2786 2627 2844 Memento
2667 2789 2766 2846 mei
2785 2832 2800 2859 ,
2843 2811 2959 2849 cum
2997 2800 3186 2853 veneris
3220 2801 3271 2853 in
3298 2818 3508 2874 regnum
3530 2783 3664 2860 tuum

2085 2874 2235 2950 (Luc.
2285 2893 2415 2934 mn
2435 2920 2452 2945 ,
2491 2879 2603 2951 42).
2633 2879 2711 2937 De
2735 2899 2836 2954 qua
2857 2901 2919 2941 re
2941 2927 2957 2953 ,
2985 2889 3233 2958 quoniam
3261 2892 3665 2961 profundissima

2082 2968 2308 3038 qutestio
2354 2979 2474 3037 est,
2517 2987 2620 3027 non
2663 2982 2745 3029 est
2783 2977 2942 3031 modo
2981 2981 3356 3052 praeeipitanda
3381 2988 3664 3045 sententia.

2081 3055 2190 3112 Cur
2225 3068 2402 3114 autem
2442 3060 2494 3115 in
2524 3077 2690 3134 regno
2717 3065 2862 3120 nulla
2893 3077 3104 3138 peccata
3131 3074 3352 3130 remittit
3382 3077 3522 3134 Deus
3547 3079 3667 3137 ﬁliis

2081 3149 2222 3218 suis,
2265 3151 2366 3206 nisi
2395 3153 2514 3221 quia
2543 3168 2649 3208 non
2681 3155 2882 3212 invenit
2909 3159 3352 3228 quodremittat?
3378 3167 3492 3224 Non
3525 3171 3667 3226 enim

2080 3250 2333 3311 poterunt
2359 3242 2427 3296 ibi
2460 3257 2580 3300 esse
2605 3254 2820 3314 peccata
2842 3289 2857 3313 ,
2888 3249 2976 3304 ubi
3003 3252 3249 3320 spiritus,
3282 3270 3388 3310 non
3413 3256 3533 3312 dico
3562 3275 3666 3314 non

2081 3331 2346 3386 consentit
2381 3335 2827 3405 concupiscentia
2847 3339 3026 3393 carnis
3045 3381 3060 3407 ,
3092 3342 3186 3398 sed
3218 3359 3317 3400 nec
3341 3350 3671 3419 concupiscit

2081 3423 2336 3482 adversus
2379 3443 2597 3486 carnem
2619 3471 2634 3498 ,
2673 3434 2796 3504 quia
2827 3450 2926 3492 nec
2951 3451 3078 3492 caro
3105 3439 3363 3497 adversus
3385 3457 3506 3498 eum
3533 3461 3550 3510 ;
3583 3445 3669 3502 illa

2082 3515 2334 3573 ineil'abiii
2377 3521 2545 3578 salute
2589 3525 2856 3596 perfecta,
2903 3545 3022 3598 que
3065 3547 3205 3587 nunc
3243 3549 3348 3588 non
3389 3535 3449 3590 ﬁt
3486 3536 3538 3590 in
3567 3537 3670 3593 Ba-

2083 3605 2280 3676 ptismo
2302 3649 2316 3674 ,
2353 3610 2440 3665 ubi
2469 3614 2808 3670 remittuntur
2831 3608 3042 3686 quidem
3074 3632 3262 3677 cuncta
3293 3635 3508 3694 peccata
3529 3669 3546 3694 ,
3573 3625 3668 3683 sed

2083 3708 2364 3754 remanent
2401 3703 2692 3759 carnalium
2735 3708 3285 3778 concupiscentiarum
3328 3715 3504 3782 mala,
3547 3730 3668 3772 cum

2081 3787 2276 3857 quibus
2314 3799 2433 3859 post
2470 3792 2836 3865 Baptismum,
2875 3798 2919 3853 si
2964 3808 3139 3855 tamen
3175 3802 3668 3872 proﬁciunt,exer-

2081 3887 2238 3932 ceant
2261 3879 2374 3936 sive
2397 3882 2664 3956 conjugati
2685 3883 2914 3956 gloriosa
2933 3929 2951 3953 ,
2983 3889 3094 3944 sive
3117 3892 3456 3950 continentes
3474 3895 3670 3966 glorio-

2082 3966 2222 4022 siora
2261 3971 2548 4054 certamina
2575 3991 2588 4028 :
2617 3974 2758 4045 quod
2802 3986 2856 4031 et
2879 3977 2991 4047 ipse
3017 3980 3286 4038 conﬁteris
3311 3982 3547 4054 (Supra,
3579 3985 3664 4040 lib.

2082 4058 2136 4121 5,
2156 4077 2209 4114 η.
2239 4059 2331 4132 η)
2351 4079 2366 4126 ;
2389 4052 2481 4119 sed
2505 4066 2682 4122 nescio
2701 4083 2804 4138 qua
2829 4069 3062 4137 miseria,
3078 4074 3291 4144 quando
3316 4052 3424 4145 pro-
3449 4079 3672 4134 veritate

2083 4149 2315 4222 loqueris
2337 4195 2351 4220 ,
2383 4163 2506 4210 tunc
2535 4164 2586 4211 te
2617 4157 2730 4228 ipse
2757 4175 2859 4213 non
2887 4160 3057 4216 audis.

2154 4243 2244 4299 46.
2291 4245 2606 4304 Describens
2631 4251 2827 4321 quippe
2853 4253 2994 4306 illam
3026 4270 3285 4312 summam
3315 4262 3668 4318 resurrectio-

2084 4337 2167 4391 nis
2206 4336 2544 4408 felicitatem,
2587 4341 2751 4408 dicis,
2799 4362 2819 4396 ι
2862 4347 3128 4402 neminem
3167 4350 3276 4417 jam
3307 4351 3380 4405 ibi
3397 4351 3668 4420 justorum

2085 4427 2300 4483 lividum
2341 4429 2516 4486 facere
2553 4446 2747 4503 corpus
2785 4449 2974 4501 suum,
3013 4447 3067 4492 et
3099 4441 3337 4496 servituti
3362 4443 3670 4512 subjicere;

2086 4521 2352 4577 neminem
2371 4521 2654 4580 lnnuiliare
2673 4526 2908 4582 animam
2935 4544 3085 4585 suam
3111 4534 3290 4587 stratis
3313 4533 3467 4589 duris
3485 4545 3540 4591 et
3565 4552 3675 4606 pte-

2084 4611 2218 4668 dore
2261 4613 2642 4670 membrorum.
2691 4636 2711 4671 ι
2755 4617 3038 4690 Responde
3077 4638 3206 4694 ergo
3229 4639 3325 4679 cur
3355 4625 3444 4682 hic
3469 4629 3568 4682 ista
3596 4627 3676 4683 fa-

2086 4701 2192 4756 ciat
2216 4745 2228 4767 ,
2256 4703 2344 4774 qui
2372 4704 2516 4759 omni
2543 4707 2684 4762 malo
2711 4707 2762 4762 in
2793 4707 3115 4778 Daptismate
3141 4717 3312 4768 earuit
3341 4733 3354 4769 :
3387 4732 3485 4771 cur
3511 4719 3676 4773 audet

2087 4789 2305 4846 lividum
2347 4791 2520 4849 facere
2560 4796 2812 4866 templum
2857 4800 2996 4856 Dei?
3035 4801 3223 4858 Nonne
3267 4807 3507 4862 membra
3555 4809 3678 4878 ejus

2087 4883 2326 4940 membra
2366 4897 2490 4941 sunt
2514 4888 2694 4958 utijue
2725 4891 2906 4960 templi
2937 4892 3066 4948 Dei?
3091 4893 3199 4948 Cur
3223 4911 3356 4966 ergo
3385 4914 3492 4951 non
3522 4902 3674 4956 suavi

2087 4973 2254 5031 odore
2275 5017 2288 5041 ,
2336 4977 2428 5032 sed
2475 4977 2686 5046 pzedore
2723 4981 2902 5050 templi
2934 4982 3076 5052 ejus;
3109 4995 3199 5038 aut
3224 4985 3407 5041 invitat
3437 5004 3678 5058 prmseno

2089 5068 2250 5132 tiam,
2295 5077 2387 5122 aut
2426 5069 2671 5140 impetrat
2711 5073 3164 5142 misericordiam,
3199 5086 3294 5132 aut
3329 5079 3506 5148 placat
3539 5081 3676 5136 iram

2087 5158 2244 5228 ejus?
2267 5159 2480 5217 Nihilne
2508 5162 2632 5218 mali
2658 5165 2911 5235 castigat,
2943 5167 3160 5234 domat,
3188 5169 3351 5225 vineit
3375 5212 3388 5236 ,
3416 5174 3679 5244 Opprimit

2088 5250 2141 5304 in
2186 5251 2383 5321 temp‘to
2425 5251 2552 5319 Dei,
2596 5255 2754 5309 etiam
2784 5255 2949 5312 livore
2975 5266 3030 5313 ct
3059 5258 3269 5328 paedore
3295 5263 3464 5332 ipsius
3490 5266 3674 5336 templi

2090 5339 2184 5396 Dei
2203 5342 2227 5382 ν
2252 5339 2438 5399 Nonne
2463 5344 2694 5402 attendis
2715 5386 2732 5414 ,
2763 5361 2942 5404 nonne
2969 5351 3224 5421 perspicis
3244 5393 3258 5414 ,
3289 5355 3411 5424 quia
3435 5364 3545 5410 tam
3575 5373 3674 5412 ve-

2087 5431 2363 5490 hementer
2403 5451 2596 5508 corpus
2629 5451 2783 5493 suum
2812 5454 3137 5512 persequens
3161 5485 3174 5506 .
3204 5445 3246 5500 si
3281 5445 3412 5500 nihil
3445 5447 3516 5503 ibi
3547 5464 3670 5517 per-

2086 5530 2324 5600 sequitur
2346 5530 2487 5600 quod
2513 5529 2756 5601 displicet
2777 5532 2904 5598 Deo,
2929 5534 3120 5591 frustra
3147 5541 3514 5607 persequendo
3539 5553 3642 5594 tem
3661 5570 3675 5580 ο

2148 5645 2322 5715 fnTrcs
2341 5655 2371 5693 e
2404 5651 2640 5696 Vaticanis
2661 5653 2790 5705 διες..
2811 5659 3071 5712 caprmgat.
3092 5648 3176 5715 alii
3198 5651 3294 5700 duo
3316 5666 3426 5702 cum
3455 5653 3678 5715 [laribus

1980 5747 1996 5770 δ
2083 5703 2196 5753 mili
2217 5717 2348 5778 ants,
2383 5717 2638 5770 expurgat.
2677 5703 2800 5770 Ami,
2827 5703 3088 5773 ιοάτριιᾷηιιι.
3133 5703 3626 5767 ι’1ι;ι”ιειςθιιδιεάιιὶει
3649 5748 3672 5778 ,

2085 5774 2344 5832 expugnet.
