3972 6178
306 294 410 352 849

311 410 456 475 ptum
487 402 600 474 ejus
622 402 745 456 facit
775 400 1016 471 injuriam
1040 413 1284 470 magnam
1307 399 1416 453 Deo
1430 395 1611 463 ?'Quid
1637 394 1891 463 tergiver-

311 495 477 557 saris,
523 493 647 564 quid
687 491 953 546 cunctaris
988 490 1222 559 apertius
1248 486 1532 543 confiteri?
1561 483 1694 539 lllud
1722 483 1897 553 profc-

309 597 429 650 eto,
472 582 598 637 illud
641 590 722 637 est
757 579 897 650 quod
934 580 1033 635 iste
1056 621 1072 644 ,
1099 578 1249 649 cujus
1280 578 1498 630 livorem
1524 573 1898 645 pazdorcmque

313 674 604 745 pra'dicas,
649 673 703 728 in
747 686 839 725 sua
890 685 1049 725 carne
1097 670 1467 739 persequitur,
1519 665 1658 737 unde
1686 664 1897 719 diccbat

313 764 601 834 Aposwlus
625 802 640 828 ,
689 759 808 815 Scio
851 760 969 830 quia
1012 776 1113 814 non
1156 758 1346 834 Imbuat
1388 759 1441 811 in
1482 771 1598 822 me,
1626 756 1720 808 hoc
1747 764 1816 807 est
1846 754 1900 807 in

312 870 468 908 carne
491 869 628 917 mea,
658 851 841 904 bonum
870 848 1043 921 (Rom.
1072 860 1165 914 vit,
1194 847 1302 919 18).
1327 847 1495 915 Quam
1519 860 1702 900 vocem
1730 844 1901 913 bapti-

315 946 418 999 zati
460 959 579 1000 esse
615 957 711 996 cur
737 956 931 1012 negas,
962 956 1081 996 cum
1110 955 1271 1010 opera
1295 939 1440 994 vocis
1468 938 1624 1007 hujus
1653 938 1705 991 in
1737 937 1904 993 livore

316 1035 555 1105 corporis
596 1043 649 1089 et
691 1035 1049 1088 membrorum
1093 1032 1308 1102 predore
1350 1031 1681 1102 cognoscas?
1719 1029 1905 1101 Neque

316 1126 457 1181 enim
484 1123 598 1178 hzec
625 1124 820 1191 sancti,
850 1124 933 1179 vel
966 1123 1055 1177 Dei
1086 1120 1336 1193 flagellis,
1366 1122 1450 1177 vel
1479 1122 1545 1176 ab
1573 1122 1799 1176 inimicis
1824 1131 1906 1176 to-

317 1219 491 1274 lcrant
520 1216 801 1286 patiendo,
830 1215 924 1271 sed
955 1215 1054 1286 ipsi
1075 1216 1173 1270 sibi
1201 1215 1447 1285 ingerunt
1468 1214 1811 1269 continendo.
1837 1213 1910 1268 Et

321 1306 506 1378 utquid
547 1305 683 1372 hoc,
728 1306 827 1361 nisi
868 1314 1053 1361 contra
1091 1304 1268 1360 carnis
1291 1305 1773 1375 concupiscentiam
1803 1303 1911 1373 spi-

319 1401 422 1453 ritu
457 1396 924 1467 concupiscendo?
967 1396 1119 1464 Quod
1161 1397 1410 1451 nimirum
1445 1405 1500 1451 et
1531 1396 1645 1467 ipse
1673 1396 1909 1452 sensisti.

321 1491 453 1545 Cum
497 1490 639 1544 enim
684 1489 995 1545 describens
1020 1487 1324 1545 felicitatem
1353 1489 1543 1555 futurae
1570 1489 1693 1543 vita:
1718 1530 1732 1553 ,
1764 1487 1933 1550 addi",

322 1581 495 1637 disses
537 1590 697 1651 atque
731 1580 957 1636 dixisses
982 1621 997 1647 ,
1035 1600 1054 1633 ι
1096 1580 1263 1636 Nemo
1290 1581 1546 1637 conviciis
1574 1579 1780 1636 felicem
1814 1579 1914 1634 int-

324 1671 666 1742 pndentiam,
710 1684 868 1725 nemo
913 1671 1155 1726 maxillas
1196 1671 1420 1742 palmis,
1469 1686 1628 1726 nemo
1669 1669 1913 1739 subjicict

328 1772 475 1833 terga
521 1762 869 1828 verberibus;
920 1778 1020 1819 nec
1053 1762 1289 1818 conflare
1329 1762 1564 1818 studehit
1600 1761 1666 1817 de
1697 1762 1916 1817 infirmi-

328 1865 439 1911 tate
481 1856 767 1920 virtutem;
819 1870 918 1910 uec
961 1870 1081 1910 cum
1121 1856 1295 1927 in0pia
1327 1855 1636 1926 frugalitas,
1668 1869 1767 1909 nec
1795 1869 1915 1911 cum

332 1946 652 2001 mmroribus
690 1946 1098 2017 magnanimitas
1139 1965 1153 2003 :
1200 1966 1219 2000 ι
1265 1962 1429 2018 quare
1455 1947 1634 2003 dicere
1662 1946 1915 2012 noluisti,

331 2035 441 2091 Nec
480 2052 603 2092 cum
647 2035 824 2091 carnis
865 2038 1290 2107 concupiscentia
1319 2038 1534 2092 castitas
1563 2039 1617 2103 ¹;
1644 2037 1742 2094 sed
1770 2037 1918 2091 festi-

334 2127 470 2183 nasti
495 2140 709 2181 sensum
738 2125 1056 2181 concludere
1079 2167 1094 2192 ,
1121 2135 1279 2197 atque
1299 2126 1506 2193 dixisti,
1543 2145 1562 2179 ι
1599 2141 1698 2182 nec
1719 2126 1921 2197 patien-

336 2218 407 2272 tia
434 2234 554 2273 cum
580 2218 764 2273 dolore
786 2217 1105 2284 luctabitur;
1141 2237 1159 2271 ι
1181 2218 1315 2273 nihil
1333 2219 1473 2274 aliud
1494 2233 1922 2275 commemorans

337 2311 443 2366 nisi
484 2310 626 2381 quod
671 2310 968 2368 forinsecus
1014 2312 1222 2369 irruens
1267 2312 1578 2370 fortitudine
1629 2314 1920 2389 toleratur,

341 2417 448 2458 non
476 2402 618 2473 quod
642 2403 784 2459 intus
807 2418 866 2460 se
890 2418 1234 2460 commovens
1259 2404 1501 2461 castitate
1521 2406 1923 2474 comprimitur?

340 2495 423 2549 An
464 2494 600 2548 forte
643 2508 740 2549 nos
782 2495 960 2565 arguis
1000 2495 1302 2561 tarditatis,
1343 2495 1431 2565 qui
1462 2511 1567 2549 non
1599 2496 1925 2552 intellexeri-

340 2597 460 2639 mus
484 2625 500 2651 ,
534 2582 636 2640 hoc
661 2592 713 2640 te
732 2584 840 2655 jam
867 2585 1197 2658 signiﬁcasse
1220 2587 1465 2658 superius
1484 2629 1499 2655 ,
1523 2603 1645 2643 cum
1666 2587 1735 2644 de
1758 2589 1926 2647 livore

341 2678 582 2745 corporis
624 2675 827 2732 diceres
869 2684 924 2732 et
967 2677 1147 2733 labore
1185 2693 1250 2734 ac
1277 2679 1491 2749 paedore
1518 2682 1925 2739 membrorum?

343 2765 568 2832 Quando
610 2766 751 2820 enim
792 2781 899 2821 non
941 2767 1009 2823 ab
1050 2767 1243 2837 hoste,
1288 2768 1381 2825 sed
1425 2786 1457 2827 a
1500 2786 1560 2828 se
1593 2773 1709 2844 ipso
1732 2772 1925 2847 afﬂigi-

346 2865 436 2911 tur
481 2854 657 2923 fortis,
687 2857 739 2910 in
767 2857 883 2926 ipso
926 2857 1066 2913 intus
1085 2868 1166 2914 est
1192 2861 1278 2929 qui
1307 2860 1597 2918 vincendus
1622 2873 1703 2919 est
1733 2864 1921 2921 hostis.

414 2948 506 3002 47.
535 2947 798 3003 Memento
823 2962 953 3003 sane
978 2963 1083 3003 non
1117 2958 1167 3005 te
1192 2954 1501 3021 exposuisse
1520 2968 1616 3009 cur
1643 2956 1927 3025 Apostolus

346 3038 579 3106 dixerit,
625 3038 947 3110 adoptionem
982 3051 1320 3111 exspectantes
1362 3043 1475 3115 (Id.
1514 3060 1634 3111 vm,
1670 3047 1798 3118 23),
1836 3049 1927 3119 qui

344 3130 452 3201 jam
497 3130 549 3185 in
591 3130 803 3186 lavacro
837 3134 1250 3203 regenerationis
1290 3134 1459 3191 fuerat
1491 3137 1790 3208 adoptatus.
1823 3139 1926 3195 lte-

348 3237 468 3277 rum
498 3221 631 3278 dicis
654 3266 669 3291 ,
707 3242 727 3276 ι
763 3224 903 3294 quod
927 3240 1140 3281 carnem
1163 3243 1314 3283 suam
1342 3229 1521 3286 nullus
1541 3231 1733 3289 oderit.
1762 3251 1783 3286 ι
1800 3231 1929 3302 Quis

349 3313 493 3368 enim
523 3312 624 3369 hoc
652 3325 809 3386 negat
827 3315 853 3369 Υ
871 3315 976 3372 Sed
1009 3324 1181 3374 tamen
1212 3320 1506 3393 disciplinae
1532 3324 1707 3396 rigore
1735 3325 1930 3385 asseris

354 3406 751 3462 conterendam.
794 3409 989 3465 lterum
1028 3426 1155 3483 ergo
1195 3429 1293 3483 pro
1327 3416 1546 3472 veritate
1583 3417 1845 3490 loqueris,
1873 3427 1931 3478 ot

354 3497 540 3554 audire
583 3508 634 3554 te
662 3515 765 3555 non
798 3501 894 3556 vis.
924 3503 1030 3558 Cur
1057 3505 1197 3559 enim
1227 3520 1352 3561 caro
1382 3508 1674 3564 conteritur
1697 3525 1727 3564 a
1758 3510 1931 3568 ﬁdeli-

351 3587 453 3642 has
478 3631 494 3656 ,
515 3588 560 3646 si
587 3589 717 3645 nihil
742 3593 994 3648 remansit
1016 3594 1068 3648 in
1091 3595 1360 3665 Baptismo
1380 3598 1521 3668 quod
1546 3599 1803 3657 adversus
1821 3604 1934 3674 spi-

350 3682 514 3736 ritum
561 3684 942 3753 concupiscat?
984 3700 1113 3753 cur,
1164 3686 1377 3757 inquam
1403 3730 1418 3755 ,
1466 3692 1761 3747 conteritur
1801 3709 1831 3748 a
1875 3709 1935 3750 se

351 3773 472 3841 ipso
499 3772 750 3844 templum
777 3774 904 3840 Dei,
934 3776 978 3830 si
1004 3776 1133 3830 nihil
1158 3777 1228 3831 ibi
1254 3787 1335 3833 est
1360 3779 1501 3847 quod
1526 3783 1741 3839 resistat
1765 3782 1937 3854 Spiri-

354 3863 430 3917 tui
469 3863 603 3918 Dei?
635 3864 747 3919 Non
775 3873 950 3921 autem
983 3875 1182 3921 tantum
1209 3867 1440 3935 inesset,
1470 3887 1652 3927 verum
1681 3881 1735 3928 et
1759 3874 1938 3944 gravi-

356 3958 440 4010 ter
472 3956 719 4022 obcsset,
756 3957 854 4012 nisi
899 3967 1078 4013 reatus
1119 3974 1224 4029 quo
1252 3959 1272 3989 ²
1296 3976 1393 4016 nos
1418 3960 1779 4018 obstrinxerat
1800 4005 1816 4029 ,
1845 3981 1940 4035 per

354 4047 721 4102 remissionem
767 4056 1102 4117 peccatorum
1129 4049 1333 4104 solutus
1362 4060 1522 4106 esset.
1555 4051 1791 4108 Solvitur
1813 4070 1940 4125 ergo

354 4153 454 4208 per
490 4137 901 4209 indulgentiam,
945 4140 1067 4209 quia
1114 4138 1326 4194 tenebat
1354 4140 1405 4195 in
1438 4157 1573 4196 noxa
1607 4162 1621 4198 :
1650 4146 1944 4200 conteritur

354 4242 453 4297 per
489 4228 867 4283 continentiam
892 4270 908 4293 ,
938 4245 1005 4285 ne
1033 4229 1210 4285 vincat
1244 4229 1294 4283 in
1329 4246 1520 4302 pugna.
1555 4233 1742 4304 Agitur
1767 4236 1944 4305 itaque

355 4334 427 4373 ne
457 4317 626 4384 obsit,
651 4319 822 4375 donec
850 4320 919 4373 ita
946 4328 1164 4375 sanetur
1185 4329 1363 4375 utnon
1392 4323 1480 4376 sit.
1508 4322 1843 4394 Quapropter
1863 4325 1946 4381 di-

356 4409 641 4466 mittuntur
666 4411 718 4465 in
744 4411 1062 4481 Baptismate
1091 4421 1276 4468 cuncta
1310 4424 1525 4483 peccata
1548 4457 1562 4481 ,
1593 4426 1646 4471 et
1671 4418 1943 4487 originali-

357 4508 442 4554 ter
488 4509 689 4567 tracta,
735 4510 788 4556 et
828 4502 1133 4571 ignorauter
1181 4503 1265 4558 vel
1313 4505 1544 4560 scienter
1581 4506 1807 4576 adjecta.
1840 4508 1946 4565 Sed

357 4607 479 4646 cum
520 4592 649 4647 dicit
683 4595 966 4661 Apostolus
991 4594 1220 4650 Jacobus
1240 4636 1255 4662 ,
1293 4595 1642 4670 Unusquisque
1672 4609 1893 4656 tentatur
1916 4618 1949 4656 a

356 4684 760 4752 concupiscentia
797 4700 888 4738 sua
913 4684 1190 4741 abstractus
1214 4697 1259 4740 et
1285 4686 1481 4742 illectus
1511 4705 1531 4745 :
1556 4690 1737 4745 deinde
1760 4708 1947 4747 concu-

360 4771 604 4841 piscentia
627 4789 742 4827 cum
768 4777 1084 4844 conceperit,
1119 4778 1251 4846 parit
1281 4788 1539 4849 peccatum
1570 4780 1769 4854 (Jacobi
1789 4798 1827 4850 t,
1860 4785 1946 4853 14,

360 4863 452 4934 15)
478 4879 493 4927 ;
524 4864 761 4934 proiecto
792 4867 842 4920 in
886 4865 971 4922 his
998 4868 1177 4923 verbis
1204 4878 1386 4938 partus
1412 4886 1439 4923 a
1475 4872 1714 4940 pariente
1742 4872 1947 4929 discer-

359 4957 524 5012 nitur.
554 4957 772 5013 Pariens
797 4961 939 5016 enim
962 4969 1045 5015 est
1068 4963 1497 5033 concupiscentia
1518 5007 1534 5032 ,
1563 4977 1744 5035 partus
1764 4982 1944 5038 pecca~

360 5057 494 5100 tum.
538 5046 641 5103 Sed
676 5052 1106 5121 concupiscentia
1138 5070 1241 5108 non
1275 5056 1443 5124 parit,
1476 5057 1574 5110 nisi
1602 5059 1947 5127 conceperit;

356 5154 457 5195 nec
494 5140 758 5212 concipit,
792 5142 891 5197 nisi
925 5143 1154 5199 illexerit
1176 5186 1190 5210 ,
1223 5146 1325 5201 hoc
1350 5156 1432 5201 est
1454 5189 1470 5215 ,
1501 5148 1567 5203 ad
1600 5150 1797 5204 malum
1830 5165 1951 5220 pcr-

356 5231 678 5301 pctrandum
724 5234 1014 5290 obtinuerit
1056 5238 1280 5293 volentis
1316 5254 1614 5297 assensum.
1646 5243 1796 5309 Quod
1824 5259 1951 5314 ergo

356 5323 615 5379 adversus
644 5339 760 5379 eam
787 5325 1098 5394 dimicatur,
1122 5327 1223 5384 hoc
1247 5331 1424 5400 agitur
1442 5373 1457 5396 ,
1483 5348 1550 5386 ne
1568 5334 1829 5403 concipiat
1852 5350 1948 5405 pa-

359 5416 569 5483 siatque
592 5424 884 5483 peccatum.
917 5415 1157 5473 Dimissis
1183 5420 1359 5490 itaque
1388 5423 1440 5476 in
1470 5423 1737 5494 Baptismo
1759 5442 1950 5496 pecca-

424 5507 439 5581 ξ
478 5506 615 5567 miti,
638 5520 726 5577 nec
747 5521 860 5581 cum
892 5507 1053 5573 inopia
1075 5509 1407 5581 frugalitatem
1420 5548 1437 5574 ,
1476 5527 1564 5566 nec
1587 5529 1701 5581 cunt
1723 5518 1950 5581 maerori-

1019 5566 1108 5648 κει
1136 5566 1248 5648 cia
1270 5566 1434 5626 εαηιίέ
1468 5566 1953 5648 concupiscamu-

358 5628 704 5704 stitateni._l)tto
718 5633 868 5704 yatic.
898 5641 1022 5691 Mss,
1048 5634 1319 5700 frugalitas,
1344 5628 1723 5702 magnanimitas,
1753 5628 1846 5692 etc.

423 5694 443 5722 ⁸
476 5694 622 5754 bditl,
646 5694 743 5758 qui.
770 5702 825 5744 Αι
846 5703 969 5758 1:53.,
994 5694 1104 5758 quo.

1668 272 1869 333 ι.ιυὶὶῖ
1909 276 2197 335 SEXTUS.

3470 276 3576 336 850

1998 393 2066 447 tis
2103 392 2353 449 munibus
2372 436 2386 461 ,
2419 394 2471 450 id
2501 397 2584 446 est
2606 389 2851 445 omnibus
2877 394 3323 467 concupiscentia:
3349 391 3576 457 fetibus,

1998 482 2042 536 si
2094 482 2200 537 illic
2245 482 2405 537 etiam
2447 484 2559 554 ipsa
2608 494 3070 555 consumptaest,
3100 482 3366 554 quonwdo
3393 491 3579 538 contra

1999 591 2116 631 eam
2158 591 2226 632 ne
2265 576 2561 646 concipiat,
2592 577 2844 632 dimicant
2867 578 3033 632 sancti
3061 597 3080 629 ι
3118 578 3281 631 livore
3305 574 3579 644 corporis,

2004 666 2214 737 pzedore
2238 669 2595 723 membrorum
2619 709 2634 735 ,
2659 668 2974 723 contritione
2992 667 3211 723 carnis?
3238 686 3257 720 ι
3285 682 3402 737 qua:
3422 665 3582 722 verba

2005 767 2090 812 tua
2135 768 2277 812 sunt.
2319 756 2596 825 Quomodo
2617 800 2633 826 ,
2664 758 2881 828 inquam
2902 799 2918 821 ,
2948 759 3143 823 livore,
3170 757 3382 827 paedore
3403 795 3421 824 ,
3451 771 3584 811 con-

2004 846 2220 902 tritioue
2245 848 2427 919 templi
2454 848 2548 904 Dei
2569 858 2754 907 contra
2781 863 2899 904 eam
2926 848 3271 917 belligeratur
3302 864 3332 902 a
3362 847 3584 912 cinctis,

2007 943 2055 999 si
2097 953 2151 998 et
2190 944 2302 1015 ipsa
2342 953 2425 999 est
2463 944 2638 1026 ablata
2664 943 3028 1015 Baptismate?
3055 943 3229 998 Manet
3257 942 3456 1013 igitur:
3490 955 3590 997 nec

2007 1052 2069 1091 ea
2102 1038 2514 1108 regenerationis
2542 1038 2755 1094 lavacro
2778 1037 3046 1092 caruimus
3063 1077 3079 1099 .
3107 1035 3165 1091 si
3179 1052 3287 1090 non
3316 1036 3397 1093 ibi.
3412 1035 3592 1090 carui~~

2010 1144 2129 1183 ntus
2153 1143 2314 1184 sensu
2335 1171 2349 1192 ,
2382 1143 2493 1198 quo
2517 1144 2639 1185 eam
2662 1143 2880 1183 manere
2909 1127 3186 1182 sentimus.
3248 1188 3251 1191 _

2081 1220 2170 1275 48.
2202 1220 2330 1289 Quis
2356 1230 2535 1275 autem
2563 1219 2632 1273 ita
2658 1218 2729 1274 sit
2756 1217 3064 1288 imprudens
3088 1226 3248 1287 atque
3273 1215 3549 1287 impudens
3574 1257 3589 1282 ,

2013 1311 2083 1365 ita
2115 1324 2306 1379 procax
2327 1350 2342 1377 ,
2375 1309 2617 1378 pertinax
2635 1349 2650 1375 ,
2677 1308 2925 1379 pervicax
2946 1348 2961 1372 ,
2991 1307 3064 1362 ita
3087 1318 3355 1377 postremo
3380 1307 3595 1361 insanus

2012 1411 2067 1457 et
2097 1400 2316 1455 demens
2337 1442 2351 1466 ,
2378 1399 2615 1470 quicum
2637 1406 2854 1469 peccata
2887 1398 3027 1454 mala
3053 1412 3174 1454 esse
3202 1396 3429 1453 fateatur
3452 1437 3473 1462 ,
3496 1412 3596 1451 ne-

2014 1498 2103 1561 get
2123 1506 2240 1547 esse
2262 1491 2457 1546 malum
2481 1489 2965 1560 concupiscentiam
2998 1499 3360 1558 peccatorum,
3388 1487 3599 1543 etiamsi

2015 1583 2281 1645 adversus,
2310 1598 2427 1638 eam
2471 1582 2881 1652 concupisceutc
2910 1581 3097 1651 spiritu
3120 1621 3148 1649 ,
3172 1590 3385 1649 peccata
3416 1580 3600 1633 com-i-

2017 1690 2144 1745 pere
2184 1690 2247 1729 ac
2289 1689 2476 1743 parere
2514 1689 2620 1730 non
2648 1674 2889 1729 sinatur?
2921 1672 3047 1728 Tale
3076 1687 3235 1742 porro
3257 1686 3319 1727 ac
3350 1680 3455 1725 tam
3485 1686 3602 1724 ma-

2018 1782 2178 1839 gnum
2224 1767 2419 1821 malum
2443 1808 2458 1831 ,
2511 1775 2712 1820 tantum
2743 1764 2863 1834 quia
2895 1763 3069 1830 inest,
3098 1763 3363 1834 quomodo
3390 1778 3497 1816 non
3528 1771 3605 1815 te-

2020 1864 2170 1912 neret
2197 1855 2251 1909 in
2271 1864 2439 1910 morte
2460 1865 2513 1911 et
2537 1853 2867 1924 pertraheret
2888 1854 2940 1915 in
2964 1854 3201 1908 ultimam
3220 1864 3467 1918 mortem,
3499 1851 3607 1907 nisi

2022 1957 2074 2003 et
2096 1947 2213 2017 ejus
2242 1946 2508 2001 vinculum
2539 1946 2590 2001 in
2616 1944 2842 2017 illa‘qua:
2874 1945 2933 2000 [lt
2961 1946 3013 2000 in
3035 1945 3310 2015 Baptismo
3336 1944 3608 1999 remissio-

2023 2053 2094 2093 ne
2113 2047 2454 2110 peccatorum
2477 2036 2712 2092 omnium
2734 2035 3073 2095 solveretur?
3100 2036 3325 2109 Propter
3345 2034 3446 2091 huc
3467 2034 3609 2091 enim

2024 2129 2290 2185 vinculum
2316 2129 2454 2201 quod
2484 2129 2817 2185 connectitur
2841 2144 2911 2185 ex
2939 2128 3110 2199 primo
3137 2128 3303 2182 Adam
3324 2168 3344 2193 ,
3373 2141 3471 2181 nec
3499 2126 3610 2181 sol-

2024 2222 2075 2275 vi
2121 2230 2296 2292 potest
2340 2220 2440 2274 nisi
2484 2220 2537 2274 in
2580 2219 2814 2275 secundo
2853 2219 3064 2284 Adam;
3106 2228 3323 2289 pr0pter
3350 2216 3492 2283 hoc,
3534 2217 3613 2270 in-

2025 2327 2185 2382 quam
2211 2352 2225 2375 ,
2256 2309 2524 2365 vinculum
2546 2309 2734 2366 mortis
2753 2352 2772 2377 ,
2794 2310 2985 2365 mortui
3009 2308 3343 2379 reperiuntur
3363 2306 3612 2370 infantes,

2027 2419 2133 2457 non
2172 2402 2269 2456 ista
2308 2411 2479 2457 morte
2509 2401 2783 2456 notissima
2811 2418 2930 2471 quae
2956 2417 2987 2455 a
3016 2414 3244 2471 corpore
3268 2400 3498 2454 animam
3526 2413 3613 2454 se-

2032 2500 2187 2564 parat
2212 2535 2225 2558 ,
2252 2490 2353 2547 sed
2371 2508 2433 2547 ea
2464 2500 2639 2547 morte
2667 2507 2771 2562 qua
2798 2490 3114 2547 tenebantur
3132 2505 3319 2545 omnes
3338 2531 3353 2553 ,
3386 2504 3484 2559 pro
3502 2487 3618 2560 qui-

2030 2586 2132 2641 bus
2172 2570 2415 2641 mortuus
2442 2593 2525 2638 est
2551 2583 2814 2640 Christus.
2846 2582 3048 2640 Scimus
3074 2584 3214 2638 enim
3245 2624 3260 2649 ,
3291 2584 3365 2638 ait
3393 2582 3620 2653 Aposto-

2028 2676 2111 2733 lus
2137 2674 2303 2747 (quod
2325 2690 2354 2728 a
2375 2674 2527 2729 nobis
2548 2673 2842 2744 saepissime
2862 2673 3208 2744 repetendum
3232 2670 3358 2744 est),
3380 2672 3618 2744 quoniam

2034 2786 2165 2823 unus
2189 2784 2283 2841 pro
2304 2765 2533 2822 omnibus
2560 2775 2788 2820 mortuus
2806 2775 2915 2832 est;
2937 2781 3053 2836 ergo
3070 2781 3243 2820 omnes
3268 2764 3450 2818 mortui
3468 2772 3588 2817 sunt
3602 2778 3621 2817 :

2035 2871 2084 2916 et
2128 2876 2218 2931 pro
2257 2858 2487 2914 omnibus
2528 2866 2756 2912 mortuus
2792 2863 2898 2923 est,
2938 2865 2993 2909 ut
3032 2856 3117 2923 qui
3156 2855 3322 2909 vivunt
3345 2896 3361 2923 ,
3382 2855 3496 2926 jam
3520 2870 3622 2906 non

2036 2953 2131 3008 sibi
2169 2952 2364 3016 vivant,
2411 2948 2500 3004 sed
2528 2948 2573 3003 ei
2597 2946 2682 3019 qui
2710 2964 2803 3020 pro
2833 2945 3062 3002 omnibus
3089 2953 3314 3000 mortuus
3342 2953 3413 3003 est
3431 2984 3455 3011 ι
3473 2953 3518 3001 et
3544 2960 3624 3002 re-

2034 3045 2250 3101 surrexit
2279 3042 2345 3117 (ll
2377 3040 2495 3096 Cor.
2526 3056 2558 3095 v
2578 3083 2592 3107 ,
2624 3039 2690 3095 14
2711 3082 2726 3109 ,
2758 3038 2871 3111 15).
2897 3037 2974 3093 illi
2998 3053 3124 3108 ergo
3151 3039 3332 3093 vivunt
3350 3077 3374 3103 ,
3394 3051 3490 3107 pro
3508 3035 3624 3104 qui-

2031 3135 2130 3193 bus
2157 3142 2216 3189 ut
2241 3134 2443 3199 vivant,
2473 3141 2710 3187 mortuus
2735 3140 2818 3187 est
2848 3128 2935 3201 qui
2960 3128 3194 3187 vivebat.
3217 3126 3369 3198 Quod
3388 3128 3624 3199 apertius

2033 3225 2105 3281 ita
2141 3224 2335 3281 dicitur
2379 3242 2392 3277 :
2441 3222 2520 3277 llli
2561 3228 2686 3276 sunt
2722 3234 2752 3276 a
2795 3221 2984 3275 mortis
3012 3219 3224 3274 vinculo
3253 3217 3406 3274 liberi
3435 3218 3451 3249 ³
3474 3259 3489 3285 ,
3521 3232 3619 3288 pro

2033 3318 2227 3390 quibus
2251 3328 2495 3374 mortuus
2516 3327 2595 3374 est
2619 3319 2757 3373 inter
2776 3326 3015 3374 mortuos
3036 3317 3170 3372 liber
3192 3314 3362 3389 (Psal.
3387 3330 3625 3380 Lxxxvn,

2036 3408 2116 3480 6).
2165 3409 2263 3466 Vel
2305 3410 2384 3465 sic
2430 3409 2598 3464 multo
2636 3408 2914 3479 apertius:
2948 3407 3029 3463 llli
3065 3416 3190 3462 sunt
3213 3405 3417 3462 liberati
3442 3420 3473 3459 a
3500 3419 3627 3477 pec-

2037 3509 2194 3567 cato,
2239 3516 2335 3570 pro
2372 3500 2563 3570 quibus
2589 3509 2831 3555 mortuus
2859 3499 3054 3570 estqui
3080 3514 3350 3569 nunquam
3378 3497 3549 3554 fuerat
3574 3498 3628 3552 in

2037 3603 2279 3666 peccato.
2325 3592 2391 3647 Et
2418 3608 2539 3648 cum
2568 3593 2734 3648 semel
2761 3592 2827 3647 sit
2854 3602 3129 3656 mortuus,
3163 3601 3338 3649 tamen
3372 3606 3467 3662 pro
3495 3605 3629 3645 uno-

2039 3701 2254 3758 quoque
2293 3694 2418 3741 tunc
2459 3685 2685 3742 moritur
2704 3725 2720 3752 ,
2752 3683 2964 3756 quando
2993 3685 3045 3739 in
3075 3684 3191 3753 ejus
3217 3694 3390 3739 morte
3411 3725 3427 3751 ,
3453 3698 3629 3754 quan-

2045 3780 2246 3836 tielibet
2268 3779 2439 3835 mtatis
2466 3777 2661 3843 fuerit,
2689 3777 2985 3847 baptizatur
3013 3795 3027 3830 :
3060 3775 3110 3831 id
3136 3784 3218 3831 est
3236 3815 3252 3838 ,
3283 3782 3409 3829 tunc
3434 3773 3484 3829 ei
3508 3788 3632 3845 pro-

2043 3870 2182 3928 derit
2215 3887 2362 3928 mors
2386 3870 2502 3941 ejus
2525 3870 2615 3942 qui
2647 3870 2745 3925 fuit
2771 3870 2888 3925 sine
2914 3877 3130 3939 peccato
3149 3908 3165 3937 ,
3196 3864 3409 3937 quando
3433 3865 3485 3920 in
3513 3863 3630 3934 ejus

2044 3973 2217 4020 morte
2263 3964 2559 4034 baptizatus
2596 3971 2839 4018 mortuus
2864 3961 3019 4015 fuerit
3045 3959 3202 4015 etiam
3234 3959 3348 4030 ipse
3377 3964 3590 4029 peccato
3612 3997 3629 4023 ,

2045 4055 2133 4125 qui
2163 4064 2403 4109 mortuus
2429 4054 2596 4109 fuerat
2623 4053 2676 4107 in
2709 4061 2947 4124 peccato.

2117 4144 2342 4202 CAPUT
2365 4143 2505 4199 XVI.
2533 4174 2605 4185 ——
2630 4144 2720 4199 49.
2747 4142 2948 4215 lngeris
2975 4141 3215 4212 Apostoli
3240 4138 3640 4203 testimonium.

2049 4235 2139 4290 ubi
2169 4236 2277 4301 ait,
2309 4232 2483 4289 Nolite
2510 4250 2713 4297 errare;
2739 4249 2896 4304 neque
2923 4231 3188 4303 fornicarii
3202 4272 3224 4297 ν
3245 4247 3401 4295 neque
3422 4229 3634 4285 simula-

2048 4326 2149 4380 cris
2178 4325 2465 4390 servientes,
2493 4332 2547 4379 et
2573 4308 2790 4390 czrtera,
2815 4322 3006 4393 quibus
3026 4322 3484 4389 commemoratis,
3509 4336 3637 4376 enn-

2049 4416 2215 4472 cludit
2255 4416 2396 4489 quod
2429 4434 2635 4488 regnum
2665 4414 2761 4469 Dei
2787 4433 2887 4471 non
2915 4415 3236 4487 possidebunt
3266 4416 3310 4467 ³.
3341 4413 3445 4470 Sed
3474 4423 3638 4482 agunt

2053 4508 2175 4563 talia
2217 4509 2308 4578 qui
2346 4508 2790 4578 concupiscentiae
2815 4547 2829 4571 ,
2869 4522 3027 4578 quam
3058 4498 3251 4561 dandas
3272 4547 3286 4570 ,
3318 4505 3547 4559 motibus
3571 4504 3634 4556 ml

2052 4598 2193 4653 mala
2237 4607 2292 4655 et
2332 4600 2506 4668 turpia
2548 4615 2770 4669 qumque
2807 4598 3168 4654 consentiunt.
3200 4596 3351 4669 Quod
3377 4611 3504 4666 ergo
3529 4595 3636 4655 ait,

2053 4691 2121 4747 Et
2161 4694 2267 4749 lucc
2292 4693 2489 4760 quidem
2517 4693 2684 4766 fuistis
2702 4733 2718 4758 ,
2746 4692 2835 4746 sed
2859 4692 3016 4745 abluti
3044 4692 3160 4745 estis
3180 4732 3193 4753 ,
3222 4689 3312 4744 sed
3336 4685 3640 4753 sancti/irati

2053 4786 2171 4841 estis
2212 4785 2254 4857 (l
2297 4783 2415 4841 Cor.
2449 4800 2544 4850 vt,
2572 4783 2718 4856 9-H)
2752 4802 2765 4838 :
2800 4791 3028 4838 luctatos
3055 4795 3149 4836 eos
3178 4779 3309 4837 dixit
3333 4779 3386 4833 in
3415 4777 3602 4831 melitts
3628 4819 3643 4843 ,

2054 4893 2160 4933 non
2183 4887 2241 4934 ut
2258 4894 2320 4933 ea
2341 4886 2623 4944 carerent,
2649 4877 2790 4947 quod
2818 4877 2869 4931 in
2897 4876 2997 4929 hac
3020 4874 3123 4927 vita
3148 4873 3263 4929 fieri
3292 4887 3395 4927 non
3425 4879 3595 4939 potest
3623 4884 3638 4933 ;

2055 4970 2150 5027 sed
2179 4979 2235 5025 ut
2262 4970 2309 5023 ci
2342 4985 2446 5023 non
2477 4968 2755 5024 obedireut
2775 5008 2792 5036 ,
2819 4966 2956 5038 quod
2984 4965 3036 5020 in
3058 4964 3079 4997 ³
3106 4964 3243 5019 bona
3270 4962 3378 5017 vita
3408 4959 3521 5015 ficri
3546 4976 3640 5030 po-

2058 5072 2196 5130 test;
2228 5072 2386 5134 atque
2412 5069 2467 5117 ut
2493 5061 2560 5115 ab
2587 5077 2652 5116 eo
2671 5103 2686 5127 ,
2712 5076 2818 5132 quo
2843 5068 2992 5115 erant
3015 5056 3226 5112 vinculo
3247 5053 3362 5124 ejus
3384 5051 3597 5107 obnoxii
3623 5093 3639 5115 ,

2058 5157 2308 5212 liberatos
2350 5170 2409 5210 se
2452 5168 2571 5209 esse
2605 5161 2991 5223 cugtmscerent
3014 5192 3028 5216 ,
3059 5148 3200 5221 quod
3228 5147 3327 5203 nisi
3356 5160 3642 5217 regenera-

2060 5250 2202 5304 tione
2240 5248 2352 5303 fieri
2391 5262 2496 5302 non
2525 5255 2719 5318 potest.
2749 5244 2827 5299 Tu
2857 5252 3032 5298 autem
3054 5284 3070 5307 ,
3104 5241 3191 5311 qtti
3218 5246 3404 5311 putas,
3440 5254 3460 5289 ι
3498 5236 3641 5307 quod

2057 5340 2101 5394 si
2139 5339 2335 5393 malum
2365 5346 2508 5392 esset
2532 5331 2992 5404 concupiscentia,
3028 5340 3237 5387 careret
3262 5344 3324 5385 ea
3354 5326 3445 5399 qui
3471 5326 3643 5397 bapti-

2058 5438 2234 5492 zatur,
2270 5446 2288 5480 ι
2316 5426 2537 5482 multum
2560 5440 2728 5480 erras.
2752 5423 2909 5479 Omni
2935 5423 3077 5477 enim
3104 5427 3321 5492 peccato
3342 5427 3510 5482 caret,
3535 5432 3645 5474 non

2120 5520 2142 5613 ξ
2175 5515 2767 5631 ἓῗὲἓῖἓῖίξὲἒὲιὲέώέῶῗξὶ
2783 5577 2929 5634 addit.
2959 5587 3038 5639 qui
3061 5571 3179 5624 talia
3203 5579 3351 5639 eam!

2122 5610 2140 5613 —
2176 5610 2258 5631 ...υ
2279 5610 2590 5629 ινιυιιαυυυοω
2604 5610 2758 5629 υνυς.
2783 5610 2929 5634 μω...
2959 5610 3038 5639 .,...
3061 5610 3179 5624 ...ηπ
3203 5610 3367 5636 -,,-....

2121 5642 2149 5713 ⁸,
2177 5641 2305 5710 Idem
2342 5648 2421 5691 Ms.
2463 5642 2804 5701 Floriacensis,
2841 5637 2971 5703 quod
3018 5636 3137 5689 bona
3174 5634 3270 5689 vita
3313 5631 3424 5701 [ἱειὶ
3455 5633 3604 5696 pota!
3621 5638 3645 5692 ι

2060 5716 2261 5766 omisso,
2282 5717 2347 5754 m.
