3972 6178
353 345 450 404 ιΜ

355 467 501 524 οηιιιί
546 464 706 522 malo.
749 459 904 532 Quod
948 456 1154 531 planius
1193 454 1263 508 ita
1301 452 1496 508 dicitur
1535 465 1550 502 :
1590 443 1746 502 Omni
1789 447 1940 497 reatu

355 559 596 618 oninitnn
642 531 903 611 malorum
947 556 1124 615 caret,
1165 561 1270 601 non
1299 541 1548 600 omnibus
1575 537 1749 593 malis.
1779 531 1944 588 Num-

357 650 485 720 quid
510 649 650 706 ollim
671 652 821 702 caret
839 639 1182 712 corruptione
1201 631 1484 711 corporis?
1509 635 1702 686 Annon
1723 635 1807 682 est
1828 638 1942 720 ma-

361 718 468 800 lum
497 739 638 812 quod
663 743 913 809 aggravat
935 730 1203 790 animam?
1231 737 1286 786 et
1304 727 1501 784 erravit
1519 723 1609 794 qui
1633 721 1796 788 dixit,
1821 718 1948 774 Cor-

362 853 457 908 pus
498 836 630 892 enim
668 829 992 903 corruptibile
1012 833 1252 900 aggravet
1275 821 1498 878 animam
1529 817 1684 895 (Sap.
1711 831 1787 880 ιι,
1815 813 1947 908 ιδῃ

360 907 625 1000 Numquid
647 931 793 980 caret
815 919 1129 994 ignorantiae
1153 917 1297 972 malo
1314 958 1328 981 ,
1358 929 1458 986 per
1483 911 1622 984 quod
1645 925 1677 965 a
1705 907 1950 964 nescien—

362 1019 505 1076 tibus
541 1013 948 1076 innumerabilia
989 1017 1366 1082 perpetrantur
1403 1005 1584 1060 mala?
1620 1004 1701 1058 An
1727 1013 1949 1072 parvum

365 1110 562 1166 rnatum
596 1116 720 1176 est,
760 1121 856 1178 per
895 1103 1040 1176 quod
1077 1101 1240 1157 homo
1275 1113 1382 1154 non
1422 1095 1646 1168 percipit
1685 1109 1803 1164 quae
1829 1097 1950 1146 sunt

363 1202 592 1272 Spiritus
618 1198 748 1256 Dei?
777 1199 854 1254 De
873 1193 1153 1266 baptizatis
1174 1205 1367 1262 nempe
1387 1187 1596 1244 dicebat
1621 1181 1904 1255 Apostolus
1935 1197 1950 1234 :

368 1271 620 1350 Animalis
662 1291 813 1348 homo
857 1304 966 1362 non
1009 1281 1220 1359 percipit
1265 1296 1381 1354 qua
1415 1289 1532 1336 sunt
1564 1277 1790 1350 Spiritus
1819 1271 1954 1338 Dei;

275 1403 280 1412 '
367 1386 582 1444 stultitia
611 1393 685 1446 est
715 1385 847 1440 enim
866 1381 948 1439 illi
969 1421 983 1448 ,
1016 1389 1064 1434 et
1091 1395 1192 1434 non
1215 1385 1377 1450 potest
1401 1375 1561 1438 scire,
1587 1370 1826 1441 quoniam
1845 1365 1957 1438 spi-

276 1531 280 1544 ,
370 1475 624 1534 ritualiter
652 1473 963 1546 diiudicatur
985 1469 1032 1541 (l
1057 1467 1174 1525 Cor.
1205 1483 1272 1537 tt,
1303 1464 1372 1521 Η
1391 1505 1406 1530 ,
1438 1463 1542 1536 l5).
1575 1459 1778 1517 Deinde
1801 1456 1958 1528 paulo

270 1599 282 1652 ξ
371 1577 494 1637 post
541 1584 554 1622 :
597 1565 664 1622 Et
705 1581 825 1637 ego,
863 1561 1066 1634 inquit,
1111 1563 1331 1632 fratres,
1357 1572 1460 1611 non
1491 1553 1631 1625 potui
1659 1553 1797 1624 loqui
1821 1549 1960 1652 nobis

371 1661 517 1726 quasi
541 1657 909 1731 spiritualibus,
935 1655 1024 1710 sed
1045 1653 1189 1725 quasi
1213 1647 1518 1706 carnalibus.
1553 1645 1714 1714 Quasi
1737 1641 1961 1714 paruulis

373 1755 429 1816 in
463 1750 662 1807 Christo
681 1792 696 1816 ,
725 1747 806 1804 lac
835 1747 971 1802 nobis
1001 1756 1174 1818 potum
1198 1741 1348 1804 dedi,
1378 1754 1480 1794 non
1505 1753 1708 1801 escam;
1738 1732 1962 1788 nondum

375 1844 508 1899 enim
546 1841 784 1916 poteratis
813 1856 833 1896 :
858 1838 948 1895 sed
983 1854 1074 1892 nec
1101 1835 1270 1890 adhuc
1295 1832 1496 1906 quidem
1524 1829 1726 1901 potestis
1748 1844 1768 1892 ;
1797 1826 1964 1879 adhuc

376 1939 510 1992 enim
531 1935 648 1991 estis
673 1931 922 1988 carnales.
951 1929 1077 1986 Cum
1097 1929 1228 1986 enim
1259 1927 1358 1982 sint
1379 1925 1507 1981 inter
1535 1920 1898 1977 uos'temulatio
1916 1928 1965 1972 et

377 2026 628 2084 contentio
647 2067 663 2092 ,
700 2040 864 2080 nonne
899 2019 1128 2078 carnales
1156 2018 1273 2076 estis
1291 2061 1307 2083 ,
1335 2027 1382 2074 et
1409 2015 1690 2074 secundum
1714 2013 1966 2068 hominem

378 2117 690 2178 ambulans?
729 2115 864 2174 Vide
899 2130 1019 2187 qua:
1057 2113 1199 2170 dicat
1229 2111 1367 2168 mala
1393 2109 1462 2166 de
1488 2107 1799 2178 ignorantia:
1825 2104 1968 2163 malo

381 2211 666 2270 venientia.
711 2208 780 2266 Et
809 2217 951 2281 ‘puto
987 2207 1130 2279 quod
1167 2221 1272 2261 non
1315 2203 1384 2260 de
1421 2198 1822 2259 catechumenis
1867 2198 1969 2252 ista

381 2305 612 2364 dicebat.
647 2302 859 2361 Parvuli
896 2302 1092 2374 quippe
1134 2301 1187 2356 in
1217 2297 1431 2355 Christo
1459 2293 1726 2368 quomodo
1753 2298 1968 2357 essent,

382 2399 486 2454 nisi
537 2397 647 2469 jam
696 2395 867 2452 renati
917 2391 1147 2451 essent?
1195 2389 1347 2464 Quod
1398 2389 1442 2446 si
1482 2387 1718 2443 nondum
1755 2384 1968 2451 credis,

385 2487 513 2559 quid
564 2489 644 2544 eis
693 2495 812 2556 post
857 2499 1025 2556 pauca
1071 2484 1246 2549 dicat,
1289 2478 1503 2536 attende
1545 2496 1559 2532 :
1600 2476 1821 2532 Nescitis
1855 2475 1973 2547 quia

385 2578 628 2651 templum
664 2579 762 2637 Dei
786 2579 902 2633 estis
920 2619 934 2642 ,
959 2586 1009 2632 et
1037 2574 1259 2647 Spiritus
1289 2573 1384 2628 Dei
1407 2569 1597 2627 habitat
1621 2571 1672 2624 in
1703 2567 1834 2622 vobis
1861 2565 1972 2640 (Id.

386 2688 479 2740 tn,
510 2673 576 2740 l,
607 2671 672 2740 2,
705 2667 836 2745 l6)?
859 2671 938 2726 An
966 2667 1140 2732 adhuc
1163 2663 1450 2730 dubitabis,
1477 2661 1562 2722 vel
1592 2661 1810 2731 negabis
1829 2700 1844 2724 ,
1869 2674 1975 2716 non

385 2777 481 2820 eos
533 2761 772 2834 potuisse
817 2774 938 2816 esse
991 2757 1243 2827 templum
1299 2754 1428 2819 Dei,
1477 2753 1529 2808 in
1569 2767 1674 2824 quo
1713 2750 1976 2804 habitaret

379 2854 619 2922 Spiritus
657 2853 782 2920 Dei,
825 2851 927 2908 nisi
965 2847 1300 2919 baptizatos?
1337 2845 1538 2906 Saltem
1576 2857 1705 2920 ergo
1729 2840 1857 2901 illud
1885 2859 1974 2900 re-

388 2946 537 3016 spice
571 2945 714 3018 quod
752 2943 838 3000 eis
867 2941 1003 3007 dixit
1041 2964 1056 2999 :
1099 2940 1364 3016 Numquid
1399 2941 1452 2996 in
1480 2940 1682 2998 nomine
1709 2937 1863 2993 Pauli
1888 2937 1977 2992 ba—

385 3037 567 3116 ptismi
601 3035 720 3096 estis
757 3036 869 3110 (Id.
911 3053 967 3106 ι,
1009 3037 1147 3107 l3)?
1184 3034 1300 3096 Non
1340 3033 1500 3104 igitur
1523 3039 1806 3088 caruerant
1831 3037 1977 3084 tanto

389 3131 703 3204 ignorantia:
725 3129 864 3185 malo
891 3128 945 3190 in
971 3129 1182 3188 lavacro
1203 3123 1620 3197 regenerationis
1635 3163 1649 3189 ,
1683 3119 1770 3175 ubi
1797 3128 1977 3180 tamen

389 3225 639 3284 omnibus
677 3227 960 3284 caruerunt
999 3219 1116 3276 sine
1155 3216 1483 3273 dubitatione
1507 3219 1760 3286 peccatis.
1789 3211 1856 3268 Et
1885 3228 1980 3282 per

390 3321 497 3376 hoc
517 3313 847 3390 ignorantia:
877 3310 1077 3371 malum
1107 3307 1306 3382 templo
1339 3305 1465 3373 Dei,
1498 3306 1550 3360 in
1576 3321 1682 3377 quo
1710 3303 1981 3359 habitabat

383 3407 622 3482 Spiritus
643 3399 757 3472 Del,
789 3401 1005 3459 stultitia
1031 3406 1185 3464 erant
1207 3413 1325 3480 quae
1346 3405 1469 3455 sunt
1490 3395 1714 3466 Spiritus
1741 3393 1854 3455 Dei.
1876 3393 1979 3452 Sed

393 3506 462 3565 de
487 3499 575 3558 die
595 3500 652 3556 in
675 3497 887 3554 diem‘si
914 3495 1232 3569 proﬁcerent
1249 3531 1266 3559 ,
1295 3498 1350 3546 et
1375 3491 1426 3545 in
1455 3487 1598 3560 quod
1623 3493 1984 3569 pervenerant

395 3563 450 3651 in
487 3608 554 3650 eo
591 3563 959 3652 ambularent,
1004 3599 1131 3640 sana
1171 3582 1406 3654 profecto
1432 3579 1717 3636 accedente
1740 3563 1983 3633 doctrina

397 3687 728 3749 minueretur
765 3681 868 3738 hoc
893 3679 1109 3736 malum.
1135 3676 1430 3732 Credamus
1458 3674 1617 3731 etiam
1647 3686 1751 3726 non
1779 3679 1984 3726 tantum

397 3776 600 3844 minui,
639 3787 821 3830 verum
855 3771 1016 3830 etiam
1055 3770 1107 3824 in
1134 3768 1234 3825 hac
1263 3768 1368 3824 vita
1407 3781 1562 3838 posse
1586 3763 1824 3820 consumi
1856 3778 1871 3816 :
1903 3771 1985 3816 ta-

399 3883 522 3926 men
545 3876 666 3939 post
691 3861 1018 3938 Baptismum
1039 3877 1055 3929 ;
1087 3858 1343 3930 numquid
1371 3857 1420 3912 in
1443 3855 1714 3927 Baptismo
1732 3853 1755 3907 'l
1773 3850 1986 3909 Coaco-

401 3960 712 4034 piscentiam
738 3971 866 4014 vero
891 3955 1012 4028 quis
1039 3953 1272 4030 ambigat
1294 3953 1345 4008 ln
1372 3950 1471 4013 hac
1493 3948 1599 4015 vita
1621 3961 1776 4018 posse
1797 3945 1984 4013 minui,

391 4069 507 4111 non
535 4066 692 4124 posse
715 4049 955 4108 consumi
977 4049 1001 4104 i
1953 4039 1962 4048 ‘

473 4145 563 4204 50.
604 4142 802 4201 Horum
841 4142 1020 4212 itaque
1049 4138 1308 4198 maiorum
1339 4135 1641 4208 prmteritus
1668 4134 1842 4191 omnis
1868 4149 1989 4189 rcao.

403 4249 490 4298 tus
526 4250 681 4292 sacro
711 4234 854 4292 fonte
891 4231 1129 4288 diluitur.
1175 4229 1536 4286 “emittuntur
1563 4243 1692 4300 ergo
1737 4229 1788 4283 in
1822 4212 1989 4282 rena-

405 4330 696 4397 scentibus,
717 4327 1030 4383 minuuntur
1045 4325 1096 4379 in
1112 4322 1530 4397 proﬁcientibus.
1557 4320 1857 4392 Ignorantia
1888 4321 1990 4376 mi-

406 4423 588 4482 nuitur
603 4421 822 4482 veritate
839 4417 1006 4490 magis
1021 4417 1294 4488 magisque
1307 4415 1518 4472 lucente
1534 4431 1546 4468 :
1563 4413 1992 4484 concupiscentia

408 4511 664 4568 minuitur
709 4508 968 4574 charitate
1015 4505 1186 4578 magis
1239 4506 1511 4576 magisque
1555 4505 1811 4562 fervente.
1852 4505 1996 4560 Nihil

409 4602 536 4661 boni
583 4601 772 4656 horum
797 4597 1025 4656 duorum
1055 4599 1072 4638 ι
1099 4608 1184 4654 est
1220 4613 1252 4655 a
1281 4597 1454 4652 nobis.
1513 4595 1634 4653 Non
1663 4597 1806 4654 enim
1836 4596 1993 4668 spiri-

409 4707 516 4752 tum
559 4693 712 4766 hujus
746 4691 925 4746 πικηαί
951 4689 1266 4761 accepimus,
1295 4687 1385 4746 sed
1410 4689 1644 4760 spiritum
1669 4689 1758 4764 qui
1782 4698 1866 4748 ετ
1885 4687 1996 4744 Deo

405 4798 502 4852 est,
533 4796 586 4840 ut
605 4785 822 4840 sciamus
834 4797 947 4854 qua
972 4797 1004 4836 a
1029 4779 1138 4836 Deo
1162 4780 1350 4836 donata
1372 4789 1488 4837 sunt
1513 4780 1655 4835 nobis
1680 4777 1790 4853 (Id.
1818 4780 1993 4849 ΜΞ),

411 4882 489 4938 lix
510 4881 610 4935 hoc
621 4857 686 4934 ait
694 4885 796 4934 tem
809 4872 1237 4946 concnplscentia
1251 4872 1398 4946 pejor
1413 4881 1494 4928 est
1509 4888 1664 4944 quam
1678 4872 1994 4944 ignorantia,

413 4971 534 5042 quia
582 4968 880 5041 ignorantia
925 4967 1044 5022 sine
1082 4964 1512 5035 concupiscentia
1559 4964 1734 5020 minus
1779 4976 1995 5035 peccat;

414 5061 839 5134 toncupiscentia
879 5073 1008 5116 vero
1051 5057 1170 5114 sine
1197 5056 1495 5128 ignorantia
1535 5055 1747 5126 gravius
1792 5066 1995 5126 peccat.

414 5156 482 5212 lit
520 5153 725 5211 nescire
749 5149 972 5214 malum,
999 5163 1107 5204 non
1134 5161 1348 5218 semper
1371 5155 1453 5201 est
1479 5145 1677 5202 malum
1705 5163 1718 5200 :
1750 5146 2000 5218 cencupi-

414 5259 566 5300 scere
611 5253 786 5300 autem
841 5240 1064 5307 malum,
1119 5253 1332 5308 semper
1379 5247 1461 5293 est
1517 5237 1735 5292 malum.
1795 5237 2000 5294 Bonum

417 5351 629 5407 quoque
655 5336 827 5406 ipsum
857 5333 1054 5388 utiliter
1082 5329 1368 5404 aliquando
1400 5330 1693 5401 ignoratur,
1724 5339 1782 5384 nt
1809 5345 2003 5400 Oppor-

418 5439 547 5490 tunc
565 5427 763 5482 sciatur
786 5444 798 5480 :
824 5424 972 5480 nullo
997 5431 1176 5479 autem
1199 5421 1360 5478 modo
1388 5421 1501 5476 fieri
1526 5429 1702 5493 potest
1723 5427 1781 5476 ut
1805 5421 2000 5478 carnali

419 5519 847 5588 concupiscentia
876 5521 1078 5574 bonum
1105 5515 1338 5572 hominis
1357 5514 1800 5585 concupiscatur:
1831 5529 2005 5584 quan-

420 5609 706 5681 doquidem
748 5625 848 5666 nec
873 5611 985 5680 ipsa
1027 5606 1209 5678 proles
1234 5605 1454 5664 libidine
1481 5605 1742 5677 corporis,
1769 5605 1865 5661 sed
1905 5621 2004 5661 vo-

488 5724 506 5754 ι
545 5727 645 5770 Duo
665 5718 871 5768 satiant
889 5725 997 5768 uss.
1015 5733 1029 5767 ε
1046 5716 1176 5767 nihil
1197 5717 1426 5769 bonorum
1448 5719 1618 5770 horum
1641 5719 1865 5774 duorum.
1907 5719 2006 5772 t-‘lo-

424 5782 658 5839 naccusis
677 5777 825 5838 :A‘ihil
846 5778 1014 5829 horum
1039 5777 1288 5835 donorum.

1135 333 1411 394 CONTRA
1447 323 1784 389 JULIANUM
1827 318 2298 400 PELACIANUM,
2336 328 2396 400 ε,
2437 319 2810 384 ΑυσυδτιΝι

3527 319 3632 380 831

2047 441 2248 498 luntate
2269 441 2429 498 animi
2451 434 2864 510 concupiscitur,
2889 434 3129 506 quamvis
3155 449 3262 490 non
3276 435 3392 491 sine
3412 436 3636 492 libidine

2045 535 2283 604 corporis
2310 533 2623 589 semiuetur.
2665 529 2742 586 De
2771 529 2871 584 hac
2899 527 3092 598 quippe
3130 526 3336 597 agimus
3375 528 3634 602 concupi-

2047 627 2266 691 scentia,
2296 641 2398 696 qua
2425 639 2552 680 caro
2577 621 2903 692 concupiscit
2931 621 3186 675 adversus
3211 620 3494 692 spiritum;
3523 637 3632 676 non

2049 717 2116 773 de
2157 718 2248 772 illa
2291 717 2452 783 bona,
2493 730 2594 784 qua
2625 715 2842 786 Spiritus
2869 713 3196 783 concupiscit
3233 711 3490 768 adversus
3517 729 3638 769 car-

2051 825 2172 864 nem
2205 806 2397 880 (Colat.
2427 823 2479 868 v.
2516 805 2628 879 l7).
2658 807 2714 862 Et
2740 819 2844 876 qua
2885 803 3282 874 concupiscitur
3309 804 3637 860 continentia

2056 917 2150 971 per
2187 916 2347 971 quam
2373 897 2807 969 concupiscentia
2845 899 3106 952 vincatur.
3147 895 3258 952 Hac
3282 910 3413 967 ergo
3441 911 3642 952 concu-

2054 992 2310 1065 piscentia
2379 991 2556 1047 carnis
2623 1005 2894 1060 nunquam
2955 987 3350 1060 concupiscitur
3413 987 3647 1044 hominis

2055 1083 2220 1138 ullum
2251 1083 2472 1150 bonum,
2504 1082 2547 1139 si
2574 1080 2818 1152 voluptas
2844 1079 3023 1136 carnis
3047 1093 3158 1134 non
3181 1086 3264 1133 est
3287 1076 3521 1134 hominis
3549 1079 3646 1134 hoc

2057 1189 2206 1230 num.
2253 1173 2308 1230 Si
2338 1182 2538 1240 autem,
2583 1181 2642 1227 ut
2689 1171 2866 1243 aliquo
2895 1171 3012 1228 loco
3053 1167 3381 1242 signiﬁcasti,
3416 1188 3438 1222 ε
3472 1169 3651 1240 placet

2057 1265 2155 1320 tibi
2185 1274 2326 1320 secta
2351 1261 2683 1329 Dinomachi,
2707 1262 3042 1317 honestatem
3065 1261 3498 1332 voluptatemque
3513 1275 3647 1316 con-

2056 1355 2284 1428 jnngens
2321 1373 2340 1408 ι
2386 1353 2621 1425 (Supra,
2653 1353 2741 1408 lib.
2769 1353 2824 1420 4,
2857 1369 2911 1407 u.
2950 1350 3095 1426 76);
3151 1351 3296 1424 quod
3345 1351 3650 1423 philosophi

2061 1463 2273 1519 quoque
2322 1446 2481 1516 hujus
2534 1445 2718 1500 mundi
2763 1444 2853 1516 qui
2906 1444 3242 1501 honestiores
3287 1444 3648 1513 videbantur,

2062 1539 2343 1611 Scyllaeum
2373 1537 2570 1592 bonum
2618 1552 2739 1592 esse
2781 1535 3046 1602 dixerunt,
3075 1550 3144 1594 ex
3189 1533 3423 1590 humana
3449 1535 3656 1591 scilicet

2065 1641 2252 1688 natura
2269 1625 2607 1702 belluinaque
2625 1636 2959 1698 compactum
2980 1645 2994 1682 :
3012 1627 3058 1683 si
3085 1625 3188 1684 hoc
3201 1639 3329 1698 ergo
3349 1635 3652 1684 monstrum

2061 1729 2156 1776 tua
2177 1722 2430 1792 Opinione
2455 1719 2680 1775 sectaris
2703 1736 2718 1784 ;
2746 1719 2882 1774 satis
2907 1725 2991 1773 est
3013 1717 3188 1784 nobis,
3216 1717 3356 1790 quod
3381 1717 3657 1774 conﬁteris

2068 1812 2226 1868 aliam
2270 1827 2389 1868 esse
2437 1811 2695 1876 illicitam,
2745 1811 2902 1864 aliam
2933 1809 3130 1864 licitam
3172 1809 3526 1880 voluptatem.
3580 1813 3660 1866 Ac

2071 1919 2168 1974 per
2209 1903 2311 1958 hoc
2352 1902 2490 1956 mala
2533 1911 2616 1957 est
2658 1901 3090 1970 concupiscentia
3133 1917 3253 1971 quae
3295 1901 3661 1958 indifferenter

2068 2002 2356 2064 utrumque
2382 1993 2604 2064 appetit,
2637 1992 2736 2046 nisi
2764 1992 2834 2047 ab
2860 1991 3044 2046 illicita
3078 1991 3352 2060 voluptate
3388 1989 3528 2045 licita
3565 2007 3659 2046 vo-

2071 2085 2272 2156 luptate
2311 2083 2546 2140 lrenetur
2574 2085 2614 2138 ί.
2656 2083 2769 2138 lloc
2809 2092 2986 2138 autem
3014 2081 3214 2140 malum
3246 2097 3350 2136 non
3381 2081 3432 2136 in
3475 2083 3656 2152 Bapti-

2073 2186 2246 2234 smate
2273 2177 2487 2248 ponitur
2513 2177 2534 2208 ²
2568 2194 2581 2230 :
2614 2175 2708 2232 sed
2739 2173 3018 2246 baptizatis
3047 2189 3140 2244 per
3164 2172 3389 2244 gratiam
3434 2189 3658 2242 regene-

2073 2269 2296 2325 rationis
2323 2269 2390 2324 ab
2417 2268 2532 2338 ejus
2561 2267 2883 2337 obligatione
2903 2266 3011 2337 jam
3037 2266 3240 2332 liberis,
3273 2281 3342 2322 ne
3367 2266 3435 2322 ad
3481 2267 3662 2322 illicita

2067 2359 2369 2433 pertrahat,
2391 2360 2676 2415 salubriter
2695 2358 2940 2414 vincitur.
2963 2356 3032 2414 Ut
3048 2366 3224 2414 autem
3247 2359 3662 2420 resurrectionis

2077 2461 2316 2522 tempore
2360 2466 2466 2507 non
2510 2450 2580 2505 sit
2605 2449 2824 2505 omnino
2855 2449 2909 2504 in
2938 2449 3150 2505 vivente
3173 2465 3402 2520 corpore
3427 2464 3528 2505 nec
3566 2449 3662 2506 do-

2077 2543 2240 2610 lente,
2292 2543 2567 2616 praemium
2608 2553 2908 2598 esteorum
2945 2541 3032 2612 qui
3077 2552 3264 2598 contra
3293 2556 3413 2599 eam
3439 2542 3667 2598 ﬁdeliter

2075 2641 2454 2702 certaverunt,
2519 2634 2610 2704 qui
2657 2633 2913 2704 languore
2960 2640 3149 2690 satiato
3215 2632 3663 2692 immortalitate'

2075 2725 2389 2783 beatissima
2417 2727 2730 2782 vestientur.
2774 2725 2835 2782 in
2878 2725 2959 2784 eis
2987 2741 3116 2782 vero
3157 2727 3248 2798 qui
3275 2741 3382 2788 non
3408 2725 3476 2784 ad
3505 2726 3668 2786 vitam

2077 2825 2380 2896 mergant,
2429 2831 2535 2879 non
2581 2817 2829 2887 feliciter,
2877 2819 2974 2876 sed
2999 2819 3284 2890 poenaliter
3331 2834 3440 2876 non
3465 2820 3573 2884 erit
3599 2819 3666 2876 δε

2075 2927 2187 2970 non
2215 2914 2334 2986 quia
2359 2923 2492 2969 tunc
2517 2914 2586 2970 ab
2615 2929 2678 2968 ea
2703 2915 2982 2985 quisquam
3007 2908 3386 2982 mundabitut;
3413 2909 3514 2972 sed
3547 2909 3670 2985 quia

2081 3015 2207 3062 tunc
2235 3007 2390 3063 malis
2431 3021 2536 3061 non
2582 3006 2635 3065 in
2664 3005 3056 3069 delectamenta
3102 3005 3446 3076 excitabitur,
3485 3006 3588 3064 sed
3617 3007 3672 3072 in

2075 3107 2347 3156 tormenta
2385 3107 2638 3154 vertetur.

2152 3188 2378 3246 CAPUT
2413 3188 2554 3246 XVII
2571 3189 2757 3260 (a).—
2778 3189 2868 3246 51.
2891 3189 3006 3246 Iam
3039 3189 3314 3250 videamus
3334 3191 3462 3250 illud
3489 3191 3674 3254 excel-

2075 3281 2436 3339 lentissimum
2451 3296 2674 3342 acumen
2697 3289 2866 3345 tuum,
2889 3296 2998 3354 quo
3018 3281 3192 3338 vidisti
3214 3283 3670 3353 quemadmodum

2077 3371 2353 3428 refelleres
2391 3370 2532 3444 quod
2563 3387 2593 3426 a
2638 3387 2726 3428 me
2751 3373 2950 3428 dictum
2991 3382 3095 3439 est,
3129 3391 3150 3428 α
3185 3372 3380 3430 dimitti
3423 3375 3680 3444 concupi-

2077 3464 2344 3519 scentiam
2371 3463 2546 3518 carnis
2585 3463 2638 3519 in
2667 3465 2959 3536 Baptismo,
2987 3479 3095 3522 non
3135 3476 3194 3520 ut
3221 3481 3330 3525 non
3371 3467 3464 3533 sit,
3495 3468 3595 3524 sed
3622 3477 3680 3524 ut

2080 3556 2142 3617 in
2185 3564 2460 3626 peccatum
2507 3572 2611 3612 non
2656 3555 2986 3629 imputetur;
3018 3559 3261 3631 quamvis
3297 3570 3480 3624 autem
3526 3569 3678 3616 reatu

2087 3661 2186 3702 suo
2209 3646 2320 3716 jam
2345 3645 2538 3712 soluto,
2571 3656 2752 3702 manet
2781 3656 2956 3704 tamen
2993 3667 3012 3702 ι
3048 3648 3149 3720 (De
3177 3648 3386 3721 Nuptiis
3405 3659 3456 3710 et
3481 3650 3680 3708 Concu-

2089 3742 2353 3812 piscentia,
2381 3741 2469 3796 lib.
2500 3743 2552 3807 1,
2579 3757 2635 3796 n.
2661 3740 2779 3812 28).
2819 3741 3089 3798 Adversus
3112 3743 3226 3802 haec
3250 3758 3368 3798 mea
3415 3743 3577 3800 verba
3603 3745 3680 3800 sic

2091 3831 2476 3904 argumentaris
2541 3831 2706 3888 homo
2757 3833 3136 3899 acutissimus,
3202 3842 3453 3904 tanquam
3509 3833 3681 3904 ipsam

2091 3927 2574 3998 concupiscentiam
2603 3925 2834 3982 dixerim
2861 3941 2959 3996 per
2987 3925 3316 3995 Daptismum
3339 3936 3494 3982 reatu
3535 3925 3675 3984 libe-

2090 4021 2238 4086 rari;
2266 4019 2513 4089 quoniam
2539 4017 2668 4084 dixi,
2704 4035 2724 4068 ι
2762 4027 2910 4072 reatu
2940 4031 3038 4074 suo
3060 4016 3170 4088 jam
3215 4017 3394 4074 soluto
3425 4033 3441 4069 :
3481 4035 3502 4074 ι
3532 4017 3681 4073 velut

2099 4129 2119 4163 ι
2155 4126 2253 4166 suo
2290 4129 2310 4163 ι
2342 4109 2588 4172 dixerim,
2618 4123 2725 4178 quo
2768 4106 2881 4178 ipsa
2909 4122 3001 4164 rea
3036 4116 3142 4176 est,
3172 4122 3345 4179 eoque
3367 4107 3548 4166 soluto
3591 4108 3680 4164 illa

2093 4211 2404 4274 permaneat
2429 4199 2692 4256 absoluta.
2731 4199 2883 4269 Quod
2914 4200 3094 4271 utique
3127 4199 3172 4256 si
3214 4199 3528 4266 sensissem,
3558 4215 3681 4270 pro-

2097 4295 2234 4352 l‘ecto
2259 4310 2374 4350 eam
2405 4293 2596 4348 malam
2632 4306 2753 4348 esse
2777 4306 2881 4348 non
2928 4291 3180 4356 dicerem,
3233 4291 3328 4346 sed
3369 4289 3556 4350 fuisse.
3605 4292 3682 4350 Ac

2096 4402 2194 4457 per
2222 4387 2344 4453 hoc,
2391 4383 2682 4439 secundum
2723 4382 3019 4438 mirabilem
3047 4379 3447 4452 intelligentiam
3496 4390 3679 4445 tuam,

2097 4476 2311 4548 quando
2356 4475 2509 4530 audis
2553 4474 2602 4528 in
2635 4474 2814 4544 aliquo
2843 4472 3110 4529 homicidii
3157 4482 3362 4531 reatum
3406 4473 3676 4536 solum.

2097 4583 2204 4624 non
2235 4565 2528 4628 hominem,
2559 4562 2652 4620 sed
2687 4563 2858 4634 ipsum
2888 4562 3230 4618 homicidium
3262 4578 3293 4617 a
3317 4571 3473 4619 reatu
3498 4563 3678 4618 existi-

2099 4673 2216 4714 mas
2265 4655 2586 4712 absolutum.
2641 4655 2729 4710 Sic
2781 4655 3044 4726 intelligat
3090 4654 3230 4726 quis,
3285 4654 3388 4712 nisi
3422 4655 3532 4726 καιιί
3579 4671 3688 4712 non

2100 4749 2368 4806 erubescit
2394 4747 2628 4813 laudare,
2659 4763 2782 4802 cum
2806 4763 2911 4818 qua
2939 4747 3277 4817 compellitur
3295 4746 3593 4804 dimicare!
3623 4747 3692 4804 Et

2091 4839 2369 4912 quomodo
2408 4848 2461 4895 te
2479 4839 2652 4910 jactas
2687 4847 2740 4894 et
2766 4838 3004 4896 exsultas
3046 4841 3101 4897 in
3131 4837 3502 4908 redarguendo
3530 4839 3682 4894 istam

2101 4929 2442 4996 sententiam,
2494 4944 2601 4984 non
2653 4943 2828 4984 meam
2880 4927 3056 5000 plane,
3112 4927 3210 4984 sed
3259 4927 3506 4983 tuam“?
3545 4927 3690 4989 Talia

2171 5045 2189 5116 ξ
2222 5041 2757 5116 .ficpluresfditi
2782 5054 2920 5116 vero,
2946 5040 3082 5116 licita
3103 5039 3339 5116 tuteutute
3357 5043 3597 5116 frenesur.

2165 5107 2189 5138 ³
2206 5103 2356 5178 ⁸ξειιῑιί,
2381 5104 2594 5169 punitur.
2625 5104 2794 5155 verius
2811 5105 3014 5155 t'aticani
3036 5110 3163 5164 uss,
3187 5103 3400 5167 paritur;
3419 5103 3466 5152 id
3492 5103 3696 5163 estde

2107 5175 2317 5232 mnitur.

2171 5229 2192 5262 ³
2225 5229 2307 5278 Hic
2339 5233 2439 5278 Am.
2473 5227 2623 5287 addit,
2659 5231 2827 5278 srmata
2847 5232 2912 5278 et.
2948 5232 3024 5284 ltr.
3052 5233 3106 5278 et
3132 5233 3262 5288 ων..
3287 5231 3496 5282 sorteet.
3530 5226 3580 5276 td
3605 5239 3696 5275 no-

2107 5291 2196 5340 stri
2222 5302 2318 5338 non
2339 5289 2526 5338 habent
2547 5289 2876 5350 manuscripti.

2169 5351 2191 5384 δ
2223 5350 2467 5420 t_-:diti,_sed
2487 5349 2739 5420 pinguiter
2758 5346 2868 5420 erit.
2897 5356 2952 5420 At
2973 5356 3077 5420 mss.
3100 5351 3307 5420 Vaticani
3330 5361 3502 5420 clunes
3521 5358 3572 5398 et
3597 5346 3674 5398 Gal

2108 5409 2267 5482 licam,
2290 5412 2376 5461 sed
2387 5409 2606 5482 pratuli“
2617 5425 2646 5461 r
2660 5423 2754 5482 non
2773 5410 2866 5482 erit
2892 5423 2910 5463 :
2930 5411 3074 5482 lectio
3091 5411 3266 5482 melius
3280 5413 3610 5482 quadrateum
3637 5423 3699 5458 eo

2108 5473 2236 5539 quod
2255 5472 2512 5539 sequitur,
2537 5486 2630 5522 non
2645 5472 2758 5534 quia
2780 5479 2892 5539 tunc
2911 5473 2972 5526 ab
2993 5487 3053 5525 ea
3073 5472 3326 5539 quisquam
3349 5472 3698 5534 mandabitur;

2111 5535 2158 5588 id
2183 5544 2286 5595 est,
2303 5535 2400 5586 non
2420 5536 2533 5598 quia
2554 5544 2721 5598 reatus
2735 5535 2986 5585 auferetur
3003 5569 3017 5594 ,
3041 5535 3131 5598 sed
3154 5535 3339 5598 tantum
3361 5543 3499 5585 actus
3519 5547 3695 5589 concuv

2110 5598 2360 5667 pispcntize
2375 5631 2392 5656 ,
2415 5595 2515 5667 quo
2531 5596 2747 5667 jucunda
2764 5610 2970 5667 movere
2993 5595 3119 5667 solet
3142 5597 3200 5646 ad
3222 5595 3544 5667 yolttplatcm.

2172 5661 2194 5691 ⁵
2227 5665 2303 5708 Er.
2343 5655 2490 5726 Lugd.
2532 5655 2652 5726 Ven.
2679 5665 2810 5718 Ima,
2835 5657 2886 5708 in
2922 5657 3264 5723 rctlargumda
3302 5655 3394 5710 isla
3428 5655 3692 5726 sententia,

2111 5732 2204 5772 non
2223 5732 2328 5768 mea
2344 5717 2500 5781 plane,
2526 5717 2612 5768 sed
2636 5725 2736 5768 tua.
2803 5729 2857 5770 tt.

2176 5781 2250 5854 (ιι)
2286 5782 2415 5846 Apud
2439 5791 2537 5831 sm.
2567 5789 2618 5831 et
2640 5787 2735 5846 re,
2757 5781 2803 5842 ti.
