3972 6178
344 404 540 475 quippe
565 398 716 463 dicis,
744 397 915 469 qualia
943 396 1166 455 dicenda
1206 406 1328 452 sunt
1356 396 1407 450 in
1439 410 1552 463 eos,
1581 396 1669 466 qui
1699 411 1791 465 per
1820 395 1920 448 Ba-

342 498 592 564 ptismum
613 490 991 545 snnctiﬁcatam
1012 496 1066 543 et
1088 486 1298 541 ﬁdelem
1328 486 1519 540 factam
1539 485 1922 555 concupiscen-

341 585 465 639 tiam
491 582 666 638 carnis
716 579 983 633 afﬁrmant
1038 578 1091 633 in
1132 578 1229 643 eis,
1262 575 1314 631 in
1355 577 1547 648 quibus
1596 575 1919 645 regeneratis

337 681 519 733 manet
563 681 756 729 tamen.
797 669 902 723 Sed
954 668 1055 723 hoc
1085 668 1178 723 tibi
1217 669 1391 738 potius
1440 667 1527 738 qui
1566 682 1685 721 eam
1725 665 1918 720 bonam

335 758 614 836 praedicas.
648 760 893 815 convenit
921 758 1118 826 dicere,
1157 776 1175 810 ι
1215 767 1271 813 ut
1299 758 1439 813 bono
1468 757 1584 828 ejus
1612 755 1861 820 naturali,
1895 773 1913 807 ι

334 858 472 913 sicut
512 855 580 910 de
622 853 911 917 infantibus
941 853 1135 921 dicitis,
1187 870 1206 904 ι
1240 852 1438 906 bonum
1483 847 1919 904 sanctiﬁcationis

334 946 572 1011 accedat,
629 966 648 998 ι
683 955 732 1002 et
778 946 847 1001 sit
897 945 1073 1001 carnis
1122 941 1550 1012 concupiscentia
1593 947 1774 994 sancta
1825 936 1918 992 Dei

335 1040 462 1095 ﬁlia.
500 1037 609 1093 Nos
637 1047 812 1093 autem
842 1037 932 1107 qui
962 1051 1078 1092 eam
1106 1036 1298 1089 malam
1347 1032 1592 1097 dicimus,
1620 1040 1674 1086 et
1702 1042 1920 1084 manere

336 1139 513 1184 tamen
557 1130 610 1183 in
641 1128 939 1198 baptizatis,
988 1124 1229 1196 quamvis
1255 1131 1433 1178 reatus
1475 1124 1612 1192 ejus,
1662 1134 1767 1175 non
1813 1132 1920 1187 quo

336 1224 450 1293 ipsa
486 1230 600 1276 erat
636 1234 727 1275 rea
760 1219 952 1292 (neque
990 1217 1130 1273 enim
1174 1216 1350 1287 aliqua
1395 1228 1623 1285 persona
1666 1210 1793 1283 est),
1825 1208 1920 1265 sed

333 1326 443 1383 quo
488 1325 638 1366 reum
671 1309 940 1364 hominem
983 1305 1314 1378 origina‘liter
1358 1302 1603 1370 faciebat,
1650 1300 1808 1356 fuerit
1835 1314 1921 1354 re-

337 1404 532 1459 missus
556 1412 714 1475 atque
739 1408 992 1455 vacuatus
1016 1415 1032 1466 ;
1059 1398 1198 1454 absit
1223 1404 1281 1453 ut
1309 1396 1546 1452 dicamus
1572 1391 1914 1459 sanctiﬁcari,

334 1508 455 1557 eum
480 1507 584 1563 qua
608 1505 827 1549 necesse
845 1489 1044 1546 habent
1070 1487 1387 1559 regenerati,
1416 1485 1460 1541 si
1484 1498 1588 1540 non
1618 1484 1671 1538 in
1693 1496 1917 1537 vacuum

336 1584 433 1639 Dei
460 1581 682 1654 gratiam
708 1569 1074 1651 susceperunt,
1106 1577 1364 1635 intestino
1387 1574 1617 1648 quodam
1641 1572 1784 1629 bello
1804 1579 1921 1626 tan-

334 1687 493 1746 quam
518 1658 641 1728 cu'm
668 1672 822 1728 hoste
849 1670 1157 1743 conﬂigere,
1181 1668 1326 1727 etab
1353 1683 1415 1726 ea
1439 1675 1589 1739 peste
1611 1662 1920 1721 desiderare

334 1773 494 1837 atque
522 1772 706 1834 aptare
725 1762 930 1821 sanari.

405 1853 496 1911 δί.
533 1851 666 1910 Nam
695 1851 740 1908 si
771 1860 1047 1923 propterea
1093 1849 1246 1916 dicis,
1282 1848 1431 1905 nulla
1471 1846 1611 1902 mala
1639 1858 1920 1902 remanere

335 1946 389 2003 in
414 1946 712 2017 baptizatis,
743 1959 812 1999 ne
857 1943 971 2015 ipsa
1016 1942 1154 1997 mala
1204 1941 1466 2011 baptizata
1495 1947 1549 1994 et
1590 1935 1919 1993 sanctiﬁcata

335 2040 658 2103 credantur;
703 2036 824 2094 vide
870 2044 1065 2107 quanta
1112 2045 1163 2089 te
1204 2041 1455 2104 sequatur
1496 2028 1812 2085 absurditas.
1861 2025 1919 2082 Si

336 2131 476 2187 enim
515 2126 766 2201 quidquid
796 2134 881 2181 est
906 2126 959 2180 in
985 2124 1201 2179 homine
1229 2121 1439 2194 quando
1483 2118 1799 2189 baptizatur,
1828 2116 1920 2171 ba-

336 2219 523 2299 ptizari
561 2228 616 2275 et
656 2216 973 2280 sanctiﬁcari
1016 2214 1304 2286 putandum
1334 2221 1454 2278 est;
1501 2212 1738 2266 dicturus
1779 2223 1838 2264 es
1867 2214 1921 2262 et

338 2313 454 2384 ipsa
485 2312 538 2366 in
567 2311 654 2366 illo
682 2308 938 2379 baptizari
966 2317 1019 2363 et
1041 2304 1381 2371 sanctiﬁcari,
1414 2317 1532 2372 qua:
1560 2301 1614 2355 in
1653 2300 1920 2356 intestinis

338 2414 394 2467 et
433 2403 608 2461 vesica
652 2410 775 2457 sunt
822 2415 920 2471 per
976 2398 1303 2470 digestiones
1349 2393 1590 2464 corporis
1631 2390 1916 2462 egerenda.

339 2495 588 2551 Dicturus
622 2507 681 2549 es
707 2491 962 2564 baptizari
989 2498 1044 2546 et
1068 2485 1389 2544 sanctiﬁcari
1434 2483 1701 2539 hominem
1732 2482 1785 2535 in
1810 2496 1921 2535 ma-

338 2586 435 2641 tris
460 2592 612 2641 utero
638 2582 1005 2651 constitutum,
1028 2580 1075 2635 si
1103 2577 1168 2633 ad
1212 2579 1313 2631 hoc
1348 2575 1750 2631 Sacramentum
1775 2570 1920 2626 acci-

340 2674 589 2748 piendum
616 2672 887 2747 gravidam
918 2669 1209 2725 necessitas
1233 2672 1423 2736 cegut;
1456 2673 1510 2719 et
1525 2662 1646 2718 ideo
1664 2661 1920 2732 baptizari

335 2750 444 2840 jam
474 2780 583 2823 non
623 2763 823 2821 debere
864 2762 954 2833 qui
984 2759 1238 2815 nascitur.
1277 2758 1553 2811 Postremo
1599 2752 1837 2809 dicturus
1862 2768 1921 2809 es

338 2866 394 2912 et
417 2857 559 2927 ipsas
584 2852 834 2925 baptizari
863 2862 917 2908 et
940 2849 1258 2906 sanctilicari
1288 2846 1481 2913 febres,
1505 2845 1717 2917 quando
1744 2844 1920 2914 bapti-

338 2958 526 3007 zantur
566 2946 789 3018 tegroti;
834 2959 898 3000 ac
943 2959 1038 3015 per
1082 2942 1183 2996 hoc
1212 2939 1464 3010 baptizari
1511 2946 1566 2993 et
1603 2934 1922 2992 sanctiﬁcari

339 3042 499 3098 etiam
527 3053 688 3109 opera
709 3036 907 3092 diaboli
938 3054 951 3089 :
983 3034 1130 3090 velut
1154 3033 1200 3090 si
1225 3032 1418 3087 mulier
1445 3030 1536 3085 illa
1563 3029 1923 3099 baptizaretur

339 3140 621 3201 antequam
648 3135 947 3193 curaretur,
971 3139 1128 3196 quam
1154 3130 1364 3177 satanas
1392 3122 1445 3174 in
1476 3120 1782 3175 inﬁrmitate
1806 3119 1923 3173 alli-

318 3228 553 3293 gaverat
575 3234 672 3293 per
691 3218 874 3273 decem
901 3225 955 3272 et
978 3224 1099 3272 octo
1119 3227 1288 3269 annos
1317 3210 1469 3285 (Luc.
1496 3212 1611 3278 xm,
1642 3210 1751 3281 ll).
1783 3209 1922 3279 Quid

340 3311 408 3376 de
436 3311 588 3365 malis
617 3309 786 3379 ipsius
827 3306 990 3361 animi
1020 3302 1245 3379 loquar?
1288 3301 1471 3374 Cogita
1498 3310 1754 3373 quantum
1797 3300 1923 3356 mali

339 3401 429 3467 sit,
453 3398 727 3455 stultitiam
754 3406 939 3469 putare
963 3411 1081 3469 quae
1104 3403 1230 3450 sunt
1248 3393 1476 3465 Spiritus
1503 3392 1594 3447 Dei
1620 3407 1636 3460 ;
1670 3400 1724 3448 et
1746 3399 1924 3448 tamen

343 3491 477 3547 tales
517 3498 668 3545 erant
696 3504 830 3562 quos
873 3482 1159 3559 Apestolus
1205 3486 1379 3540 alebat
1425 3485 1582 3550 lacte,
1631 3499 1736 3538 non
1782 3484 1921 3539 cibo.

340 3580 603 3652 Numquid
630 3589 685 3637 et
713 3580 949 3636 stultitiae
970 3580 1110 3634 illius
1141 3587 1246 3633 tam
1272 3591 1521 3648 magnum
1552 3576 1773 3645 malum,
1795 3574 1923 3646 quia

342 3688 450 3731 non
480 3671 657 3727 fuerat
676 3671 1000 3741 Baptismate
1028 3668 1284 3734 ablatura,
1316 3666 1642 3737 baptizatum
1686 3664 1925 3721 sanctiﬁ-

342 3772 623 3834 catumque
669 3761 908 3818 dicturus
949 3760 1048 3815 es?
1085 3760 1175 3816 Sic
1199 3771 1325 3829 ergo
1366 3756 1882 3826 et'concuplscentia
1907 3796 1923 3822 ,

342 3870 462 3927 qua:
487 3863 667 3909 manet
707 3851 1055 3924 Oppugnanda
1099 3859 1259 3919 atque
1302 3848 1559 3912 sananda,
1605 3848 1846 3918 quamvis
1870 3847 1925 3902 in

345 3949 615 4020 Baptismo
651 3946 869 4003 dimissa
916 3944 1023 3999 sint
1064 3950 1252 4005 cuncta
1291 3940 1510 3995 omnino
1548 3948 1787 4011 peccata,
1817 3954 1925 3994 non

344 4041 517 4097 solum
561 4055 667 4096 non
711 4035 1093 4103 sanctiﬁcatur,
1136 4033 1229 4088 sed
1259 4033 1432 4103 potius
1476 4046 1543 4087 ne
1568 4030 1927 4086 sanetiﬁcatos

343 4141 560 4188 aeternae
603 4129 761 4185 morti
806 4126 1066 4183 obnoxios
1122 4122 1290 4194 possit
1338 4130 1542 4185 tenere,
1594 4130 1922 4176 evacuatur:

343 4223 467 4294 quia
497 4230 552 4277 et
588 4221 662 4276 illi
704 4219 794 4292 qui
837 4219 973 4273 lacte
1008 4214 1304 4277 alebantur,
1351 4226 1457 4265 non
1487 4210 1661 4265 solido
1703 4209 1842 4277 cibo,
1874 4218 1929 4265 et

342 4314 519 4370 adhuc
559 4320 712 4367 erant
756 4308 1033 4372 animales,
1090 4319 1197 4359 non
1244 4301 1597 4373 percipientes
1644 4315 1763 4370 quae
1805 4307 1929 4355 sunt

342 4404 573 4475 Spiritus
599 4402 713 4468 Dei,
760 4399 1009 4471 quoniam
1042 4393 1263 4450 stultitia
1291 4391 1397 4446 illis
1423 4389 1598 4445 adhuc
1623 4398 1772 4455 erat;
1803 4389 1848 4444 si
1874 4388 1928 4443 in

345 4494 434 4551 illa
462 4493 653 4549 mentis
677 4499 852 4555 mtate,
881 4503 987 4542 non
1015 4486 1213 4550 carnis,
1246 4483 1312 4538 de
1341 4497 1564 4553 corpore
1592 4482 1845 4546 exissent,
1874 4481 1927 4535 in

345 4602 450 4658 qua
492 4594 652 4645 actate
686 4583 807 4639 novi
850 4579 1093 4635 homines
1134 4574 1538 4647 appellabantur
1575 4574 1592 4607 ι
1628 4573 1829 4643 parvuli
1874 4572 1929 4627 in

346 4676 579 4741 Christo,
607 4673 754 4728 nullo
781 4679 930 4726 reatu
976 4667 1214 4723 stultitia:
1240 4666 1383 4721 illius
1414 4672 1725 4719 tenerentur
1763 4679 1775 4715 :
1808 4663 1930 4733 quia

350 4767 453 4823 hoc
481 4766 561 4821 eis
593 4763 908 4820 beneﬁcium
940 4760 1115 4816 fuerat
1138 4756 1539 4828 regeneratione
1567 4756 1840 4817 collatum,
1874 4764 1933 4810 ut

348 4856 585 4911 omnium
632 4854 916 4918 malorum,
967 4849 1163 4920 quibus
1206 4859 1260 4903 ct
1301 4854 1483 4917 postea
1530 4845 1614 4901 vel
1656 4845 1932 4901 moriendo

349 4948 434 5004 vel
460 4944 788 5019 proﬁciendo
816 4943 1025 4998 fuerant
1053 4939 1301 5003 exuendi,
1334 4945 1514 4994 reatus
1542 4937 1794 4992 continuo
1820 4936 1931 4993 sol-

352 5046 568 5093 veretur
617 5034 931 5090 remissione
976 5038 1318 5102 peccatorum
1368 5027 1638 5095 omnium,
1696 5025 1933 5081 nondum

352 5129 593 5186 omnium
619 5127 846 5183 sanitate
872 5124 1203 5179 morborum.
1233 5119 1336 5187 Qui
1360 5128 1533 5175 tamen
1557 5128 1734 5173 reatus
1756 5126 1936 5181 teneat

353 5234 577 5277 necesse
618 5227 702 5274 est
726 5232 867 5281 eum,
899 5214 988 5284 qui
1021 5210 1311 5268 secundum
1356 5223 1570 5263 carnem
1609 5216 1929 5277 generatur;

353 5312 477 5382 quia
516 5325 622 5365 non
651 5307 754 5362 nisi
792 5307 840 5361 ei
866 5303 1174 5367 remittitur,
1223 5301 1310 5371 qui
1360 5297 1651 5354 secundum
1691 5297 1934 5367 spiritum

355 5409 721 5474 regeneratur.
756 5399 796 5453 Α
824 5404 999 5453 morte
1033 5394 1226 5465 quippe
1252 5390 1560 5462 justissimae
1583 5389 1937 5444 damnationis

421 5514 436 5544 '
475 5512 629 5571 Istud,
672 5508 723 5560 in
758 5520 855 5569 qua
890 5511 1031 5571 (state
1069 5513 1176 5553 nor:
1220 5499 1429 5571 homines
1450 5504 1841 5571 appellabantur,
1873 5511 1936 5569 _m

359 5575 506 5625 alitis
532 5564 871 5633 transmisitum
894 5568 983 5617 fuit
1012 5564 1399 5633 antesuperiora
1421 5564 1569 5633 verba
1586 5595 1600 5619 ,
1632 5572 1727 5610 non
1745 5564 1936 5633 pernis,

357 5621 643 5699 3E
948 5621 1226 5679 Bestituitur
1249 5625 1299 5676 in
1322 5636 1461 5675 suum
1505 5621 1662 5673 locum
1701 5621 1759 5670 ad
1795 5621 1937 5671 ﬁdem

362 5703 463 5760 is;

1687 281 1887 340 LIBER
1926 278 2215 337 SEXTUS.

3508 288 3633 348 854"

2028 408 2123 463 per
2153 406 2314 447 unum
2343 392 2687 450 Mcdiatoretn
2719 395 2811 452 Dei
2837 405 2891 453 et
2924 397 3197 453 hominum
3223 398 3478 455 liberatur
3506 417 3605 473 ge-

2028 501 2129 543 nus
2175 484 2483 554 humanum,
2514 502 2619 543 non
2662 502 2692 542 a
2721 499 2891 545 morte
2917 492 3157 561 corporis
3195 500 3420 560 tantum,
3456 493 3549 549 scd
3572 509 3625 552 at

2027 583 2198 630 morte
2234 590 2335 645 qua
2384 576 2578 631 mortui
2625 587 2769 643 sunt,
2814 594 2912 649 pro
2953 581 3142 650 quibus
3186 598 3323 638 unus
3361 593 3603 640 mortuus

2026 674 2127 719 est.
2176 666 2245 722 Et
2270 668 2390 738 quia
2430 683 2526 737 pro
2568 670 2813 726 omnibus
2855 683 3094 729 mortuus
3131 683 3234 742 est,
3261 690 3387 749 ergo
3417 691 3615 734 omnes-

2024 755 2221 810 mortui
2246 765 2387 812 sunt.

2094 844 2322 902 CAPUT
2356 847 2545 904 XVIII.
2590 880 2662 890 —
2701 851 2789 907 5'5.
2829 851 2981 918 Quod
3030 868 3158 908 vero
3208 863 3258 910 te
3301 853 3454 909 libuit
3492 864 3602 911 tam

2024 934 2249 988 multum
2275 935 2342 991 de
2368 938 2681 1007 qualitatum
2710 939 3006 996 diﬁ‘erentia
3039 942 3331 1013 disputare,
3356 945 3476 1015 quia
3503 959 3623 1015 ego.

2024 1026 2190 1081 semel
2221 1026 2484 1084 nominavi
2510 1031 2840 1100 qualitatem,
2867 1032 3068 1100 dicens,
3100 1053 3119 1087 ε
3152 1050 3256 1088 non
3282 1035 3602 1090 substantia-

2023 1118 2146 1175 liter
2172 1137 2389 1178 manere
2429 1125 2914 1198 concupiscentiam
2942 1167 2957 1194 ,
2991 1128 3127 1182 sicut
3154 1143 3346 1198 corpus
3384 1128 3599 1199 aliquod

2023 1220 2114 1266 aut
2155 1212 2394 1282 spiritum
2426 1229 2439 1279 ;
2472 1214 2567 1270 sed
2606 1229 2724 1273 esse
2751 1215 3085 1273 aﬁ‘ectionem
3122 1217 3407 1287 quamdam
3448 1219 3601 1273 malae

2022 1303 2312 1373 qualitatis,
2357 1304 2493 1360 sicut
2537 1313 2619 1362 est
2645 1306 2867 1377 languor
2900 1324 2920 1358 ι
2960 1305 3060 1378 (De
3098 1305 3307 1376 Nuptiis
3332 1315 3379 1363 et
3402 1306 3602 1364 Concuq

1999 1394 2285 1463 marcentia,
2314 1395 2400 1449 lib.
2430 1396 2482 1460 Ι,
2512 1413 2566 1450 η.
2596 1395 2689 1467 28)
2721 1415 2737 1452 :
2764 1398 2907 1452 itane
2934 1395 3064 1451 nihil
3092 1396 3160 1451 ad
3182 1411 3303 1470 rem
3329 1390 3599 1468 pertinere

2024 1500 2130 1541 non
2158 1485 2367 1542 sentis?
2394 1487 2575 1544 Primo
2596 1488 2737 1545 enim
2767 1487 2922 1555 dicis,
2959 1506 2979 1540 ‹
3016 1504 3104 1544 me
3127 1495 3363 1545 mutasse
3387 1498 3603 1545 senten-

2024 1577 2171 1645 tiam,
2200 1586 2255 1635 et
2272 1579 2638 1636 immemorem
2669 1581 2829 1637 totius
2854 1579 2977 1635 libri
2997 1580 3101 1636 mei
3125 1581 3417 1650 professum
3437 1580 3601 1637 fuisse

2022 1672 2372 1735 substantiam
2421 1686 2541 1728 esse
2595 1672 2889 1729 libidinem.
2944 1690 2965 1726 ι
3025 1672 3231 1728 Revera
3285 1671 3502 1727 evoluta
3544 1682 3605 1728 et

2023 1762 2299 1819 enucleate
2335 1761 2471 1818 libro
2500 1777 2621 1818 meo
2648 1777 2753 1818 non
2781 1776 2839 1818 es
2865 1771 3171 1834 reperturus
3210 1777 3295 1817 me
3324 1760 3597 1820 libidinem

2022 1853 2368 1911 substantiam
2393 1852 2598 1909 dixisse
2623 1854 2707 1909 vel
2731 1854 2913 1909 semel.
2946 1854 3200 1917 Dixerunt
3225 1868 3342 1909 eam
3381 1853 3603 1926 quidam

2022 1944 2323 2016 phiIOSOphi
2348 1952 2550 2015 partem
2572 1944 2735 1999 animi
2764 1959 2883 1999 esse
2905 1943 3145 1999 vitiosam
3166 1961 3179 1997 :
3199 1952 3253 1999 ct
3268 1945 3447 2014 utique
3474 1959 3599 2014 pars

2022 2036 2183 2091 animi
2232 2036 2523 2091 substantia
2558 2046 2662 2104 est,
2710 2036 2828 2105 quia
2872 2036 3162 2091 substantia
3204 2044 3288 2092 est
3327 2036 3442 2106 ipse
3485 2019 3601 2092 ani-

2023 2144 2159 2183 mus.
2190 2128 2293 2186 Sed
2318 2143 2418 2200 ego
2447 2128 2616 2199 ipsum
2643 2128 2849 2196 vitium,
2872 2143 2979 2198 quo
3005 2129 3212 2183 animus
3236 2127 3315 2182 vel
3342 2128 3445 2182 ulla
3472 2143 3598 2198 pars

2021 2219 2138 2289 ejus
2189 2221 2290 2275 isto
2324 2219 2483 2275 modo
2514 2220 2700 2274 vitiosa
2745 2229 2846 2286 est,
2878 2219 3154 2275 libidinem
3184 2218 3325 2284 dico,
3366 2227 3425 2274 ut
3450 2219 3599 2274 omni

2023 2309 2151 2364 vitio
2195 2319 2382 2366 sanato
2426 2310 2572 2364 salva
2616 2309 2688 2366 sit
2735 2319 2841 2373 tota
2887 2309 3204 2365 substantia.
3254 2308 3388 2376 Quia
3435 2318 3489 2365 et
3523 2308 3598 2364 illi

2024 2399 2320 2470 philosophi
2364 2401 2629 2455 locutione
2658 2401 2857 2469 tropica
2888 2399 3016 2453 mihi
3060 2398 3310 2455 videntur
3352 2399 3599 2453 vitiosam
3624 2427 3654 2462 ν

2024 2498 2228 2559 partem
2255 2490 2415 2545 animi
2458 2491 2754 2560 appellasse
2783 2489 3076 2556 libidinem,
3109 2491 3161 2545 in
3192 2506 3292 2561 qua
3324 2499 3473 2561 parte
3517 2500 3601 2547 est

2026 2582 2212 2638 vitium
2242 2583 2381 2657 quod
2410 2593 2629 2640 vocatur
2670 2583 2851 2653 libido,
2900 2584 3040 2640 sicut
3067 2585 3366 2656 appellatur
3405 2585 3599 2642 domus

2022 2689 2121 2744 pro
2147 2673 2225 2729 eis
2244 2674 2330 2743 qui
2357 2681 2481 2729 sunt
2507 2675 2558 2728 in
2588 2674 2766 2730 domo.

2094 2764 2183 2819 54.
2223 2763 2422 2818 Deinde
2460 2771 2511 2819 te
2552 2764 2712 2819 nimis
2737 2765 2905 2819 acutis
2935 2764 3331 2820 dialecticorum
3357 2766 3479 2821 telis
3507 2766 3593 2821 in-

2023 2853 2228 2909 cautius
2253 2853 2572 2923 exercendo,
2601 2868 2804 2925 nosque
2828 2855 3117 2924 jactantius
3147 2855 3460 2922 territando,
3505 2871 3601 2912 se-

2023 2952 2164 3000 ctam
2194 2956 2427 3001 vestram
2462 2945 2730 3001 lethaliter
2768 2946 3074 3002 vulnerasti.
3109 2946 3358 3004 Dividens
3401 2948 3599 3019 quippe

2023 3044 2183 3106 atque
2230 3036 2491 3093 deﬁniens
2541 3036 2627 3093 vel
2686 3037 2848 3092 etiam
2912 3037 3219 3095 describens
3273 3038 3601 3096 ditl‘erentias

2024 3128 2359 3199 qualitatum,
2390 3130 2529 3184 inter
2554 3137 2787 3184 caatera:
2820 3145 2841 3181 ε
2873 3128 3051 3184 Tertia
3097 3129 3306 3199 species
3330 3129 3603 3201 qualitatis

2025 3226 2128 3284 est,
2159 3236 2179 3271 ι
2210 3217 2406 3288 inquis,
2443 3236 2462 3271 ι
2491 3217 2700 3274 aﬂ'ectio
2725 3226 2780 3273 et
2809 3216 3156 3274 aﬁ‘ectionalis
3186 3220 3429 3289 qualitas.
3456 3218 3602 3275 Affe-

2026 3310 2133 3364 ctio
2158 3317 2334 3365 autem
2380 3310 2432 3364 in
2460 3309 2715 3380 qualitate
2741 3310 2812 3365 ob
2842 3310 2947 3366 hoc
2977 3311 3212 3382 ponitur,
3243 3330 3262 3365 ι
3298 3312 3397 3377 ais,
3432 3330 3451 3365 ι
3482 3313 3604 3383 quia

2027 3400 2343 3471 principium
2371 3401 2678 3471 qualitatum
2721 3408 2839 3465 est;
2884 3402 2967 3455 cui
2995 3401 3156 3456 etiam
3200 3409 3511 3472 repetantur
3537 3401 3605 3456 ad

2028 3498 2355 3546 momentum
2381 3489 2696 3546 accedentes
2735 3491 3152 3560 recedentesque
3190 3501 3280 3547 aut
3322 3492 3482 3547 animi
3512 3504 3606 3547 aut

2029 3574 2269 3652 corporis
2306 3580 2603 3649 passiones.
2636 3579 3003 3636 Aﬁ'ectionalis
3028 3596 3155 3636 vero
3183 3582 3431 3652 qualitas,
3463 3601 3497 3635 ιη
3520 3582 3603 3636 in-

2027 3671 2167 3743 quis,
2209 3688 2230 3724 ι
2258 3670 2507 3726 omnibus
2533 3670 2725 3740 quibus
2765 3671 3025 3738 evenerit,
3072 3686 3140 3727 ex
3172 3672 3461 3742 majoribus
3489 3683 3611 3731 orta

2028 3762 2203 3817 causis
2227 3760 2297 3816 ita
2324 3759 2645 3824 inhaerescit,
2676 3770 2734 3813 ut
2756 3767 2849 3815 aut
2877 3761 3082 3830 magnis
3111 3761 3491 3825 molitionibus,
3515 3772 3606 3817 aut

2028 3852 2190 3907 nullis
2228 3851 2450 3908 omnino
2486 3859 2784 3921 separetur.
2816 3869 2835 3903 ι
2866 3850 2991 3905 Ηωε
3014 3850 3226 3921 quidem
3269 3851 3397 3905 satis
3438 3852 3608 3922 expli-

2030 3941 2162 3998 casti
2182 3941 2470 3997 scientibus
2499 3938 2631 3995 :sed
2660 3939 2782 4009 quia
2806 3938 3176 3994 contemnendi
3206 3955 3308 3992 non
3333 3949 3477 4004 sunt,
3509 3943 3599 4010 qui

2030 4034 2216 4089 lecturi
2256 4032 2419 4089 libros
2461 4040 2673 4087 nostros
2697 4031 2992 4101 disciplina
3028 4030 3186 4101 hujus
3229 4032 3397 4100 ignari
3442 4041 3601 4091 sunt,

2030 4126 2169 4196 quod
2189 4125 2377 4180 deesse
2406 4124 2579 4189 video,
2608 4123 2795 4178 faciam
2818 4133 2875 4177 ut
2901 4139 2931 4178 a
2961 4139 3047 4178 me
3076 4124 3405 4178 illustrentur
3423 4140 3602 4179 excm-
3660 4178 3682 4190 ,,

2033 4217 2153 4287 plis.
2196 4216 2459 4284 Quantum
2504 4215 2571 4270 ad
2620 4215 2857 4269 animum
2901 4214 3110 4280 attinet,
3164 4214 3377 4269 affectio
3413 4224 3495 4270 est
3543 4215 3607 4270 ti-

2030 4323 2212 4375 mere;
2261 4307 2605 4363 aﬁ‘ectionalis
2649 4307 2918 4377 qualitas,
2969 4306 3211 4361 timidum
3276 4320 3396 4362 esse
3433 4307 3609 4362 :sicut

2032 4399 2171 4455 aliud
2203 4408 2285 4455 est
2320 4399 2508 4465 iratus,
2531 4398 2671 4453 aliud
2710 4398 3025 4461 iracundus;
3054 4398 3193 4453 aliud
3222 4399 3431 4467 ebrius,
3464 4399 3609 4454 aliud

2033 4490 2273 4546 ebriosus
2301 4507 2314 4542 :
2340 4489 2444 4545 illae
2469 4488 2794 4555 affectiones,
2824 4488 2941 4544 istae
2964 4487 3325 4544 all‘cetionales
3345 4499 3473 4544 sunt
3488 4503 3609 4559 qua.

2034 4581 2237 4636 litates.
2278 4579 2543 4648 Quantum
2592 4586 2768 4634 autem
2813 4578 2879 4632 ad
2925 4593 3140 4648 corpus,
3184 4579 3322 4634 sicut
3351 4578 3491 4634 aliud
3529 4587 3612 4633 est

2036 4673 2260 4743 pallens,
2289 4670 2430 4726 aliud
2454 4670 2715 4743 pallidus;
2744 4670 2888 4725 aliud
2924 4670 3144 4738 rubens,
3176 4671 3316 4725 aliud
3354 4670 3608 4725 rubicun-

2036 4764 2172 4819 dus:
2204 4774 2257 4818 ct
2290 4764 2335 4818 si
2363 4778 2464 4834 qua
2508 4761 2831 4831 hujusmodi,
2870 4777 3093 4832 quorum
3134 4762 3375 4831 plurimis
3413 4760 3603 4814 desunt

2038 4854 2228 4908 usitata
2262 4854 2533 4909 vocabula.
2561 4851 2695 4907 Cum
2724 4852 2900 4922 itaque
2923 4851 3142 4913 dixeris,
3172 4870 3191 4903 ι
3217 4850 3609 4906 all‘ectionalem

2037 4945 2342 5016 qualitatem
2369 4952 2539 4997 ortam
2568 4958 2632 4997 ex
2664 4941 2951 5011 majoribus
2977 4940 3172 5007 causis,
3214 4948 3376 5008 atque
3410 4940 3482 4994 ita
3523 4939 3620 4994 ln-

2042 5034 2356 5098 hazrescere,
2388 5040 2440 5087 ut
2462 5043 2551 5086 aut
2582 5033 2786 5103 magnis
2811 5030 3189 5093 molitionibus,
3226 5039 3314 5083 aut
3340 5030 3496 5084 nullis
3519 5044 3615 5084 se-

2042 5135 2300 5198 paretur:
2335 5143 2354 5177 ι
2410 5123 2622 5194 quando
2673 5123 2962 5178 secundum
3002 5137 3120 5177 eam
3166 5122 3356 5177 dicitur
3401 5122 3609 5176 animus

2042 5218 2235 5282 malus,
2267 5216 2347 5271 vel
2380 5216 2553 5284 potius
2573 5214 2736 5268 homo
2762 5213 2965 5281 malus;
2989 5227 3166 5269 nonne
3186 5214 3396 5279 metuis,
3425 5229 3491 5267 ne
3522 5228 3614 5267 vo-

2044 5309 2218 5363 luntas
2245 5306 2384 5363 bona
2412 5315 2502 5359 aut
2537 5320 2642 5358 non
2672 5304 2742 5358 ibi
2782 5317 2906 5358 esse
2935 5304 3123 5373 possit,
3154 5313 3248 5359 aut
3274 5305 3451 5359 valere
3478 5304 3610 5359 nihil

2044 5397 2246 5468 possit?
2275 5395 2461 5450 Nonne
2491 5392 2761 5460 concedis,
2784 5393 3052 5448 hominem
3077 5391 3350 5460 miserum,
3377 5392 3616 5461 quicum«

2044 5505 2146 5562 que
2175 5489 2264 5543 ille
2301 5488 2371 5543 sit
2400 5486 2482 5541 vel
2510 5484 2687 5547 fuerit,
2710 5492 2856 5540 certe
2883 5482 3135 5539 adversus
3165 5482 3323 5537 talem
3353 5482 3615 5538 clamasse

2047 5582 2372 5653 qualitatem,
2403 5577 2542 5632 Velle
2566 5578 2762 5649 adjacet
2786 5576 2947 5641 mihi;
2976 5575 3216 5646 perﬁcere
3243 5587 3412 5631 autem
3434 5574 3617 5629 bonum

2049 5686 2146 5726 non
2175 5668 2409 5725 invenio!
2434 5666 2528 5725 llic
2549 5667 2735 5727 saltem
2765 5665 3000 5724 fatemini
3033 5679 3153 5724 esse
3177 5666 3398 5724 istorum
3423 5663 3616 5723 verbo-
