4014 6186
379 260 485 316 855

373 395 493 434 rum
525 380 777 449 grnntum
819 377 1173 434 necessarium
1207 398 1219 432 :
1249 379 1370 444 ρκῑε
1399 397 1472 431 me
1497 377 1721 432 liberabit
1748 380 1813 432 de
1835 393 1956 432 cor-

373 487 495 538 pore
517 471 692 523 mortis
719 471 912 540 hujus?
939 469 1116 524 Gratia
1143 467 1232 522 Dei
1259 487 1344 536 per
1365 467 1538 522 Iesum
1561 467 1813 523 Christum
1842 465 1956 521 Do-

373 562 566 614 minum
593 569 818 614 nostrum
846 557 1022 632 (Rom.
1049 574 1141 624 VII,
1181 557 1264 620 18,
1294 559 1382 625 2i,

441 652 532 707 55.
571 651 924 720 Quapropter,
973 649 1304 720 quantolibet
1361 661 1410 703 te
1467 647 1726 702 adversus
1767 647 1954 703 oculos

373 743 740 811 imperitorum
770 740 1052 796 dialectico
1099 740 1330 809 tegmine
1370 740 1630 806 involvas,
1671 737 1952 794 manifesta

369 834 590 887 veritate
619 831 927 888 nudaberis.
959 832 1070 902 Ego
1099 842 1346 902 tanquam
1378 829 1732 886 valetudinem
1759 830 1952 885 malam

367 941 430 978 ex
459 923 667 994 origine
694 924 871 978 vitiata
902 923 1192 994 ingenitum
1223 938 1341 976 eSse
1371 921 1574 976 homini
1599 921 1718 975 dico
1744 921 1950 988 vitium,

363 1029 470 1084 quo
494 1029 618 1070 caro
657 1013 985 1084 concupiscit
1007 1013 1262 1067 adversus
1281 1012 1524 1081 spiritum
1554 1027 1568 1075 ;
1601 1019 1656 1066 et
1686 1011 1784 1065 hoc
1813 1011 1954 1064 malo

366 1106 501 1158 liene
526 1105 601 1158 uti
635 1104 822 1175 pudica
851 1103 1116 1174 conjugis,
1149 1117 1270 1158 cum
1307 1117 1373 1158 eo
1413 1109 1634 1156 utuntur
1661 1101 1953 1172 generandi

362 1211 560 1260 causa;
593 1194 688 1252 sed
725 1194 828 1249 isto
857 1194 984 1249 mali
1025 1209 1120 1248 usu
1149 1193 1290 1248 bono
1325 1191 1528 1248 laudari
1557 1200 1814 1256 utentem,
1847 1207 1951 1246 non

366 1292 540 1360 ipsum
581 1289 802 1344 malum.
834 1286 1019 1359 Neque
1064 1289 1206 1343 enim
1249 1287 1443 1342 malum
1472 1288 1643 1358 ipsum
1675 1294 1759 1343 est
1801 1286 1955 1341 inno-

364 1399 515 1449 cens,
549 1382 644 1440 sed
681 1385 864 1450 homo,
897 1384 983 1454 qui
1012 1383 1136 1438 facit
1161 1391 1218 1437 ut
1253 1383 1448 1438 malum
1479 1397 1656 1450 suum,
1679 1396 1786 1452 quo
1816 1369 1972 1436 benc'

369 1477 534 1530 utitur
560 1476 608 1530 ei
638 1489 832 1530 nocere
863 1488 970 1528 non
1001 1473 1189 1543 possit.
1217 1473 1367 1528 Sicut
1389 1487 1556 1540 mors,
1585 1487 1708 1528 cum
1733 1472 1802 1527 sit
1828 1486 1954 1542 sup-

366 1567 584 1634 plicium
608 1565 928 1638 peccatoris,
959 1565 1101 1620 bono
1131 1564 1255 1619 mali
1293 1581 1391 1620 usu
1429 1563 1718 1620 accedente
1748 1563 1808 1618 ﬁt
1835 1579 1952 1618 me-

366 1661 526 1714 ritum
589 1657 858 1730 martyris.
923 1657 1226 1728 Percipitur
1277 1666 1456 1712 autem
1510 1656 1562 1710 in
1627 1655 1954 1726 Baptismate

366 1749 658 1804 christiano
683 1747 917 1820 perfecta
948 1747 1176 1814 novitas,
1211 1755 1266 1803 et
1293 1746 1524 1817 perfecta
1551 1745 1750 1801 sanitas
1773 1745 1840 1800 ab
1873 1744 1952 1800 eis

369 1839 522 1894 malis
569 1841 769 1894 nostris
809 1837 1003 1909 quibus
1046 1852 1260 1895 eramus
1304 1838 1410 1904 rei;
1453 1851 1561 1892 non
1601 1836 1670 1894 ab
1711 1835 1789 1892 eis
1829 1851 1950 1891 cum

363 1931 554 2002 quibus
579 1931 754 1986 adhuc
792 1930 1185 2002 conﬂigendum
1213 1937 1295 1986 est
1322 1945 1389 1986 ne
1418 1931 1585 1986 simus
1609 1929 1724 1991 rei;
1756 1943 1877 1983 eum
1899 1937 1954 1984 et

367 2023 478 2089 ipsa
508 2021 558 2075 in
582 2021 734 2105 nobis
759 2021 887 2086 sint,
909 2037 1011 2076 nec
1041 2021 1236 2088 aliena,
1263 2020 1355 2076 sed
1383 2029 1560 2076 nostra
1589 2020 1715 2074 sint.
1742 2018 1872 2074 Nam
1899 2026 1948 2074 et

367 2111 671 2168 rinolentiaa
697 2112 1070 2168 consuetudini
1110 2113 1293 2183 utique
1323 2113 1498 2176 malm,
1525 2127 1685 2182 quam
1726 2111 1828 2166 sibi
1855 2110 1952 2166 ho-

365 2202 538 2259 mines
565 2199 832 2270 iecerunt,
887 2219 996 2258 non
1043 2203 1310 2259 nascendo
1356 2213 1653 2270 traxerunt,
1698 2203 1953 2260 resistunt

369 2305 486 2364 post
507 2294 859 2366 Baptismum,
888 2311 955 2350 ne
976 2311 1070 2351 eos
1099 2295 1166 2350 ad
1211 2296 1349 2368 mala
1373 2297 1528 2366 solita
1557 2295 1828 2367 pertrabat
1857 2313 1870 2350 :
1897 2305 1955 2352 et

368 2396 545 2440 tamen
573 2385 712 2439 malo
736 2386 1023 2451 resistitur,
1053 2386 1179 2441 dum
1224 2386 1670 2456 concupiscentia:
1712 2401 1805 2457 per
1831 2401 1952 2442 con-

362 2475 640 2532 tinentiam
663 2475 980 2547 denegatur,
1003 2477 1145 2548 quod
1171 2491 1266 2548 per
1290 2477 1730 2533 consuetudinem
1756 2493 1954 2533 concu-

357 2567 606 2636 piscitur.
637 2565 791 2624 Unde
825 2568 984 2623 etiam
1011 2577 1194 2622 contra
1224 2569 1378 2622 istam
1408 2569 1718 2639 genitalium
1749 2583 1950 2624 concu-

359 2657 698 2727 piscentiam,
724 2673 844 2729 qua:
867 2657 1099 2728 ingenita
1133 2657 1286 2714 nobis
1311 2667 1392 2713 est
1411 2673 1507 2726 per
1535 2658 1795 2730 originale
1822 2673 1950 2730 pec-

363 2757 560 2816 eatum,
595 2748 962 2806 vehementius
992 2749 1146 2804 vidua
1175 2765 1330 2820 quam
1368 2749 1546 2821 virgo;
1573 2750 1940 2808 vehementius

363 2841 618 2897 meretrix
647 2840 860 2912 quando
893 2851 1038 2898 casta
1067 2858 1187 2898 esse
1215 2842 1461 2908 voluerit,
1491 2858 1646 2914 quam
1668 2859 1786 2914 quae
1808 2859 1951 2900 sem-

365 2948 462 3004 per
485 2933 583 2988 fuit
611 2941 780 3002 casta,
810 2932 1046 3006 conﬂigit
1073 2952 1088 2991 :
1119 2945 1172 2990 et
1201 2943 1346 2989 tanto
1373 2934 1598 3006 amplius
1625 2933 1677 2989 in
1698 2949 1759 2990 ea
1787 2949 1948 3005 snpe-

362 3024 532 3080 randa
559 3025 802 3080 voluntas
829 3025 1110 3092 laborabit,
1141 3035 1340 3096 quanto
1370 3027 1601 3096 majores
1643 3026 1692 3081 ei
1733 3041 1950 3083 consue-

366 3117 494 3172 tudo
521 3118 664 3172 vires
689 3117 856 3177 dedit.
890 3117 970 3173 Ex
1009 3117 1112 3172 isto
1155 3125 1210 3172 et
1251 3133 1372 3172 cum
1405 3117 1507 3173 isto
1535 3117 1764 3172 hominis
1808 3118 1950 3172 malo

368 3209 602 3286 nascitur
635 3208 833 3264 homo:
863 3207 1003 3279 quod
1045 3207 1240 3274 malum
1278 3222 1376 3280 per
1397 3223 1456 3264 se
1482 3208 1654 3278 ipsum
1695 3219 1801 3262 tam
1830 3225 1948 3262 ma-

363 3317 527 3370 gnum
553 3309 658 3368 est,
691 3309 747 3356 et
771 3299 837 3354 ad
869 3299 1102 3354 hominis
1128 3297 1520 3354 danmatiouem
1548 3309 1706 3368 atque
1729 3314 1758 3353 a
1784 3313 1950 3369 regno

365 3391 460 3446 hei
477 3391 866 3462 separationem
885 3398 1087 3446 tantum
1107 3389 1265 3446 habet
1281 3389 1638 3460 obligationis,
1659 3397 1716 3444 ut
1738 3389 1946 3446 etiamsi

365 3485 436 3538 de
463 3483 769 3553 parentibus
789 3485 1118 3554 regeneratis
1141 3481 1402 3548 trahatur,
1429 3482 1662 3549 nonnisi,
1693 3481 1951 3553 quemad-

365 3577 584 3632 modum
624 3577 676 3631 in
721 3577 847 3642 illis,
893 3576 1004 3630 sola
1050 3575 1456 3646 regeneratione
1491 3577 1748 3642 solvatur,
1791 3585 1950 3646 atque

363 3673 470 3726 isto
503 3671 658 3726 unico
687 3670 924 3726 remedio
960 3671 1274 3748 praepositus
1311 3671 1499 3726 mortis
1526 3685 1556 3724 a
1601 3671 1751 3740 prole
1781 3671 1949 3740 pella-

365 3772 472 3826 tur,
514 3776 622 3833 quo
668 3777 697 3814 a
744 3761 1052 3832 parentibus
1089 3770 1174 3817 est
1199 3761 1444 3833 pulsus‘.
1488 3760 1726 3828 Qualitas
1770 3767 1947 3816 autem

366 3855 491 3908 mali
529 3870 632 3910 non
671 3853 724 3908 in
763 3853 1116 3908 substantiam
1147 3851 1216 3909 de
1259 3852 1554 3907 substantia
1592 3862 1841 3922 tanquam
1881 3852 1950 3908 de

363 3946 485 4002 loco
505 3946 556 4002 in
591 3946 764 4001 locum
797 3945 1008 4014 migrat,
1034 3953 1089 3998 ut
1113 3943 1326 4000 deserat
1352 3943 1438 3999 ubi
1470 3952 1604 4009 erat,
1636 3951 1691 3999 et
1709 3959 1827 4013 qua:
1855 3943 1951 4000 fuit

364 4039 459 4104 ibi,
489 4041 600 4110 ipsa
640 4037 711 4093 sit
739 4037 900 4103 alibi;
929 4036 1024 4093 sed
1055 4036 1158 4091 alia
1181 4037 1420 4107 ejusdem
1457 4037 1690 4107 generis,
1717 4035 1948 4106 quodam

363 4137 617 4198 operante
637 4127 904 4198 contagio,
936 4126 1077 4197 quod
1102 4127 1262 4184 etiam
1285 4127 1351 4184 de
1379 4127 1638 4184 morbidis
1668 4138 1949 4202 parentum

363 4221 676 4291 corporibus
697 4220 833 4274 solet
859 4220 1078 4276 evenire
1103 4219 1465 4274 nascentibus.

434 4313 526 4366 56.
565 4310 702 4378 Quid
717 4317 894 4366 autem
915 4309 1094 4366 dicere
1112 4309 1345 4376 voluisti,
1365 4307 1517 4380 quasi
1539 4326 1558 4361 ‹
1579 4307 1838 4364 claudens
1857 4309 1900 4374 ',
1923 4327 1944 4362 ι

367 4412 426 4456 ιιι
446 4401 702 4471 loqueris,
733 4417 754 4452 ι
783 4400 1084 4455 Aristotelis
1108 4399 1430 4470 palmstram,
1458 4407 1517 4454 ut
1543 4397 1667 4454 inde
1681 4399 1746 4453 ad
1771 4412 1950 4454 sacras

368 4494 599 4552 Litteras
641 4495 1016 4551 revertaris?»
1051 4496 1144 4550 Ais
1181 4495 1362 4550 enim:
1395 4511 1415 4546 ί
1447 4493 1646 4550 Sensus
1679 4501 1762 4549 est
1793 4492 1950 4562 igitur

365 4585 834 4654 concupiscentia,
886 4593 943 4640 et
992 4585 1130 4642 mala
1182 4584 1408 4655 qualitas
1458 4599 1564 4638 non
1611 4582 1735 4640 est'
1773 4597 1948 4654 :ergo

323 4749 327 4752 _
364 4678 581 4749 quando
609 4677 868 4734 minuitur
893 4676 1346 4748 concupiscentia,
1386 4689 1577 4730 sensus
1616 4675 1892 4730 minuitur.
1922 4693 1942 4727 ι

365 4772 559 4826 Annon
599 4785 696 4842 per
723 4767 1212 4840 concupiscentiam
1238 4766 1495 4821 castitatis
1518 4775 1576 4822 et
1606 4766 1950 4821 continentiae

364 4861 602 4930 quintidie
639 4861 816 4918 carnis
857 4859 1286 4931 concupiscentia
1330 4859 1498 4930 magis
1533 4859 1805 4929 magisque
1849 4859 1946 4912 mi-

364 4955 584 5011 nuitur?
613 4955 816 5012 Vellem
855 4955 1032 5025 itaque
1062 4952 1191 5008 milii
1214 4951 1441 5020 diceres,
1466 4962 1642 5007 utrum
1681 4969 1712 5008 a
1756 4951 1948 5007 morbo

429 5112 443 5142 ί
482 5119 582 5160 Huc
617 5121 648 5160 ε
679 5110 899 5167 margine
923 5108 1151 5158 translata
1183 5105 1502 5157 l‘nerantlizec
1521 5105 1708 5156 verba:
1737 5103 1950 5167 Qualitas

361 5170 675 5239 aﬂ’erti'rnatis
687 5165 876 5239 maliae
886 5168 1148 5221 substantia
1157 5171 1224 5220 ad
1237 5167 1549 5239 substantiam
1556 5180 1650 5239 non
1665 5165 1951 5236 ernigrando

363 5228 472 5300 Irim
489 5233 561 5300 ait,
583 5235 668 5284 sed
692 5233 901 5300 quodam
913 5229 1396 5300 operantgcontagio2
1420 5228 1474 5300 id
1497 5235 1583 5286 est,
1608 5228 1947 5300 concupiscen-

362 5293 446 5346 titr
467 5289 640 5357 aﬂiértu
656 5330 672 5356 ,
706 5289 839 5360 sicut
859 5289 1221 5360 commeatibus
1235 5289 1475 5360 _n.6rbidis
1497 5289 1743 5360 _r_norbida
1760 5289 1948 5360 soboles

361 5352 668 5419 procreatur.
688 5356 903 5419 Delenda
927 5352 977 5406 in
1000 5362 1114 5406 ante
1134 5354 1307 5415 editis,
1350 5365 1462 5404 cum
1495 5352 1572 5403 bis
1607 5352 1947 5403 mrcantanti-

361 5417 566 5481 quiores
587 5417 912 5481 manuscripti.

432 5480 452 5544 ξ
488 5478 656 5544 Plures
679 5487 806 5538 Mss,
828 5477 1081 5544 plaudens.

436 5541 456 5570 ³
491 5535 916 5604 κεράμων-εἰέκ
943 5549 1068 5604 post,
1105 5543 1320 5604 magal,
1345 5538 1645 5604 addebatur,
1679 5535 1798 5604 dum
1835 5548 1948 5604 eoa:

368 5598 667 5662 etqnsr'cutia
697 5598 960 5660 minuitur;
983 5613 1148 5653 scmus
1183 5598 1376 5651 dicatur
1398 5599 1635 5651 imminui.
1681 5599 1729 5648 td
1753 5599 1942 5649 nonnisi

366 5661 620 5726 pancirres
641 5663 949 5726 manuscripti
986 5662 1198 5712 habent.
1225 5668 1646 5726 etexpunxeruut
1683 5661 1947 5711 Lovanien-

366 5721 452 5776 "ses
474 5732 523 5776 ut
547 5726 763 5787 ineptum
783 5721 1028 5786 glossema
1053 5737 1116 5774 ex
1146 5721 1636 5787 margine'adscitum.

1164 261 1434 316 CONTRA
1474 256 1810 317 JUl.l.\NUM
1849 249 2314 325 PELAGIANUM,
2354 261 2410 317 S.
2453 261 2818 320 AUGUSTINI

3541 273 3648 335 856

2067 373 2436 434 fornicationis
2464 379 2646 432 sanior
2685 395 2788 434 non
2837 381 2948 446 ﬁat,
2981 396 3138 452 quem
3187 381 3434 438 fornicari
3475 385 3654 440 minus

2064 467 2346 538 minusque
2385 467 2644 534 delectat;
2685 470 2927 540 quamvis
2964 485 3100 540 opus
3143 471 3272 527 illud
3304 477 3501 530 malum
3547 492 3654 532 una

2063 559 2414 614 conversione
2439 559 2539 613 sibi
2557 562 2932 630 amputaverit,
2963 576 3060 615 nec
3085 577 3316 633 unquam
3340 561 3441 618 hoc
3466 561 3655 621 fecerit

2063 659 2130 700 ex
2154 662 2260 716 quo
2285 648 2554 703 lavacrum
2576 651 2998 718 regeneratioms
3016 653 3243 722 accepit.
3270 652 3506 724 [temque
3530 665 3654 723 post

2063 740 2509 796 consuetudinem
2559 743 2860 797 vinolentia:
2902 743 3225 814 baptizatus,
3272 754 3327 800 et
3376 762 3652 814 nunquam

2061 845 2121 885 se
2149 831 2402 903 deinceps
2431 849 2654 906 prorsus
2673 834 2962 902 inebrians,
2994 835 3184 892 vellem
3205 837 3434 904 diceres,
3470 849 3652 894 utrum

2060 921 2128 977 ab
2155 922 2256 977 isto
2304 925 2492 978 morbo
2521 940 2628 979 non
2671 925 2762 980 ﬁat
2803 925 2855 980 in
2892 923 3007 981 dies
3051 927 3230 981 sanior
3259 943 3416 998 quam
3455 927 3649 996 fuerat,

2061 1030 2182 1069 cum
2209 1015 2497 1085 potationis
2537 1018 2800 1088 gurgitem
2849 1019 3026 1072 minus
3069 1019 3350 1090 minusque
3377 1019 3653 1078 desiderat

2059 1121 2218 1176 quam
2261 1107 2486 1163 solebat.
2527 1108 2730 1164 Sensus
2770 1120 2848 1164 est
2889 1110 3065 1181 igitur,
3097 1127 3202 1166 non
3243 1113 3354 1183 ipsa
3395 1115 3654 1184 concupi-

2059 1200 2283 1269 sccntia,
2315 1200 2410 1256 sed
2435 1201 2528 1257 ille
2555 1203 2729 1272 potius
2763 1218 2871 1273 quo
2897 1219 2992 1259 nos
3030 1220 3149 1260 eam
3181 1205 3437 1274 majorem
3470 1207 3650 1262 mino-

2059 1305 2242 1344 remve
2269 1289 2469 1346 habere
2489 1291 2750 1363 sentimus
2774 1309 2788 1346 :
2808 1292 2948 1348 sicut
2968 1293 3018 1348 in
3043 1297 3284 1365 corporis
3306 1297 3650 1366 passionibus

2060 1393 2166 1433 non
2190 1394 2379 1436 sensus
2405 1389 2487 1436 est
2509 1381 2681 1448 dolor,
2714 1381 2809 1438 sed
2841 1384 2930 1440 ille
2955 1386 3144 1440 sensus
3171 1397 3254 1442 est
3281 1404 3385 1459 quo
3412 1367 3652 1446 sentitur

2059 1469 2244 1535 dolor;
2287 1487 2388 1528 nec
2425 1487 2614 1528 sensus
2650 1482 2733 1529 est
2775 1475 3015 1544 morbus,
3058 1477 3153 1532 sed
3196 1479 3286 1532 ille
3321 1495 3515 1536 sensus
3559 1492 3652 1539 est

2058 1579 2164 1633 quo
2191 1579 2289 1620 nos
2313 1566 2557 1622 morbum
2584 1565 2783 1623 habere
2805 1568 3085 1624 sentimus.
3117 1569 3285 1626 Porro
3305 1572 3353 1627 si
3383 1573 3650 1630 continuo

2060 1655 2118 1709 ﬁt
2145 1655 2338 1724 bonus,
2362 1665 2418 1712 et
2443 1657 2628 1728 utique
2655 1657 2792 1713 bona
2821 1659 3075 1730 qualitate
3102 1659 3160 1715 ﬁt
3191 1660 3384 1728 bonus,
3411 1664 3500 1734 qui
3537 1663 3651 1720 [or-

2059 1745 2311 1800 niCationi
2361 1746 2771 1818 vinolentiazque
2835 1751 3150 1806 renuntians
3204 1749 3272 1806 ab
3336 1749 3645 1821 bujusmodi

2057 1836 2308 1906 operibus
2355 1851 2478 1893 sese
2505 1836 2771 1906 abstinet;
2816 1855 2996 1894 nonne
3025 1851 3170 1896 recte
3197 1842 3360 1907 audit,
3387 1839 3523 1897 Ecce
3558 1861 3651 1899 sa-

2057 1944 2154 1982 mts
2181 1927 2347 1998 [actus
2379 1945 2454 1996 es,
2474 1930 2590 2000 jam
2619 1930 2724 1984 noti
2763 1947 2968 2002 peccare
3005 1930 3184 2002 (Joan.
3215 1947 3271 2000 ν,
3299 1935 3423 2005 id);
3467 1945 3644 1991 recte-

2056 2035 2162 2091 que
2203 2022 2502 2092 appellatur
2537 2031 2716 2079 castns
2745 2032 2804 2078 et
2844 2023 3088 2079 sobrius?
3112 2025 3332 2092 Deinde,
3379 2026 3424 2080 si
3453 2042 3646 2096 prove-

2055 2121 2148 2169 ctu
2176 2113 2626 2182 concupiscentia:
2659 2113 2834 2179 bonze,
2865 2129 2968 2184 qua
2988 2115 3448 2185 concupiscentias
3475 2119 3643 2174 malas

2056 2205 2350 2260 fornicandi
2385 2204 2707 2278 potandique
2753 2205 3050 2271 debellat‘,
3077 2207 3200 2261 talis
3228 2205 3480 2272 efﬁcitur,
3504 2225 3645 2278 qua-

2055 2293 2122 2350 lis
2141 2294 2341 2350 recenti
2367 2295 2719 2350 conversione
2747 2295 2980 2352 nondum
3011 2296 3126 2362 fuit,
3159 2305 3221 2351 ut
3250 2297 3460 2352 illorum
3491 2298 3545 2354 in
3575 2313 3643 2354 eo

2055 2383 2321 2441 desideria
2353 2392 2694 2456 peccatorum
2721 2386 2898 2442 minus
2917 2387 3200 2458 minusque
3226 2397 3560 2456 moveantur,
3585 2398 3645 2446 ut

2055 2475 2312 2531 adversus
2354 2491 2417 2531 ea
2446 2477 2584 2531 mala
2628 2491 2734 2531 non
2769 2486 2910 2532 tanta
2948 2489 3148 2548 quanta
3177 2479 3324 2549 prius
3366 2491 3636 2548 exerceat,

2054 2566 2148 2622 sed
2199 2567 2404 2622 minora
2451 2567 2766 2633 certamina,
2811 2583 2916 2623 non
2964 2569 3218 2624 virtutum
3263 2569 3639 2638 diminutione,

2055 2658 2149 2714 sed
2179 2657 2434 2726 hostium,
2463 2673 2566 2715 nec
2591 2657 2874 2714 deﬁciente
2903 2674 3100 2731 pugna,
3141 2658 3234 2714 sed
3264 2670 3540 2716 crescente
3563 2661 3645 2715 vi-

2053 2751 2242 2820 ctoria,
2272 2750 2540 2806 dubitabis
2564 2765 2688 2809 eum
2721 2751 3066 2821 pronuntiare
3107 2749 3428 2804 meliorem?
3457 2750 3640 2814 Unde.

2059 2842 2306 2909 obsecro,
2339 2843 2439 2898 nisi
2466 2845 2588 2912 quia
2613 2843 2751 2899 bona
2781 2842 3006 2914 qualitas
3035 2849 3208 2905 aucta,
3257 2851 3310 2896 et
3353 2843 3490 2896 mala
3535 2843 3644 2898 nii-

2053 2943 2181 2989 nuta
2213 2934 2332 2988 est?
2361 2934 2588 2988 Anctum
2628 2941 2712 2988 est
2758 2933 2914 3001 igitur
2952 2948 3056 3003 quo
3083 2931 3254 2987 bonus
3293 2947 3412 2988 esse
3449 2935 3641 3004 erepit,

2053 3025 2316 3082 minutum
2350 3033 2433 3078 est
2458 3039 2564 3094 quo
2591 3023 2766 3077 malus
2791 3020 2921 3088 fuit;
2967 3032 3020 3076 et
3050 3023 3150 3077 hoc
3173 3023 3281 3094 egit
3308 3031 3427 3092 post
3454 3023 3645 3094 Bapti-

2051 3131 2250 3183 smum,
2277 3131 2382 3170 non
2411 3115 2614 3188 peregit
2637 3116 2691 3170 in
2711 3114 2998 3185 Baptismo.
3023 3113 3118 3179 lta,
3145 3115 3386 3186 quamvis
3416 3116 3486 3171 ibi
3513 3133 3642 3188 per-

2052 3218 2169 3264 acta
2215 3209 2370 3264 fuerit
2433 3207 2588 3280 plena
2649 3217 2987 3279 peccatorum
3038 3209 3320 3274 remissio;
3372 3213 3636 3266 remansit

2053 3307 2251 3367 tamen,
2279 3315 2384 3372 qua
2411 3299 2759 3372 proﬁceretur
2785 3299 2838 3353 in
2863 3298 3075 3372 melius.
3097 3298 3356 3355 adversus
3390 3311 3640 3357 catervas

2051 3392 2438 3450 desideriorum
2466 3391 2728 3448 malorum
2767 3391 2818 3444 in
2851 3390 3005 3446 nobis
3042 3389 3172 3460 ipsis
3213 3392 3394 3462 utique
3431 3393 3640 3448 tumul-

2055 3484 2314 3538 tuantium
2335 3483 2613 3556 vigilanter
2637 3479 2931 3537 exserenda
2957 3489 3011 3535 et
3037 3480 3299 3536 instanter
3326 3482 3630 3538 exercenda

2051 3575 2294 3640 luctatio,
2319 3584 2541 3646 propter
2565 3588 2724 3642 quam
2755 3571 2948 3642 dicitur
2971 3571 3130 3652 etiam
3161 3571 3463 3642 baptizatis,
3492 3572 3642 3628 )Ior-

2053 3667 2240 3736 tiﬁcate
2291 3666 2513 3720 tuernbra
2558 3674 2722 3719 vestra
2773 3679 2886 3734 qua:
2925 3672 3042 3718 sunt
3094 3679 3249 3735 super
3290 3675 3476 3720 terram
3517 3665 3641 3738 (Co-

2053 3757 2176 3814 loss.
2225 3775 2318 3826 ιιι,
2363 3757 2458 3830 5);
2501 3768 2591 3824 et,
2633 3757 2696 3812 Si
2735 3757 2917 3828 spiritu
2963 3759 3102 3827 facta
3147 3758 3316 3812 carnis
3363 3759 3642 3826 morti/ica-

2053 3852 2238 3917 ueritis,
2267 3851 2438 3907 vittatis
2467 3850 2641 3924 (Rata.
2663 3865 2778 3916 vnt,
2807 3847 2932 3922 15);
2976 3857 3050 3914 et,
3085 3847 3270 3902 Exuite
3299 3866 3384 3904 vos
3421 3858 3641 3904 veterem

2053 3944 2336 3999 Iwminem’
2375 3942 2590 4014 (Coloss.
2618 3957 2698 4006 nt,
2725 3939 2807 4010 9).
2837 3938 3039 4008 Nempe
3082 3939 3329 3994 dicuntur
3368 3938 3482 3994 b:ec
3526 3955 3644 3994 ma-

2051 4051 2154 4106 gna
2200 4035 2552 4091 consensione
2582 4031 2838 4098 veritatis,
2888 4030 3034 4086 nulla
3077 4030 3495 4102 reprehensione
3539 4033 3644 4086 Ba-

2058 4127 2245 4198 ptisma
2253 4127 2338 4180 tis.
3320 4183 3324 4187 .
3465 4179 3483 4187 -

2124 4218 2214 4273 57.
2256 4216 2310 4272 Si
2354 4230 2482 4286 ergo
2525 4214 2664 4270 nolis
2715 4229 2840 4270 esse
2885 4213 3276 4282 contentiosus,
3323 4222 3452 4284 puto
3495 4213 3644 4285 quod

2047 4306 2158 4378 jam
2190 4306 2372 4362 videas
2398 4321 2556 4378 quam
2599 4312 2747 4361 recte
2787 4305 3133 4376 intelligatur,
3163 4305 3306 4376 quod
3351 4307 3509 4362 aliter
3542 4321 3641 4361 co-

2053 4399 2200 4457 naris
2239 4414 2530 4470 exponere,
2579 4396 2721 4468 quod
2769 4399 3026 4467 propheta
3071 4413 3196 4452 cum
3242 4397 3486 4464 dixisset,
3534 4397 3644 4463 Qui

2053 4491 2303 4562 prapititts
2329 4490 2388 4558 ﬁt
2416 4488 2646 4543 euntibus
2671 4487 3016 4556 iniquitatibus
3037 4489 3176 4555 tuis;
3199 4487 3338 4558 quod
3373 4489 3430 4542 ﬁt
3460 4490 3644 4559 utique

2052 4581 2369 4638 remissione
2405 4579 2641 4634 omnium
2672 4589 3044 4649 peccatorum;
3093 4579 3348 4634 continuo
3391 4577 3642 4648 subjecit,

2057 4674 2157 4740 Qui
2197 4679 2344 4728 sanat
2388 4687 2559 4726 omnes
2602 4671 2868 4741 languores
2919 4680 3030 4726 tua:
3069 4669 3238 4741 (Paul.
3282 4686 3374 4737 cn,
3419 4671 3478 4743 5)
3523 4689 3538 4726 :
3574 4687 3642 4728 ea

2053 4765 2190 4820 mala
2205 4763 2388 4818 volens
2417 4761 2660 4832 intelligi,
2692 4776 2814 4815 cum
2835 4761 3026 4832 quibus
3051 4760 3223 4816 donec
3243 4771 3520 4830 sanentur,
3555 4763 3644 4818 vel

2051 4865 2304 4926 quantum
2351 4862 2574 4923 possunt
2620 4853 2673 4906 in
2721 4852 2821 4907 hac
2863 4853 2970 4906 vita
3006 4857 3172 4921 magis
3217 4853 3490 4922 magisque
3549 4856 3648 4912 mi.

2051 4956 2302 5012 uuantnr,
2350 4959 2455 4999 non
2509 4943 2789 5014 quiescunt
2827 4943 3075 4997 intestina
3119 4942 3256 4998 bella
3305 4953 3638 5002 sanctorum.

2116 5103 2132 5134 ί
2169 5099 2481 5150 I-‘loriacensis
2523 5105 2606 5161 his.
2622 5132 2638 5158 ,
2682 5095 2974 5161 siprorectu
2989 5132 3006 5158 ,
3047 5096 3458 5161 concupiscentias
3489 5099 3646 5152 maliis

2051 5162 2325 5226 fornicaudt
2351 5159 2641 5225 potandique
2662 5158 2929 5226 debellatis.

2113 5227 2136 5257 ³
2167 5225 2284 5273 Inde
2321 5217 2630 5285 removenius
2665 5221 2762 5285 bos
2792 5234 2965 5270 versus
2995 5217 3170 5285 {Nulla
3191 5221 3346 5285 ‘modo
3387 5221 3647 5285 reprelien-

2052 5284 2184 5356 ditur
2201 5282 2456 5356 Baptisrna,
2476 5281 2591 5356 quia
2609 5280 2840 5356 asseritur
2857 5279 3042 5356 curatio
3055 5293 3164 5356 qum
3175 5278 3230 5345 ﬁt
3245 5287 3349 5356 post
3364 5278 3646 5356 poplitum;

2051 5347 2166 5410 quia
2190 5342 2342 5410 potius
2363 5342 2509 5410 totum
2533 5343 2732 5410 hocper
2756 5342 3000 5403 uaprisma
3020 5342 3266 5410 aetmu'est
3284 5378 3298 5401 ,
3321 5342 3376 5410 id
3398 5349 3572 5410 eat,_u_t
3595 5342 3644 5396 et

2051 5402 2083 5458 ἁ
2105 5402 2364 5473 prteteritis
2404 5402 2710 5470 languoribus
2741 5402 2994 5474 strueretur
3013 5437 3025 5463 ,
3046 5411 3116 5474 Aet
3137 5417 3168 5454 α
3209 5402 3386 5474 futuris
3408 5404 3644 5474 incipiat,

2052 5465 2259 5525 studeat.
2278 5465 2610 5530 mereaturque
2633 5465 2810 5530 srmari,
2842 5470 2912 5516 Ita
2938 5465 3232 5530 Baptismrun
3254 5465 3396 5530 totius
3411 5465 3465 5530 ﬁt
3487 5465 3647 5530 causa

2052 5524 2298 5594 sanitatis,
2322 5541 2412 5594 per
2431 5524 2559 5593 quod
2581 5534 2625 5578 et
2656 5524 2888 5590 incipitur
2914 5524 3070 5594 prunis
3091 5526 3272 5594 sanitas
3291 5534 3339 5594 et
3373 5524 3643 5594 δρῳιεωη

2053 5596 2166 5658 quia
2190 5589 2590 5658 male'cobz'erent
2611 5603 2742 5658 cum
2761 5589 3097 5658 superioribus
3117 5597 3172 5640 et
3195 5589 3507 5658 interioribus
3527 5605 3642 5658 ver-

2055 5651 2156 5710 bis.
2187 5657 2460 5716 absuntque
2483 5664 2512 5700 a
2543 5651 2775 5716 \atieanis
2808 5651 3030 5716 quatuor
3051 5656 3177 5716 uss"
3205 5651 3265 5700 ab
3305 5652 3642 5715 antiquitatum

2061 5709 2347 5768 t‘loriacensi
2366 5709 2416 5767 et
2437 5727 2466 5764 a
2489 5712 2770 5778 quibusdam
2793 5709 2898 5764 aliis
2919 5709 3188 5764 Gallicanis.
