3972 6178
272 279 378 341 857

270 392 455 463 Neque
497 391 639 447 enim
679 389 857 445 nullus
900 396 981 444 est
1008 389 1254 460 languor,
1303 402 1409 459 quo
1451 402 1578 443 caro
1605 388 1855 459 concupi-

274 485 376 538 scit
403 481 659 538 adversus
692 482 954 552 spiritum,
986 482 1148 535 etiam
1188 487 1437 535 manente
1464 480 1658 535 virtute
1687 480 1851 535 casti-

274 575 401 629 tatis
431 572 645 627 invicta.
687 571 742 627 Si
770 573 949 626 nullus
972 571 1194 641 languor
1234 579 1336 636 est,
1370 587 1475 626 non
1501 587 1628 642 ergo
1658 571 1850 626 adver-

275 676 360 720 sms
388 678 509 717 eum
549 663 767 734 spiritus
806 661 1168 731 concupiscat.
1212 661 1292 716 Ad
1339 662 1440 716 hoc
1476 663 1617 716 enim
1646 675 1846 716 concu-

268 755 446 825 piscit,
496 763 553 808 ut
595 755 638 808 si
679 767 785 807 non
817 761 993 822 potest
1038 768 1144 808 non
1193 751 1453 818 certandi,
1502 753 1693 808 saltem
1736 767 1845 809 non

267 843 637 901 consentiendi
683 846 920 899 obtineat
966 845 1266 915 sanitatem.
1315 844 1425 899 lloc
1461 845 1658 914 quippe
1706 845 1847 901 unde

270 952 415 991 nunc
438 937 664 1006 agimus,
696 935 836 1005 quod
865 935 1018 989 nobis
1043 937 1288 990 resistere
1315 935 1572 989 sentimus
1596 936 1646 988 in
1670 936 1844 1003 nobis,

265 1035 358 1082 aut
385 1027 554 1081 aliena
583 1034 665 1080 est
691 1034 876 1080 natura
907 1026 1222 1096 separanda,
1260 1034 1350 1080 aut
1377 1036 1553 1079 nostra
1587 1026 1846 1082 sanando.

266 1117 321 1171 Si
352 1117 579 1171 alienam
611 1116 839 1170 dicimus
863 1117 1230 1187 separandum,
1258 1116 1561 1171 Maniclneis
1584 1116 1844 1172 favemus.

267 1207 553 1262 Fateamur
600 1221 729 1277 ergo
777 1217 1012 1261 nostram
1063 1222 1183 1261 csse
1224 1207 1538 1273 sanandam,
1580 1217 1638 1262 ut
1676 1208 1846 1263 Mani-

265 1296 444 1359 chmos
474 1298 630 1351 simul
663 1297 1078 1367 Pelagianosque
1107 1297 1350 1351 vitemus.
1815 1353 1817 1356 ι

278 1420 279 1425 ι
334 1388 565 1443 CAPUT
596 1387 715 1442 XIX
736 1388 1025 1461 (a).—-58.
1067 1389 1177 1443 lloc
1202 1404 1328 1459 ergo
1359 1407 1378 1440 ι
1410 1390 1591 1460 generi
1613 1389 1848 1446 humano

270 1480 528 1535 indictum
544 1481 734 1535 vulnus
751 1496 779 1536 a
797 1482 1030 1545 diabolo,
1054 1480 1307 1551 quidquid
1329 1481 1574 1551 per'illud
1592 1483 1847 1551 nascitur,

265 1575 400 1639 cogit
430 1588 553 1628 esse
589 1573 691 1626 sub
715 1572 947 1638 diabolo,
980 1581 1228 1643 tanquam
1254 1572 1322 1627 de
1361 1588 1460 1627 suo
1505 1571 1698 1627 frutice
1736 1571 1850 1627 fru-

264 1672 407 1717 ctum
447 1662 568 1733 jure
603 1664 855 1732 decerpat
882 1683 901 1716 ι
932 1661 1034 1734 (De
1060 1663 1267 1733 Nuptiis
1313 1672 1360 1718 et
1404 1662 1840 1734 Cancupiscentia,

267 1752 355 1806 tib.
392 1754 444 1817 l,
472 1769 524 1806 η.
551 1750 673 1824 ‘26).
716 1753 842 1809 llaec
893 1753 1052 1808 verba
1092 1752 1161 1808 de
1207 1753 1346 1808 libro
1392 1768 1513 1808 meo
1556 1752 1649 1807 tibi
1692 1752 1850 1808 refel-

267 1841 424 1898 lenda
452 1845 671 1914 posuisti
704 1861 720 1899 :
750 1845 944 1915 quibus
982 1846 1055 1899 ita
1088 1845 1379 1911 insidiaris,
1411 1853 1661 1916 tanquam
1705 1863 1723 1897 ι
1755 1861 1852 1901 na-

269 1942 401 1988 tura:
438 1935 682 1990 humana:
715 1945 993 1991 auctorem
1016 1936 1244 1992 dixerim
1272 1936 1566 2003 diabolum,
1601 1946 1657 1993 et
1682 1936 1848 2007 ipsius

265 2042 366 2096 qua
407 2027 568 2082 homo
619 2036 829 2082 constat
874 2028 1187 2083 substantia:
1225 2028 1594 2093 conditorem;
1628 2046 1647 2080 ι
1699 2027 1847 2098 quasi

265 2118 460 2173 vulnus
494 2120 545 2172 in
576 2133 802 2188 corpore
832 2120 1005 2189 possis
1031 2120 1301 2190 appellare
1338 2120 1709 2174 substantiam.
1741 2118 1847 2175 Sed

264 2208 309 2262 si
338 2218 622 2279 prepterea
664 2223 752 2266 me
792 2220 945 2279 putas
990 2209 1191 2266 dixisse
1229 2209 1497 2264 diabolum
1537 2210 1847 2270 substantia:

261 2300 616 2367 conditorem,
646 2301 771 2371 quia
807 2301 860 2356 in
892 2317 953 2356 ea
983 2300 1331 2356 similitudine
1359 2316 1479 2371 qua:
1513 2316 1544 2354 a
1585 2316 1671 2355 me
1696 2299 1849 2355 adhi-

263 2388 372 2443 bita
398 2399 499 2454 est,
530 2390 767 2446 fruticem
797 2392 942 2456 dixi;
973 2392 1144 2446 frutex
1182 2392 1379 2461 quippe
1406 2391 1553 2446 nullo
1571 2391 1849 2445 dubitante

261 2480 556 2534 substantia
597 2490 715 2537 est:
747 2497 844 2536 cur
876 2497 1044 2552 usque
1087 2480 1222 2537 adeo
1267 2491 1320 2537 te
1365 2483 1447 2536 vel
1488 2482 1725 2535 ostendis
1761 2481 1848 2536 vel

262 2570 417 2640 ﬁngis
462 2570 755 2637 indoctum,
801 2582 858 2627 ut
894 2574 974 2628 eis
1013 2574 1176 2627 rebus
1222 2588 1342 2642 quae
1388 2571 1699 2627 substantia:
1740 2586 1847 2628 non

260 2674 405 2724 sunt,
431 2664 761 2717 adhibendas
780 2664 847 2718 de
873 2664 1185 2717 substantiis
1210 2662 1584 2716 similitudines
1605 2677 1710 2716 non
1735 2661 1849 2717 exi-

260 2754 482 2806 stimes?
511 2754 620 2807 Nisi
648 2754 783 2807 forte
807 2762 862 2807 et
886 2753 985 2822 ipsi
1013 2754 1236 2807 Domino
1255 2753 1528 2807 dialectice
1556 2753 1848 2808 calumnia-

262 2844 427 2908 beris,
468 2844 591 2913 quia
620 2843 774 2908 dixit,
820 2844 981 2897 Arbor
1019 2844 1148 2897 bona
1177 2843 1334 2898 bonos
1373 2847 1568 2913 {ructus
1608 2844 1751 2913 facit,
1800 2853 1849 2898 et

256 2935 413 2986 arbor
455 2937 593 2988 mala
631 2935 791 2988 titulos
818 2935 1016 3004 fructus
1043 2935 1165 3006 facit
1195 2934 1409 3004 (Matth.
1437 2951 1532 3001 vn,
1565 2934 1678 3008 l7).
1715 2936 1847 3004 Quis

255 3029 400 3083 enim
447 3028 703 3081 malitiam
746 3030 859 3083 sive
900 3027 1211 3093 bonitatem,
1256 3028 1340 3082 vel
1382 3043 1543 3098 opera
1571 3028 1707 3082 bona
1751 3042 1846 3082 seu

256 3120 420 3181 mala,
452 3134 588 3189 quos
630 3120 775 3173 velut
803 3120 1008 3173 fructus
1037 3120 1247 3174 illarum
1286 3120 1536 3174 arborum
1565 3120 1733 3173 voluit
1761 3119 1846 3174 in-

236 3214 442 3283 ,telligi,
476 3213 619 3269 dicat
648 3228 767 3268 esse
805 3213 1149 3277 substantias,
1191 3214 1291 3268 nisi
1322 3212 1567 3267 nesciens
1602 3212 1728 3282 quid
1765 3212 1846 3265 lo-

255 3305 488 3377 quatur?
525 3305 655 3373 Quis
698 3321 827 3359 vero
861 3305 1081 3359 arbores
1125 3313 1181 3359 et
1219 3320 1403 3360 earum
1448 3304 1652 3358 fructus
1691 3312 1847 3373 neget

256 3414 379 3452 esse
411 3398 750 3464 substantias,
793 3398 837 3451 si
866 3398 1011 3451 novit
1035 3397 1175 3467 quod
1203 3397 1468 3467 l0quitur?
1500 3397 1571 3451 De
1603 3397 1685 3450 bis
1717 3411 1846 3465 ergo

256 3488 420 3543 rebus
439 3504 556 3556 qme
584 3488 895 3542 substantia:
918 3497 1061 3551 sunt,
1085 3487 1329 3541 videmus
1359 3487 1624 3541 adhibitos
1657 3487 1847 3540 simili-

259 3580 467 3632 tudines
501 3579 578 3633 eis
604 3581 764 3633 rebus
790 3594 908 3648 qua:
953 3592 1056 3632 non
1086 3589 1206 3634 sunt
1239 3579 1571 3633 Substantire.
1603 3577 1757 3646 Quod
1798 3578 1843 3633 si

257 3671 418 3725 arbor
456 3671 593 3725 bona
636 3671 721 3725 vel
752 3671 911 3735 mala,
950 3685 1054 3724 non
1096 3670 1305 3725 bonitas
1336 3670 1565 3724 hominis
1609 3671 1688 3725 vel
1729 3684 1844 3723 ma-

256 3761 389 3819 litia.
437 3761 529 3815 sed
582 3761 681 3830 ipsi
730 3760 973 3814 homines
1016 3761 1308 3829 accipiendi
1354 3769 1499 3827 sunt,
1558 3761 1608 3813 in
1653 3760 1844 3830 quibus

259 3850 519 3917 subjectis
544 3853 673 3905 istas
701 3866 821 3905 esse
852 3851 1194 3919 intelligimus
1224 3851 1523 3919 quatilates.
1554 3849 1843 3904 bonitatem

255 3935 461 3988 scilicet
482 3935 531 3988 in
561 3936 773 3989 homine
796 3936 958 3999 bono,
981 3935 1341 4001 malitiamque
1369 3933 1419 3987 in
1447 3935 1661 3988 homine
1678 3934 1840 3999 malo,

255 4034 315 4077 ut
344 4026 469 4093 ipsa:
498 4025 806 4077 substantim
838 4025 943 4077 sint
963 4024 1204 4087 arbores,
1237 4021 1285 4077 id
1308 4032 1409 4087 est,
1440 4022 1538 4095 ipsi
1568 4023 1839 4088 homines;

254 4123 401 4168 certe
444 4114 641 4168 fructus
680 4130 865 4169 eormn
913 4116 1057 4184 (quin
1107 4115 1234 4167 nihil
1282 4114 1423 4168 aliud
1472 4129 1633 4183 quam
1679 4129 1841 4183 opera

253 4206 671 4277 intelliguntur),
721 4223 880 4261 nemo
920 4208 1023 4261 nisi
1067 4206 1343 4276 imperitus
1382 4207 1510 4261 dicit
1551 4221 1672 4262 esse
1712 4207 1843 4262 sub-

255 4301 509 4353 stantias‘
544 4319 557 4354 :
586 4316 706 4354 cum
737 4301 972 4355 omnium
1004 4301 1253 4354 arborum
1284 4299 1501 4365 fructus,
1548 4300 1688 4355 unde
1726 4300 1842 4355 ista:

255 4391 631 4444 similitudines
672 4392 810 4445 data:
846 4402 988 4453 sunt,
1020 4406 1178 4445 nemo
1221 4392 1319 4445 nisi
1368 4392 1643 4461 imperitus
1689 4400 1844 4462 neget

254 4495 376 4535 esse
405 4483 747 4535 substantias.
776 4483 850 4535 Ae
881 4497 976 4550 per
1002 4481 1103 4535 hoc
1128 4482 1174 4535 ci
1218 4482 1292 4536 rei
1320 4498 1439 4552 qua:
1469 4497 1573 4536 non
1601 4492 1680 4537 est
1712 4483 1843 4537 sub-

255 4573 470 4636 stantia,
502 4572 579 4626 fas
606 4583 688 4626 cst
708 4572 963 4625 adhibere
997 4572 1396 4626 similitudinem
1426 4573 1492 4627 de
1523 4573 1837 4628 substantia.

256 4662 484 4731 Propter
508 4664 646 4732 quod
679 4678 775 4733 ego
798 4664 923 4716 vitio
946 4664 1085 4732 quod
1117 4665 1296 4732 generi
1331 4664 1563 4718 humano
1592 4665 1839 4720 diabolus

259 4762 507 4823 tzmquam
554 4755 743 4808 vulnus
785 4754 994 4819 inﬂixit,
1042 4756 1282 4823 quamvis
1327 4756 1472 4810 nullo
1509 4756 1669 4810 modo
1714 4756 1842 4811 sub.

257 4847 451 4898 stantia
478 4847 567 4909 sit,
599 4854 741 4899 recte
769 4854 945 4899 tamen
987 4846 1205 4900 adhibui
1230 4847 1297 4901 de
1326 4847 1618 4902 substantia
1657 4849 1845 4904 simili-

259 4938 516 4999 tudLnem,
555 4946 611 4991 ut
649 4937 891 4990 fruticem
934 4938 1193 5003 dicerem,
1234 4949 1289 4992 et
1330 4938 1531 4994 fruetus
1572 4939 1689 5010 ejus
1716 4941 1841 4996 vitia

256 5033 415 5083 cti:uu
463 5031 548 5083 illa
594 5045 714 5083 cum
758 5030 947 5099 quibus
994 5030 1257 5097 homines,
1309 5031 1458 5087 vobis
1497 5033 1709 5101 quidem
1753 5050 1845 5089 ne—

255 5124 523 5193 gantibus,
566 5123 659 5177 sed
691 5124 914 5177 veritate
955 5124 1323 5184 convinccnle.
1355 5135 1664 5188 nascuntur,
1694 5136 1747 5181 et
1777 5140 1841 5181 ex

257 5216 448 5282 quibus
477 5216 527 5267 in
554 5223 812 5268 :uternum
845 5214 937 5269 Dei
973 5229 1136 5286 regno
1168 5224 1412 5285 pereunt,
1440 5215 1485 5270 si
1527 5217 1751 5272 veritate
1781 5218 1845 5272 li-

259 5309 477 5364 ber-ante
503 5325 607 5362 non
637 5316 1013 5362 renascuntur.
1066 5336 1071 5341 ο

330 5402 419 5457 59.
451 5402 677 5456 Proinde
703 5403 1019 5466 vitialorein,
1045 5418 1148 5457 non
1170 5400 1499 5456 cenditorcm
1530 5402 1844 5460 substantias

256 5492 527 5548 diabolum
548 5493 675 5547 dixi.
718 5493 906 5548 Subdit
931 5503 1105 5547 autem
1137 5492 1236 5546 sibi
1276 5492 1417 5562 quod
1447 5509 1550 5548 non
1579 5496 1839 5559 cundidit,

268 5586 339 5651 η)
362 5592 480 5651 Tres
505 5598 533 5632 e
558 5585 789 5651 Vaticanis
827 5591 954 5651 Mss,
987 5592 1115 5635 certe
1153 5587 1340 5648 [ructus
1362 5598 1544 5651 certon
1583 5587 1686 5651 (qui
1723 5588 1846 5638 nihil

257 5647 393 5695 aliud
417 5660 557 5716 τηιίιηι
580 5659 727 5716 opera
760 5643 1111 5712 tulellt'yuutur)
1153 5643 1297 5698 nemo
1320 5646 1415 5700 nisi
1437 5643 1685 5715 imperitus
1707 5658 1843 5716 neget

263 5723 338 5758 ess
355 5723 363 5740 ’
388 5708 687 5758 substantiis.

322 5772 396 5834 tu)
430 5770 560 5821 Apud
583 5780 681 5819 Att).
704 5775 752 5819 et
774 5775 868 5833 lita,
891 5768 936 5822 8.

1653 275 1856 353 usus
1896 276 2182 337 ssxrus.

3435 284 3546 343 858

1962 406 2057 460 per
2080 392 2130 446 id
2160 391 2301 462 quod
2344 391 2555 461 inflixit,
2583 393 2692 449 Deo
2714 394 2859 464 justo
2908 396 3169 453 tribuente
3209 397 3348 454 hanc
3379 410 3542 471 pote-

1959 491 2147 536 statcm
2172 501 2184 545 ;
2212 482 2363 553 cujus
2387 499 2493 539 non
2518 485 2780 541 subtrahit
2815 489 3078 557 potestati,
3123 505 3221 547 nec
3265 490 3407 562 quod
3434 491 3544 549 sibi

1957 580 2042 626 est
2065 574 2357 639 subditum,
2399 591 2501 631 nec
2538 592 2598 631 se
2637 577 2829 646 ipsum.
2875 579 2997 634 ldeo
3024 590 3104 636 est
3127 583 3267 637 enim
3308 585 3541 642 secunda

1958 663 2205 719 nativitas
2236 664 2495 729 instituta,
2536 667 2658 736 quia
2690 669 2936 722 uativitas
2965 679 3047 725 est
3075 672 3243 741 prima
3264 673 3537 731 damnata.

1954 750 2052 807 Cui
2081 762 2256 809 tamen
2282 756 2440 810 etiam
2469 756 2732 813 damnatae
2773 759 2866 814 Dei
2889 760 3094 816 bonitas
3125 764 3430 832 exhibetur,
3480 772 3537 823 ut

1956 843 2025 898 de
2051 845 2335 901 maledicto
2363 848 2568 902 semine
2594 850 2865 904 rationalis
2904 861 3087 907 natura
3124 853 3377 909 formetur
3401 875 3412 909 :
3434 870 3542 927 qua.

1953 935 2072 1005 ejus
2088 936 2489 993 affluentissima
2522 940 2757 995 bonitate
2781 942 3114 1010 apertissime
3147 944 3407 1000 malorum
3439 947 3538 1002 ho-

1956 1027 2155 1080 minum
2190 1037 2334 1083 tanta
2364 1028 2649 1084 multitudo
2671 1033 2917 1097 nutritur,
2944 1041 2998 1087 et
3025 1035 3233 1088 occulto
3256 1035 3347 1090 Det
3373 1052 3536 1106 opere

1953 1128 2252 1188 vegetatur.
2301 1117 2431 1185 Quae
2460 1120 2671 1176 hminis
2695 1123 3023 1190 operationis
3049 1125 3163 1193 ejus
3185 1125 3229 1179 si
3258 1126 3528 1182 subtrahav

1955 1218 2043 1266 tur
2070 1211 2367 1266 formandis
2398 1214 2882 1284 promovendisque
2929 1217 3240 1280 seminibus,
3286 1227 3339 1272 et
3362 1218 3535 1273 vivitio

1955 1303 2140 1358 caudis
2184 1304 2483 1374 quibusque
2520 1304 2840 1371 viventibus,
2892 1320 3001 1359 non
3048 1306 3218 1360 solum
3274 1309 3535 1378 gignenda

1956 1410 2062 1450 non
2108 1403 2361 1465 aguntur,
2405 1393 2501 1451 sed
2549 1395 2616 1450 ad
2655 1396 2877 1450 nihilum
2906 1397 3121 1468 penitus
3159 1398 3317 1453 etiam
3359 1401 3537 1469 genita

1954 1487 2289 1557 rediguntur.
2315 1485 2447 1541 Cum
2475 1502 2604 1556 ergo
2646 1487 2811 1541 Deum
2845 1488 2946 1542 nisi
2968 1489 3125 1542 stulta
3158 1488 3401 1558 impietas
3431 1505 3536 1546 non

1955 1578 2332 1648 reprehendat,
2365 1578 2507 1649 quod
2526 1579 2767 1633 homines
2797 1580 2983 1634 vitiosa
3014 1580 3285 1636 voluntate
3313 1582 3537 1637 damna-

1954 1669 2092 1724 biles
2119 1669 2208 1723 illo
2237 1668 2536 1724 vivificante
2562 1669 2762 1735 vivunt,
2790 1670 2879 1739 qui
2921 1668 3150 1723 vivificat
3188 1671 3364 1724 omnia
3398 1690 3412 1726 :
3440 1686 3537 1726 cur

1955 1772 2204 1841 putamus
2241 1761 2308 1816 ab
2333 1760 2450 1831 ejus
2491 1761 2745 1831 op'eribus
2783 1760 3106 1828 abhorrere,
3153 1763 3294 1832 quod
3331 1763 3536 1834 origine

1953 1854 2137 1910 vitiata
2175 1853 2505 1909 damnabiles
2530 1854 2620 1907 illo
2640 1861 2857 1909 creante
2882 1863 3192 1917 nascuntur,
3213 1855 3302 1924 qui
3326 1863 3537 1911 creator

1951 1955 2037 2002 est
2064 1945 2300 2001 omnium
2321 1962 2336 2010 ;
2366 1954 2419 1999 et
2446 1960 2540 2015 per
2564 1944 2904 1999 Mediaturem
2929 1945 3226 2015 regenerati
3260 1960 3289 1998 a
3310 1945 3536 2000 damna-

1955 2037 2100 2092 tione
2122 2036 2413 2091 liberantur
2437 2035 2632 2100 dchita,
2662 2034 2756 2089 sed
2786 2035 3011 2104 gratuita
3042 2035 3400 2100 miseratione,
3427 2052 3535 2094 non

1954 2127 2153 2192 debita,
2202 2141 2338 2197 quos
2367 2126 2525 2196 elegit
2568 2134 2693 2180 ante
2729 2124 3164 2179 constitutionem
3213 2125 3397 2181 mundi
3440 2141 3537 2196 per

1954 2217 2270 2273 electionem
2300 2216 2503 2288 gratiae,
2528 2230 2633 2269 non
2655 2230 2721 2271 ex
2746 2215 2996 2285 Oper-ibus
3010 2215 3094 2269 vel
3121 2217 3422 2285 prmteritis,
3450 2215 3537 2273 vel

1955 2307 2325 2378 praesentibus,
2351 2307 2436 2362 vel
2464 2305 2694 2361 futuris?
2724 2305 2971 2375 Alioquin
2992 2306 3160 2376 gratia
3189 2306 3299 2376 jam
3322 2321 3427 2361 non
3450 2313 3536 2363 est

1953 2398 2122 2467 gratia
2166 2396 2340 2469 (Rom.
2374 2412 2454 2463 ιι,
2481 2395 2560 2465 6).
2611 2394 2764 2463 Quod
2807 2396 3041 2451 maxime
3066 2407 3283 2466 apparet
3322 2396 3373 2450 in
3412 2412 3535 2466 par~

1954 2487 2109 2551 vulis,
2141 2499 2367 2556 quorum
2400 2500 2499 2541 nec
2528 2487 2795 2556 prteterita
2820 2485 2926 2541 dici
2955 2495 3175 2555 possunt
3199 2501 3384 2556 opera,
3410 2486 3536 2556 quia

1952 2591 2059 2631 non
2103 2576 2349 2642 fuerunt;
2396 2591 2496 2632 nec
2523 2576 2830 2646 prtesentia,
2867 2578 2989 2647 quia
3020 2576 3153 2631 nihil
3200 2585 3531 2646 operantur;

1952 2682 2053 2722 nec
2083 2666 2279 2733 futura,
2311 2664 2521 2736 quando
2546 2666 2598 2720 in
2628 2666 2716 2720 illa
2742 2674 2899 2747 tritate
2929 2668 3248 2723 moriuntur.

2024 2756 2114 2813 60.
2148 2756 2263 2811 Dixi
2289 2771 2418 2811 sane
2446 2772 2460 2809 :
2497 2774 2517 2808 ι
2553 2755 2833 2822 Quomodo
2860 2765 3076 2811 manent
3116 2764 3331 2826 peccata
3357 2764 3532 2824 reatu,

1951 2863 2071 2920 quae
2107 2847 2481 2918 prieterierunt
2505 2855 2663 2911 actu;
2711 2846 2788 2901 sic
2825 2861 2857 2901 e
2894 2846 3164 2901 contrario
3194 2846 3305 2902 ﬁeri
3339 2855 3533 2915 potest,

1951 2924 2011 2997 ut
2037 2938 2462 3008 concupiscentia
2507 2946 2719 2992 maneat
2742 2945 2894 3005 actu,
2936 2944 2990 2991 et
3014 2946 3294 3006 praetereat
3321 2946 3470 2992 reatu
3506 2956 3527 2998 ν

1952 3030 2057 3103 (De
2082 3029 2349 3102 Nuptiiset
2368 3029 2801 3098 Concupiscentia,
2831 3027 2917 3083 lib.
2936 3044 2974 3092 l,
3004 3027 3200 3093 nn.29,
3241 3027 3356 3098 50).
3379 3027 3533 3094 Quod

1950 3138 2104 3179 error
2127 3121 2338 3195 quidem
2363 3130 2482 3176 tuus
2521 3120 2710 3175 falsum
2739 3135 2859 3176 esse
2882 3118 3030 3184 dicit,
3072 3119 3165 3174 sed
3195 3119 3390 3174 veritas
3436 3134 3533 3175 ve-

1952 3230 2069 3269 rum
2097 3229 2217 3270 esse
2245 3213 2531 3268 convincit.
2557 3211 2689 3267 Nam
2719 3221 2773 3266 tu
2804 3210 2855 3266 id
2880 3226 2986 3266 non
3007 3210 3235 3265 valemlo
3262 3211 3525 3279 refellere,

1950 3308 2127 3377 primo
2166 3305 2474 3361 dialecticas
2521 3304 2769 3359 tenebras
2813 3303 3072 3372 imperitis
3112 3303 3323 3356 conaris
3362 3301 3534 3354 olTun-

1949 3398 2080 3454 dere
2108 3398 2311 3464 dicens,
2350 3419 2369 3450 ι
2404 3405 2454 3450 te
2474 3396 2709 3465 cogitare
2734 3409 2839 3448 non
2880 3406 3060 3463 posse,
3109 3392 3165 3446 in
3210 3407 3312 3463 qua
3336 3391 3531 3446 dialexi

1952 3488 2243 3544 invenerim
2274 3487 2661 3542 contrariorum
2691 3484 2929 3539 omnium
2966 3482 3467 3552 reciprocationcm.
3504 3498 3525 3532 ι

1949 3582 2120 3650 Quam
2166 3580 2481 3636 sententiam
2536 3586 2678 3631 tuam
2725 3576 2771 3630 si
2816 3588 3087 3645 exponere
3116 3573 3354 3638 voluero,
3384 3581 3439 3628 et
3462 3572 3531 3626 ad

1948 3687 2134 3730 eorum
2165 3667 2895 3740 perducereintelligentiam,
2915 3665 3006 3734 qui
3035 3679 3301 3734 nunquam
3325 3664 3424 3718 ista
3450 3663 3532 3717 di-

1948 3764 2210 3826 dicerunt,
2240 3776 2374 3830 opus
2394 3761 2494 3815 erit
2513 3759 2668 3829 pleno
2696 3756 2921 3811 fortasse
2937 3754 3227 3809 volumine.
3257 3754 3360 3809 Sed
3389 3768 3531 3809 nunc

1948 3854 2077 3908 satis
2125 3862 2227 3918 est,
2273 3851 2413 3924 quod
2441 3852 2555 3921 ipse
2584 3847 2785 3911 dixisti,
2823 3865 2844 3900 ι
2878 3847 2929 3900 in
2975 3845 3115 3900 nulla
3141 3845 3336 3899 dialexi
3370 3859 3530 3913 posse

1949 3944 2174 4000 inveniri
2228 3943 2611 3998 contrariorum
2675 3939 2915 3993 omnium
2973 3936 3466 4006 rcciprocationem.
3503 3956 3523 3989 ι

1947 4035 2083 4089 llinc
2109 4034 2250 4089 cnim
2274 4033 2551 4088 ostendisti
2580 4032 2876 4102 aliquorum
2902 4044 3023 4085 esse
3049 4043 3227 4097 posse,
3270 4043 3375 4082 non
3402 4041 3525 4083 om-

1949 4122 2117 4174 nium.
2150 4120 2207 4174 In
2252 4119 2335 4173 his
2357 4134 2485 4188 ergo
2521 4118 2784 4189 aliquibus
2824 4126 2879 4172 et
2925 4118 3025 4171 hoc
3061 4116 3255 4185 reperi.
3302 4114 3357 4171 Si
3381 4118 3525 4170 enim

1946 4212 2196 4276 dixisses,
2242 4211 2628 4265 contrariorum
2671 4208 3140 4277 reciprocationem
3185 4221 3305 4261 esse
3349 4205 3526 4260 nullo-

1947 4321 2089 4371 rum,
2129 4312 2183 4359 et
2219 4319 2318 4375 per
2347 4305 2446 4358 hoc
2473 4301 2787 4359 ostenderes
2816 4316 2877 4356 ea
2906 4316 3025 4370 qua:
3067 4300 3217 4369 posui
3260 4300 3526 4355 contraria

1948 4396 2216 4467 reciproca
2243 4410 2363 4450 esse
2401 4410 2506 4449 non
2537 4407 2713 4463 posse,
2741 4393 2863 4462 quia
2912 4391 3054 4446 nulla
3097 4406 3218 4447 esse
3260 4401 3522 4461 possunt,

1947 4505 2048 4561 ego
2071 4490 2249 4561 aliqua
2279 4503 2401 4544 esse
2443 4502 2600 4558 posse
2626 4489 2908 4542 ostendere
2942 4487 3123 4550 debui,
3154 4502 3216 4543 ac
3252 4487 3445 4543 deinde
3472 4488 3526 4546 it:

1948 4582 2032 4636 his
2059 4596 2177 4637 esse
2203 4580 2342 4651 quod
2369 4580 2544 4652 posui.
2584 4579 2687 4634 Sed
2714 4593 2832 4633 esse
2854 4580 3026 4648 aliqua
3050 4568 3159 4649 jam
3186 4579 3299 4649 ipse
3328 4594 3526 4636 conce-

1947 4672 2049 4737 dis,
2091 4674 2177 4742 qui
2211 4688 2315 4728 nou
2344 4674 2476 4726 dicis
2511 4672 2775 4726 nullorum
2808 4673 3198 4726 contrariorum
3226 4687 3345 4728 esse
3384 4672 3517 4726 reci.

1950 4765 2332 4834 procationem,
2363 4765 2457 4819 sed
2485 4781 2589 4819 non
2617 4765 2875 4818 omnium.
2917 4764 3010 4819 Est
3036 4764 3191 4834 igitur
3205 4765 3515 4833 aliquorum.

1948 4854 2054 4917 Sed
2087 4865 2262 4909 utrum
2303 4855 2356 4909 in
2403 4854 2485 4908 his
2508 4856 2667 4910 etiam
2697 4854 2796 4909 hoc
2821 4855 2891 4908 sit
2918 4854 3057 4923 quod
3096 4870 3124 4907 a
3168 4868 3254 4908 me
3295 4854 3523 4924 positum

1948 4956 2051 5013 est,
2083 4955 2251 5002 restat
2278 4947 2559 5002 ostendere
2588 4965 2600 5001 :
2627 4947 2676 5002 id
2695 4955 2797 5013 est,
2828 4956 3025 5011 utrum,
3058 4947 3195 5000 sicut
3214 4960 3392 4999 verum
3423 4954 3525 5012 est,

1949 5047 2096 5090 reatu
2126 5053 2345 5093 manere
2371 5049 2608 5107 peccata,
2636 5055 2753 5108 qua!
2782 5039 3149 5108 praeterierunt
3178 5047 3297 5090 actu
3322 5053 3338 5102 ;
3363 5038 3431 5091 ita
3460 5039 3530 5093 sit

1950 5145 2158 5192 verum,
2188 5129 2328 5198 quod
2356 5131 2783 5200 cuticupiscentia
2811 5138 3023 5184 maneat
3053 5139 3195 5194 actu,
3224 5138 3276 5183 ct
3309 5139 3531 5199 prmtcr-

1949 5229 2035 5272 eat
2063 5226 2234 5274 reatu.
2262 5219 2508 5286 Quodtu
2541 5221 2654 5274 fieri
2696 5235 2799 5273 non
2834 5234 2990 5287 posse
3008 5219 3191 5274 volens
3218 5220 3522 5283 ostendere.

1950 5308 2053 5364 hoc
2082 5310 2298 5376 dixisti,
2327 5312 2464 5379 quod
2492 5328 2591 5383 ego
2620 5328 2723 5365 non
2749 5312 2878 5366 dixi.
2929 5313 3038 5382 Ego
3068 5313 3209 5366 enim
3236 5312 3303 5367 dc
3335 5329 3530 5368 concu-

1951 5401 2204 5471 pisccntia
2233 5403 2362 5465 dixi,
2408 5420 2526 5473 qua:
2562 5414 2644 5458 est
2688 5405 2739 5457 in
2784 5404 3037 5459 membris
3080 5421 3382 5475 repugnans
3428 5408 3530 5477 logi

1950 5491 2144 5547 mentis
2164 5491 2337 5563 (Rom.
2364 5507 2455 5551 vn.
2475 5492 2587 5565 ‘23),
2616 5494 2855 5564 quamvis
2886 5496 3261 5566 rcatuscjusiu
3290 5500 3527 5557 omnium

1953 5591 2289 5650 peccatorum
2321 5584 2633 5638 remissione
2664 5586 2931 5641 transierit
2959 5605 2973 5642 :
3019 5587 3155 5644 sicut
3183 5604 3214 5644 e
3233 5594 3526 5657 eunti-ario,

1956 5671 2275 5726 sacrificium
2306 5674 2458 5727 idolis
2483 5673 2696 5739 factum,
2728 5680 2770 5731 sl
2798 5677 3051 5748 deinceps
3080 5694 3188 5735 nor.
3213 5680 3300 5735 tiat
3322 5723 3335 5743 ,
3390 5698 3527 5752 pia:-

1985 5766 2100 5823 ςτὶὶι
2141 5775 2283 5839 actu,
2317 5765 2409 5824 sed
2450 5779 2629 5826 manet
2658 5780 2824 5841 reatu,
2874 5772 2973 5828 nisi
3004 5787 3101 5844 per
3148 5772 3525 5843 indulgentiam
