4014 6186
435 235 550 298 «859

442 347 764 412 remittatur.
794 342 1054 412 Quiddam
1079 341 1222 398 enim
1252 341 1358 398 talo
1388 349 1472 397 est
1498 339 1798 398 sacrificare
1828 335 2006 406 idolis,

443 448 503 497 ut
521 451 657 512 opus
681 438 850 506 ipsum
872 449 994 489 cum
1016 434 1073 488 tit
1100 441 1403 502 prmtereat,
1425 431 1720 503 eodemque
1747 430 2020 502 prmterito

437 539 622 588 reatus
644 527 760 604 ejus
775 535 985 584 maneat
1011 524 1164 580 venia
1186 521 1551 580 resolvendus.
1567 521 1833 590 Quiddam
1859 521 2018 576 vero‘

445 620 550 676 tale
575 626 658 677 est
681 615 859 672 carnis
883 615 1334 686 concupiscentia,
1371 623 1430 670 ut
1458 624 1675 672 maneat
1699 613 1752 668 in
1781 611 2018 677 liomine,

440 723 625 764 secum
664 723 762 778 per
793 705 1174 774 continentiam
1227 704 1565 774 conﬂigente,
1611 703 1858 774 quamvis
1906 701 2022 772 ejus

441 807 624 858 reatus
659 797 749 868 qui
777 795 949 852 fuerat
973 797 1319 867 generatione
1342 804 1672 861 contractus,
1699 793 1810 864 jam
1839 794 1908 847 sit
1932 809 2022 846 rc-

435 888 784 958 generatione
804 893 1121 942 transactus.
1152 887 1284 940 Actu
1308 886 1449 942 enim
1481 893 1662 942 manet
1675 900 1783 938 non
1803 882 2019 953 quidem

435 979 801 1040 abstralicndo
852 986 907 1034 et
933 977 1200 1034 illiciendo
1231 985 1486 1042 mentem,
1505 975 1727 1046 ejusque
1753 988 2020 1028 consensu

438 1069 790 1144 concipiendo
830 1079 883 1124 et
928 1067 1184 1138 pariendo
1226 1077 1482 1138 peccata;
1523 1065 1618 1121 sed
1643 1065 1802 1130 mala,
1830 1063 2022 1134 quibus

439 1176 593 1218 mens
635 1161 869 1228 resistat,
913 1159 1174 1214 desideria
1215 1156 1622 1213 commovendo.
1667 1154 1784 1226 ipse
1825 1153 2020 1227 quipr

439 1263 619 1310 motus
662 1264 811 1308 actus
839 1261 921 1310 est
963 1252 1100 1323 ejus,
1148 1251 1390 1322 quamvis
1437 1258 1616 1308 mente
1645 1265 1750 1304 non
1787 1263 2020 1304 consene

441 1345 610 1406 tiente
637 1346 774 1402 desit
808 1345 1050 1402 eli'ectus.
1102 1343 1245 1399 inest
1287 1343 1428 1413 enim
1473 1341 1676 1398 homini
1721 1339 1920 1394 malum
1967 1348 2021 1400 et

439 1445 638 1513 printer
649 1438 808 1493 istum
824 1446 1022 1501 actum,
1051 1433 1103 1492 id
1121 1444 1224 1501 est,
1248 1442 1438 1505 praeter
1461 1433 1603 1488 hunc
1621 1442 1848 1500 motum,
1879 1431 2020 1490 unde

439 1528 612 1600 surgit
636 1529 726 1586 hic
749 1538 960 1594 motus;
999 1542 1159 1598 quem
1191 1535 1392 1587 motum
1419 1524 1645 1583 dicimus
1669 1523 2015 1580 desiderium.
2071 1571 2077 1580 .

437 1615 558 1674 Non
585 1619 726 1674 enim
756 1633 968 1689 semper
985 1627 1070 1674 est
1096 1615 1419 1674 desiderium
1443 1627 1630 1673 contra
1655 1615 1795 1686 quod
1819 1631 2022 1686 pugne-

440 1721 562 1768 mus
585 1725 602 1762 :
624 1707 724 1763 sed
744 1707 791 1764 si
820 1715 945 1762 tunc
971 1721 1077 1762 non
1107 1715 1209 1772 est,
1259 1703 1472 1776 quando
1497 1719 1603 1761 non
1629 1703 2016 1776 occurritquod

435 1797 846 1866 concupiscatur
896 1796 1013 1854 sive
1057 1797 1237 1852 animo
1273 1795 1578 1866 cogitantis,
1616 1795 1730 1851 sive
1769 1795 2020 1852 sensibus

439 1889 718 1958 corporis;
746 1887 862 1946 tieri
885 1895 1060 1960 potest
1085 1895 1144 1944 ut
1170 1886 1296 1942 insit
1313 1885 1540 1957 qualitas
1565 1885 1730 1954 mala,
1754 1885 1850 1942 sed
1875 1885 2017 1940 nulla

441 1977 512 2039 sit
536 1978 832 2036 tentatione
856 1986 1122 2036 commota
1153 1976 1331 2032 :sicut
1369 1977 1508 2031 inest
1535 1974 1788 2034 timiditas
1817 1974 2019 2030 homini

440 2067 660 2133 timido,
690 2067 1086 2139 etquandonon
1113 2067 1282 2124 timet.
1303 2066 1436 2124 Cum
1466 2081 1592 2122 vero
1620 2065 1853 2122 occurrit
1876 2065 2016 2136 quod

440 2160 875 2230 concupiscatur,
919 2175 1019 2216 nec
1057 2158 1320 2216 desideria
1359 2159 1500 2216 mala
1541 2159 1696 2214 nobis
1732 2158 1892 2216 etiam
1923 2171 2018 2212 no-

441 2247 673 2308 lentibus
699 2259 1134 2318 commoventur,
1174 2249 1378 2306 sanitas
1415 2248 1572 2322 plena
1598 2255 1704 2307 est.
1751 2247 1865 2303 Hoc
1887 2261 2019 2319 ergo

439 2341 626 2398 vitium
640 2356 749 2397 non
773 2351 952 2412 posset
975 2343 997 2374 '
1024 2340 1126 2400 nisi
1153 2349 1304 2396 reatu
1321 2349 1508 2397 tenere
1524 2338 1810 2406 hominem,
1827 2353 2020 2410 quam-

440 2434 525 2491 vis
543 2433 782 2502 ejusdem
808 2433 934 2490 mali
965 2435 1106 2490 bono
1134 2449 1232 2489 usu
1257 2432 1331 2488 de
1350 2432 1515 2488 castis
1537 2430 1851 2502 conjugibus
1891 2445 2019 2502 pro-

440 2532 680 2585 creatum
709 2542 723 2580 :
746 2524 837 2595 qui
865 2522 1325 2594 reatus,quanivis
1347 2537 1414 2580 eo
1440 2529 1692 2580 manente
1715 2521 1878 2584 malo.
1911 2521 2022 2579 sol-

444 2600 587 2668 vitur
612 2615 664 2668 in
691 2614 1009 2672 remissione
1035 2613 1274 2668 omnium
1297 2623 1640 2684 peccatorum
1665 2626 1762 2680 per
1785 2610 1878 2666 Dei
1907 2626 2024 2681 grue

445 2705 572 2760 tiam
597 2719 700 2775 qua
725 2704 1014 2768 liberamur
1032 2703 1100 2758 ab
1125 2702 1270 2758 omni
1293 2702 1458 2767 malo,
1483 2716 1604 2758 cum
1633 2701 1890 2760 Dominus
1909 2715 2017 2758 non

444 2796 617 2864 solum
648 2796 910 2866 propitius
935 2793 993 2850 lit
1017 2793 1266 2856 omnibus
1293 2793 1658 2865 iniquitatibus
1680 2795 1900 2863 nostris,
1927 2809 2020 2848 ve-

443 2901 563 2950 rum
585 2887 748 2944 etiam
768 2896 920 2944 sanat
943 2899 1134 2941 omnes
1160 2885 1445 2956 languores
1471 2895 1685 2940 nostros
1703 2883 1744 2938 ³.
1772 2883 1905 2940 Nam
1931 2900 2021 2944 re-

441 2977 563 3048 cole
603 2977 728 3048 quid
773 2975 1110 3047 responderit
1145 2975 1422 3032 Liberator
1457 2975 1572 3046 ipse
1597 2983 1757 3046 atque
1781 2974 2023 3038 Salvator

443 3069 530 3130 bis
549 3069 638 3140 qui
669 3068 718 3124 ei
747 3069 1012 3132 dixerant,
1055 3075 1113 3123 ut
1139 3066 1304 3123 exiret
1334 3066 1400 3122 de
1443 3065 1831 3138 Jerosolyniis:
1861 3063 2015 3131 Ecce,

442 3159 632 3231 inquit,
661 3160 808 3230 ejicio
832 3159 1104 3226 (immania,
1154 3167 1200 3212 et
1246 3158 1485 3212 sanitates
1528 3157 1736 3226 per/icio
1773 3155 1926 3226 hodie
1967 3165 2020 3212 et

440 3267 572 3316 cras,
604 3259 652 3304 ct
675 3250 822 3305 tertia
843 3265 1164 3306 consunmwr
1195 3247 1342 3320 (Luc.
1374 3263 1490 3315 xm,
1518 3247 1631 3320 52).
1675 3248 1820 3320 Lege
1842 3249 2019 3306 Evan-

443 3341 662 3413 gelium,
689 3349 746 3396 et
771 3339 892 3396 vide
921 3347 1047 3410 post
1081 3348 1340 3410 quantum
1365 3337 1386 3369 ⁸
1409 3353 1595 3410 passus
1639 3338 1797 3394 fuerit
1829 3348 1885 3394 et
1930 3355 2018 3395 re-

443 3431 752 3494 surrexerit.
771 3430 911 3502 Ergo
939 3429 1192 3511 mentitus
1218 3429 1343 3485 est?
1369 3427 1542 3484 Absit.
1583 3427 1689 3486 Sed
1704 3429 2021 3500 signiﬁcavit

443 3521 662 3592 aliquid,
691 3520 835 3592 quod
861 3522 958 3576 ista
979 3521 1121 3576 inter
1143 3535 1242 3576 nos
1286 3520 1580 3594 quaestione
1619 3528 1881 3576 versatur.
1915 3521 2022 3578 Ex.-

443 3612 618 3684 pulsio
631 3612 825 3682 quippe
853 3621 936 3668 est
958 3610 1343 3670 dieniouiorum
1371 3611 1618 3667 remissio
1643 3619 2016 3682 peccatorum:

443 3702 698 3774 petieetio
723 3702 1031 3770 sanitatum,
1067 3718 1189 3775 qua:
1227 3701 1286 3758 lit
1328 3701 1657 3774 proﬁciendo
1682 3711 1802 3772 post
1844 3702 2024 3772 Bapti-

443 3809 663 3852 smuni:
696 3795 848 3851 tertia
895 3793 1283 3853 consummatio
1322 3801 1424 3857 est,
1455 3808 1614 3864 quam
1656 3809 1766 3848 suae
1805 3809 2019 3864 quoque

443 3885 621 3945 carnis
673 3884 1070 3940 immortalitate
1125 3883 1462 3947 monstravit,
1537 3883 2020 3952 incorruptibilium

446 3973 721 4052 beatitudo
745 3973 1080 4048 gaudiorum.

401 4076 414 4116 ‘3
508 4088 528 4124 ι
548 4089 654 4157 Hic,
935 4097 1062 4157 vero,
1090 4098 1152 4157 es
1187 4086 1520 4149 muserlptis
1547 4086 1765 4152 quinque
1785 4087 2022 4140 Vaticanis

445 4157 500 4219 et
520 4147 764 4200 nonnullis
779 4147 1027 4200 Gallicanis
1045 4149 1278 4199 addimus.

507 4213 528 4244 '
550 4211 623 4260 sic
645 4218 748 4260 Mss.
772 4217 825 4259 Αι
847 4211 982 4260 editi.
1004 4221 1096 4259 non
1114 4213 1278 4260 mtest.

507 4221 528 4244 ι
550 4221 623 4260 Sic
645 4221 748 4260 uss.
772 4221 825 4259 Al
847 4221 982 4269 editi,
1004 4221 1096 4259 non
1113 4221 1278 4272 potest.

507 4272 530 4304 ⁸
552 4280 652 4343 Am:
695 4280 748 4322 et
788 4277 863 4321 Er.
896 4285 1006 4343 cum
1043 4270 1288 4343 nonnullis
1317 4271 1660 4343 manuscriptis
1688 4277 1850 4343 post,
1883 4277 2025 4342 amet

474 4341 604 4382 mnes
629 4333 882 4398 tgnguores
895 4338 1094 4398 nostros,
1118 4333 1341 4398 proaime
1363 4333 1658 4398 subjiciunt:
1688 4333 1940 4398 [Dominus
1971 4333 2024 4385 in

485 4389 732 4466 nonqelio;
751 4403 886 4466 Ecce,
911 4389 1098 4466 inquit,
1115 4389 1514 4466 ejicioidwmonia
1529 4430 1543 4452 ,
1564 4399 1611 4444 ct
1653 4389 1879 4466 sonores
1910 4407 2022 4466 per-

441 4451 556 4568 gin
767 4461 814 4506 et
863 4451 1009 4514 cras,
1053 4451 1098 4505 et
1132 4451 1279 4504 tertio
1306 4451 1623 4505 consunmior.
1679 4459 1786 4506 rost
1823 4451 2026 4506 multum

542 4529 630 4568 nus
645 4528 790 4568 quam
810 4513 900 4564 hoc
922 4515 1104 4566 dictum
1135 4519 1224 4568 est.
1242 4527 1410 4568 passm
1432 4521 1502 4565 est
1534 4515 1762 4566 Dominus
1789 4527 1808 4566 :
1831 4515 2026 4568 ιηεηιίιί

539 4529 630 4580 pus
645 4528 790 4580 quam
810 4513 1104 4580 Itoc‘dictum
1135 4519 1224 4575 est,
1242 4527 1410 4580 pessus
1432 4521 1502 4565 est
1534 4515 1762 4580 [immittis
1789 4527 1808 4566 :
1831 4515 2026 4580 mentiti

443 4569 727 4648 puniit.
767 4574 1050 4648 Intelligitur
1065 4569 1220 4648 Aergo'
1242 4569 1313 4648 ᾖξε
1351 4587 1370 4626 :
1409 4572 2025 4648 Expulsio‘dgmnoniorum

443 4635 664 4708 ςωιίεεερ
683 4635 984 4708 meum
1005 4635 1175 4708 εδειέὸ
1203 4635 1367 4708 ww
1403 4635 1782 4708 σιςὸάηαὲροοέιφ
1802 4647 2024 4708 peccau-

445 4696 556 4766 rum
577 4696 722 4766 pater
735 4705 878 4764 atque
909 4698 1044 4766 origo
1065 4697 1143 4766 sit,
1169 4711 1256 4756 per
1273 4696 1325 4766 iit
1341 4696 1466 4763 quod
1483 4696 1762 4766 elficiturjd
1783 4696 1909 4762 quod
1924 4699 2024 4766 elﬁ-

443 4760 550 4824 cit.]
574 4757 631 4832 Et
652 4757 813 4820 utique
832 4757 1058 4832 expulsio
1094 4757 1440 4810 dienzonior'tan
1471 4757 1540 4810 est
1571 4757 2026 4832 renusﬁsio'pecca'm-

446 4819 592 4883 me;
615 4819 840 4883 Wa
883 4819 1092 4883 resoluta
1111 4833 1298 4883 causa,
1319 4833 1407 4883 per
1423 4833 1578 4883 etiam
1589 4819 1794 4883 hamatis
1810 4819 2025 4874 latinum:

443 4881 734 4949 possidebat.
759 4881 1289 4949 Perfectiosanitatitm,
1307 4881 1426 4934 dum
1441 4881 1502 4949 de
1523 4881 1668 4949 diem
1691 4882 1819 4934 diem
1834 4883 2026 4949 proficit

444 4940 676 5016 tectorio,
721 4953 766 4996 et
789 4940 1122 5016 corruptionis,
1146 4940 1285 5016 cujus
1325 4940 1490 5016 πριιιιςὲ
1519 4944 1708 4995 abtams
1743 4940 1845 5016 est;
1866 4940 2026 5016 passio

443 5004 725 5074 quotidiana
740 5004 1040 5074 renovqtio’ne
1053 5004 1301 5074 adnuitur.
1332 5004 1487 5074 tertia
1507 5004 1886 5074 mutuamur,
1905 5009 2024 5074 dum

444 5065 839 5131 resurrectionem
881 5067 931 5131 in
969 5065 1124 5131 seipse
1159 5065 1444 5131 ὺήιὶωιᾴαιη
1481 5067 1756 5120 monstravit
1779 5068 2022 5131 Ecclesiae,

445 5145 540 5199 qua
559 5131 624 5181 ad
647 5126 1015 5199 incorruptionis
1036 5126 1486 5199 commentationem
1499 5141 1832 5199 amitarumque
1854 5126 2019 5199 pereo}

445 5191 544 5246 aiat
565 5192 830 5244 satiatum.
844 5191 910 5242 'se
933 5203 1042 5254 vero
1059 5191 1527 5254 consummarinixit
1553 5197 1626 5240 :et
1647 5191 1836 5254 initium
1854 5191 1896 5254 et
1913 5191 2026 5254 ﬁnis

445 5255 567 5323 inae2
589 5255 690 5323 ipse
720 5259 863 5316 carm
883 5258 930 5304 et
946 5250 1190 5323 pienitudq
1215 5249 1460 5323 corporis,
1481 5251 1533 5300 in
1555 5250 1780 5323 membris
1801 5251 1900 5302 suis
1913 5249 2025 5323 ipse

445 5311 711 5382 perﬁcitur.
733 5311 945 5382 ﬁrmem
967 5323 1154 5377 [artem
1175 5311 1317 5377 hujus
1337 5311 1665 5382 additamenti,
1687 5326 1830 5376 quain
1842 5311 2026 5382 ansulis

445 5376 898 5440 comi-reuertimus
914 5409 930 5435 ,
969 5376 1248 5440 ’eraserunt'
1293 5376 1648 5440 Lovanienses;
1703 5377 2026 5440 misteriorem

446 5435 796 5500 tranéuuleruut
820 5445 927 5500 post
960 5436 1214 5500 duodecim
1241 5449 1428 5492 versus,
1462 5436 1520 5485 ad
1546 5439 1712 5494 verba,
1737 5435 2026 5496 iucormpli~

449 5499 616 5550 tilium
636 5497 876 5549 beatitudo
892 5497 1198 5563 gaudiorum:
1207 5503 1502 5563 nurumque
1527 5506 1712 5563 partem
1740 5500 2024 5563 auctoritate

449 5563 780 5611 vatianonun
801 5557 1025 5624 quaiuor,
1052 5566 1105 5609 et
1123 5557 1468 5608 Gallicanorum
1507 5557 1686 5624 aliquot
1865 5561 2024 5624 rejici-

511 5691 531 5717 ι
547 5683 627 5736 ttic
643 5680 768 5750 apud
791 5688 899 5734 Lor.
925 5681 1128 5745 additur,
1153 5687 1357 5744 tempus.

1254 229 1524 289 CONTRA
1563 227 1900 286 JUIJANUM
1938 225 2396 294 PELAGIANUM,
2437 225 2494 284 S.
2533 224 2900 284 AUGUSTINI

2257 96 2268 107 .
2293 89 2481 110 κάη-ιφ

3601 230 3714 288 860

2199 337 2290 394 6t.
2313 337 2393 393 Tu
2420 346 2598 394 autem
2627 338 2680 392 in
2707 337 3007 408 exemplum
3042 339 3141 402 rei,
3185 336 3253 394 de
3294 354 3400 409 qua
3445 340 3708 410 loqueba-

2123 429 2238 494 ris,
2295 428 2611 500 sacrilegum
2656 430 2975 485 sacriﬁcium
3003 432 3224 500 posuisti
3275 442 3434 502 atque
3495 433 3708 500 dixisti,

2130 538 2152 573 ι
2183 519 2439 591 quidquid
2469 519 2537 574 ad
2572 520 2674 575 hoc
2699 536 2864 590 genus
2891 522 3140 590 pertinet,
3172 522 3239 581 de
3269 523 3373 580 isto
3400 539 3504 578 uno
3546 541 3710 594 posse

2125 612 2408 668 monstrari
2433 630 2448 666 :
2469 613 2722 682 quoniam
2745 613 2790 668 si
2812 613 2978 670 semel
3014 615 3204 685 aliquis
3252 614 3407 674 idolis
3435 617 3684 674 sacrifica

2125 703 2282 767 verit,
2310 711 2506 771 potest,
2539 701 2710 761 donec
2733 711 3092 774 consequatur
3130 706 3361 768 veniam,
3385 708 3554 776 premi
3605 708 3712 764 im-

2125 792 2320 862 pietate
2335 793 2630 858 commissi,
2651 801 2706 848 et
2722 806 2899 849 manet
2917 804 3094 852 reatus
3115 797 3329 852 actione
3349 797 3520 852 tiuita.
3549 797 3710 854 Nullo

2124 889 2300 936 autem
2329 891 2506 952 pacto,
2541 901 2562 935 ι
2597 882 2789 952 inquis,
2813 901 2833 934 ι
2865 882 2979 938 ﬁeri
3009 894 3180 952 potest
3208 896 3266 942 ut
3288 896 3504 942 maneat
3524 887 3668 942 actio
3686 928 3705 953 ,

2124 982 2179 1028 et
2211 972 2464 1030 abscedat
2502 982 2715 1040 reatus;
2751 974 2806 1030 id
2831 985 2932 1040 est,
2965 987 3023 1030 ut
3051 975 3400 1044 daemonibus,
3451 996 3472 1031 ι
3507 979 3706 1048 inquis.

2130 1082 2150 1116 ‹
2179 1063 2482 1120 sacriﬁcare
2509 1079 2616 1128 non
2637 1064 2862 1132 desinat,
2889 1074 2944 1124 et
2965 1075 3144 1123 tamen
3172 1068 3307 1124 liber
3327 1084 3360 1126 a
3384 1069 3708 1139 profanitate

2122 1155 2384 1213 videatur.
2417 1177 2437 1210 ι
2472 1158 2586 1220 Hoc
2605 1157 2676 1213 de
2720 1158 2980 1214 sacriﬁcio
3016 1160 3174 1216 idolis
3209 1161 3386 1216 oblato
3422 1162 3709 1220 verissime
3740 1203 3760 1212 -

2123 1246 2254 1302 dicis
2283 1265 2297 1302 :
2323 1257 2472 1302 actus
2495 1257 2578 1304 est
2602 1248 2744 1306 enim
2765 1249 2856 1319 qui
2885 1263 3049 1319 opere
3065 1249 3182 1318 ipso
3203 1251 3486 1320 peragitur,
3516 1260 3575 1308 et
3593 1267 3706 1308 non

2123 1337 2257 1402 erit;
2285 1345 2339 1392 et
2363 1338 2407 1392 si
2433 1337 2629 1396 iterum
2661 1338 2737 1404 iit,
2769 1337 2996 1394 alterum
3029 1339 3111 1401 Iit.
3156 1339 3406 1410 Impietas
3433 1356 3564 1401 vero
3588 1342 3705 1412 ipsa

2121 1443 2226 1499 qua
2253 1427 2366 1488 liazc
2393 1427 2544 1495 ﬁunt,
2571 1428 2770 1486 tamdiu
2795 1439 2996 1497 manet,
3027 1430 3202 1488 donec
3241 1431 3398 1489 idolis
3431 1434 3708 1490 renuntie-

2125 1527 2210 1578 tur
2231 1527 2289 1574 et
2319 1519 2568 1578 credatur
2601 1519 2660 1574 in
2689 1519 2878 1576 Deum.
2929 1519 3089 1578 ldolis
3126 1521 3308 1591 itaque
3345 1521 3705 1579 sacriﬁcatum

2122 1607 2314 1682 [actum
2341 1618 2424 1664 est
2460 1608 2748 1677 transiens,
2779 1623 2890 1672 non
2927 1609 3112 1670 vitium
3154 1623 3381 1668 manens
3409 1629 3426 1664 :
3457 1611 3708 1682 impietas

2122 1711 2249 1756 vero
2271 1712 2378 1767 qua
2408 1697 2764 1757 sacrificatum
2783 1707 2886 1766 est,
2916 1699 3040 1770 quia
3057 1707 3114 1755 et
3137 1699 3230 1758 illo
3251 1709 3470 1772 peracto
3499 1711 3706 1767 manet,

2121 1786 2332 1851 videtur
2365 1802 2484 1845 esse
2511 1789 2951 1878 concupiscentiae
2981 1789 3192 1857 similis,
3219 1806 3326 1861 qua
3358 1791 3708 1849 commissum

2122 1888 2206 1944 est
2231 1880 2573 1938 adulterium.
2605 1883 2709 1941 Sed
2736 1899 2921 1939 errore
2946 1884 3176 1951 sublato,
3199 1900 3310 1956 quo
3338 1884 3429 1942 illa
3457 1885 3710 1954 impietas

2123 1971 2292 2042 pietas
2312 1974 2615 2043 putabatur,
2660 1975 2912 2048 numquid
2946 1975 3104 2034 idolis
3134 1977 3366 2046 aliquem
3403 1977 3710 2036 sacriﬁcare

2121 2063 2372 2131 delectat,
2400 2066 2534 2123 etin
2580 2066 2670 2121 illo
2695 2066 3001 2137 hujusmodi
3037 2067 3362 2124 desiderium
3400 2083 3710 2124 commove.

2125 2155 2247 2210 tur?
2272 2155 2429 2212 Nullo
2466 2155 2627 2216 modo
2665 2158 2823 2229 igitur
2857 2159 3034 2215 simile
3060 2167 3163 2224 est,
3211 2159 3354 2230 quod
3395 2175 3494 2229 pro
3542 2160 3710 2218 simili

2124 2247 2427 2316 patiendum
2463 2248 2676 2317 putasti.
2706 2249 2861 2308 Nullo
2889 2249 3069 2317 modo,
3114 2251 3349 2321 inquam,
3400 2251 3578 2306 simile
3621 2260 3714 2310 αι

2123 2337 2440 2392 sacriﬁcium
2487 2338 2754 2396 transiens
2797 2341 3032 2396 monenti
3071 2341 3551 2410 concupiscentia,
3589 2357 3714 2410 qua

2123 2424 2526 2498 bominemjam
2571 2444 2676 2483 non
2701 2431 3119 2488 committentem
3145 2431 3287 2502 quod
3325 2431 3462 2487 solet
3498 2433 3547 2486 ei
3574 2445 3710 2488 con-

2123 2518 2406 2577 sentiendo
2439 2520 2796 2588 committere,
2841 2522 2952 2590 jam
3000 2523 3154 2592 plena
3177 2521 3280 2578 [ide
3307 2531 3367 2578 et
3401 2522 3712 2594 cognitione

2123 2607 2444 2668 retinentem
2485 2625 2589 2664 non
2639 2625 2760 2668 esse
2797 2610 2919 2666 talia
2952 2611 3208 2678 iacienda,
3259 2611 3490 2666 stimulis
3528 2621 3710 2666 tamen

2130 2700 2434 2761 illicitoi‘ttni
2461 2701 2870 2770 desideriorum,
2903 2703 3096 2774 quibus
3124 2704 3324 2760 resistit
3350 2705 3592 2769 castitas,
3622 2704 3712 2759 in-

2123 2793 2363 2862 quietare
2402 2808 2506 2850 non
2535 2803 2708 2850 cessat
2737 2812 2750 2848 :
2777 2810 2953 2866 neque
2989 2795 3208 2852 scientia
3253 2797 3454 2864 linitur,
3504 2807 3566 2852 ut
3601 2812 3714 2852 non

2125 2881 2224 2948 sit;
2251 2882 2349 2940 sed
2379 2883 2704 2940 continentia
2731 2885 3051 2950 refrenatur,
3100 2894 3158 2941 ut
3181 2901 3286 2956 quo
3313 2887 3483 2942 tendit
3515 2901 3716 2956 perve-

2123 2975 2241 3033 nire
2267 2990 2371 3030 non
2412 2975 2599 3045 possit.
2643 2974 2978 3046 QuaprOpter
3015 2977 3154 3032 sicut
3192 2976 3350 3032 idolis
3389 2976 3714 3044 immutatio,

2125 3078 2244 3134 qua:
2270 3063 2379 3135 jam
2412 3079 2510 3120 nec
2547 3063 2600 3120 in
2637 3065 2850 3121 actione
2877 3074 2980 3130 est,
3025 3065 3147 3136 quia
3191 3066 3474 3135 praeteriit;
3527 3080 3628 3122 nec
3657 3066 3718 3121 in

2124 3153 2418 3220 voluntate,
2451 3153 2572 3222 quia
2599 3169 2751 3210 error
2775 3168 2884 3225 quo
2915 3153 3076 3210 ﬁebat
3097 3153 3410 3224 absumptus
3434 3163 3515 3210 est
3536 3153 3717 3222 fma-

2124 3254 2217 3302 net
2245 3253 2419 3310 tamen
2449 3253 2628 3302 reatus
2656 3244 2790 3316 ejus,
2818 3244 2988 3300 donec
3017 3245 3070 3300 in
3106 3245 3318 3300 lavacro
3345 3246 3718 3318 regeneratio-

2123 3337 2209 3392 nis
2246 3346 2584 3406 peccatorum
2611 3336 2849 3392 omnium
2897 3337 3212 3393 rectissime
3258 3337 3498 3394 solvatur
3529 3354 3545 3390 :
3577 3338 3658 3393 sic
3681 3352 3716 3393 e

2123 3429 2393 3484 contrario
2407 3427 2646 3498 quamvis
2664 3436 2842 3486 reatus
2865 3428 3020 3483 malae
3043 3427 3491 3499 concupiscentia:
3518 3428 3714 3484 eodem

2125 3518 2448 3589 Baptismatc
2468 3519 2537 3574 sit
2575 3519 2814 3584 solutus;
2863 3528 3044 3575 manet
3072 3528 3248 3574 tamen
3285 3520 3419 3592 ipsa,
3447 3518 3624 3575 donec
3646 3519 3715 3573 ab

2125 3623 2192 3664 eo
2218 3609 2307 3680 qui
2333 3618 2453 3678 post
2479 3609 2644 3679 ejecta
2674 3609 2937 3664 dit-monia
2967 3610 3172 3681 perlicit
3217 3612 3496 3678 sanitates,
3543 3613 3714 3668 medio

2125 3697 2244 3754 cina
2269 3697 2577 3767 pcrticieate
2602 3708 2840 3756 sanetur.
3131 3745 3144 3754 .

2197 3786 2288 3843 62.
2321 3785 2427 3842 Sed
2467 3803 2650 3858 qumso
2682 3798 2752 3854 te,
2781 3805 2902 3846 cum
2942 3797 2997 3844 et
3043 3791 3156 3860 ipse
3197 3790 3464 3846 concedas
3509 3797 3712 3862 peccati

2127 3875 2252 3932 facti
2279 3885 2438 3948 atque
2463 3879 2715 3934 transacti
2745 3888 2949 3936 reatum
2985 3895 3225 3946 manere,
3257 3882 3357 3938 nisi
3386 3898 3544 3940 sacro
3569 3886 3712 3942 fonte

2125 3969 2388 4035 diluatur;
2429 3969 2516 4025 die
2544 3970 2672 4026 milii
2704 3980 2882 4028 reatus
2909 3973 3008 4028 istc
3034 3973 3152 4043 quis
3181 3973 3252 4032 sit
3269 4016 3284 4038 ,
3312 3984 3367 4029 et
3393 3975 3480 4030 ubi
3503 3989 3715 4036 maneat

2121 4061 2232 4133 jam
2255 4061 2472 4118 homine
2509 4072 2752 4118 correeto
2793 4075 3042 4134 recteque
3073 4065 3303 4133 vivente,
3355 4069 3594 4124 nondum
3635 4079 3715 4126 Li-

2125 4169 2249 4214 men
2279 4161 2618 4224 peccatorum
2655 4155 2971 4212 remissione
2996 4156 3242 4212 liberato.
3284 4159 3598 4228 Subjeetum
3629 4175 3710 4218 est

2125 4253 2306 4301 reatus
2327 4245 2448 4308 iste,
2481 4244 2532 4299 id
2558 4254 2640 4300 est
2655 4245 2966 4311 substantia,
3000 4249 3138 4300 sicut
3157 4247 3396 4318 spiritus,
3422 4251 3562 4306 sicut
3589 4267 3711 4308 cor-

2128 4354 2258 4410 pus;
2285 4355 2352 4394 an
2385 4341 2438 4394 in
2469 4339 2729 4408 subjecto,
2777 4341 2912 4398 sicut
2937 4341 3104 4398 febris
3129 4351 3224 4398 aut
3247 4344 3438 4400 vulnus
3490 4347 3544 4402 in
3587 4362 3710 4402 cor-

2127 4445 2280 4502 pore,
2327 4434 2440 4486 sive
2459 4433 2680 4488 avaritia
2713 4434 2794 4488 vel
2829 4449 2981 4489 error
3007 4434 3062 4490 in
3100 4435 3324 4490 animo?
3363 4437 3426 4492 lo
3472 4439 3712 4508 subjecto

2127 4539 2246 4580 esse
2273 4525 2509 4580 dicturus
2537 4540 2598 4581 es
2621 4542 2634 4579 :
2659 4541 2832 4596 neque
2859 4527 3000 4582 enim
3033 4539 3236 4583 reatum
3277 4529 3571 4586 aitirmabis
3593 4547 3711 4587 esse

2127 4615 2496 4672 substantiam.
2523 4616 2577 4671 lu
2601 4631 2708 4687 quo
2733 4618 2890 4688 igitur
2918 4617 3010 4674 tibi
3045 4618 3254 4675 videtur
3282 4635 3402 4677 esse
3429 4622 3709 4690 subjecto?

2126 4703 2234 4764 Cur
2251 4722 2484 4776 qumram
2509 4707 2638 4777 quid
2666 4707 3010 4777 respondeas,
3035 4717 3215 4766 etnon
3239 4711 3416 4780 potius
3438 4713 3596 4767 verba
3625 4722 3708 4766 tua

2129 4796 2367 4866 mnam?
2400 4813 2420 4848 ‹
2444 4799 2599 4861 Actu,
2631 4816 2649 4849 ι
2685 4797 2879 4867 inquis,
2918 4817 2937 4850 ι
2969 4807 3343 4868 prmtcreuntc,
3389 4812 3571 4857 manet
3597 4802 3708 4871 ejus

2129 4871 2310 4944 reatus
2335 4889 2386 4943 in
2414 4889 2553 4943 illius
2575 4891 2905 4946 conscientia
2927 4889 3018 4960 qui
3047 4890 3288 4960 deliquit,
3334 4891 3510 4948 donec
3536 4893 3710 4948 dimit-

2129 4990 2290 5040 tatur.
2325 4999 2344 5032 ι
2380 4982 2520 5051 Ergo
2549 4981 2602 5036 in
2628 4981 2869 5053 subjecto
2887 4989 2990 5046 est,
3021 4981 3125 5037 hoc
3149 4991 3252 5045 est,
3299 4983 3351 5038 in
3385 4984 3567 5037 animo
3593 4987 3706 5052 ejus

2129 5075 2218 5142 qui
2243 5071 2532 5142 deliquisse
2555 5086 2615 5126 se
2650 5069 2924 5151 meminit,
2939 5080 2993 5126 et
3029 5073 3277 5141 scrupulo
3302 5072 3515 5143 argitnr
3541 5075 3554 5104 '
3581 5089 3702 5128 con-

2129 5164 2386 5232 scientiae,
2416 5163 2588 5218 douec
2626 5162 2718 5218 ﬁat
2745 5163 2924 5219 delicti
2949 5165 3263 5220 remissione
3289 5181 3530 5222 securus.
3575 5165 3707 5235 Quid

2130 5257 2172 5311 si
2200 5257 2542 5310 obliviscatur
2567 5271 2624 5310 se
2648 5255 2957 5325 deliquisse,
3003 5273 3102 5312 nec
3123 5255 3240 5326 cjus
3260 5258 3584 5312 conscientia
3612 5259 3707 5311 sti-

2131 5347 2381 5411 muletur,
2418 5346 2506 5401 ubi
2532 5349 2635 5401 erit
2670 5355 2846 5404 reatus
2889 5346 2997 5414 ille,
3029 5362 3188 5417 quem
3240 5358 3552 5404 transeunte
3586 5363 3706 5417 pec-

2131 5453 2252 5494 cato
2299 5454 2514 5494 manere
2560 5439 2834 5502 concedis,
2862 5439 3032 5495 donec
3081 5441 3419 5496 rcitiiuatur?
3467 5440 3584 5494 Non
3631 5449 3708 5494 est

2132 5542 2275 5588 certe
2306 5531 2634 5601 incorpore,
2680 5531 2803 5602 quia
2845 5547 2948 5588 non
2995 5543 3076 5588 est
3119 5548 3304 5588 eorum
3351 5532 3706 5589 accidentium

2199 5684 2216 5712 ι
2235 5689 2332 5730 Am.
2356 5691 2406 5732 et
2429 5687 2554 5741 uss,
2583 5679 2763 5745 agitur.
