3972 6178
310 277 411 337 86!

304 405 430 461 qua:
464 387 710 446 accidunt
747 389 993 459 corpori;
1033 403 1139 444 non
1178 397 1263 446 est
1298 390 1351 446 in
1390 390 1589 458 animo,
1613 391 1737 461 quia
1762 392 1879 460 ejus

308 480 618 535 memoriam
647 476 844 535 delevit
862 478 1053 536 oblivio
1086 497 1100 534 :
1130 488 1187 536 et
1211 488 1387 539 tamen
1416 491 1516 536 est.
1546 480 1640 536 Ubi
1672 490 1753 536 est
1780 480 1884 552 igi-

316 577 438 635 tur,
486 584 608 627 cum
628 570 737 639 jam
766 570 904 627 bene
927 572 1071 626 vivat
1116 570 1297 638 homo,
1347 572 1478 628 nihil
1506 573 1613 628 tale
1638 574 1885 628 commit-

307 669 455 727 tens;
482 675 583 717 nec
610 662 714 717 dici
737 663 924 733 possit,
954 678 1149 719 eorum
1166 673 1499 734 peccatorum
1530 666 1646 734 ejus
1676 675 1882 721 reatum

303 766 523 813 manere
543 768 659 822 quae
682 753 923 808 meminit
947 771 962 820 ;
1001 770 1187 811 eorum
1216 769 1343 810 vero
1362 770 1481 825 quae
1508 756 1703 810 oblitus
1730 763 1812 811 est
1839 757 1878 823 ¹,

301 856 409 898 non
439 843 691 899 manere?
717 842 890 898 ilanet
910 843 1104 913 quippe
1124 845 1343 898 omnino
1359 844 1528 898 donec
1551 844 1879 898 remittatur.

240 946 247 954 ·
301 929 403 992 Ubi
446 946 574 1002 ergo
612 941 811 1001 manet,
833 933 935 988 nisi
983 934 1036 987 in
1083 934 1305 990 occultis
1354 933 1559 1004 legibus
1603 933 1718 1000 Dei,
1759 949 1881 1004 qua:

300 1024 615 1095 conscripta:
655 1033 781 1080 sunt
803 1025 1032 1095 quodam
1059 1026 1219 1081 modo
1248 1026 1300 1080 in
1347 1025 1612 1080 mentibus
1645 1024 1882 1095 Angelo-

300 1131 442 1183 rum,
465 1125 523 1170 ιιι
549 1116 691 1172 nulla
722 1117 791 1170 sit
820 1117 1066 1185 iniquitas
1092 1116 1380 1186 impunita,
1428 1116 1531 1170 nisi
1560 1130 1718 1185 quam
1749 1130 1880 1170 san-

297 1208 416 1278 guis
441 1206 746 1262 Mediateris
771 1207 1065 1276 expleverit
1088 1224 1103 1272 ;
1128 1207 1282 1276 cujus
1309 1207 1459 1276 signo
1489 1208 1661 1261 crucis
1689 1220 1877 1261 conse-

296 1304 478 1356 cratur
497 1294 637 1350 unda
665 1295 1023 1365 Baptismatis,
1039 1303 1095 1348 ut
1111 1309 1170 1349 ea
1188 1295 1419 1351 diluatur
1432 1305 1609 1349 reatus
1628 1302 1876 1365 tanquam

298 1385 352 1441 in
375 1385 733 1456 chirographo
754 1385 1005 1456 scriptus,
1037 1385 1090 1440 in
1116 1386 1302 1440 notitia
1341 1386 1692 1454 spiritualium
1721 1395 1875 1454 pote-

297 1485 515 1545 statum,
560 1492 655 1547 per
679 1492 810 1549 quas
837 1493 992 1548 plena
1029 1478 1255 1548 exigitur
1294 1477 1675 1547 peccatorum?
1743 1476 1878 1533 liuic

292 1568 653 1639 chirographo
693 1579 985 1625 nascuntur
1025 1568 1239 1623 obnoxii
1285 1581 1473 1623 omnes
1516 1568 1571 1622 in
1611 1581 1772 1623 carne
1808 1568 1878 1623 de

296 1675 461 1719 carne
479 1660 769 1716 carnaliter
797 1662 943 1727 nati;
972 1660 1089 1731 ejus
1109 1660 1178 1715 ab
1200 1663 1304 1716 hoc
1323 1660 1505 1716 debito
1528 1662 1783 1731 sanguine
1812 1660 1877 1714 li-

298 1752 542 1819 hcrandi,
564 1753 655 1823 qui
678 1753 730 1807 in
754 1768 919 1809 carne
945 1754 1160 1823 quidem
1187 1764 1242 1809 et
1264 1753 1331 1809 de
1351 1769 1532 1820 carne,
1561 1768 1666 1808 non
1698 1763 1873 1808 tamen

294 1844 600 1909 carnaliter,
630 1843 725 1899 sed
748 1844 1091 1915 spiritualiter
1108 1853 1266 1898 natus
1292 1854 1394 1899 est.
1434 1843 1600 1900 Natus
1622 1852 1705 1900 est
1732 1844 1875 1899 enim

293 1934 363 1989 de
390 1934 588 2006 Spiritu
615 1943 802 1989 saneto
827 1944 880 1990 et
910 1934 1119 2004 virgine
1144 1934 1306 1988 Maria
1328 1935 1369 1987 '.
1400 1935 1476 1989 De
1502 1934 1700 2004 Spiritu
1731 1933 1877 1988 scili-

293 2033 381 2081 cet
405 2033 609 2091 sancto,
657 2039 724 2079 ne
750 2033 894 2079 esset
938 2025 989 2079 in
1020 2024 1114 2078 illo
1132 2039 1262 2078 caro
1289 2025 1525 2095 peccati;
1565 2038 1629 2078 ex
1675 2023 1877 2093 virgine

294 2124 472 2172 autem
503 2116 687 2183 Maria,
726 2124 784 2170 ut
809 2125 953 2171 esset
987 2116 1041 2171 in
1070 2115 1160 2170 illo
1199 2114 1489 2170 similitudo
1530 2114 1706 2168 carnis
1749 2128 1875 2183 pec-

290 2209 421 2267 cati.
470 2208 595 2265 ideo
622 2208 696 2263 illi
721 2206 1080 2278 chirographo
1106 2222 1210 2261 non
1236 2207 1381 2261 venit
1401 2205 1680 2270 obnoxius,
1726 2215 1781 2259 et
1808 2204 1876 2261 ab

295 2300 390 2357 illo
413 2300 574 2356 solvit
592 2299 873 2356 obnoxios.
925 2298 1112 2369 Neque
1136 2298 1279 2353 enim
1302 2296 1444 2352 nulla
1474 2305 1558 2352 est
1603 2295 1872 2365 iniquitas,

292 2406 419 2447 cum
446 2392 499 2447 in
520 2408 626 2447 uno
647 2390 863 2449 homine
880 2391 965 2446 vel
984 2390 1260 2460 superiora
1287 2387 1629 2443 inferioribus
1655 2387 1877 2457 turpiter

293 2482 564 2550 serviunt,
605 2482 687 2538 vel
713 2481 963 2538 inferiora
993 2479 1355 2550 superioribus
1380 2477 1762 2533 contumaciter
1787 2492 1876 2532 rc-

294 2573 578 2639 luctantur,
607 2574 817 2631 etiamsi
845 2573 1060 2628 vincere
1083 2588 1193 2627 non
1215 2571 1483 2628 sinantur.
1509 2569 1657 2626 [iane
1680 2567 1877 2638 iniqui-

292 2671 456 2722 tatem
477 2667 521 2720 si
540 2665 702 2720 homo
725 2665 794 2719 ab
814 2664 1030 2719 homine
1050 2666 1219 2720 altero
1246 2663 1542 2719 forinsecus
1556 2660 1876 2717 adversante

293 2765 585 2825 pateretur,
616 2756 736 2825 quia
765 2755 819 2809 in
849 2754 941 2809 illo
966 2769 1071 2808 non
1099 2762 1263 2818 esset,
1292 2753 1410 2808 sine
1439 2752 1534 2806 illo
1564 2751 1747 2823 utique
1772 2766 1874 2821 pu-

293 2848 535 2902 niretur:
563 2847 685 2917 quia
705 2861 832 2901 vero
860 2846 913 2901 in
938 2846 1030 2901 illo
1056 2852 1161 2911 est,
1193 2853 1283 2899 aut
1307 2860 1427 2900 cum
1468 2844 1559 2899 illo
1607 2845 1873 2915 punietur,

291 2944 385 2999 aut
409 2935 502 2989 illo
525 2935 594 2989 ab
618 2935 733 3004 ejus
768 2942 921 2990 reatu
963 2934 1208 3001 liberato,
1240 2934 1319 2989 sic
1359 2933 1412 2988 in
1452 2935 1742 2990 certamine
1781 2932 1880 2989 ad-

292 3041 480 3081 versus
520 3025 762 3095 spiritum
816 3030 1145 3097 perseverat,
1177 3033 1236 3079 ut
1283 3024 1549 3079 hominem
1600 3023 1710 3094 jam
1767 3039 1873 3079 non

292 3133 443 3172 reum
486 3116 551 3170 ad
582 3117 731 3173 nulla
779 3125 899 3186 post
941 3123 1166 3172 mortem
1212 3124 1472 3170 tormenta
1522 3114 1869 3181 transmittat,

295 3222 401 3263 non
416 3207 618 3263 alienet
643 3221 673 3261 a
700 3222 865 3277 regno
898 3207 1025 3272 Dei,
1058 3206 1202 3263 nulla
1232 3205 1573 3260 damnatione
1598 3204 1756 3258 faciat
1780 3204 1876 3260 de-

294 3299 489 3365 tineri;
525 3312 700 3369 neque
722 3309 862 3354 utea
902 3300 1114 3369 penitus
1155 3313 1455 3364 careamus,
1507 3299 1654 3354 velut
1699 3297 1872 3352 aliena

295 3398 479 3446 natura
525 3389 835 3460 sejungatur
871 3404 901 3446 a
932 3390 1104 3455 nobis,
1137 3388 1233 3445 sed
1271 3390 1395 3461 quia
1426 3400 1622 3445 nostra:
1669 3399 1873 3445 natura:

295 3481 520 3552 languor
544 3490 645 3548 est,
690 3491 907 3537 sanetur
937 3481 988 3535 in
1021 3482 1194 3537 nobis.

363 3572 588 3631 CAPUT
615 3570 984 3647 XX(a).-63.
1008 3572 1232 3643 Propter
1243 3572 1346 3628 hoc
1362 3587 1492 3644 ergo
1508 3573 1715 3639 vitium,
1736 3574 1873 3629 sicut

293 3664 347 3727 in
371 3678 440 3723 .eo
463 3664 619 3731 libro,
647 3665 731 3719 cui
754 3665 980 3731 resistis,
1010 3679 1039 3719 a
1061 3680 1147 3720 me
1172 3665 1399 3736 positum
1429 3676 1511 3721 est
1530 3708 1546 3734 ,
1595 3683 1614 3718 ι
1642 3665 1872 3721 humana

292 3766 480 3812 natura
510 3756 795 3811 damnatur
820 3774 834 3812 :
857 3764 911 3811 et
934 3765 1151 3827 propter
1169 3756 1309 3827 quod
1332 3756 1632 3823 damnatur,
1658 3768 1875 3828 propter

295 3847 397 3902 hoc
438 3855 493 3902 et
529 3846 812 3903 damnabili
849 3846 1061 3902 diabolo
1105 3847 1445 3918 subjugatur;
1500 3848 1622 3917 quia
1675 3857 1730 3903 et
1758 3850 1872 3917 ipse

291 3935 535 3994 diabolus
552 3936 771 4006 spiritus
788 3936 1089 3993 immundus
1108 3947 1190 3992 est
1212 3955 1225 3991 :
1247 3945 1301 3991 et
1320 3937 1501 4007 utique
1521 3937 1715 3992 bonum
1732 3935 1874 4007 quod

282 4028 530 4095 spiritus,
546 4027 742 4082 malum
768 4027 911 4098 quod
924 4027 1258 4091 immundus;
1291 4027 1538 4098 quoniam
1561 4027 1777 4096 spiritus
1792 4035 1875 4081 est

292 4130 501 4185 natura,
516 4119 820 4176 immndus
829 4127 914 4175 est
929 4118 1056 4173 vitio
1071 4136 1084 4171 :
1098 4134 1320 4189 quorum
1335 4119 1559 4173 duorum
1576 4119 1700 4174 illud
1714 4137 1741 4174 a
1764 4119 1872 4176 Deo

291 4219 396 4279 est,
410 4210 514 4267 hoc
529 4210 596 4265 ab
613 4210 749 4279 ipso.
770 4208 888 4264 Non
901 4210 1079 4279 itaque
1096 4217 1238 4265 tenet
1255 4209 1496 4264 homines
1508 4209 1620 4265 sive
1634 4209 1872 4279 majoris'

278 4303 403 4360 ,θίγε
426 4299 685 4357 infantilis
711 4301 900 4365 aetatis,
933 4311 1151 4371 propter
1173 4301 1310 4371 quod
1338 4300 1598 4365 homines,
1626 4302 1718 4357 sed
1751 4317 1871 4372 pro-

284 4401 411 4463 pter
432 4390 849 4461 mind-immundi
879 4399 1000 4445 sunt
1020 4409 1041 4443 ι
1084 4390 1184 4459 (De
1203 4390 1411 4462 thtpliis
1436 4400 1480 4444 cl
1504 4390 1873 4461 Concupiscen-

284 4485 384 4550 tic,
414 4484 503 4539 lib.
537 4485 589 4552 i,
613 4500 709 4540 an.
728 4483 822 4550 25,
848 4482 965 4544 26).
1012 4482 1104 4537 llis
1132 4483 1306 4538 urbis
1334 4485 1467 4537 meis
1494 4499 1556 4538 ex
1587 4484 1720 4537 libro
1753 4498 1873 4539 meo

288 4574 387 4633 abs
431 4581 484 4630 te
525 4573 734 4644 positis,
779 4573 848 4628 ita
890 4571 1246 4628 resistendum
1291 4572 1506 4642 putasti,
1545 4583 1602 4626 ut
1644 4573 1868 4639 diceres,

297 4665 467 4723 «hanc
489 4664 718 4725 fortnam
751 4665 909 4720 etiam
954 4664 1006 4718 in
1045 4663 1261 4719 homine
1297 4664 1436 4717 malo
1476 4663 1722 4719 debuisse
1759 4679 1874 4719 scr-

289 4756 428 4824 vari,
452 4771 571 4827 quas
611 4764 853 4813 servatur
891 4754 943 4810 in
979 4753 1222 4818 diabolo;
1253 4770 1320 4809 ne
1344 4754 1620 4824 quisquam
1650 4754 1872 4810 damne-

292 4855 400 4912 tur,
425 4846 525 4904 nisi
555 4862 618 4901 ex
646 4846 789 4900 vitiis
817 4843 1046 4915 propriae
1074 4844 1389 4909 voluntatis;
1419 4854 1579 4914 atque
1607 4844 1726 4899 ideo
1752 4845 1871 4899 nul-

286 4938 401 4997 lum
428 4938 497 4999 sit
522 4939 778 5009 originale
808 4946 1081 5008 peccatum
1112 4955 1126 4990 :
1156 4938 1388 5008 alioquin
1418 4952 1552 5009 opus
1590 4939 1727 5008 ejus,
1759 4957 1778 4991 ι
1816 4948 1874 4993 ιιι

288 5030 443 5095 dicis,
472 5032 590 5107 «qui
614 5032 776 5087 etiam
798 5030 1068 5087 diabolum
1106 5030 1301 5085 bonum
1326 5032 1587 5095 cendidit,
1623 5049 1726 5086 non
1768 5048 1868 5102 po-

290 5129 398 5178 test
424 5122 727 5194 approbari.
758 5140 778 5174 ι
831 5121 939 5177 Nec
964 5121 1192 5178 attendis
1218 5122 1359 5192 quod
1380 5123 1646 5177 diabolum
1675 5139 1777 5176 non
1807 5138 1872 5177 ex

288 5216 397 5277 alio
422 5216 633 5277 diabolo
660 5215 862 5272 creavit
903 5215 1062 5279 Deus,
1098 5232 1198 5273 nec
1233 5231 1299 5272 ex
1337 5216 1515 5288 aliquo
1540 5217 1727 5288 angelo
1751 5218 1876 5273 licet

356 5391 375 5421 ⁸
401 5387 507 5439 Sola
546 5388 694 5439 editio
736 5396 877 5450 ιλιι,
924 5387 1010 5453 qui
1047 5387 1292 5451 meminit,
1340 5389 1447 5452 ejus
1483 5402 1595 5442 vero
1636 5388 1722 5455 qui
1756 5390 1875 5442 abli-

290 5456 379 5544 ‘m’
508 5509 792 5578 legendum,
830 5511 892 5563 de
928 5510 1108 5578 Spiritu
1129 5520 1291 5578 sgmclo
1311 5518 1373 5578 ειΔ
1392 5511 1574 5578 virgine
1610 5513 1784 5578 uaria,
1810 5527 1875 5569 ex

288 5578 399 5640 Mss.
423 5573 519 5640 [de_
542 5572 720 5640 spiritu
754 5581 917 5640 sancto
951 5572 1016 5624 ex
1037 5572 1220 5640 virgine
1252 5574 1446 5640 Merita]

355 5635 378 5698 ξ
400 5634 623 5698 Plerique
644 5639 772 5694 ἣδε»,
798 5636 1023 5698 nmjorcs.

352 5695 427 5771 (ιι)
460 5695 588 5773 Apud
604 5705 777 5755 am.,et
796 5695 891 5761 Eri,
914 5698 962 5747 9.

1650 275 1849 332 LIBER
1887 277 2168 343 SEXTUS.

3420 262 3429 265 ’
3458 298 3564 357 sua

1990 393 2151 464 bene,
2195 399 2346 470 cujus
2390 410 2564 459 tamen
2593 403 2678 460 lex
2704 417 2846 462 esset
2884 412 2935 462 ln
2972 408 3224 464 membris
3264 425 3562 483 repugnans

1989 484 2090 556 legi
2118 489 2330 555 mentis,
2350 506 2444 561 per
2462 508 2618 562 quam
2650 506 2845 551 etcum
2873 514 2973 566 qua
2996 499 3064 553 de
3090 499 3302 555 homine
3327 503 3563 557 nascitur

1987 576 2160 631 omnis
2188 577 2367 636 homo.
2408 582 2702 652 Adjuvaret
2731 586 2905 657 itaque
2931 595 2983 643 te
3013 588 3236 645 fortasse
3270 590 3372 645 hoc
3409 606 3564 662 argu-

1985 673 2246 732 mentum,
2276 670 2320 723 si
2345 680 2401 724 ut
2427 669 2607 739 homo,
2631 675 2702 728 ita
2731 674 2972 731 diabolus
2993 677 3229 748 gigneret
3255 680 3409 746 ﬁlios,
3441 696 3563 736 eos-

1983 767 2088 823 que
2119 767 2336 825 paterno
2364 773 2582 832 peccato
2610 781 2922 836 negaremus
2946 768 3223 827 obnoxios.
3252 769 3403 826 Nunc
3431 784 3561 827 vero

1983 845 2123 901 aliud
2149 857 2231 903 est
2260 850 2369 915 ille,
2400 853 2486 920 qui
2518 854 2779 911 homicida
2804 860 3003 914 eratab
3030 860 3199 927 initio,
3229 861 3349 930 quia
3381 862 3557 917 homi-

1983 950 2105 990 nem
2126 937 2196 993 ab
2221 939 2374 995 initio
2397 957 2503 1012 quo
2531 953 2612 1000 est
2640 946 2801 1001 homo
2827 948 3117 1015 institutus,
3143 951 3337 1005 occidit
3360 965 3454 1022 per
3480 950 3560 1006 [ειη

1981 1028 2142 1083 mium
2170 1030 2554 1102 seductionem,
2586 1046 2640 1092 et
2666 1038 2717 1092 in
2745 1040 2967 1096 veritate
3007 1056 3102 1110 per
3142 1042 3366 1099 liberum
3408 1044 3556 1099 arbi-

1984 1118 2142 1171 trium
2170 1137 2273 1175 non
2304 1125 2450 1179 stetit
2472 1123 2650 1197 (Joan.
2682 1144 2791 1193 vui,
2822 1130 2938 1200 ii),
2967 1132 3267 1203 cadensque
3288 1133 3512 1204 dejecit'
3537 1152 3555 1192 :

1979 1219 2034 1263 et
2061 1211 2203 1267 aliud
2225 1223 2307 1268 est
2330 1217 2467 1285 quod
2501 1235 2590 1286 per
2618 1236 2772 1272 unum
2793 1220 3044 1275 hominem
3068 1233 3326 1293 peccatum
3352 1224 3556 1278 intrauit

1981 1302 2032 1356 in
2053 1307 2314 1370 mundum,
2338 1318 2384 1360 et
2410 1326 2497 1377 per
2521 1320 2778 1379 peccatum
2799 1328 2969 1379 mors;
2998 1322 3045 1366 et
3071 1314 3120 1366 in
3147 1329 3313 1367 omnes
3332 1314 3557 1369 homines

1980 1397 2287 1464 pertransiit,
2309 1398 2361 1451 in
2380 1415 2476 1468 quo
2497 1417 2667 1454 omnes
2687 1412 3009 1471 peccaverunt
3034 1401 3210 1476 (Rom.
3233 1420 3286 1470 v,
3317 1404 3427 1476 12).
3454 1400 3557 1461 Ubi

1979 1483 2253 1539 evidenter
2278 1500 2587 1558 expressum
2617 1502 2719 1555 εει,
2748 1492 2983 1560 exceptis
3026 1492 3283 1563 cujusque
3326 1492 3556 1551 hominis

1976 1577 2227 1644 propriis,
2259 1593 2542 1635 commune
2569 1580 2815 1637 omnibus
2836 1582 3136 1641 hominibus
3156 1585 3410 1655 originale
3433 1600 3557 1657 pec-

1977 1674 2177 1719 catum.

2048 1755 2136 1812 6i.
2188 1757 2338 1827 Quod
2367 1769 2542 1816 autem
2568 1761 2697 1830 dixi,
2745 1783 2763 1816 ι
2793 1764 2891 1832 Qui
2920 1764 3141 1821 miratur
3165 1766 3285 1838 quia
3311 1772 3554 1822 creatura

1968 1846 2076 1903 Dei
2126 1848 2372 1905 subditur
2408 1851 2639 1917 diabolo,
2678 1869 2787 1908 non
2829 1856 3078 1920 miretur;
3124 1856 3368 1910 subditur
3409 1856 3553 1911 enim

1976 1949 2217 1995 creatura
2244 1941 2335 1996 Dei
2364 1952 2621 1999 creaturze
2642 1947 2755 2015 Dei,
2773 1948 2945 2002 minor
2970 1948 3187 2020 majoris
3224 1947 3323 2021 (De
3343 1948 3555 2020 Nuptiis

1977 2039 2022 2082 et
2049 2028 2457 2098 Concupiscentia
2478 2075 2493 2100 ,
2532 2034 2619 2089 lib.
2650 2035 2700 2101 1,
2728 2053 2781 2089 n.
2808 2036 2878 2091 26
2902 2036 2920 2106 )
2950 2055 2964 2091 :
2993 2053 3089 2092 cur
3118 2037 3186 2091 ita
3213 2037 3458 2109 posuisti,
3494 2046 3555 2093 ut

1977 2124 2250 2191 sequentia
2294 2139 2411 2179 mea
2444 2127 2605 2181 verba
2653 2143 2759 2182 non
2802 2128 3045 2194 adderes,
3085 2128 3276 2200 quibus
3319 2128 3550 2191 ostendi.

1977 2212 2422 2282 quemadmodum
2468 2215 2691 2272 dixerim
2716 2259 2730 2281 ,
2767 2237 2786 2270 ι
2817 2219 2990 2273 minor
3029 2220 3216 2289 majori
3242 2238 3261 2271 ι
3313 2219 3545 2277 humana

1977 2302 2183 2357 scilicet
2204 2305 2486 2374 angelicas;
2526 2306 2626 2361 nisi
2658 2315 2713 2361 ut
2739 2308 2914 2363 minus
2940 2308 3324 2381 intelligeretur
3361 2321 3552 2363 sensus

1976 2407 2131 2448 meus
2155 2434 2169 2456 ,
2197 2402 2256 2449 ut
2283 2394 2483 2451 laceres
2511 2396 2603 2451 tibi
2631 2396 2830 2462 loeum,
2852 2398 2964 2465 ubi,
2987 2399 3124 2454 sicut
3149 2400 3309 2466 soles,
3338 2397 3406 2453 de
3428 2396 3554 2452 Ari-

1978 2481 2238 2537 stotelicis
2276 2484 2559 2553 categoriis
2586 2485 2906 2541 obtenderes
2944 2487 3163 2543 nebulas
3190 2487 3466 2559 imperitis,
3498 2486 3555 2542 in

1977 2572 2171 2642 quibus
2190 2572 2441 2629 latentem
2462 2576 2484 2606 ⁸
2511 2584 2753 2645 putarent
2778 2585 2829 2631 te
2854 2578 3051 2648 aliquid
3079 2578 3258 2633 dicere
3280 2618 3296 2644 ,
3319 2576 3444 2647 quid
3469 2575 3553 2631 di-

1976 2676 2129 2718 ceres
2171 2663 2506 2720 nescientes?
2546 2665 2628 2720 Ad
2649 2665 2758 2728 hoc
2787 2667 2928 2721 enim
2962 2668 3173 2722 redacta
3212 2675 3295 2723 est
3337 2666 3555 2723 hatresis

1976 2764 2174 2818 vestra,
2209 2764 2265 2809 ut
2287 2765 2500 2824 gemant
2526 2767 2818 2812 sectatores
2842 2759 3007 2815 vestri
3039 2772 3143 2813 non
3183 2758 3406 2813 inveniri
3434 2757 3549 2813 dia-

1978 2843 2193 2899 lecticos
2212 2844 2424 2914 judices
2450 2846 2504 2899 in
2533 2845 2789 2911 Ecclesia,
2828 2847 2895 2903 de
2936 2847 3134 2903 scholis
3172 2847 3553 2917 Peripatetico-

1976 2948 2094 2989 rum
2138 2934 2252 2989 sive
2287 2934 2619 3004 Stoicorum,
2641 2932 2894 3007 a'quibus
2926 2936 3135 3009 possitis
3164 2937 3385 2992 absolvi.
3429 2937 3547 3004 Quo

1976 3026 2117 3081 enim
2147 3027 2393 3097 pertinet,
2421 3028 2547 3099 quid
2577 3028 2678 3084 sibi
2703 3030 2834 3096 vult,
2862 3029 3045 3100 utquid
3072 3029 3270 3084 dictum
3299 3037 3381 3085 est
3404 3029 3549 3102 quod

1976 3115 2176 3183 dixisti,
2213 3135 2234 3169 ι
2262 3118 2383 3188 quia
2423 3119 2593 3189 major
2627 3128 2682 3175 et
2720 3120 2897 3175 minor
2929 3119 2994 3175 ad
3031 3120 3231 3174 finitam
3259 3119 3280 3152 ³
3319 3121 3552 3190 speciem

1976 3208 2207 3276 pertinet
2229 3209 2569 3278 quantitatis?
2618 3209 2724 3266 Sed
2763 3211 3048 3282 quantitas,
3078 3229 3097 3263 ι
3149 3211 3343 3282 inquis,
3394 3227 3415 3263 ι
3445 3226 3553 3267 non

1975 3299 2148 3355 solum
2174 3301 2559 3356 contrariorum
2584 3317 2752 3375 capax
2786 3318 2888 3359 non
2914 3310 3013 3371 est,
3044 3302 3183 3374 quod
3205 3304 3254 3358 ei
3279 3318 3398 3357 cum
3418 3318 3552 3375 qua-

1970 3389 2121 3445 litate
2157 3399 2316 3461 atque
2359 3392 2476 3447 aliis
2520 3394 2973 3465 prtedicamcntis;
3023 3409 3207 3448 verum
3249 3394 3407 3448 etiam
3452 3407 3553 3449 nec

1974 3481 2299 3535 contrarium
2331 3481 2510 3549 habet,
2541 3483 2682 3552 quod
2707 3484 2755 3537 ei
2780 3498 2900 3538 cum
2925 3484 3232 3538 substantiae
3255 3490 3338 3539 est
3364 3482 3555 3538 deﬁni-

1977 3572 2119 3626 tione
2170 3585 2491 3628 commune:
2523 3573 2719 3628 bonum
2757 3588 2885 3629 vero
2934 3582 2991 3629 et
3041 3575 3240 3630 malum
3287 3574 3553 3631 contraria

1974 3674 2119 3717 sunt.
2166 3682 2184 3716 ι
2236 3663 2361 3718 llaec
2394 3663 2630 3734 profecto
2662 3679 2931 3734 nunquam
2978 3664 3206 3728 diceres,
3239 3664 3284 3719 si
3325 3665 3552 3721 lectores

1973 3755 2057 3809 vel
2086 3754 2351 3809 auditores
2388 3756 2641 3827 librorum
2684 3764 2889 3809 tuorum
2937 3763 3152 3824 putares
3193 3754 3552 3811 intellecturos

1974 3859 2095 3901 esse
2122 3845 2261 3916 quod
2290 3846 2443 3901 dicis.
2474 3845 2618 3900 Itane
2639 3861 2766 3900 vero
2796 3844 2917 3901 ideo
2943 3844 3248 3901 immundus
3272 3845 3431 3901 homo
3450 3846 3552 3901 im-

1977 3940 2174 3992 mundo
2195 3938 2384 4008 angelo
2409 3936 2714 3992 subdendus
2740 3951 2845 3991 non
2874 3936 2990 4003 fuit,
3013 3936 3259 4007 quoniam
3286 3935 3551 4006 quantitas

1970 4043 2079 4098 qua
2111 4028 2324 4085 homine
2353 4028 2525 4098 major
2548 4037 2631 4084 est
2659 4027 2898 4099 angelus,
2926 4041 3030 4080 non
3057 4026 3226 4080 Solum
3250 4025 3551 4082 contrario-

1975 4133 2093 4173 rum
2113 4133 2277 4188 capax
2298 4134 2405 4173 non
2436 4127 2537 4182 est,
2562 4132 2745 4172 verum
2778 4117 2935 4171 etiam
2971 4131 3070 4170 nec
3107 4115 3433 4169 contrarium
3458 4114 3553 4169 ha-

1974 4211 2101 4266 bet:
2133 4212 2280 4280 quasi
2308 4219 2434 4266 tunc
2459 4209 2669 4265 diabolo
2690 4208 2875 4262 fuisset
2899 4207 3059 4262 homo
3084 4205 3409 4271 subdendus,
3431 4206 3475 4261 si
3499 4207 3551 4262 ei

1973 4301 2298 4371 reperiretur
2336 4316 2456 4355 esse
2496 4300 2823 4364 contrarius;
2870 4306 2923 4353 et
2963 4297 3099 4352 mala
3140 4296 3414 4352 subdenda
3442 4310 3549 4351 non

1976 4390 2083 4445 sint
2108 4391 2279 4456 malis,
2310 4392 2431 4461 quia
2463 4390 2596 4444 bona
2620 4390 2799 4456 malis,
2830 4403 2933 4443 non
2962 4389 3096 4442 mala
3120 4387 3275 4444 malis
3306 4387 3550 4443 videntur
3602 4392 3613 4400 ’

1970 4495 2096 4536 esse
2123 4481 2424 4535 contraria?
2468 4480 2605 4547 Quid
2646 4479 2833 4535 vanius
2866 4478 3105 4549 cogitari,
3150 4478 3277 4548 quid
3325 4478 3554 4547 ineptius

1972 4573 2080 4629 dici
2112 4574 2316 4643 potest?
2341 4573 2528 4628 Nonne
2550 4572 2767 4633 domino
2795 4570 3042 4627 subditur
3070 4584 3275 4633 servus,
3306 4576 3361 4623 et
3381 4571 3552 4624 bonus

1976 4662 2137 4727 bono,
2159 4671 2212 4719 et
2242 4663 2411 4717 malus
2437 4664 2598 4728 malo,
2628 4670 2682 4717 et
2708 4661 2877 4717 maius
2905 4663 3067 4729 bono,
3094 4668 3147 4715 ct
3175 4660 3344 4713 bonus
3372 4655 3546 4711 malo!

1975 4755 2162 4810 Nonne
2204 4771 2339 4810 uxor
2380 4755 2621 4811 subditur
2653 4755 2790 4815 viro,
2834 4762 2888 4808 et
2930 4752 3070 4808 bono
3112 4751 3286 4816 bona,
3314 4759 3370 4804 et
3414 4747 3551 4801 malo

1977 4847 2135 4910 mala,
2164 4856 2217 4900 et
2247 4845 2386 4899 bono
2409 4845 2570 4911 mala,
2591 4854 2647 4899 et
2675 4843 2815 4898 male
2840 4843 3013 4897 bona?
3037 4839 3171 4908 Quid
3199 4839 3358 4909 igitur
3388 4836 3548 4906 perti-

1970 4950 2066 5003 net
2103 4938 2171 4993 ad
2212 4940 2317 4992 vim
2361 4938 2470 4992 sive
2510 4938 2789 5001 rationem,
2819 4950 2922 5006 qua
2953 4934 3182 5004 quidque
3210 4931 3403 5001 cuique
3430 4928 3551 4985 subs.

1977 5028 2207 5084 dentium
2250 5034 2354 5093 est,
2401 5035 2575 5081 utrum
2621 5026 2736 5082 lucc
2774 5042 2862 5081 res
2897 5032 2987 5078 aut
3028 5024 3115 5077 illa
3147 5022 3310 5092 possit
3338 5020 3418 5076 vel
3449 5036 3552 5074 nou

1980 5120 2147 5190 possit
2165 5134 2358 5189 capere
2379 5119 2459 5174 vel
2487 5118 2682 5172 habere
2708 5112 3065 5171 eunti-arium?
3095 5112 3287 5167 Verum
3312 5121 3365 5167 tu
3398 5112 3554 5181 plane

1980 5210 2373 5266 inconsiderate
2414 5210 2513 5264 ista
2544 5224 2646 5261 non
2682 5206 2949 5270 futidercs,
2980 5204 3023 5257 si
3051 5204 3287 5258 stultitim
3309 5218 3430 5273 quae
3462 5202 3555 5256 tibi

1979 5302 2077 5358 ista
2108 5303 2360 5371 suggerit,
2392 5300 2702 5370 sapientiam
2730 5296 3047 5351 contrariam
3069 5296 3352 5365 cogitares.

2053 5396 2140 5451 65.
2189 5394 2306 5450 iam
2342 5409 2504 5465 porro
2541 5393 2628 5447 illa
2667 5390 2840 5460 qualis
2877 5398 2959 5442 est
2999 5394 3383 5457 arguunntstio
3426 5386 3557 5457 tua?

2047 5570 2062 5601 ί
2088 5569 2169 5617 llic
2185 5566 2300 5615 editi
2325 5565 2520 5624 addunt,
2544 5562 2798 5617 hominem.

2049 5632 2068 5663 ²
2091 5637 2163 5677 διο
2182 5634 2284 5675 Mss.
2312 5627 2447 5685 l-Zditi,
2468 5626 2686 5679 latenter.

2053 5693 2073 5725 ³
2102 5690 2304 5740 ιἐιὶςειιί
2328 5681 2503 5739 1188(οι
2524 5686 2762 5752 Gallicani,
2790 5684 2854 5735 ad
