4014 6186
451 261 558 318 863

455 393 475 425 ‹
506 373 563 429 ει
614 388 700 429 res
720 415 734 438 ,
765 391 786 426 ι
829 371 1000 444 inquis
1021 413 1038 440 ,
1087 389 1105 423 ι
1134 387 1252 442 qua:
1279 371 1533 428 decenter
1563 371 1804 428 ordinata
1833 379 1934 438 est,
1963 369 2033 426 ad

452 465 622 521 Deum
645 465 888 535 pertinet,
913 474 968 520 et
993 479 1078 519 res
1093 480 1210 534 qua:
1230 465 1294 518 ad
1315 465 1476 519 Deum
1501 465 1746 534 pertinet,
1762 464 1898 519 bona
1919 471 2032 530 est;

452 555 650 610 bonum
677 563 758 609 est
778 554 954 624 itaque
977 553 1242 609 subditum
1273 570 1394 611 esse
1421 555 1654 622 diabolo,
1677 555 1927 626 quoniam
1953 553 2036 609 in-

453 645 670 699 stitutus
696 658 725 698 a
758 645 866 700 Deo
896 657 990 714 per
1016 644 1117 700 hoc
1145 644 1277 700 ordo
1303 655 1564 700 servatur.
1605 646 1978 716 Sequiturque,
2010 663 2030 698 ι

455 735 666 805 inquis,
703 753 724 788 ι
748 743 803 789 ιιι
847 736 1042 790 malum
1095 737 1169 792 sit
1209 737 1469 794 rebellare
1505 738 1738 804 diabolo,
1782 738 2034 808 quoniam

453 839 550 894 per
584 823 980 881 resultationem
1025 827 1295 882 institutus
1334 843 1366 882 a
1407 829 1516 883 Deo
1545 828 1681 902 ordo
1717 829 1976 884 turbatur.
2010 848 2030 882 ι

455 913 650 968 Posses
686 914 883 980 dicere,
918 916 1026 972 Deo
1057 917 1308 972 resistere
1332 919 1609 988 agricolas,
1636 921 1859 991 ejusque
1885 919 2031 976 ordi-

453 1019 579 1059 nem
611 1007 942 1075 perturbare,
974 1009 1246 1078 purgando
1277 1025 1432 1080 agros
1453 1025 1482 1064 a
1509 1011 1678 1080 spinis
1702 1021 1758 1068 et
1787 1011 1992 1068 tribulis
2015 1052 2031 1080 ,

453 1108 574 1163 qum
598 1094 684 1149 ille
711 1098 1076 1165 peccatoribus
1101 1099 1244 1152 nasci
1267 1098 1424 1167 jussit
1454 1100 1508 1155 in
1540 1114 1748 1168 [utetiam
1778 1099 1927 1172 (Gen.
1953 1116 2030 1166 tu,

457 1183 570 1253 18).
599 1185 754 1250 Quid,
786 1185 925 1255 quod
962 1187 1061 1240 ista
1103 1195 1189 1240 tua
1233 1190 1438 1244 ratione
1479 1190 1582 1245 dici
1623 1191 1907 1260 potestzsi
1947 1205 2034 1246 res

454 1288 574 1340 qua:
602 1274 856 1328 decenter
895 1275 1136 1329 ordinata
1163 1285 1264 1343 est,
1289 1277 1356 1332 ad
1392 1277 1556 1334 Deum
1597 1279 1845 1350 pertinet,
1876 1290 1929 1336 et
1950 1275 2035 1336 res

454 1377 574 1433 quae
607 1364 672 1419 ad
708 1364 876 1420 Deum
918 1367 1144 1435 pertinet
1179 1368 1316 1424 bona
1355 1380 1466 1438 est;
1511 1371 1706 1426 bonum
1735 1382 1816 1427 est
1844 1373 2033 1428 malis‘

456 1466 578 1507 esse
617 1453 671 1506 in
709 1453 982 1523 gehenna,
1015 1457 1261 1526 quoniam
1305 1458 1575 1514 institutus
1607 1474 1636 1512 a
1674 1461 1784 1516 Deo
1811 1476 1906 1532 per
1931 1461 2036 1518 hoc

424 1543 588 1598 'ordo
607 1546 880 1600 servatur?
907 1545 1059 1614 Quod
1085 1562 1211 1602 vero
1251 1556 1303 1602 tu
1345 1549 1516 1614 addis,
1558 1568 1576 1602 ι
1600 1551 1950 1622 Sequiturque
1977 1562 2036 1608 ut

453 1633 650 1688 malum
681 1635 752 1688 sit
779 1635 1046 1692 rebellare
1071 1636 1302 1704 diabolo,
1335 1639 1586 1708 quoniam
1609 1656 1703 1710 per
1729 1641 2032 1696 resnltatio-

452 1739 575 1778 nem
607 1724 876 1782 institutus
901 1743 930 1780 a
964 1727 1074 1782 Deo
1102 1729 1234 1784 ordo
1260 1731 1563 1797 turbatur,»
1596 1747 1693 1786 cur
1723 1733 1826 1788 hoc
1862 1733 2035 1788 dicis?

451 1815 580 1884 Quis
618 1819 758 1871 enim
787 1818 1007 1874 rebellat
1034 1819 1268 1887 diabolo,
1295 1822 1398 1876 nisi
1417 1821 1484 1876 ab
1512 1822 1628 1892 ejus
1657 1831 1918 1894 potestate
1939 1839 2035 1894 per

450 1907 755 1964 Mediatoris
793 1910 1104 1980 sanguinem
1141 1912 1434 1968 liberatus?
1475 1913 1659 1970 Melius
1695 1930 1823 1987 ergo
1861 1915 2047 1972 fuerat

454 1998 660 2056 hostem
689 2011 792 2055 non
823 2001 1020 2058 habere
1043 2043 1059 2070 ,
1088 2019 1244 2073 quam
1267 2006 1502 2061 vincere.
1549 2006 1656 2064 Sed
1681 2009 1803 2078 quia
1835 2009 2034 2078 peccati

451 2090 645 2145 merito
665 2090 892 2146 humana
920 2104 1102 2148 natura
1131 2094 1338 2150 subdita
1355 2105 1437 2152 est
1453 2097 1624 2163 hosti;
1651 2099 1830 2169 prius”
1850 2102 2032 2166 homo,

450 2191 508 2236 ut
536 2183 788 2238 adversus
815 2199 935 2239 eum
963 2201 1196 2256 pugnare
1227 2187 1429 2257 possit,
1461 2189 1530 2243 ab
1568 2189 1682 2260 ejus
1707 2191 1910 2246 eruitur
1939 2207 2035 2260 po-

450 2280 663 2328 testate.
693 2273 892 2330 Deinde
921 2277 966 2331 si
989 2277 1095 2331 vita
1123 2286 1206 2333 est
1233 2279 1285 2333 in
1308 2277 1409 2334 hac
1432 2295 1596 2336 carne
1625 2282 1900 2352 prolixior,
1924 2297 2034 2338 cer-

451 2372 572 2421 tans
593 2364 890 2434 adjuvalur,
917 2375 976 2422 ut
1004 2380 1241 2438 superet.
1271 2371 1550 2427 Postremo
1570 2373 1739 2428 victor
1766 2373 2034 2431 beatiﬁca-

451 2465 557 2524 tur,
591 2468 646 2510 ut
669 2468 876 2528 regnet,
905 2459 1142 2516 dicturus
1163 2461 1214 2514 in
1243 2461 1367 2527 line,
1395 2461 1493 2516 Ubi
1519 2471 1612 2528 est,
1643 2480 1798 2531 mors,
1829 2473 2034 2520 conten-

449 2547 520 2601 tio
549 2555 634 2600 tua
655 2546 809 2618 (Osee
834 2564 946 2613 xm,
974 2549 1098 2621 id)?
1139 2549 1250 2616 Vel,
1277 2551 1414 2606 sicut
1437 2552 1565 2634 dicit
1591 2555 1894 2624 Apostolus,
1933 2555 2034 2611 Ubi
2065 2561 2078 2568 “

448 2646 542 2700 est,
581 2653 750 2705 mors,
791 2639 998 2692 victoria
1038 2641 1160 2695 tua?
1196 2641 1280 2694 ubi
1315 2650 1390 2698 est
1411 2683 1426 2710 ,
1467 2659 1602 2699 mors
1623 2686 1639 2712 ,
1674 2647 1880 2702 aculeus
1916 2657 2032 2705 tuus

449 2723 495 2797 (Ι
523 2726 639 2781 Cor.
669 2743 758 2794 xv,
785 2728 904 2798 55)?
1324 2721 1336 2734 ’

520 2819 745 2876 CAPUT
785 2820 927 2876 XXI.
956 2853 1030 2864 —
1053 2821 1144 2879 66.
1184 2823 1321 2893 Quin
1357 2825 1516 2882 etiam
1543 2827 1654 2883 visa
1687 2837 1812 2884 sunt
1842 2831 1932 2885 tibi
1961 2831 2031 2888 de

448 2907 724 2965 Maniebtei
753 2912 902 2967 libris
929 2915 1178 2969 nonnulla
1205 2929 1326 2972 esse
1347 2917 1611 2986 ponenda,
1635 2920 1828 2989 quibus
1853 2936 2027 2977 meam

446 3003 764 3056 sententiam
792 3017 1157 3074 comparares:
1180 3020 1300 3062 eum
1323 3021 1420 3077 ego
1438 3009 1866 3066 commixtionem
1897 3011 2030 3066 dua-

447 3103 566 3145 rum
605 3101 933 3158 naturarum,
973 3092 1098 3146 boni
1137 3095 1338 3150 scilicet
1370 3105 1425 3152 et
1463 3098 1608 3166 tnali,
1639 3099 1778 3155 unde
1815 3099 2028 3156 illorum

450 3187 559 3232 tota
584 3180 818 3235 fabulosa
847 3191 1024 3236 manat
1053 3183 1275 3249 insania,
1301 3201 1404 3239 non
1436 3187 1605 3242 solum
1639 3187 1742 3245 lide
1761 3190 2029 3261 verboque

448 3269 682 3324 detester
709 3279 762 3324 et
798 3271 1076 3337 damnem;
1116 3289 1298 3328 verum
1332 3276 1491 3330 etiam
1525 3277 1618 3332 tibi
1649 3279 1744 3348 ipsi
1773 3279 2030 3352 suifraga-

449 3360 552 3414 tori
599 3375 782 3419 eorum
827 3363 1124 3418 resistendo
1164 3374 1320 3434 teque
1364 3366 1653 3424 refellendo
1689 3371 2026 3438 convincam.

447 3453 582 3509 Cum
623 3455 762 3508 enim
800 3465 984 3510 contra
1028 3471 1120 3512 eos
1154 3459 1349 3514 veritas
1386 3459 1600 3529 clamet,
1639 3463 1775 3518 mala
1818 3463 1918 3520 nisi
1960 3465 2030 3524 de

437 3545 605 3600 .honis
633 3555 746 3602 orta
775 3563 880 3603 non
911 3565 1067 3604 esse:
1093 3567 1268 3607 nonne
1295 3561 1352 3605 tu
1381 3567 1478 3622 pro
1513 3555 1638 3624 ipsis
1669 3565 1722 3612 et
1749 3572 1870 3613 cum
1899 3559 2028 3630 ipsis

443 3645 635 3710 contra
661 3637 934 3694 veritatem
967 3641 1245 3709 reclamas,
1279 3661 1298 3694 ι
1329 3643 1429 3700 l’er
1455 3661 1589 3716 opus
1629 3647 1718 3704 Dei
1749 3664 1882 3720 opus
1907 3650 2028 3706 dia-

452 3725 560 3780 boli
603 3729 830 3784 transire
867 3745 973 3784 non
1016 3731 1224 3787 sinitur.
1261 3732 1378 3789 Non
1422 3745 1594 3804 potest
1629 3739 1753 3794 mali
1794 3739 1942 3796 radix
1975 3742 2027 3796 in

450 3819 594 3873 dono
625 3820 716 3876 Dei
757 3821 941 3876 locari.
985 3822 1182 3878 Rerum
1210 3825 1346 3879 ratio
1370 3841 1475 3880 non
1510 3828 1656 3894 sinit,
1694 3839 1751 3885 ut
1783 3831 1852 3886 de
1889 3832 2028 3890 bono

449 3911 673 3978 malum,
707 3919 762 3966 et
802 3911 869 3966 de
897 3911 1042 3983 justo
1070 3913 1306 3984 iniquum
1334 3915 1529 3985 aliquid
1558 3917 1880 3987 proferatur.
1911 3921 2026 3978 Non

450 4011 740 4055 nascuntur
765 4014 978 4072 peccata
1005 4003 1072 4058 de
1100 4018 1162 4058 ea
1185 4019 1258 4068 re,
1283 4021 1402 4075 qua:
1431 4005 1596 4062 libera
1625 4019 1710 4062 est
1731 4025 1764 4064 ει
1791 4021 2025 4080 peccato.

451 4091 528 4147 De
567 4091 668 4148 hoc
707 4107 872 4164 Opere
913 4094 1052 4164 quod
1101 4110 1205 4148 non
1241 4095 1400 4152 habet
1435 4101 1666 4168 culpam,
1697 4103 1838 4158 nasci
1873 4105 2026 4174 culpa

451 4200 556 4240 non
579 4194 780 4255 potest)
807 4184 1024 4258 (Supra,
1051 4185 1138 4240 lib.
1157 4187 1206 4252 1,
1227 4203 1378 4259 capp.
1399 4191 1452 4257 8,
1478 4190 1528 4256 9,
1554 4202 1598 4246 et
1615 4192 1702 4247 lib.
1726 4194 1780 4260 5,
1805 4211 1919 4264 cap.
1937 4199 2025 4265 l6,

447 4295 542 4332 nn.
573 4278 664 4342 59,
691 4277 822 4346 64)?
882 4277 1086 4346 Quibus
1122 4281 1370 4335 omnibus
1394 4283 1612 4338 vocibus
1659 4287 1762 4340 tuis
1809 4287 2028 4344 c0nlici-

375 4400 391 4410 ο
451 4377 558 4434 tur,
589 4384 694 4422 non
723 4383 844 4424 esse
865 4369 999 4422 mala
1021 4377 1205 4425 exorta
1235 4369 1302 4426 de
1329 4371 1512 4439 bonis;
1547 4382 1604 4429 ut
1623 4385 1806 4442 restet,
1833 4391 2028 4435 secun-

449 4458 574 4514 dum
603 4459 954 4526 Manicba‘os,
985 4477 1089 4516 non
1117 4477 1238 4518 esse
1265 4465 1401 4519 mala
1429 4474 1609 4521 exorta
1638 4468 1735 4522 nisi
1760 4469 1828 4526 de
1851 4472 2026 4527 malis.

449 4549 729 4615 Quomodo
771 4564 898 4620 ergo
944 4567 1264 4623 quemquam
1314 4554 1722 4612 llianicltmorum
1777 4565 2024 4632 nomine,

451 4650 704 4713 tanquam
730 4657 914 4696 eorum
941 4643 1279 4701 adversarius
1304 4649 1634 4716 criminaris;
1681 4667 1800 4706 cum
1846 4657 1923 4710 sic
1961 4657 2030 4713 ab

449 4747 634 4788 eorum
672 4741 820 4802 parte
851 4733 1142 4798 consistas,
1172 4747 1227 4789 ut
1255 4737 1391 4790 vinci
1425 4741 1644 4794 omnino
1671 4757 1775 4796 non
1803 4746 2026 4814 possint,

448 4823 552 4878 nisi
581 4838 703 4878 cum
733 4822 838 4878 illis
866 4831 920 4878 et
953 4823 1065 4894 ipse
1094 4826 1354 4882 vincaris?
1393 4829 1546 4896 Quod
1584 4832 1636 4886 in
1677 4835 1846 4904 primo
1875 4836 2030 4908 hujus

447 4917 626 4984 operis
689 4916 826 4971 libro
867 4917 1139 4988 aliquanto
1185 4921 1454 4991 copiosius
1501 4922 1668 4996 (Cap.
1713 4928 1826 4998 8),
1881 4941 1934 4984 et
1977 4931 2030 5004 in

446 5009 633 5077 quinto
661 5007 873 5064 brevius
902 5007 1061 5082 (Cap.
1095 5009 1218 5082 ιδ),
1247 5022 1304 5068 et
1336 5013 1422 5070 hic
1461 5015 1715 5076 hactenus
1739 5036 1838 5076 nos
1859 5024 2031 5093 egisse

445 5101 734 5156 sutfecerit.

518 5194 608 5248 (.7.
657 5193 774 5264 ipsa
813 5207 944 5249 Veto
983 5209 1103 5265 qua
1145 5197 1444 5254 communis
1491 5207 1574 5255 est
1619 5201 1772 5258 vobis
1810 5203 2031 5262 lurresis

447 5294 620 5338 vostra
643 5293 898 5354 quantum
921 5286 1239 5344 Manichacus
1263 5289 1496 5360 adjuvet,
1512 5291 1620 5361 jam
1651 5295 1865 5364 quidem
1889 5311 2032 5368 sa-pe

448 5377 762 5440 tnoustravi,
796 5377 889 5432 sed
918 5393 986 5437 ne
1013 5377 1098 5434 hic
1117 5380 1329 5448 quidem
1359 5392 1443 5438 est
1467 5385 1840 5444 omittendum.
1891 5391 2034 5445 Enu-

449 5476 659 5521 merant
700 5467 972 5524 Manichtei
1013 5471 1150 5526 mala
1189 5488 1307 5542 quae
1336 5474 1389 5528 in
1421 5477 1654 5546 parvulis
1693 5489 2028 5551 monstrant,

514 5609 535 5676 ξ
562 5613 656 5676 tm.
679 5612 750 5656 Er.
779 5618 829 5676 et
855 5609 1074 5676 plerique
1099 5621 1224 5674 5153.,
1243 5613 1409 5668 malos.

515 5669 536 5704 ³
559 5674 688 5729 Lov.,
712 5669 914 5733 primus.
939 5669 1022 5724 Atii
1063 5681 1136 5726 Er.
1159 5669 1360 5742 etuas,
1382 5678 1536 5742 prb”.

1263 259 1536 319 CONTRA
1573 257 1910 318 JULIANL'BI
1943 256 2382 316 PELAGIANllM
2441 261 2501 318 S.
2539 263 2906 324 AUGUSTINI

3617 275 3728 336 864

2142 385 2260 441 quae
2285 369 2472 428 Cicero
2500 389 2711 448 quoque
2739 391 3124 438 commemorat
3165 384 3218 438 in
3261 385 3410 443 libris
3446 387 3512 444 de
3541 389 3731 461 Regni-

2139 461 2299 529 blica,
2317 463 2455 520 unde
2481 465 2592 535 ipsa
2608 467 2726 538 ejus
2738 469 2896 524 verba
2916 471 3028 542 jam
3051 477 3292 532 transtuli
3318 478 3534 548 (Supra,
3557 483 3644 536 lib.
3667 485 3728 552 6,

2139 566 2256 622 cap.
2286 551 2396 624 12).
2426 553 2480 608 lu
2502 571 2726 626 quorum
2747 560 3008 618 malorum
3039 570 3543 626 commemoratione
3568 551 3728 640 dicit,

2145 656 2286 695 «non
2325 654 2381 698 ut
2418 658 2450 698 a
2491 653 2660 702 matre
2697 657 2905 717 natura,
2928 651 3023 707 sed
3053 661 3109 709 ut
3135 669 3164 708 a
3194 671 3420 713 noverca
3450 659 3732 719 hominem

2139 731 2192 785 in
2215 731 2312 788 has
2330 748 2598 792 aerumnas
2617 753 2738 794 esse
2758 741 3071 811 projectum.
3096 763 3120 798 ι
3151 745 3266 803 Huc
3283 751 3543 806 accedunt
3561 755 3730 810 etiam

2139 821 2250 887 illa,
2291 839 2412 894 qua:
2462 842 2566 881 non
2615 830 2828 899 quidem
2875 848 3064 890 omnes
3105 839 3376 908 parvulos,
3407 843 3500 897 sed
3544 853 3730 901 tamen

2137 911 2397 982 plurimos
2443 916 2713 974 cernimus
2764 923 2971 991 perpeti
3023 927 3187 982 multa
3235 938 3292 984 et.
3333 931 3478 986 varia
3505 933 3525 964 ⁸
3553 934 3724 998 mala.

2139 1015 2308 1071 usque
2333 1003 2398 1057 ad
2423 1004 2720 1062 dmmonnm
2746 1010 3011 1068 incursus.
3059 1015 3235 1086 Atque
3274 1020 3602 1078 concludunt
3643 1025 3728 1079 di-

2137 1101 2342 1156 centes,
2371 1091 2504 1147 Cum
2525 1094 2595 1148 sit
2613 1095 2790 1166 juStus
2817 1108 2874 1156 et
2902 1103 3242 1172 omnipotens
3268 1107 3426 1176 Deus,
3454 1111 3598 1167 unde
3623 1113 3728 1170 ista

2141 1183 2280 1238 mala
2321 1191 2516 1255 patitur
2557 1188 2732 1260 innago
2762 1191 2882 1260 ejus
2922 1193 2976 1248 in
3019 1198 3284 1266 parvulis,
3311 1201 3412 1256 nisi
3445 1206 3570 1272 quia
3597 1220 3729 1260 vera

2139 1283 2240 1340 est,
2273 1275 2532 1346 inquiunt,
2561 1293 2722 1348 quam
2761 1295 2861 1336 nos
2907 1286 3195 1342 asserimus
3242 1289 3464 1346 duarum
3509 1304 3730 1349 natura-

2139 1379 2282 1430 rum,
2311 1366 2434 1420 boni
2461 1369 2663 1424 scilicet
2688 1372 2919 1443 malique
2941 1377 3287 1433 commixtio?
3325 1381 3436 1438 llos
3456 1383 3727 1442 catholica
3747 1440 3760 1448 ,

2138 1454 2408 1525 redarguit
2438 1457 2632 1512 veritas
2655 1499 2671 1526 ,
2703 1461 2965 1518 conﬁtens
3003 1467 3260 1536 originale
3303 1482 3600 1542 peccatum,
3633 1491 3729 1545 per

2137 1543 2280 1614 quod
2311 1544 2506 1601 factum
2546 1560 2630 1602 est.
2661 1549 2962 1608 daemonum
3003 1553 3288 1614 ludibrium
3328 1576 3496 1631 genus
3533 1543 3725 1620 huma-

2139 1648 2264 1688 num
2282 1675 2300 1701 ,
2328 1645 2382 1690 et
2408 1636 2685 1694 laboriosae
2712 1640 2943 1697 miseriae
2975 1643 3235 1702 destinata
3262 1665 3495 1723 propago
3523 1667 3729 1712 morta-

2139 1723 2289 1778 lium.
2312 1723 2427 1780 Non
2448 1737 2624 1782 autem
2648 1730 2718 1784 ita
2743 1739 2906 1798 esset,
2933 1733 2980 1788 si
3001 1733 3228 1791 humana
3251 1749 3440 1796 natura
3469 1759 3568 1813 per
3593 1746 3730 1804 lihe-

2138 1827 2256 1868 rum
2287 1815 2564 1870 arbitrium
2591 1818 2643 1872 in
2669 1835 2776 1889 quo
2804 1831 2944 1878 statu
2973 1826 3201 1894 primum
3233 1831 3448 1886 condita
3485 1845 3572 1889 est
3606 1851 3730 1906 pcr-

2138 1902 2382 1959 Stitisset.
2433 1905 2536 1961 Vos
2581 1917 2760 1991 autem
2810 1923 3066 1982 negantes
3105 1917 3362 1989 originale
3409 1902 3723 1992 peccatum,

2139 1992 2378 2060 proiecto
2403 2003 2495 2049 aut
2517 1984 2778 2068 cogemiui
2803 2001 2981 2057 dicere
3010 2004 3176 2061 Deum
3192 1984 3278 2064 vel
3299 1984 3614 2078 invalidum,
3641 1984 3726 2074 vel

2139 2081 2415 2153 injustum,
2448 2086 2550 2142 sub
2573 2089 2726 2159 cujus
2754 2101 3018 2160 potestate
3045 2096 3218 2170 imago
3245 2100 3364 2170 ejus
3392 2104 3448 2158 in
3486 2109 3728 2175 parvulis

2138 2173 2256 2229 sine
2287 2176 2395 2231 ullo
2421 2179 2506 2234 vel
2533 2181 2730 2250 proprii
2753 2185 2836 2239 vel
2864 2187 3136 2256 originalis
3159 2193 3360 2261 peccati
3390 2173 3584 2254 merito
3609 2211 3726 2258 tan-

2140 2263 2206 2317 tis
2234 2265 2484 2337 al‘lligitur
2510 2269 2697 2337 malis;
2742 2288 2848 2328 non
2879 2277 3020 2334 enim
3047 2295 3141 2349 per
3167 2281 3283 2340 bare
3306 2299 3592 2346 exercetur
3613 2293 3723 2346 vir-

2139 2362 2246 2424 tus,
2269 2359 2412 2426 quod
2435 2369 2580 2416 recte
2600 2361 2666 2418 de
2686 2363 2841 2420 bonis
2861 2366 3164 2428 hominibus
3189 2375 3479 2446 majoribus
3505 2381 3720 2453 dicitur,

2137 2444 2191 2498 in
2218 2447 2410 2517 quibus
2436 2451 2656 2508 rationis
2687 2463 2771 2510 est
2807 2471 2933 2511 usus
2962 2477 2976 2512 :
3005 2469 3126 2528 aut,
3155 2444 3284 2533 quia:
3309 2467 3474 2525 Deum
3505 2473 3591 2526 vel
3617 2444 3724 2528 im:-

2136 2545 2406 2607 potentem
2438 2542 2523 2596 vel
2550 2543 2789 2614 iniquum
2815 2547 2992 2604 dicere
3029 2567 3135 2608 non
3173 2559 3412 2627 potestis,
3443 2561 3726 2625 Manichzei

2135 2638 2319 2683 contra
2339 2645 2435 2686 vos
2456 2647 2691 2690 errorem
2713 2651 2866 2693 suum
2892 2634 3152 2701 nefarium
3172 2647 3240 2704 de
3258 2649 3482 2709 duarum
3504 2657 3646 2714 inter
3663 2675 3727 2717 se

2135 2719 2470 2777 inimicorum
2523 2727 2937 2787 substantiarum
2990 2739 3346 2804 permixtione
3401 2744 3726 2806 ﬁrmabant.

2133 2811 2250 2868 Non
2281 2812 2440 2884 igitur
2473 2833 2590 2872 «me
2610 2819 2678 2875 ab
2703 2821 2988 2883 iniectione
3007 2827 3437 2906 Manichaeorum,
3463 2842 3610 2898 nulla
3626 2845 3671 2912 ³,
3698 2863 3722 2898 ι

2135 2906 2448 3005 sicutdicis,
2481 2927 2502 2961 ε
2527 2912 2742 2968 mundat
2769 2914 2946 3005 herba
2993 2919 3228 2980 fullonis.
3254 2944 3275 2979 ι
3325 2929 3530 2998 Quibus
3571 2906 3728 3005 petu-

2132 2994 2366 3052 lantibus
2391 2999 2567 3056 verbis
2600 3001 2730 3058 iacis
2767 3004 2981 3065 lavacro
3004 2994 3422 3084 regenerationis
3445 2994 3724 3096 injuri-iam,

2135 3086 2275 3157 quod
2301 3089 2354 3143 in
2380 3091 2500 3145 sinu
2527 3091 2816 3152 Catholicae
2853 3101 3038 3158 matris
3062 3109 3264 3177 accepi.
3307 3111 3409 3168 Sed
3437 3086 3592 3173 vobis
3616 3086 3727 3177 tam

2133 3180 2456 3238 malitiosum
2486 3199 2748 3242 venenum
2775 3193 2976 3263 antiqui
3001 3195 3251 3255 draconis
3293 3203 3530 3276 irrepsit,
3563 3220 3622 3265 ut
3665 3221 3727 3267 et

2132 3269 2433 3328 Catliolicos
2468 3275 2692 3333 horrore
2735 3279 3009 3340 Manichaei
3053 3291 3284 3348 nominis
3326 3269 3619 3367 infirmetis,
3667 3311 3730 3358 et

2131 3359 2453 3420 alaniclueos
2480 3368 2822 3456 perversitate
2846 3376 3008 3431 vestri
3034 3377 3298 3450 dogmatis
3320 3359 3612 3456 adjuvetis:

2203 3450 2585 3550 casuram
2600 3455 2780 3550 ,(a).—
2800 3461 2891 3519 cs.
2921 3464 3048 3522 Illud
3072 3485 3199 3527 vero
3215 3473 3283 3529 de
3300 3450 3406 3530 aut}
3420 3478 3560 3536 libro
3577 3498 3722 3550 tneo,

2131 3543 2274 3614 quod
2312 3545 2380 3600 ad
2419 3545 2780 3608 Marcellinum
2800 3557 3060 3633 scribens
3078 3561 3208 3629 dixi,
3235 3583 3256 3616 ι
3277 3565 3441 3624 Filios
3477 3543 3725 3632 mulieris

2132 3648 2251 3701 qua:
2279 3638 2510 3704 serpenti
2539 3640 2765 3697 credidit
2793 3653 2854 3699 ut
2886 3646 3103 3706 libidine
3129 3667 3583 3728 corrumperetur,
3613 3681 3723 3722 non

2133 3723 2358 3818 liberari
2376 3726 2476 3818 nisi
2506 3743 2602 3800 per
2621 3731 2814 3790 Filium
2848 3736 3097 3810 Virginis,
3129 3759 3248 3813 quae
3274 3723 3469 3818 angelo
3492 3723 3725 3813 credidit

2133 3823 2192 3906 ut
2213 3815 2325 3870 sine
2348 3817 2565 3876 libidine
2589 3821 2844 3881 fetaretur
2866 3847 2885 3880 υ
2916 3828 3051 3898 (Lib.
3081 3833 3104 3888 l
3129 3833 3193 3888 de
3209 3815 3532 3906 peccatorum
3555 3844 3718 3900 Meri-

2131 3905 2196 3960 tis
2217 3917 2262 3960 et
2291 3907 2620 3980 Rcmissione,
2657 3931 2774 3986 cap.
2802 3917 2895 3989 28)
2920 3937 2934 3973 :
2963 3920 3034 3976 ita
3072 3905 3294 3994 posuisti
3318 3939 3477 4001 atque
3515 3935 3589 3990 ita
3624 3953 3718 3993 vo-

2133 3995 2274 4052 luisti
2299 4001 2499 4071 accipi,
2529 4011 2777 4076 tanquam
2808 4009 3034 4068 dixerim
3056 4055 3072 4081 ,
3109 4033 3130 4068 ι
3153 4019 3297 4088 quod
3339 3995 3468 4080 Erae
3489 4040 3716 4098 serpens

2103 4091 2454 4176 (commixtus
2491 4093 2649 4152 luerit
2675 4101 2957 4158 concubitu
3001 4111 3299 4178 corporali;
3330 4131 3350 4166 ι
3383 4115 3526 4172 sicut
3553 4091 3721 4177 Iiani-

2131 4180 2269 4237 chmi
2292 4185 2583 4256 principem
2613 4191 2949 4250 tenebrarum
2975 4197 3214 4266 ejusdem
3241 4204 3485 4262 mulieris
3512 4219 3717 4280 pauent

2133 4287 2254 4328 cum
2297 4275 2380 4330 illa
2417 4280 2768 4339 concubuisse
2795 4283 3042 4344 delirant.
3074 4289 3188 4346 Hoc
3227 4308 3328 4364 ego
3352 4296 3420 4352 de
3465 4275 3719 4372 serpente

2133 4382 2239 4423 non
2267 4369 2397 4425 dixi.
2436 4371 2541 4427 Sed
2577 4378 2832 4447 numquid
2867 4388 2918 4435 tu
2957 4392 3142 4440 contra
3169 4387 3490 4456 Apostolum
3517 4369 3716 4466 negas,

2133 4471 2366 4519 mentem
2415 4466 2653 4522 mulieris
2695 4485 2728 4523 a
2779 4481 3028 4543 serpente
3076 4483 3422 4549 corruptam?
3462 4485 3548 4540 An
3593 4503 3719 4544 em

2133 4568 2240 4608 non
2289 4555 2460 4623 audis,
2511 4558 2600 4614 ubi
2633 4560 2776 4628 dicit,
2821 4563 2992 4622 Timeo
3035 4586 3100 4624 ne
3141 4572 3270 4626 sicut
3311 4591 3520 4646 serpens
3557 4579 3721 4638 anm

2133 4645 2311 4715 fefellit
2349 4647 2400 4702 in
2441 4653 2660 4706 uersutia
2700 4671 2828 4722 sua,
2871 4659 2944 4712 ita
2981 4676 3370 4736 corrumpantur
3396 4645 3600 4728 intente:
3636 4691 3720 4730 ve-

2133 4747 2252 4790 strm
2290 4755 2323 4792 α
2365 4740 2685 4812 simplicitate
2730 4756 2780 4800 et
2819 4751 3047 4806 castitate
3067 4794 3082 4818 ,
3135 4772 3248 4825 qua:
3287 4770 3362 4814 est
3423 4762 3478 4816 in
3521 4764 3722 4822 Christo

2139 4827 2211 4899 (ll
2241 4828 2358 4885 Cor.
2389 4847 2471 4897 ιιι,
2503 4831 2598 4905 5)?
2622 4837 2696 4890 Ex
2729 4837 2826 4892 ista
2858 4840 3041 4911 utique
3062 4851 3403 4918 corruptione
3430 4860 3720 4925 serpentis.

2133 4921 2304 4989 qualis
2325 4923 2378 4976 lit
2399 4925 2558 4978 etiam
2595 4927 2808 4996 quando
2828 4945 3180 5004 corrumpunt
3214 4954 3391 4999 mores
3411 4921 3582 5002 bonos
3602 4921 3716 5004 cols

2137 5009 2310 5080 loqnia
2334 5013 2471 5068 mala
2491 5014 2530 5086 (Ι
2555 5014 2672 5070 Cor.
2701 5033 2797 5085 xv,
2821 5021 2936 5092 53),
2965 5027 3205 5091 pervenit
3225 5027 3248 5060 ⁸
3271 5029 3437 5086 libido
3459 5039 3720 5104 peccandi

2137 5100 2188 5156 in
2217 5114 2448 5158 mentem
2477 5106 2716 5163 mulieris
2739 5127 2754 5174 ;
2775 5118 2834 5166 ut
2856 5122 2912 5167 et
2929 5113 3044 5170 viro
3065 5100 3505 5186 prmvarieatione
3531 5141 3716 5183 corru-

2139 5204 2260 5264 pto,
2309 5195 2504 5252 deinde
2555 5201 2642 5256 illa
2669 5200 2710 5267 δ,
2738 5201 2806 5258 de
2852 5221 2954 5274 qua
3011 5209 3341 5268 erubuerunt
3376 5223 3435 5270 et
3474 5220 3721 5288 pudenda

2205 5287 2220 5358 ξ
2249 5291 2402 5358 t_n_1_(_)_e
2426 5289 2661 5358 \zaticauis
2683 5299 2810 5358 Mss,
2829 5300 2875 5344 et
2900 5297 3085 5358 gravia.

2201 5345 2222 5422 ξ
2407 5348 2525 5420 ulla.
2553 5354 2723 5422 verius
2743 5345 2927 5422 aliquot
2948 5345 3246 5422 nulla.

2202 5407 2223 5479 ξ
2248 5408 2567 5479 _l_n__p!eri_sque
2591 5420 2715 5474 Mss,
2735 5407 2964 5479 provenit.

2201 5467 2384 5551 ξ-
2410 5467 2718 5551 intentem
2735 5467 2980 5551 intulistis
3013 5487 3058 5534 et
3090 5483 3214 5545 tiri;
3237 5492 3289 5538 ut
3310 5490 3721 5551 prttvat'icationis

2137 5531 2580 5608 saevaesaevae
2611 5533 2714 5608 ita.
2739 5547 2918 5607 omnes
2944 5531 3488 5608 saturatam“;

2139 5591 2873 5682 Elis-:Jl'i’tf'f‘ilﬁfl
2892 5591 2937 5656 ἀι
2953 5591 3461 5674 ίοείὸὶὶῖιιέιὶἓῑῖιῖὶίονῖὲ
3477 5591 3718 5682 εῊιῖῖέ

2145 5652 2323 5716 deinde
2339 5653 2422 5704 illa
2442 5667 2459 5704 :
2482 5659 2700 5715 subaudi,
2725 5652 2892 5716 libido.

2206 5715 2278 5777 (α)
2311 5717 2440 5780 Apud
2458 5727 2558 5770 Am.
2585 5728 2635 5772 et
2653 5727 2738 5782 δικ,
2784 5726 2855 5776 l0.
