4014 6186
332 339 439 399 865

330 459 613 519 texerunt,
637 456 951 520 sequeretur
980 449 1034 505 iu
1060 462 1242 517 carne,
1271 464 1381 505 non
1409 446 1606 504 diaboli
1630 446 1917 502 accedente

332 545 613 602 concubitu
635 543 919 613 corporali,
942 543 1035 599 sed
1056 542 1311 613 spirituali
1330 543 1597 613 Deigratia
1614 540 1916 597 recedente.

382 637 471 692 69.
494 635 571 706 (a)
586 634 702 690 Non
720 634 877 704 igitur
903 652 922 687 ι
944 642 1052 690 tota
1069 634 1426 704 disputatione
1454 642 1540 686 tua
1560 631 1877 696 contrivisti,
1892 648 1912 683 ι
1935 686 1947 699 ,

333 731 470 787 sicut
498 740 548 787 te
568 730 761 799 jactas,
792 747 811 781 ι
833 728 1182 783 assertionem
1209 742 1402 792 meam,
1429 724 1496 781 de
1523 724 1663 779 malo
1686 724 1919 779 carnalis

329 823 774 892 cencupiscentizc
797 819 1175 891 originalisque
1199 818 1464 888 peccati,»
1490 824 1739 871 manente
1760 815 1919 871 laude

330 911 633 980 nuptiarum
659 952 676 980 ,
715 928 836 983 qua:
862 911 997 965 bene
1034 917 1256 963 utuntur
1278 907 1449 970 malo,
1479 922 1583 962 non
1605 905 1746 976 quod
1776 905 1918 959 fece—

336 1011 486 1064 runt,
530 1002 623 1057 sed
660 1002 800 1072 quod
838 1001 1171 1055 invenerunt.
1208 998 1401 1053 Verum
1437 1012 1536 1053 nec
1576 999 1720 1066 ipsos
1744 996 1915 1051 Mani-

329 1091 512 1146 cbmos
538 1092 872 1157 contrivisti,
895 1105 1028 1162 quos
1053 1091 1228 1159 potius
1247 1089 1515 1158 adjuvisti,
1543 1097 1598 1143 tu
1622 1090 1638 1119 ¹
1663 1089 1913 1153 maxime,

329 1194 381 1238 ct
408 1185 458 1238 in
488 1200 774 1239 commune
802 1198 990 1239 omnes
1017 1182 1312 1252 Pelagiana:
1339 1182 1592 1238 novitatis
1610 1181 1918 1252 errorisque

330 1275 651 1345 participes,
704 1275 845 1329 sicut
892 1274 1000 1344 jam
1041 1272 1423 1329 demonstravi.
1477 1274 1552 1329 De
1600 1272 1916 1328 testimoniis

332 1368 489 1420 etiam
524 1376 864 1422 tractatorum
892 1365 1274 1421 catholicorum
1310 1364 1482 1419 sancti
1521 1364 1705 1418 Basilii
1734 1364 1918 1418 Cat-sa-

331 1458 536 1512 mensis
560 1467 615 1512 et
642 1459 811 1512 sancti
838 1456 1057 1511 Joannis
1080 1453 1668 1523 Constantinopolitani,
1693 1468 1917 1522 quorum

335 1548 517 1603 dixisti
546 1564 762 1603 sensum
789 1548 982 1603 vcsn-is
1002 1546 1325 1601 'convenire
1339 1544 1639 1612 sententiis,
1669 1545 1719 1597 in
1746 1545 1917 1613 primo

336 1637 489 1706 hujus
516 1639 619 1692 mci
660 1639 838 1707 operis
863 1637 1020 1701 libro,
1047 1636 1137 1690 tibi
1165 1634 1612 1690 suflicientissima
1646 1643 1699 1689 et
1728 1633 1917 1689 certis-

333 1729 467 1784 sima
491 1729 714 1785 veritate
737 1727 983 1798 reSpondi
1008 1727 1192 1799 (Capp.
1221 1728 1254 1782 5
1277 1738 1322 1781 et
1349 1728 1403 1798 6)
1430 1743 1447 1792 ;
1474 1726 1761 1782 ostendens
1789 1741 1919 1798 quc-

334 1818 673 1897 madmodum
716 1835 820 1873 non
861 1818 1203 1887 intelligendo
1230 1820 1470 1886 quzedam
1503 1818 1660 1874 verba
1692 1832 1877 1872 eorum
1897 1857 1913 1884 ,

332 1910 588 1966 adversus
616 1911 802 1980 dogma
829 1924 1036 1974 eorum,
1069 1908 1211 1980 quod
1246 1918 1329 1964 est
1351 1908 1542 1979 dogma
1571 1907 1915 1974 Catholicam,

334 2001 561 2056 mirabili
596 2001 832 2056 excitate
864 1998 1128 2070 pugnctis.
1170 1999 1225 2053 In
1263 1998 1499 2054 secundo
1535 2014 1745 2069 quoque
1782 1997 1918 2053 libro

334 2093 464 2148 satis
488 2094 713 2163 egimus,
754 2101 812 2146 ut
837 2099 1090 2162 appareat
1117 2105 1275 2161 quam
1300 2106 1407 2145 non
1445 2090 1534 2157 sit,
1567 2090 1917 2159 quemadmo-

334 2183 462 2240 dum
497 2183 845 2250 conviciaris,
872 2200 890 2233 ι
920 2181 1241 2252 conspiratio
1272 2180 1601 2250 perditorum
1631 2199 1650 2232 ι
1684 2180 1916 2252 (Supra,

337 2273 425 2328 lib.
462 2276 514 2340 l,
541 2291 657 2344 cap.
686 2274 778 2345 7);
812 2273 904 2328 sed
933 2282 1237 2327 sanctorum
1275 2282 1331 2326 et
1365 2271 1693 2328 eruditorum
1731 2271 1919 2327 Eccle-

338 2365 434 2418 siae
469 2365 744 2419 Catholica:
767 2376 969 2434 patrum
1016 2364 1132 2434 pius
1160 2362 1438 2433 ﬁdelisque
1478 2377 1803 2429 consensus,
1831 2362 1919 2433 qui

337 2452 604 2509 haeretica:
646 2463 836 2508 vestrae
876 2453 1090 2507 novitati
1132 2453 1388 2508 resistunt
1428 2468 1525 2523 pro
1553 2452 1920 2523 antiquissima

337 2546 593 2601 catholica
620 2546 856 2600 veritate.
882 2545 1028 2602 Unde
1052 2529 1212 2601 etiam
1239 2563 1260 2598 ‹
1283 2546 1456 2615 pepuli
1483 2561 1740 2613 murmur,
1770 2543 1913 2615 quod

339 2638 508 2693 solum
531 2636 683 2691 vobis
700 2652 730 2691 a
761 2634 913 2692 nobis
941 2656 961 2692 ι
992 2637 1125 2697 dicis
1157 2656 1178 2690 ι
1200 2636 1416 2709 opponi,
1440 2656 1460 2689 ι
1488 2652 1589 2693 nec
1607 2637 1780 2692 solum
1807 2646 1909 2703 est,

339 2730 459 2800 quia
484 2737 748 2784 tantorum
776 2728 959 2784 nititur
978 2730 1289 2784 auctoritate
1315 2726 1624 2791 doctorum;
1647 2737 1701 2784 et
1719 2729 1920 2798 justum

338 2830 438 2887 est,
468 2821 585 2891 quia
608 2837 713 2875 non
743 2821 854 2876 vult
876 2821 1194 2876 utevertatis
1219 2820 1317 2875 sibi
1345 2835 1556 2891 quoque
1585 2820 1919 2875 notissimam

342 2912 568 2967 salutem
598 2928 717 2982 qua:
748 2912 798 2966 in
825 2913 1036 2968 Christo
1063 2922 1142 2968 est
1170 2913 1530 2983 parvulorum.

406 3001 631 3058 CAPUT
658 3002 843 3057 XXIII.
860 3004 1027 3059 —70.
1052 3003 1202 3071 Quod
1223 3013 1400 3058 autem
1420 3003 1581 3058 verba
1598 3004 1915 3075 apostolica,

339 3092 429 3147 ubi
458 3093 605 3160 dicit,
632 3093 753 3149 Scio
781 3095 903 3157 quia
927 3111 1027 3148 non
1056 3093 1245 3147 habitat
1273 3094 1325 3147 iu
1356 3110 1449 3159 me,
1482 3095 1574 3148 hoc
1598 3104 1670 3149 est
1694 3094 1746 3147 in
1775 3112 1924 3150 came

339 3199 451 3237 mea
471 3225 486 3250 ,
513 3182 694 3236 bonum
716 3200 734 3246 ;
754 3192 807 3239 ct
833 3193 1023 3239 cmtera
1050 3199 1217 3254 usque
1246 3183 1311 3238 ad
1335 3183 1484 3243 illud.
1516 3184 1603 3239 ubi
1633 3185 1740 3251 ait,
1767 3184 1926 3240 Miser

342 3290 431 3344 ego
451 3276 620 3337 homo,
639 3273 748 3342 quis
765 3290 844 3326 me
858 3273 1082 3327 liberabit
1095 3274 1155 3326 de
1166 3289 1373 3345 corpore
1387 3275 1557 3328 mortis
1573 3274 1751 3347 hujus?
1773 3294 1793 3327 α
1804 3291 1887 3330 me
1898 3295 1918 3329 ι

341 3365 575 3421 affirmas
607 3384 624 3416 ι
649 3366 801 3420 aliter
822 3365 1131 3437 intelligere,
1154 3381 1310 3436 quam
1338 3375 1503 3422 totum
1527 3368 1696 3437 ipsum
1721 3368 1925 3437 capitu-

340 3454 450 3511 lum
466 3455 488 3487 ³
505 3455 661 3512 debet
678 3456 894 3527 intelligi
919 3474 932 3509 :
958 3476 976 3508 ι
1006 3458 1248 3513 nesciens
1261 3455 1389 3512 mihi
1412 3458 1691 3528 plurimum
1713 3460 1921 3514 tribuis.

342 3546 459 3603 Non
486 3548 628 3603 enim
650 3562 750 3618 ego
769 3548 916 3603 solus
934 3557 1031 3602 aut
1058 3547 1258 3617 primus
1275 3547 1350 3602 sic
1381 3547 1538 3603 istum
1566 3550 1738 3604 locum
1764 3549 1890 3609 intel
1907 3578 1933 3627 -η

340 3637 445 3692 lexi
468 3681 483 3702 ,
524 3654 628 3708 quo
663 3639 921 3693 evertitur
962 3638 1181 3693 haeresis
1220 3648 1395 3694 vestra
1418 3679 1434 3704 ,
1479 3639 1923 3710 quemadmodum

341 3745 467 3784 vere
495 3730 861 3802 intelligendus
904 3739 1025 3785 est:
1074 3729 1180 3785 imo
1204 3746 1329 3785 vero
1365 3745 1465 3802 ego
1509 3731 1653 3800 prius
1677 3748 1797 3788 cum
1827 3732 1926 3786 ali-

342 3828 427 3875 ter
463 3820 826 3875 intellexeram
847 3862 861 3886 ,
893 3821 972 3875 vel
1005 3821 1180 3890 potius
1209 3836 1313 3876 non
1357 3821 1754 3887 intellexeram;
1782 3823 1924 3894 quod

341 3925 459 3965 mea
473 3910 711 3979 qumdam
730 3910 871 3964 illius
887 3911 1141 3980 temporis
1162 3911 1319 3966 etiam
1337 3911 1529 3980 scripta
1549 3922 1808 3967 testantur
1824 3913 1921 3983 (b).

341 4001 458 4056 Non
488 4000 615 4055 mihi
646 4001 786 4055 enim
817 4001 1093 4055 videbatur
1117 4001 1405 4070 Apostolus
1430 4011 1482 4056 et
1511 4001 1579 4057 de
1605 4017 1664 4057 se
1702 4001 1819 4072 ipso
1845 4002 1926 4057 di-

342 4109 465 4149 cere
493 4095 746 4163 potuisse,
776 4092 889 4164 Ego
912 4104 1079 4147 autem
1102 4094 1321 4147 carnalis
1345 4110 1475 4158 sum,
1499 4109 1619 4149 cum
1651 4103 1795 4149 esset
1818 4096 1926 4164 spi-

342 4184 548 4239 ritualis
573 4199 587 4237 :
622 4193 674 4239 et
702 4182 841 4254 quod
867 4184 1104 4253 captivus
1124 4183 1407 4240 duceretur
1434 4185 1533 4239 sub
1559 4186 1674 4257 lege
1701 4188 1921 4255 peccati,

343 4293 464 4347 qua:
499 4278 549 4331 in
580 4276 832 4332 membris
857 4287 971 4332 erat
999 4277 1114 4346 ejus
1140 4277 1312 4347 (Rom.
1342 4294 1435 4345 vn,
1465 4278 1554 4344 H,
1584 4278 1791 4351 18-24).
1814 4278 1925 4350 Ego

344 4367 487 4421 enim
535 4366 778 4436 putabam
816 4366 920 4421 dici
963 4367 1059 4420 ista
1098 4383 1204 4421 non
1236 4382 1389 4437 posse
1416 4408 1433 4431 ,
1470 4368 1569 4423 nisi
1596 4367 1663 4424 de
1698 4369 1762 4422 iis
1791 4383 1926 4439 quos

346 4456 419 4510 ita
446 4455 665 4509 haberet
682 4455 857 4510 carnis
880 4455 1664 4527 concupiscentia.subjugatos,
1697 4468 1756 4512 ut
1779 4457 1925 4513 face-

346 4546 735 4617 rentquidquid
767 4546 849 4600 illa
877 4547 1257 4616 compelleret;
1290 4546 1429 4617 quod
1457 4546 1523 4601 dc
1549 4548 1805 4617 Apostolo
1834 4548 1928 4604 de.

345 4639 544 4694 mentis
565 4649 645 4695 est
671 4639 890 4695 credere
919 4655 932 4691 :
962 4654 1078 4693 cum
1106 4640 1264 4697 etiam
1312 4639 1715 4695 innumerabilis
1742 4640 1925 4695 multi-

348 4730 476 4785 tudo
505 4740 807 4785 sanctorum
827 4770 842 4796 ,
877 4745 942 4785 ne
967 4731 1427 4800 concupiscentias
1462 4731 1638 4787 carnis
1667 4729 1923 4799 perficiat,

344 4832 530 4876 contra
559 4833 774 4877 carnem
806 4821 991 4893 spiritu
1021 4820 1379 4889 concupiscat.
1411 4819 1513 4875 Sed
1543 4829 1723 4888 postea
1743 4820 1928 4874 melio-

348 4913 496 4966 ribus
517 4922 570 4966 ct
592 4910 1085 4981 intelligentioribus
1112 4910 1283 4975 cessi,
1311 4910 1397 4965 vel
1424 4909 1597 4979 potius
1625 4910 1720 4979 ipsi
1746 4950 1760 4973 ,
1784 4908 1925 4979 quod

348 5003 618 5060 fatendum
655 5015 766 5073 est,
811 5004 1054 5069 veritati,
1097 5013 1152 5058 ut
1186 5004 1420 5059 viderem
1461 5004 1512 5058 in
1549 5002 1653 5058 illis
1686 5002 1927 5073 Apostoli

414 5099 427 5127 ¹
458 5095 596 5157 miti,
618 5100 735 5145 tum.
759 5095 1059 5157 castigantur
1083 5107 1143 5147 ex
1170 5099 1277 5143 Mss.

410 5158 432 5189 ί
456 5154 623 5206 Plures
645 5162 772 5212 Mss,
796 5154 985 5206 sensum
1006 5162 1229 5205 vestrum.

412 5218 433 5251 ³
454 5221 527 5267 sic
549 5224 655 5268 Mss.
680 5218 797 5267 aditi
817 5230 952 5276 vero,
973 5223 1133 5277 caput.

407 5278 483 5342 (a)
519 5279 648 5342 Apud
674 5288 771 5342 Am.
798 5286 850 5328 et
869 5284 964 5338 Er.,
986 5290 1092 5342 cap.
1119 5278 1186 5328 ll.
1276 5338 1286 5342 _
1484 5336 1498 5342 _
1573 5338 1584 5342 _
1668 5335 1702 5342 __
1735 5338 1744 5342 _
1868 5324 1869 5327 η

405 5335 487 5401 (b)
520 5335 577 5386 E'a
614 5341 790 5402 scripta
828 5335 989 5402 sunt:
1014 5335 1166 5402 liber
1216 5338 1399 5402 primus
1440 5336 1500 5388 ad
1542 5335 1926 5402 Simplicianum,

359 5399 524 5460 marist.
570 5402 632 5462 l;
670 5399 910 5472 Eiiposiuo
943 5399 1163 5509 Epistola:
1199 5399 1257 5449 ad
1303 5408 1556 5457 aetnaeos,
1593 5400 1828 5471 DI'OJOSlL
1855 5399 1924 5472 .41

359 5470 404 5509 et
428 5462 519 5509 42:
556 5470 796 5509 EXIIOSIUO
819 5467 971 5509 Emsto
995 5474 1037 5509 ω
1061 5461 1118 5509 ad
1142 5460 1351 5509 Galatas.
1375 5474 1479 5509 can.
1508 5463 1556 5509 5.
1584 5459 1829 5509 Meliorem
1854 5475 1924 5509 in-

354 5459 404 5510 et
428 5462 519 5521 42;
556 5459 796 5525 Expositio
819 5459 1037 5523 Epistula;
1061 5461 1118 5510 ad
1142 5460 1479 5525 Galatas,cap.
1504 5463 1556 5525 ὅ.
1584 5459 1928 5525 Melioremin-

352 5521 751 5584 terpretationcm
774 5521 973 5571 secutus
997 5530 1072 5570 est
1089 5531 1257 5584 postea
1273 5525 1319 5569 in
1344 5522 1465 5584 libro
1487 5522 1550 5570 de
1573 5524 1728 5584 Gratia
1741 5521 1930 5580 Christi,

353 5597 401 5633 ιι.
435 5584 530 5646 i151
558 5583 681 5633 libro
721 5586 874 5646 primo
910 5583 1233 5646 contra’dnas
1266 5583 1495 5645 Epistolas
1536 5583 1927 5646 Pelagianorum,

354 5659 401 5708 ιι,
425 5644 594 5704 ιῖ-Ξὸς
621 5643 744 5696 libro
766 5646 926 5708 primo
943 5643 1370 5702 ltetractationum,
1403 5644 1591 5708 ωντῶ
1609 5652 1659 5693 et
1680 5643 1930 5708 it;_ibid_.,

352 5703 744 5770 liiiro_seeundo.
766 5703 887 5770 ‘cap.
910 5706 955 5767 l,
981 5712 1032 5755 et
1054 5719 1217 5769 sujira,
1262 5715 1428 5756 contra
1448 5703 1712 5766 lulianum,
1746 5703 1839 5753 ﬁt).
1866 5704 1897 5753 ‘3
1914 5739 1929 5767 ,

352 5779 456 5832 ea,»
483 5768 531 5817 5.

1700 331 1902 389 LIBER
1941 330 2230 388 SEXTUS.

3508 342 3611 402 δυσ

2026 443 2243 499 vocibus
2290 444 2544 515 gemitum
2595 459 2715 502 esse
2765 454 3072 504 sanctorum
3130 458 3313 503 contra
3368 451 3613 505 carnales

2026 536 2483 604 concupiscentias
2529 535 2914 594 dimicantium.
2960 536 3061 605 Qui
3123 554 3243 595 cum
3288 550 3467 596 mente
3507 545 3614 597 sint

2026 626 2355 698 spirituales,
2400 627 2573 682 adhuc
2612 637 2786 682 tamen
2840 628 2942 684 isto
2990 630 3327 700 corruptibili
3383 646 3611 700 corpore

2026 717 2167 789 quod
2194 727 2442 787 aggravat
2463 718 2691 773 animam
2711 716 2866 790 (Sap.
2900 735 2971 787 ιχ,
3012 720 3121 790 15),
3149 722 3613 793 recte-intelligun-

2024 816 2111 865 tur
2138 825 2258 866 esse
2280 811 2555 877 carnales;
2577 812 2699 881 quia
2724 813 2741 843 ³
2758 822 2915 869 erunt
2935 822 2986 867 et
3014 826 3238 882 corpore
3267 814 3569 881 spirituales
3591 849 3610 879 ,

2025 902 2235 972 quando
2264 904 2582 957 semiustum
2612 918 2805 973 corpus
2848 904 3099 970 animale,
3137 913 3382 975 resurget
3416 919 3611 974 corpus

2022 995 2299 1065 spirituale
2325 994 2368 1066 (l
2391 994 2507 1049 Cor.
2538 1010 2628 1063 xv,
2662 995 2752 1069 44)
2787 1013 2800 1049 :
2830 1006 2882 1051 et
2923 1006 3065 1051 recte
3093 996 3266 1052 adhuc
3310 997 3611 1067 ittlclliglttl-

2023 1096 2110 1139 tur
2133 1100 2193 1139 ea
2224 1094 2373 1155 parte
2399 1086 2591 1154 captivi
2614 1087 2710 1141 sub
2746 1086 2861 1156 lege
2906 1088 3142 1156 peccati,
3177 1104 3295 1158 qua:
3318 1088 3611 1144 desiderio-

2023 1193 2165 1239 rum,
2190 1178 2382 1247 quibus
2403 1194 2508 1231 non
2535 1179 2895 1241 consentiunt,
2927 1182 3159 1235 motibus
3188 1180 3443 1249 subjacet.
3476 1182 3609 1237 llinc

2022 1267 2217 1325 factum
2244 1279 2323 1324 est
2358 1278 2414 1323 ut
2433 1272 2511 1325 sic
2533 1271 2632 1324 ista
2661 1271 3029 1341 inteliigerem,
3056 1272 3499 1342 quemadmodum
3527 1273 3608 1327 in—

2023 1362 2226 1417 tellcxit
2260 1363 2511 1425 llilarius.
2559 1362 2871 1434 Gregorius,
2921 1364 3269 1428 Ambrosius,
3324 1373 3380 1418 et
3425 1362 3630 1442 caeteri.

2021 1453 2273 1508 Ecclesia:
2312 1454 2479 1508 sancti
2504 1454 2722 1525 notique
2746 1455 2994 1510 doctores
3017 1496 3033 1520 ,
3062 1456 3150 1526 qui
3180 1465 3232 1510 et
3260 1456 3431 1525 ipsum
3463 1456 3609 1524 Apo-

2021 1543 2214 1597 stolum
2236 1542 2496 1597 adversus
2521 1544 2762 1598 carnales
2782 1544 3239 1615 concupiscentias
3256 1560 3387 1613 quas
3411 1545 3608 1600 habere

2021 1634 2253 1699 nolebat,
2287 1642 2341 1689 et
2377 1642 2551 1688 tamen
2586 1634 2830 1700 habebat,
2865 1646 3082 1690 strenue
3108 1636 3605 1700 conﬂixisse,eum-

2021 1725 2248 1796 demque
2273 1727 2574 1783 conﬂictum
2606 1743 2759 1782 suum
2776 1728 2879 1783 illis
2903 1729 3014 1783 suis
3043 1729 3219 1783 verbis
3248 1740 3604 1786 contestatum

2023 1815 2186 1872 fuisse
2206 1827 2486 1873 senserunt
2519 1818 2739 1890 (Supra,
2769 1820 2855 1873 lib.
2885 1818 2921 1873 2
2941 1861 2953 1883 ,
2978 1837 3129 1890 capp.
3158 1822 3192 1876 5
3212 1831 3257 1875 et
3286 1821 3379 1893 4').
3410 1823 3604 1877 Contra

2022 1922 2156 1978 quos
2180 1917 2374 1974 motus,
2396 1909 2544 1980 prius
2572 1910 2752 1980 utique
2775 1910 3121 1966 debellandos
3151 1927 3219 1967 nc
3241 1911 3604 1977 dominentur,

2022 2007 2079 2055 et
2113 2007 2299 2068 postea
2341 2000 2605 2056 sanandos
2640 2010 2697 2055 ut
2739 2002 2946 2070 penitus
2986 2002 3409 2074 exstingnantur,
3439 2004 3600 2057 etiam

2023 2088 2143 2158 ipse
2165 2088 2392 2157 gloriosa
2414 2090 2703 2144 certamina
2730 2099 2944 2144 sanctos
2964 2105 3217 2146 exercere
3245 2092 3524 2147 confessus
3546 2108 3608 2148 es

2024 2178 2221 2252 (Supra
2242 2222 2258 2246 ,
2288 2180 2376 2234 lib.
2408 2182 2473 2247 '5,
2501 2197 2619 2251 cap.
2656 2181 2772 2255 2t).
2800 2182 2969 2237 Simul
2998 2182 3179 2253 itaque
3219 2198 3608 2253 cognoscamus

2022 2273 2184 2326 verba
2208 2274 2572 2343 pugnantium,
2597 2274 2640 2327 si
2672 2289 2984 2344 pugnamus.
3014 2274 3126 2329 lloc
3146 2276 3289 2331 enim
3318 2276 3478 2330 modo
3499 2291 3605 2330 non

2022 2362 2249 2417 vivimus
2276 2376 2393 2428 nos,
2421 2362 2514 2418 sed
2542 2363 2670 2418 vivit
2699 2363 2946 2419 Christus
2976 2364 3028 2418 in
3056 2366 3229 2429 nobis,
3252 2366 3297 2420 si
3322 2374 3378 2421 et
3406 2365 3473 2421 ad
3502 2380 3606 2435 pu-

2021 2468 2182 2525 gnam
2214 2465 2398 2510 contra
2433 2456 2893 2524 concupiscentias
2931 2457 3286 2513 exercendam
3306 2499 3323 2522 ,
3350 2467 3403 2513 et
3430 2457 3500 2513 ad
3527 2458 3608 2512 vi—

2024 2547 2245 2602 ctoriam
2268 2563 2437 2617 usque
2463 2547 2530 2602 ad
2554 2549 3015 2617 consumptionem
3038 2548 3349 2605 eorumdem
3373 2549 3607 2605 hostium

2024 2637 2441 2706 capessendam,
2496 2636 2550 2691 in
2589 2638 2679 2691 illo
2719 2636 2971 2701 ﬁdimus,
3024 2654 3131 2693 non
3172 2638 3225 2694 in
3270 2639 3443 2694 nobis.
3492 2639 3610 2709 lpse

2025 2726 2219 2797 quippe
2244 2726 2406 2796 [actus
2440 2735 2513 2780 est
2539 2726 2681 2779 nobis
2708 2726 2960 2795 sapientia
2979 2742 3011 2778 α
3041 2725 3150 2779 Deo
3168 2766 3183 2791 ,
3221 2736 3270 2780 et
3300 2728 3532 2797 justitia,
3560 2736 3610 2783 et

2024 2815 2376 2883 sanctiﬁcatio,
2407 2823 2454 2869 et
2481 2814 2787 2886 redemptio;
2809 2824 2884 2882 ut,
2908 2815 3335 2881 quemadmodum
3362 2817 3609 2886 scriptum

2026 2915 2117 2971 est,
2138 2904 2238 2971 Qui
2248 2906 2517 2977 gloriatur,
2542 2905 2831 2961 inDomino
2856 2906 3097 2978 glorietur
3119 2906 3294 2978 (lCor.
3323 2923 3362 2974 I,
3384 2908 3473 2972 '50,
3490 2908 3605 2981 51).

2098 2996 2188 3051 7l.
2243 2995 2359 3051 Non
2386 3006 2608 3068 estergo
2639 3016 2660 3051 ι
2688 2998 3011 3053 contrarium
3031 3039 3046 3065 ,
3081 3016 3101 3051 ι
3132 2999 3268 3054 sicut
3295 3008 3467 3069 putas,
3505 3018 3525 3052 ι
3550 3009 3610 3056 ut

2027 3086 2118 3156 qui
2156 3085 2439 3151 dicit,Vivo
2465 3104 2564 3141 non
2593 3105 2682 3159 ego
2698 3090 2835 3160 jam,
2864 3090 2978 3143 vivit
3005 3105 3120 3143 vero
3144 3088 3196 3143 in
3219 3106 3298 3144 nte
3325 3090 3551 3147 Christus
3580 3111 3602 3144 ι

2026 3174 2223 3252 (Galat.
2253 3194 2328 3242 ιι,
2370 3178 2477 3249 20)
2504 3194 2519 3245 ;
2557 3198 2575 3231 ι
2612 3180 2752 3235 dicat
2772 3180 2931 3239 etiam
2957 3222 2973 3246 ,
3005 3180 3126 3235 Scio
3151 3182 3272 3250 quia
3297 3199 3397 3235 non
3417 3182 3608 3236 habitat

2026 3272 2079 3327 in
2096 3289 2194 3337 me,
2208 3272 2303 3326 hoc
2321 3272 2460 3326 estin
2484 3288 2636 3327 carne
2655 3289 2785 3340 mea,
2802 3274 3003 3327 bonum.
3017 3291 3038 3325 ι
3066 3272 3122 3328 In
3139 3284 3394 3343 quantum
3414 3274 3501 3343 qui
3509 3289 3608 3344 ppo

2030 3364 2081 3419 in
2113 3364 2206 3420 illo
2227 3364 2353 3419 vivit
2379 3364 2657 3432 Christus,
2688 3365 2740 3419 in
2781 3373 2983 3419 tantum
3010 3375 3279 3435 expugnat
3314 3374 3369 3420 et
3392 3374 3610 3434 superat

2028 3455 2169 3526 quod
2210 3469 2315 3510 non
2346 3455 2548 3511 habitat
2574 3455 2770 3509 bonum
2802 3456 2854 3509 in
2891 3455 3009 3525 ejus
3027 3470 3210 3523 carne,
3250 3455 3344 3511 sed
3383 3457 3605 3510 malum.

2027 3543 2211 3623 Neque
2238 3545 2379 3601 enim
2420 3554 2563 3600 recte
2604 3545 2915 3614 cujusquam
2953 3545 3173 3614 spiritus
3207 3547 3611 3618 concupisceret

2029 3624 2285 3690 adversus
2312 3649 2529 3691 carnem
2559 3650 2731 3702 suam,
2766 3636 2866 3690 nisi
2894 3636 3161 3692 habitaret
3190 3638 3245 3693 in
3271 3639 3360 3693 illo
3388 3637 3608 3707 spiritus

2028 3727 2245 3783 Christi.
2266 3727 2424 3781 Absit
2453 3742 2579 3799 ergo
2603 3736 2661 3781 ut
2683 3726 2944 3794 dicamus,
2973 3729 3113 3798 quod
3142 3744 3241 3784 nos
3259 3729 3439 3785 dicere
3477 3729 3609 3784 insi~

2029 3820 2223 3885 mulas,
2252 3820 2593 3889 «Apostolum
2624 3820 2703 3873 sic
2728 3820 2824 3873 ista
2851 3819 3067 3886 dixisse,
3103 3821 3254 3890 quasi
3284 3821 3372 3891 qui
3410 3836 3470 3875 se
3498 3820 3610 3876 vel-

2031 3911 2103 3965 let
2128 3911 2343 3982 intelligi
2376 3911 2689 3966 renitentem
2710 3951 2726 3978 ,
2752 3911 2803 3965 in
2834 3921 3011 3966 scorta
3047 3913 3220 3982 aliqua
3264 3928 3425 3968 manu
3452 3912 3607 3983 pesti-

2030 4002 2155 4057 fera:
2182 4003 2467 4072 voluptatis
2493 4003 2681 4059 abduci
2713 4019 2726 4055 :
2759 4022 2777 4055 ι
2810 4019 2931 4059 cum
2957 4003 3114 4069 dicat,
3152 4002 3273 4059 Non
3302 4020 3394 4073 ego
3424 4019 3609 4074 apcror

2029 4092 2157 4149 illud
2186 4093 2359 4165 (Rom.
2390 4109 2484 4157 vn,
2527 4094 2613 4160 18,
2663 4093 2778 4162 20),
2823 4094 3110 4149 ostendens
3153 4094 3611 4164 concupiscentias

2030 4184 2204 4238 carnis
2231 4184 2406 4238 solum
2430 4184 2715 4255 impulsum
2739 4183 2974 4239 libidinis
2998 4185 3228 4254 operari,
3252 4185 3368 4241 sine
3390 4198 3615 4240 consen-

2031 4274 2180 4332 Sione
2211 4275 2435 4344 peccati.

2104 4364 2191 4418 72.
2216 4364 2349 4435 Quid
2378 4374 2479 4431 est,
2509 4362 2650 4434 quod
2675 4383 2693 4415 ι
2716 4363 2767 4417 in
2786 4362 3089 4418 Judzeormn
3119 4364 3420 4434 superbiam
3446 4384 3466 4417 ι
3498 4364 3612 4419 l'ru-

2033 4467 2141 4511 stra
2166 4456 2376 4511 conaris
2406 4473 2425 4508 ι
2452 4456 2547 4511 ista
2579 4455 2739 4511 verba
2770 4455 3078 4520 transferre,
3106 4465 3355 4526 tanquam
3384 4457 3531 4525 ipsos
3557 4457 3609 4511 in

2032 4560 2091 4602 se
2116 4545 2568 4616 transﬁguraverit
2593 4547 2900 4616 Apostolus,
2923 4546 3013 4617 qui
3039 4548 3452 4603 contemnebant
3471 4546 3609 4602 dona

2032 4637 2226 4694 Christi
2246 4680 2262 4705 ,
2290 4640 2434 4695 velut
2460 4639 2560 4694 sibi
2591 4654 2695 4693 non
2736 4639 3075 4695 necessaria?
3109 4660 3129 4694 ι
3172 4640 3261 4695 Sic
3284 4642 3426 4695 enim
3450 4640 3612 4708 suspi-

2032 4730 2170 4785 caris
2198 4747 2213 4784 :
2240 4739 2399 4801 atque
2434 4731 2633 4785 utinam
2663 4731 2775 4802 ipsa
2802 4730 2940 4785 dona
2979 4729 3172 4786 Christi
3199 4732 3389 4786 saltem
3422 4733 3491 4784 ita
3521 4745 3612 4785 sa-

2033 4836 2221 4893 peres,
2254 4832 2309 4876 ut
2347 4821 2413 4878 ad
2445 4822 2756 4878 vincendam
2796 4824 3275 4891 concupiscentiam
3303 4823 3479 4878 valere
3517 4822 3614 4876 ali-

2031 4911 2158 4983 quid
2179 4913 2445 4968 crederes.
2494 4911 2599 4968 Sed
2646 4912 2766 4967 idco
2809 4912 2942 4967 dicis
2983 4928 3014 4966 a
3040 4911 3238 4967 Judaeis
3273 4912 3433 4967 fuisse
3477 4928 3611 4967 con-

2034 5000 2254 5073 tempta,
2293 5023 2308 5054 ι
2336 5002 2476 5073 quod
2518 5004 2723 5059 veniam
2751 5004 2901 5059 daret
2944 5004 3032 5059 ille
3065 5003 3294 5072 peccatis
3318 5044 3335 5069 ,
3365 5020 3485 5075 qua:
3511 5004 3611 5072 ipsi

2033 5094 2167 5163 legis
2209 5092 2573 5149 admonitione
2625 5098 2947 5150 vitassent.»
3001 5094 3162 5161 Quasi
3224 5094 3328 5148 hoc
3373 5093 3614 5150 conferat

2035 5183 2237 5240 homini
2264 5184 2505 5240 remissio
2530 5194 2885 5256 peccatorum,
2914 5194 2972 5239 ut
2996 5200 3122 5247 caro
3147 5200 3251 5239 non
3273 5186 3616 5255 concupiscat

2035 5278 2291 5333 adversus
2321 5279 2560 5348 spiritum
2586 5278 2781 5348 (Colat.
2814 5295 2863 5342 v,
2890 5278 3000 5350 l7),
3026 5279 3166 5334 unde
3190 5279 3277 5333 illa
3299 5280 3459 5334 verba
3492 5289 3615 5333 nata

2036 5378 2180 5436 sunt,
2200 5369 2320 5424 Scio
2344 5371 2461 5439 quia
2484 5387 2583 5424 non
2605 5370 2795 5424 habitat
2823 5372 2874 5426 iu
2896 5387 2994 5435 me,
3018 5372 3113 5425 hoc
3137 5381 3206 5426 est
3232 5371 3283 5424 in
3305 5387 3457 5426 carne
3481 5388 3614 5440 nica,

2039 5460 2258 5525 bonum;
2284 5470 2337 5515 et
2371 5469 2561 5517 cxctera
2587 5460 2913 5531 hujusmodi.
2944 5461 3138 5517 Verum
3164 5472 3220 5516 tu
3249 5476 3280 5515 a
3309 5471 3489 5519 vestro
3514 5462 3617 5518 ὀο-
3704 5518 3719 5529 ,

2092 5611 2341 5666 ¹Οιιει1ιιοτ
2361 5608 2674 5658 exVaticanis
2701 5608 2833 5661 Mss.
2857 5605 2955 5662 qui.
2974 5606 3125 5657 Paulo
3147 5612 3253 5667 post
3269 5603 3607 5714 θάἰιίῃιινιςᾶο

2092 5673 2314 5714 mimum"
2346 5671 2486 5714 inuri!
2510 5685 2687 5714 τοι-ητις
2708 5668 2918 5714 anim/Ile
2944 5674 2988 5714 ρι
3008 5676 3224 5714 resume!
3245 5680 3423 5714 corpus
3454 5679 3526 5714 ευρ
3589 5689 3607 5699 ·

2031 5673 2315 5738 seminantur
2343 5671 2486 5738 fuerit
2510 5685 2694 5738 (οι-ριιῇ
2708 5670 2918 5738 (litim/(1f
2944 5674 2988 5719 et
3008 5676 3224 5738 resurget
3245 5680 3423 5738 corpus
3454 5670 3607 5729 spor!-

2033 5738 2176 5785 tuate.
2206 5735 2537 5785 Ementlantur
2566 5749 2625 5784 ex
2653 5732 2763 5783 Mss.
2791 5732 3055 5784 Gallirauis
3084 5741 3135 5780 et
3154 5732 3453 5783 Vaticanisr
