4014 6186
385 314 494 380 δεῖ

383 445 566 508 gmate
618 448 724 494 non
767 432 1007 502 recedis,
1056 447 1161 506 quo
1209 433 1408 504 putatis
1450 429 1674 502 gratiam
1718 427 1813 483 Dei
1870 441 1966 498 per

387 526 570 583 Jesum
599 524 868 582 Christum
896 523 1174 578 Dominum
1200 531 1439 576 nostrum
1457 521 1534 576 sic
1559 523 1612 574 in
1639 517 1752 575 sola
1783 531 1969 587 pecea-

390 626 568 673 torunt
598 615 910 670 remissione
939 608 1168 680 versari,
1195 621 1252 668 ut
1278 625 1384 666 non
1412 609 1626 680 adjuvet
1661 607 1726 663 ad
1754 606 1969 662 vitanda

385 715 602 778 peccata
629 715 684 760 et
723 704 987 760 desideria
1017 701 1273 757 vincenda
1313 700 1545 757 carnalia
1569 739 1588 767 ,
1627 693 1969 753 ditiundendo

381 797 698 852 charitatem
727 797 781 851 in
807 791 1056 852 cordibus
1083 795 1279 849 nostris
1298 809 1394 864 per
1412 790 1669 862 Spiritum
1700 797 1968 851 sanctum,

383 890 472 960 qui
499 889 684 944 abillo
705 887 863 944 datas
889 897 972 942 est
1001 885 1154 942 nobis
1194 886 1370 958 (Rom.
1399 901 1452 952 v,
1485 883 1564 956 5).
1591 880 1773 952 Neque
1794 877 1970 935 emisit-

383 981 539 1039 dcras
583 993 706 1037 eum
735 980 826 1052 qui
854 978 982 1035 dicit
1005 1021 1020 1045 ,
1067 977 1224 1033 Video
1255 979 1410 1032 aliam
1435 978 1591 1048 legent
1636 975 1690 1028 in
1735 970 1970 1055 membris

381 1077 506 1130 meis
524 1117 539 1143 ,
585 1085 948 1147 repugnantem
975 1072 1074 1144 legi
1104 1071 1284 1126 mentis
1323 1085 1483 1135 metu;
1523 1078 1578 1123 et
1606 1067 1674 1120 ab
1704 1066 1804 1118 hoc
1830 1063 1970 1116 malo

381 1181 490 1222 non
536 1182 598 1222 se
636 1165 851 1221 liberari
895 1164 1128 1228 clamat,
1177 1161 1278 1216 nisi
1321 1158 1486 1229 gratia
1528 1157 1621 1212 Dei
1660 1169 1754 1226 per
1786 1153 1968 1208 Jesunt

384 1258 658 1314 Christum
685 1257 971 1311 Dominum
998 1263 1238 1308 nostrum
1263 1269 1278 1317 ;
1307 1265 1406 1306 nec
1431 1249 1672 1304 Judaeum
1700 1259 1840 1311 esse,
1871 1257 1970 1298 nec

381 1349 504 1419 quia
534 1347 792 1417 peccavit,
822 1345 918 1401 sed
945 1360 1012 1400 ne
1037 1351 1220 1412 peccet
1243 1343 1424 1410 potius
1448 1340 1712 1392 laborare.

454 1439 542 1492 75.
577 1456 608 1490 te
639 1439 929 1506 Exaggerat
961 1437 1002 1500 ³,
1033 1455 1054 1486 s
1089 1432 1264 1502 inquis
1289 1473 1305 1496 ,
1341 1449 1358 1480 ι
1382 1428 1666 1498 Apostolus
1693 1426 1798 1479 vim
1842 1435 1971 1480 cono

383 1527 702 1584 suetudinis.
735 1545 754 1579 ι
798 1526 877 1581 Tu
911 1540 1037 1596 ergo
1069 1525 1354 1593 reSpunde,
1383 1529 1557 1574 utrum
1589 1529 1772 1574 contra
1811 1517 1968 1571 istam

384 1619 490 1672 vim
523 1630 626 1672 non
654 1616 871 1670 dimicet
896 1614 1212 1684 baptizatus.
1239 1611 1389 1680 Quod
1416 1610 1461 1664 si
1499 1623 1686 1680 negas,
1722 1605 1970 1662 omnibus

382 1709 686 1764 chris-tinnis
723 1707 968 1762 sensibus
1012 1705 1334 1760 contradicis
1367 1719 1382 1755 :
1413 1703 1458 1756 si
1495 1713 1670 1756 autem
1715 1699 1966 1760 dimicat,

382 1815 478 1856 cur
497 1816 601 1855 non
628 1801 678 1854 in
697 1799 872 1854 verbis
892 1797 1132 1869 Apostoli
1161 1811 1344 1850 vocem
1365 1793 1668 1849 dimicantis
1687 1783 1970 1862 agnoscis?

388 1913 407 1945 ι
437 1894 539 1950 Per
582 1893 772 1963 legem,
804 1909 822 1944 ι
868 1890 1076 1960 inquis,
1130 1904 1149 1940 ι
1179 1888 1370 1942 bonum
1416 1894 1471 1940 et
1519 1897 1613 1954 per
1659 1882 1970 1938 mandatum

381 1997 624 2040 sanetum
651 1998 932 2053 pravorum
960 1981 1122 2036 animi
1149 1980 1468 2035 ferocierant
1489 1978 1535 2042 ’;
1567 1975 1819 2045 quoniam
1847 1971 1971 2028 sine

383 2076 658 2130 voluntate
710 2075 918 2145 propria
976 2072 1120 2128 nulla
1167 2070 1396 2126 eruditio
1451 2076 1662 2139 poterat
1709 2065 1971 2136 inSpirare

383 2169 651 2222 virtutem.
679 2181 698 2220 t
744 2167 788 2221 0
831 2175 1044 2221 acutum
1103 2164 1534 2219 intellecturum!
1584 2161 1632 2215 Ο
1671 2155 1970 2214 divinorum

383 2259 720 2330 eloquiortnn
747 2258 1020 2329 egregium
1042 2255 1419 2312 tractaturem!
1451 2253 1589 2321 Quid
1615 2251 1728 2322 agis
1755 2249 1822 2306 de
1843 2261 1967 2305 vcr-

385 2351 466 2406 bis
508 2347 921 2416 dicentis,-t\’on
964 2347 1102 2419 quod
1126 2346 1240 2402 volo
1266 2357 1402 2416 ago;
1427 2353 1482 2400 et
1509 2384 1524 2410 ,
1582 2340 1722 2396 Velle
1769 2340 1970 2412 adjacet

387 2441 552 2504 mihi;
581 2440 654 2504 et,
687 2441 834 2506 Quod
863 2437 1002 2503 nolo,
1030 2437 1125 2491 hoc
1151 2449 1273 2506 ago;
1303 2445 1376 2499 ct,
1404 2431 1732 2490 Condelecter
1755 2430 1853 2504 legi
1873 2426 1974 2484 Dei

384 2533 662 2588 secundum
695 2532 981 2586 interiorem
1009 2529 1260 2582 hominem
1286 2527 1312 2580 Ρ
1339 2525 1506 2580 Audis
1532 2523 1648 2578 haec
1666 2564 1682 2589 ,
1713 2531 1768 2578 et
1797 2521 1928 2576 dicis
1949 2562 1966 2586 ,

384 2625 508 2695 quia
555 2623 799 2677 voluntas
840 2620 1046 2688 deluit,
1092 2617 1212 2673 ideo
1240 2615 1473 2672 defuisse
1509 2617 1780 2670 virtutem.
1809 2613 1967 2681 Quid,

387 2713 529 2785 quod
559 2729 662 2768 non
689 2712 862 2766 solum
888 2712 1156 2777 voluntas,
1183 2717 1368 2764 verum
1397 2709 1556 2762 etiam
1590 2707 1758 2761 virtus
1777 2701 1966 2772 adfuit,

385 2821 453 2860 ne
481 2805 806 2860 consentiret
819 2801 1268 2868 concupiscentia.-
1296 2801 1494 2865 carnis,
1523 2807 1642 2868 quae
1673 2796 1814 2868 lcgi'
1840 2809 1970 2866 pee-

384 2897 488 2952 cati
533 2893 707 2966 pravis
736 2894 865 2964 ipsis
893 2892 1126 2948 motibus
1163 2889 1470 2946 serviebat?
1515 2887 1716 2956 Quibus
1743 2885 1834 2942 ille
1863 2899 1975 2940 nou

385 2985 580 3041 cedens
605 3027 622 3053 ,
654 3001 752 3040 nec
777 2989 924 3038 arma
963 2983 1255 3052 iniquitatis
1281 2979 1539 3034 exhibens
1581 2977 1818 3032 ntetnltra
1845 2989 1970 3046 pec-

383 3083 510 3131 «suo
532 3074 706 3148 (liora.
735 3088 807 3135 vt,
840 3069 952 3144 t3),
984 3080 1039 3126 et
1067 3080 1246 3124 tamen
1280 3070 1423 3139 quod
1454 3069 1622 3123 nollet
1659 3067 1896 3122 sentiens
1917 3066 1974 3119 in

385 3180 550 3222 carne
591 3175 774 3220 contra
820 3163 1067 3234 Spiritum
1113 3161 1558 3231 concupiscente,
1606 3170 1663 3214 et
1713 3157 1974 3214 adversus

386 3267 506 3313 eam
528 3253 758 3311 vicissim
777 3252 968 3322 spiritu
989 3249 1394 3320 concupiscens,
1411 3249 1688 3304 verissima
1713 3247 1974 3302 castitatis

385 3361 518 3402 voce
563 3343 795 3407 diccbat,
838 3341 1008 3413 Igitur
1046 3341 1154 3411 ipse
1180 3355 1277 3411 ego
1314 3347 1479 3394 mente
1526 3339 1692 3392 seruio
1728 3337 1824 3408 legi
1853 3336 1968 3404 Dei,

387 3452 538 3492 carne
561 3443 725 3489 autem
751 3433 850 3506 tegi
874 3431 1203 3504 peccatirllla
1231 3439 1360 3486 Sane
1385 3430 1545 3486 verba
1572 3445 1690 3500 qua:
1720 3429 1966 3500 posuisti,

387 3529 476 3584 ubi
501 3529 576 3582 ait
603 3527 918 3596 Apostolus,
950 3523 1058 3579 Lee:
1089 3531 1266 3578 saneta
1285 3564 1301 3590 ,
1329 3533 1378 3576 et
1406 3522 1700 3576 mandatum
1741 3527 1974 3575 sanctum

388 3632 434 3675 et
449 3621 645 3692 justum
673 3625 722 3674 et
749 3617 952 3670 bonum.
982 3614 1132 3681 Quod
1157 3629 1274 3686 ergo
1298 3613 1481 3668 bonum
1509 3622 1602 3677 est,
1629 3611 1756 3666 mihi
1779 3615 1970 3683 factum

387 3721 462 3767 est
487 3717 622 3764 inore
641 3711 667 3763 .’
693 3708 832 3764 Absit
863 3725 882 3762 :
911 3708 1002 3763 sed
1025 3717 1282 3779 peceatum
1304 3715 1360 3760 at
1399 3713 1646 3775 appareat
1683 3712 1968 3774 peccatum,

389 3813 480 3874 per
519 3801 705 3854 bonum
753 3799 878 3853 mihi
915 3807 1172 3868 apemtum
1203 3806 1274 3851 est
1304 3805 1512 3849 mortem
1536 3835 1551 3860 ,
1591 3803 1648 3848 ut
1691 3795 1780 3862 ﬁat
1812 3809 1976 3863 supra

389 3891 598 3946 malum
623 3898 882 3961 peceatum
905 3903 1116 3958 peccans
1137 3902 1226 3958 per
1247 3884 1544 3940 mandatum
1572 3899 1591 3937 :
1617 3883 1754 3940 bene
1775 3884 1972 3939 intelli-

387 3985 529 4054 gitur
555 3982 621 4038 de
643 3983 752 4037 vita
777 3995 870 4035 sua
909 3980 1112 4036 dixisse
1141 3978 1405 4049 pratterita
1428 4017 1444 4043 ,
1473 3975 1686 4046 quando
1711 3977 1812 4034 sub
1854 3977 1970 4044 lege

388 4073 560 4128 btet-at
585 4113 600 4139 ,
632 4070 868 4128 nondum
909 4069 1008 4125 sub
1042 4069 1231 4141 gratia.
1257 4067 1388 4122 Nam
1419 4078 1474 4122 et
1511 4067 1686 4122 verbis
1713 4065 1969 4137 praneriti

390 4163 647 4233 temporis
687 4163 870 4227 utitur,
897 4160 1144 4227 dicendo,
1175 4157 1448 4213 Peccatum
1491 4173 1590 4212 non
1615 4157 1842 4228 cognoui,
1871 4156 1973 4210 nisi

393 4271 481 4326 per
504 4255 660 4326 legem
687 4269 706 4308 :
728 4262 799 4318 et,
829 4249 1296 4322 Coucupiscentiam
1323 4250 1598 4304 nesciebam
1623 4263 1642 4303 :
1667 4256 1740 4316 et,
1771 4248 1969 4319 Opera-

389 4361 496 4401 tum
524 4355 606 4401 est
635 4347 688 4400 in
717 4359 796 4400 me
819 4358 1018 4398 omnem
1059 4341 1514 4413 concupiscentiam
1543 4355 1567 4396 :
1591 4349 1646 4394 et
1663 4381 1679 4406 ,
1739 4339 1972 4396 i’lvebam

388 4433 664 4505 aliquando
706 4437 816 4490 sine
857 4435 1001 4506 lege;
1031 4433 1211 4502 utique
1253 4431 1464 4502 quando
1491 4431 1725 4487 nondum
1765 4437 1974 4502 poterat

392 4541 549 4582 usum
580 4525 779 4580 habere
797 4524 1018 4579 rationis
1041 4540 1054 4576 :
1087 4533 1173 4588 et,
1202 4523 1504 4577 Adueniente
1528 4521 1762 4577 mandato
1792 4533 1971 4592 pecea-

392 4633 498 4676 tum
520 4619 716 4684 reuisit,
744 4630 842 4690 ego
863 4627 1030 4670 autem
1049 4627 1278 4671 mortuus
1296 4631 1410 4670 sum
1435 4633 1455 4672 :
1479 4623 1554 4682 et,
1585 4609 1856 4669 Peccatum
1883 4629 1972 4668 oc-

389 4713 593 4766 casione
631 4718 837 4780 accepta
863 4721 954 4780 per
975 4707 1291 4772 nuntiatum,
1330 4706 1508 4777 fefellit
1535 4719 1630 4774 me,
1659 4711 1706 4760 et
1733 4723 1821 4776 per
1845 4705 1975 4760 illud

391 4805 574 4859 occidit
601 4819 620 4858 :
641 4813 716 4870 et,
746 4801 848 4857 Per
874 4801 1056 4856 bonum
1081 4799 1208 4853 mihi
1232 4808 1496 4869 operatum
1525 4807 1596 4852 est
1623 4807 1852 4851 mortem.
1877 4795 1979 4852 [iis

393 4895 642 4950 omnibus
671 4903 882 4963 tempus
907 4891 1210 4964 signiﬁcare
1238 4889 1575 4960 intelligitur,
1603 4901 1708 4958 quo
1735 4888 1834 4943 sub
1860 4887 1975 4958 lege

395 4987 636 5052 vivebat,
678 4994 733 5040 et
775 4983 1014 5040 nondum
1059 4981 1272 5051 adjutus
1317 4980 1486 5050 gratia
1529 4979 1980 5048 concupiscentiis

398 5078 694 5134 carnalibus
719 5075 1032 5132 vincebatur
1059 5073 1103 5128 ⁸.
1147 5069 1248 5130 Ubi
1278 5081 1404 5126 vero
1427 5070 1536 5140 jam
1566 5069 1716 5136 dicit,
1745 5067 1851 5123 Lex
1873 5070 1986 5140 spia

397 5172 597 5226 riualis
613 5181 810 5242 est;ego
826 5177 996 5223 autem
1006 5166 1228 5222 carnalis
1245 5179 1354 5220 sum
1370 5179 1390 5220 ε
1408 5163 1516 5232 jam
1539 5162 1678 5232 quod
1689 5161 1978 5230 conﬂigens

400 5263 694 5333 patiebatur
717 5259 968 5318 ostendit.
1009 5255 1128 5316 Non
1156 5257 1297 5314 enim
1323 5254 1477 5322 dixit,
1505 5254 1724 5308 carnalis
1752 5253 1824 5308 lui
1849 5297 1865 5321 ,
1894 5254 1984 5308 rei

466 5378 482 5408 ι
507 5373 580 5424 sic
601 5381 704 5424 tres
723 5381 828 5424 Mss.
853 5371 940 5422 Alii
961 5383 1070 5422 cum
1095 5369 1257 5427 editis,
1283 5375 1566 5430 exasperat.

464 5439 488 5468 ²
512 5443 614 5500 [tuo
639 5449 701 5485 ex
727 5435 962 5484 Vaticanis
997 5439 1128 5492 uss,
1161 5439 1258 5500 {ire
1277 5429 1398 5500 tege,
1413 5426 1611 5500 Zinguis,
1640 5426 1789 5500 bona,
1809 5432 1872 5500 ,ᾳ
1893 5438 1986 5500 pro

399 5497 627 5548 mandato
643 5503 804 5558 sancto
821 5505 1091 5558 prauorum
1099 5487 1270 5558 amnti
1278 5487 1616 5558 ferocitabtmt1
1637 5496 1760 5558 πρε
1779 5487 1858 5558 alii
1894 5487 1985 5536 ta-

402 5559 578 5617 titani,
631 5549 944 5619 ferociam.
995 5554 1188 5614 (labici,
1240 5549 1544 5615 ferocierant.
1589 5551 1709 5600 miti
1727 5583 1744 5610 ,
1798 5549 1982 5612 feroces

398 5628 611 5750 “Tim:
631 5674 886 5750 etaliquot
907 5683 1035 5748 atss.,
1061 5675 1187 5750 lege.
1213 5733 1343 5750 In“
1370 5739 1399 5750 Α
1431 5732 1476 5750 η.
1514 5746 1530 5750 Α
1573 5737 1582 5747 Ι
1632 5740 1668 5750 __
1700 5745 1719 5750 _
1769 5740 1810 5750 η
1889 5730 1956 5750 W

469 5743 489 5773 δ
513 5747 580 5791 tt:
600 5730 806 5789 Vaticani
843 5730 1058 5799 quinque
1092 5730 1144 5786 ἐι
1181 5733 1347 5796 plures
1369 5732 1587 5784 Gallicani
1632 5740 1738 5782 uss.
1760 5740 1814 5784 At
1843 5730 1980 5793 editi,

1202 317 1471 376 CONTRA
1511 314 1844 375 JULIANUM
1883 312 2346 384 PELAGiA-NUM,
2377 318 2435 374 S.
2476 310 2836 378 AUGUSTINI

3480 307 3656 376 ’868

2073 439 2250 493 eram;
2283 430 2397 496 sed,
2427 447 2559 484 sum.
2589 431 2649 486 Et
2673 432 2908 502 apertius
2930 439 3170 502 tempora
3198 430 3308 502 ipsa
3336 431 3642 504 distinguit,

2072 518 2161 572 ubi
2185 518 2312 573 dicit
2337 560 2352 584 ,
2406 517 2560 574 Nune
2587 532 2756 576 autem
2785 523 2897 594 jam
2930 539 3026 578 cum
3050 536 3140 594 ego
3169 539 3351 594 operor
3374 521 3530 588 illud,
3564 516 3663 578 sed

2073 605 2128 660 id
2149 610 2283 676 quod
2307 611 2361 664 in
2391 625 2469 666 me
2493 612 2686 665 habitat
2709 622 2987 683 peccatum.
3013 611 3129 670 Jatn
3151 615 3293 670 enim
3320 623 3492 670 motus
3515 613 3662 670 desi-

2073 696 2342 754 deriorum
2371 702 2630 756 malorum
2655 717 2759 758 non
2791 704 2905 772 ipse
2937 705 3288 773 operabatur,
3314 707 3504 776 quibus
3543 721 3658 762 non

2073 791 2442 846 consentiebat
2483 793 2548 846 ad
2578 789 2926 863 perpetranda
2967 805 3202 865 peccata.
3235 796 3443 851 Peccati
3469 805 3656 852 autem
3731 821 3742 830 η

2047 883 2290 937 'nomiue
2323 883 2462 954 quod
2509 884 2562 939 in
2605 885 2698 940 illo
2747 885 3034 952 habitabat,
3091 887 3257 956 ipsam
3312 885 3658 956 nuncupabai

2073 975 2587 1042 concupiscentiam;
2611 978 2730 1046 quia
2755 986 2970 1046 peccato
2992 977 3125 1032 facta
3149 987 3251 1042 est,
3280 982 3330 1032 et
3352 977 3398 1032 si
3423 979 3658 1033 conscii-

2073 1061 2290 1117 tie'ntem
2336 1065 2552 1119 traxerit
2595 1075 2754 1134 atque
2809 1063 3075 1130 illexerit',
3125 1065 3354 1134 concipit
3407 1065 3660 1136 peritque

2075 1161 2368 1221 peccatum.
2397 1152 2464 1208 Et
2501 1164 2694 1210 cetera
2722 1169 2890 1225 usque
2917 1155 2981 1209 ad
3010 1169 3130 1210 eum
3161 1155 3334 1210 locum
3357 1197 3374 1223 ,
3411 1155 3501 1210 ubi
3539 1156 3655 1222 ait,

2073 1241 2101 1296 Ι
2108 1243 2246 1313 gitur
2273 1260 2364 1314 ego
2384 1245 2500 1315 ipse
2526 1255 2690 1299 mente
2712 1246 2872 1300 seruio
2898 1245 2998 1318 legi
3021 1245 3114 1301 Dei
3137 1287 3154 1313 ,
3181 1250 3335 1301 Carne
3358 1251 3524 1300 autem
3550 1247 3661 1319 legi

2074 1335 2260 1404 peccati
2277 1333 2448 1403 (Rom.
2469 1349 2561 1398 vn,
2579 1335 2928 1407 735),!va
2945 1347 3069 1392 sunt
3089 1337 3199 1408 jam
3222 1339 3320 1393 sub
3335 1338 3503 1408 gratia
3518 1350 3655 1394 cons

2073 1425 2266 1489 stituti,
2299 1425 2391 1480 sed
2415 1424 2589 1480 adhuc
2609 1437 2793 1482 contra
2811 1428 3295 1500 concupiscentiam
3325 1443 3474 1485 suam
3489 1429 3657 1486 diuti-

2073 1516 2277 1582 cantis,
2335 1529 2434 1570 nec
2467 1516 2516 1570 ei
2555 1516 2937 1572 consentientis
2972 1525 3030 1571 ut
3076 1528 3290 1587 peccet;
3329 1519 3426 1574 sed
3469 1521 3653 1575 tamen

2073 1605 2262 1674 quibus
2293 1607 2556 1672 renititur,
2584 1607 2783 1676 peccati
2819 1607 3084 1662 desideria
3109 1607 3381 1678 patientis.

2145 1695 2233 1748 74.
2260 1693 2430 1750 Nemo
2479 1705 2718 1750 nostrum
2765 1695 3115 1752 substantiam
3162 1697 3439 1768 corporis,
3491 1703 3658 1755 nemo

2074 1794 2316 1840 naturam
2343 1787 2520 1842 carnis
2543 1796 2760 1843 accusat
2805 1803 2820 1844 :
2868 1787 3060 1842 frustra
3111 1799 3364 1860 purgatur
3409 1789 3509 1846 abs
3563 1801 3656 1858 te,

2073 1877 2215 1948 quod
2257 1891 2362 1932 non
2409 1878 2652 1949 culpatur
2695 1894 2726 1934 a
2751 1879 2924 1934 nobis.
2951 1879 3420 1951 Concupiscentias
3445 1881 3614 1938 malas
3637 1925 3655 1946 ,

2074 1967 2267 2039 quibus
2291 1971 2338 2024 si
2359 1969 2496 2026 bene
2527 1969 2752 2027 vivimus
2777 1985 2882 2026 non
2903 1971 3295 2040 consentimus,
3325 1982 3501 2030 tamen
3533 1982 3658 2032 esse

2074 2073 2180 2114 non
2213 2071 2465 2130 negamus
2495 2059 2550 2114 in
2595 2059 2776 2126 nobis;
2824 2060 3142 2132 castigandae
3185 2071 3340 2127 sunt,
3385 2063 3658 2120 frenandat

2075 2159 2234 2217 sunt,
2255 2151 2625 2222 expugnandae
2647 2159 2774 2206 sunt
2789 2193 2804 2217 ,
2827 2150 3098 2207 vinciendae
3119 2162 3243 2208 sunt
3266 2170 3280 2207 :
3311 2165 3485 2208 tamen
3507 2157 3654 2223 sunt,

2075 2255 2174 2296 nec
2197 2243 2383 2297 aliena:
2405 2250 2546 2298 sunt.
2573 2241 2682 2298 Nec
2701 2241 2838 2297 bona
2865 2242 2963 2297 ista
2990 2251 3200 2310 nostra,
3231 2243 3324 2299 sed
3351 2244 3487 2300 mala
3505 2255 3656 2300 sunt.

2072 2332 2184 2390 Nec
2209 2334 2346 2392 sicut
2369 2330 2814 2390 dixit-Manichma
2832 2335 3046 2389 vanitas
3065 2375 3082 2402 ,
3107 2344 3353 2406 separata
3381 2343 3532 2391 extra
3558 2348 3658 2392 nos

2065 2430 2228 2480 ‘erunt
2257 2435 2272 2476 :
2300 2424 2422 2492 sed,
2456 2425 2595 2480 sicut
2623 2423 2752 2480 dicit
2792 2423 3051 2484 catholica
3079 2425 3304 2492 veritas,
3335 2435 3520 2482 sanata
3551 2437 3657 2484 non

2074 2521 2248 2570 erant.

2145 2623 2368 2683 CAPUT
2393 2613 2560 2682 ΠΝ
2580 2626 2677 2700 (α).
2695 2623 2866 2682 —75.
2891 2625 2969 2682 De
2999 2625 3102 2682 illis
3125 2635 3334 2698 quoque
3349 2629 3658 2700 apostolicis

2075 2719 2282 2784 verbis,
2310 2719 2364 2773 in
2392 2719 2584 2789 quibus
2607 2717 2929 2790 impudentia
2957 2713 3204 2784 mirabili,
3239 2722 3345 2776 imo
3365 2717 3656 2792 dementia,

2075 2809 2321 2864 resistitis
2359 2807 2740 2864 laudatissima:
2779 2809 2934 2879 ﬁdei,
2970 2809 3059 2866 ubi
3083 2811 3185 2878 ait,
3231 2804 3330 2868 Per
3369 2829 3525 2868 unum
3561 2815 3659 2871 Ito-

2075 2902 2259 2955 miuent
2305 2911 2559 2973 peccatum
2602 2902 2802 2956 intravit
2840 2903 2892 2956 in
2932 2903 3210 2974 mundum,
3269 2915 3320 2960 et
3350 2923 3441 2976 per
3476 2925 3659 2978 pecca-

2077 3002 2184 3047 tum
2213 3009 2379 3060 mors;
2424 3004 2470 3047 et
2496 2994 2566 3048 ita
2594 2993 2646 3048 in
2675 3010 2846 3050 omnes
2871 2994 3094 3050 homines
3118 2997 3442 3069 pertransiit,
3481 2999 3534 3053 in
3560 3015 3660 3069 quo

2075 3101 2246 3141 omnes
2292 3094 2615 3158 peccaverunt
2657 3085 2676 3157 (
2714 3084 2800 3142 Id.
2853 3102 2908 3155 v,
2954 3084 3021 3143 1‘2
3053 3085 3113 3161 );
3175 3086 3370 3144 frustra
3433 3103 3652 3146 sensum

2074 3177 2234 3230 alium
2267 3191 2464 3231 novum
2491 3173 2650 3246 atque
2673 3174 2953 3231 distortum
2981 3186 3034 3232 et
3059 3192 3090 3232 a
3119 3188 3250 3234 vero
3272 3177 3655 3236 abhorrentem

2074 3264 2278 3320 moliris
2317 3265 2649 3335 exsculpere,
2698 3263 2975 3320 afﬁrmas
3009 3283 3028 3319 ι
3055 3281 3117 3322 ea
3154 3265 3418 3324 locutione
3453 3269 3654 3326 dictum

2075 3369 2214 3421 esse,
2230 3351 2295 3407 In
2314 3370 2412 3424 quo
2431 3369 2598 3408 omnes
2620 3357 2963 3424 peccaverunt,
2981 3369 3044 3410 ac
3061 3355 3107 3410 si
3124 3353 3409 3425 diceretur,
3432 3357 3660 3430 Propter

2073 3443 2213 3514 Quod
2251 3457 2435 3501 omnes
2475 3449 2826 3513 peccaverunt
2853 3463 2866 3496 :
2893 3443 3030 3499 sicut
3064 3445 3262 3502 dictum
3311 3457 3414 3516 est,
3450 3447 3522 3504 In
3556 3467 3662 3522 qua

2073 3535 2280 3606 corrigit
2287 3533 2466 3608 junior
2491 3535 2508 3567 ί
2539 3536 2669 3588 uiam
2697 3547 2844 3588 suam
2873 3551 2892 3587 ι
2926 3533 3096 3606 (Psal.
3127 3545 3318 3604 vam,
3341 3537 3400 3610 9)
3426 3557 3440 3594 :
3467 3549 3519 3594 ιιι
3545 3541 3666 3596 sci--

2073 3627 2230 3688 licet,
2261 3635 2366 3678 non
2410 3623 2464 3678 in
2493 3632 2598 3678 uno
2637 3623 2856 3680 homine
2884 3627 3072 3680 omnes
3115 3626 3356 3683 homines
3403 3639 3656 3699 peccasse

2073 3717 2434 3787 intelligantur
2453 3716 2802 3786 originaliter,
2824 3725 2878 3770 et
2907 3725 3152 3786 tanquam
3181 3713 3232 3771 in
3256 3732 3445 3773 massae
3461 3721 3656 3775 unione

2059 3809 2461 3876 communiter;
2513 3805 2606 3864 sed
2649 3815 2933 3888 propterea
2977 3809 3095 3877 quia
3134 3809 3336 3880 primus
3378 3809 3652 3865 hominum

2073 3899 2162 3954 ille
2192 3899 2462 3969 peccavit;
2491 3897 2542 3953 id
2565 3905 2647 3952 est
2673 3901 2716 3964 ‘,
2747 3913 2866 3953 cum
2913 3898 3186 3954 imitantur
3209 3897 3377 3966 illum,
3400 3917 3506 3956 non
3531 3917 3652 3957 cum

2071 3997 2392 4059 generantur
2413 4002 2480 4043 ex
2507 3987 2616 4042 illo.
2644 3985 2760 4042 Non
2787 4001 2916 4057 ergo
2937 3981 3058 4042 huic
3077 3986 3257 4043 sensui
3285 3991 3536 4044 convenit
3563 3991 3652 4046 illa

2074 4079 2272 4136 locutio
2291 4117 2306 4146 ,
2335 4079 2406 4132 ita
2432 4077 2630 4133 dictum
2659 4091 2808 4144 esse,
2839 4079 2892 4132 in
2917 4089 3053 4150 quo,
3082 4078 3224 4133 velut
3249 4077 3452 4134 dictum
3471 4091 3648 4147 esset,

2080 4178 2325 4240 «propter
2338 4167 2498 4240 quod.
2513 4187 2532 4222 ι
2550 4167 2678 4222 Nam
2701 4155 2917 4239 propter
2934 4166 3035 4222 hoc
3050 4169 3273 4240 quisque
3287 4177 3490 4238 peccat,
3513 4171 3648 4241 quod

2074 4261 2174 4316 sibi
2200 4260 2448 4331 proponit
2472 4268 2529 4313 ut
2552 4266 2764 4328 peccet,
2787 4258 2872 4312 vel
2892 4270 3108 4328 quoque
3127 4256 3288 4312 modo
3302 4254 3446 4328 quod
3470 4259 3546 4314 illi
3571 4261 3652 4314 est

2073 4362 2232 4408 eausa
2277 4349 2549 4421 peccandi.
2576 4348 2706 4418 Quis
2749 4363 2878 4404 vero
2919 4347 2987 4402 ab
3027 4345 3173 4402 omni
3219 4351 3451 4405 humano
3493 4363 3649 4405 sensu

2076 4453 2182 4499 tam
2229 4443 2299 4498 sit
2326 4441 2618 4508 absurdus,
2650 4450 2709 4496 ut
2733 4439 2906 4508 dicat,
2936 4441 3162 4513 Propter
3187 4439 3288 4498 hoc
3329 4439 3460 4496 fecit
3490 4441 3649 4499 homo

2075 4535 2174 4590 iste
2201 4531 2569 4599 homicidium,
2609 4531 2729 4602 quia
2777 4531 2829 4585 in
2879 4531 3121 4601 paradiso
3171 4531 3338 4586 Adam
3387 4531 3455 4587 de
3511 4533 3652 4604 ligno

2075 4622 2343 4694 prohibito
2367 4621 2542 4676 cibum
2567 4619 2820 4690 sumpsit;
2843 4633 2963 4674 cum
2985 4619 3086 4675 iStc
3114 4619 3481 4676 latrocinando
3507 4623 3649 4677 occi-

2076 4713 2216 4770 derit
2244 4713 2510 4767 hominem
2534 4711 2664 4766 nihil
2689 4711 2756 4766 de
2782 4711 2947 4766 Adam
2991 4711 3262 4783 cogitans,
3307 4711 3400 4768 sed
3438 4719 3654 4784 propter

2079 4805 2180 4860 hoc
2205 4813 2259 4858 ut
2285 4807 2474 4859 aurum
2502 4802 2642 4875 quod
2685 4799 2888 4857 ferebat
2923 4799 3198 4856 auferret?
3238 4797 3328 4858 Sic
3351 4811 3419 4856 “et
3461 4803 3650 4858 ca-tera

2077 4905 2265 4952 cuncta
2295 4904 2509 4966 peccata
2531 4937 2546 4960 ,
2575 4905 2694 4964 quae
2718 4895 2927 4966 propria
2955 4895 3176 4966 quisque
3205 4893 3522 4961 committit,
3554 4892 3653 4948 ha-

2077 4991 2206 5047 bent
2229 4999 2420 5045 Causas
2441 4996 2660 5057 propter
2687 5001 2820 5057 quas
2847 4985 3007 5050 ﬁant,
3040 4984 3245 5040 etiamsi
3275 4995 3433 5062 nemo
3457 4985 3652 5055 cogitet

2079 5081 2220 5151 quod
2251 5079 2340 5134 ille
2367 5079 2568 5148 primus
2593 5076 2757 5132 homo
2783 5077 3050 5131 commisit
3067 5115 3084 5140 ,
3111 5091 3284 5146 neque
3311 5075 3442 5134 illud
3465 5075 3568 5134 sibi
3586 5075 3650 5129 ad

2081 5169 2404 5242 peccandum
2433 5177 2691 5238 proponat
2727 5167 3049 5236 exemplum.
3077 5166 3302 5238 Propter
3324 5166 3427 5220 hoc
3455 5167 3648 5238 itaque,

2083 5263 2140 5317 id
2161 5271 2272 5327 est,
2305 5261 2556 5330 quoniam
2601 5259 2836 5328 peccavit
2857 5259 3056 5330 Adam,
3086 5274 3184 5316 nec
3212 5257 3326 5328 ipse
3355 5257 3486 5314 Cain
3527 5265 3649 5328 poe-

2083 5366 2240 5408 casse
2259 5349 2519 5405 dicendus
2537 5357 2648 5414 est,
2679 5349 2768 5417 qui
2795 5347 3044 5404 eumdem
3071 5356 3276 5420 patrem
3301 5361 3454 5404 suum
3481 5361 3648 5404 nom-

2085 5481 2390 5536 abutebatur.

2149 5547 2166 5578 ι
2194 5550 2245 5593 tn
2267 5551 2372 5593 uss.
2394 5548 2691 5600 constanter,
2704 5537 2942 5602 iuuenior.

2149 5608 2172 5638 ³
2193 5605 2458 5655 Casaieusis
2469 5610 2572 5664 usa,
2608 5599 2722 5667 quia
2741 5601 2926 5666 primas
2945 5599 3180 5655 mea
3199 5599 3426 5668 peccarit,
3447 5609 3644 5666 mare

2089 5675 2312 5720 steteras:
2336 5666 2424 5715 hoc
2443 5672 2530 5714 est.

2154 5705 2310 5792 {5571’
2324 5705 2690 5787 ιὶέλᾶῖῗριετη
2723 5723 2794 5774 t9.
