3972 6178
291 378 398 436 869

290 499 394 545 rat.
418 488 644 560 Propter
660 486 788 559 quid
808 484 950 542 enim
971 485 1187 541 fratrem
1209 499 1362 541 suum
1383 482 1666 549 occiderit,
1691 493 1874 540 notum

289 591 375 639 est
406 600 419 637 :
447 582 571 653 quia
602 594 713 636 non
742 588 960 651 propter
985 580 1088 635 hoc
1126 578 1267 652 quod
1313 579 1646 652 perpetravit
1672 578 1875 646 Adam,

292 672 386 727 sed
419 673 543 743 quia
573 671 714 727 bono
739 671 856 742 ejus
879 671 1086 726 invidit.

364 765 452 820 76.
478 766 719 836 Denique
738 778 837 819 nec
858 764 970 835 ipsa
1000 763 1093 819 tibi
1121 762 1186 818 ad
1226 760 1369 819 hunc
1390 770 1627 818 vestrum
1657 776 1874 818 sensum

286 872 408 927 quin
438 856 660 928 posuisti
695 856 997 912 testimonia
1025 854 1395 926 suffragantur.
1425 854 1590 909 Recte
1614 854 1758 909 enim
1788 855 1873 927 di-

284 950 445 1017 citur,
471 947 539 1003 In
566 965 664 1018 quo
682 948 887 1020 corrigit
900 936 1078 1019 junior
1101 947 1232 1001 viam
1257 961 1402 999 suam
1419 944 1446 999 ?
1469 963 1487 997 ι
1509 946 1728 1014 propter
1748 944 1875 1016 quid

282 1041 541 1111 corrigit?
573 1059 592 1093 ι
648 1040 896 1111 quoniam
939 1037 1196 1110 sequitur,
1240 1037 1293 1091 in
1341 1034 1664 1092 custodiendo
1729 1034 1876 1089 verba

286 1141 392 1183 ιιιιι.
446 1130 670 1201 Propter
719 1128 820 1185 hoc
866 1129 1007 1184 enim
1053 1127 1270 1198 corrigit
1319 1127 1455 1181 viam
1509 1140 1691 1193 suam,
1750 1125 1873 1196 quia

284 1220 445 1275 verba
496 1218 591 1275 Dei
652 1220 790 1275 sicut
842 1218 1119 1287 cogitanda
1172 1226 1295 1272 sunt
1335 1217 1566 1288 cogitat,
1628 1224 1684 1271 et
1722 1214 1871 1286 cogi-

287 1309 447 1386 tando
472 1308 737 1374 custodit,
768 1308 1120 1364 custodiendo
1148 1317 1294 1363 recte
1322 1308 1469 1361 vivit.
1497 1305 1612 1378 ipsa
1641 1321 1770 1376 ergo
1796 1305 1872 1359 illi

284 1412 446 1454 causa
471 1410 553 1455 est
579 1410 638 1453 ut
660 1400 800 1455 viam
833 1414 981 1454 suam
1011 1399 1273 1470 corrigat,
1303 1399 1427 1469 quia
1469 1399 1562 1454 Dei
1592 1397 1751 1453 verba
1773 1400 1869 1453 cu—

286 1491 468 1546 stodit.
526 1491 593 1546 Et
631 1490 775 1561 quod
820 1490 895 1545 ait
942 1488 1284 1563 beatissimus
1335 1488 1658 1561 Stephanus,
1715 1487 1871 1559 Fugit

286 1579 491 1653 Moyses
509 1582 562 1635 in
591 1581 738 1636 verba
771 1582 867 1635 hoc
892 1580 1034 1654 (Act.
1078 1596 1181 1647 vn,
1208 1579 1347 1650 ‘29);
1379 1580 1516 1635 bene
1540 1579 1867 1650 intelligitur,

288 1680 505 1740 propter
537 1689 556 1723 ι
579 1668 800 1726 verbum
834 1670 934 1725 hoc
957 1690 976 1723 ι
1001 1688 1017 1738 ;
1039 1671 1160 1741 quia
1188 1669 1289 1725 hoc
1304 1670 1525 1736 audivit,
1546 1673 1646 1726 hoc
1676 1672 1865 1737 timuit,

284 1756 389 1817 hoc
415 1761 664 1832 cogitavit
688 1770 748 1816 ut
776 1760 1014 1832 fugeret;
1047 1761 1161 1816 hinc
1189 1762 1265 1818 illi
1294 1761 1392 1815 luit
1419 1777 1578 1817 causa
1608 1761 1865 1833 fugiendi.

285 1849 550 1921 Numquid
573 1850 626 1906 in
654 1849 736 1906 his
764 1850 1119 1907 locutionibus
1139 1851 1337 1921 aliquid
1363 1850 1559 1908 dictum
1590 1863 1701 1919 est,
1727 1852 1869 1923 quod

285 1941 548 2010 pertineat
569 1940 636 1996 ad
676 1941 1023 1997 imitationem
1042 1983 1058 2011 ,
1093 1948 1197 2013 qua
1220 1941 1299 1997 sic
1334 1940 1559 1997 alterum
1587 1944 1723 1998 alter
1752 1943 1869 1998 imi-

285 2042 449 2102 tatur,
474 2043 533 2090 ut
552 2050 672 2090 eum
694 2036 915 2108 omnino
938 2051 1045 2091 non
1068 2037 1266 2108 cogitet
1290 2053 1304 2090 :
1325 2044 1379 2091 et
1399 2035 1518 2091 ideo
1540 2036 1687 2090 nullo
1706 2035 1867 2092 modo

284 2124 388 2181 dici
414 2126 582 2195 possit
608 2104 826 2198 prop’ter
866 2126 969 2182 hoc
998 2104 1275 2197 peccasse,
1299 2127 1422 2200 quia
1463 2127 1552 2182 ille
1595 2130 1861 2197 peccavit,

283 2217 337 2272 in
366 2233 473 2289 quo
497 2234 596 2275 nec
621 2219 950 2290 originaliter
975 2216 1076 2275 fuit
1096 2260 1112 2287 ,
1140 2234 1241 2277 nec
1280 2219 1348 2275 de
1375 2220 1466 2275 illo
1491 2219 1779 2292 quidquam
1811 2221 1865 2276 in

283 2308 503 2378 peccato
534 2309 751 2379 proprio
775 2310 1063 2382 cogitavit?

332 2396 423 2452 77.
442 2415 460 2448 ι
481 2396 606 2466 Sed,
629 2417 648 2452 ι
670 2400 863 2470 inquis,
887 2419 906 2459 ι
932 2400 975 2455 si
989 2398 1054 2455 de
1066 2400 1267 2471 peccati
1294 2400 1509 2458 traduce
1532 2401 1863 2472 loquebatur,

282 2503 541 2559 nusquam
567 2491 943 2561 congruentius
970 2490 1193 2559 diceret,
1216 2490 1341 2547 ideo
1361 2494 1664 2562 pertransiit
1678 2509 1866 2562 pecca-

282 2589 414 2645 tum,
435 2581 557 2651 quia
577 2597 762 2639 omnes
783 2592 907 2643 sunt
924 2583 993 2640 de
1010 2584 1297 2657 conjugum
1319 2586 1586 2657 voluptate
1605 2587 1863 2658 generati:

281 2679 335 2723 ct
354 2669 576 2726 adderet
597 2712 611 2735 ,
635 2670 694 2725 in
719 2687 786 2727 eo
807 2674 1034 2740 transiit,
1052 2674 1106 2727 in
1122 2689 1228 2744 quo
1245 2690 1308 2729 ex
1331 2675 1504 2729 tabida
1520 2677 1675 2747 primi
1700 2676 1869 2732 homi-

278 2760 366 2813 nis
386 2775 545 2815 carne
566 2758 847 2816 ﬂuxerunt.
861 2781 880 2814 ι
906 2761 1015 2817 Nec
1034 2763 1180 2817 vides
1199 2763 1388 2819 eodem
1414 2764 1575 2820 modo
1596 2767 1687 2821 tibi
1712 2783 1867 2837 posse

277 2850 421 2917 dici,
449 2850 506 2907 Si
535 2851 601 2907 dc
641 2850 935 2908 imitatione
979 2854 1181 2924 peccati
1208 2855 1494 2925 Apostolus
1534 2858 1867 2928 loquebatur,

279 2952 544 3012 nusquam
565 2943 946 3013 congruentius
972 2944 1175 2999 diceret
1195 2986 1210 3011 ,
1238 2943 1362 3001 Ideo
1394 2948 1699 3016 pertransiit
1740 2964 1866 3018 pec-

279 3042 456 3089 catum
479 3076 494 3100 ,
535 3034 657 3105 quia
687 3034 842 3105 primi
873 3034 1102 3091 hominis
1138 3037 1410 3107 praecessit
1446 3039 1787 3109 exemplum:
1815 3048 1869 3096 et

280 3123 535 3190 adderet,
561 3123 617 3179 in
643 3139 708 3181 eo
732 3125 974 3193 transiit,
1004 3125 1055 3180 in
1084 3141 1188 3197 quo
1207 3141 1396 3182 omnes
1418 3128 1556 3185 illius
1580 3131 1732 3185 unius
1752 3131 1869 3185 imi-

280 3213 483 3268 tatione
530 3222 909 3282 peccaverunt.
959 3214 1150 3284 Aliquo
1195 3216 1337 3270 enim
1382 3216 1606 3272 duorum
1643 3219 1868 3276 istorum

278 3301 441 3357 modo
468 3302 775 3374 loqueretur
801 3298 1087 3374 Apostolus
1112 3303 1217 3360 hoc
1255 3304 1404 3373 loco,
1431 3307 1477 3361 si
1513 3307 1579 3362 ad
1608 3317 1754 3363 tuum
1785 3310 1867 3366 vel

278 3410 457 3450 meum
488 3394 794 3465 loqueretur
816 3395 1114 3451 arbitrium.
1137 3395 1269 3464 Quia
1295 3412 1424 3468 ergo
1449 3414 1547 3455 nec
1571 3399 1701 3457 illud
1727 3402 1867 3458 dixit

278 3486 420 3556 quod
443 3494 496 3541 tu
520 3528 535 3554 ,
562 3502 670 3542 nec-
690 3486 819 3542 illud
845 3486 986 3557 quod
1010 3503 1143 3558 ego;
1176 3489 1432 3561 numquid
1461 3491 1542 3546 vis
1581 3502 1639 3547 ut
1676 3494 1867 3549 creda-

278 3592 398 3632 mus
426 3577 476 3631 in
503 3578 587 3633 bis
615 3577 730 3648 ejus
758 3577 955 3647 verbis,
981 3578 1350 3650 necoriginale
1373 3582 1661 3638 secundum
1675 3583 1867 3642 Catho-

278 3664 430 3735 licos,
456 3660 559 3723 nec
581 3667 920 3723 invitatorium
938 3667 1230 3724 secundum
1248 3668 1557 3741 Pelagianos
1572 3672 1867 3745 intelligen-

274 3756 401 3813 dum
441 3774 561 3814 esse
582 3758 899 3828 peccatum?
934 3756 1071 3815 Puto
1089 3759 1230 3831 quod
1253 3760 1410 3821 nolis.
1441 3761 1679 3819 Remove
1706 3765 1867 3836 igitur

275 3854 374 3908 ista
397 3870 514 3926 qua:
536 3864 756 3927 possunt
775 3869 841 3909 es
866 3861 1088 3925 utraque
1106 3863 1255 3925 parte
1275 3856 1557 3913 momentis
1576 3858 1868 3927 :equalibus

275 3945 380 4001 dici
400 3987 416 4010 ,
442 3955 495 4000 et
522 3946 564 3999 si
593 3944 686 4000 tibi
719 3942 896 4015 placet
918 3944 1034 4001 sine
1056 3944 1398 4000 contentione
1425 3945 1549 4016 quid
1581 3947 1869 4016 Apostolus

274 4036 476 4091 dixerit
499 4032 725 4103 intueri,
749 4022 988 4102 adverte,
1020 4044 1078 4091 ut
1104 4034 1205 4090 hoc
1231 4034 1466 4102 diceret,
1489 4036 1614 4108 quid
1637 4038 1825 4108 agebat
1849 4058 1863 4093 :

273 4136 328 4184 et
354 4129 598 4184 invenies
618 4144 714 4200 per
737 4144 899 4185 unum
925 4127 1195 4187 hominem
1217 4126 1348 4183 iram
1373 4128 1464 4183 Dei
1489 4144 1649 4199 super
1673 4129 1865 4187 burna-

272 4233 401 4273 nnm
428 4234 630 4289 genus,
686 4227 742 4274 et
773 4234 870 4291 per
895 4233 1058 4273 unum
1088 4216 1356 4273 hominem
1384 4219 1865 4277 reconciliationem

272 4310 406 4375 Deo,
426 4323 609 4364 eorum
629 4306 717 4380 qui
738 4324 802 4364 ex
817 4306 1156 4363 damnatione
1175 4306 1334 4362 totius
1352 4307 1559 4387 generis
1574 4308 1866 4365 liberantur

272 4399 455 4472 gratis.
489 4399 581 4454 ille
601 4409 681 4454 est
706 4398 1081 4470 primusAdam
1101 4397 1266 4452 iactus
1291 4413 1361 4457 es
1391 4400 1662 4462 terra,istc
1683 4410 1763 4456 est
1782 4417 1866 4457 se-

271 4491 475 4545 cundus
488 4490 654 4545 Adam
675 4488 841 4544 lactus
855 4504 918 4544 ex
940 4487 1149 4544 femina.
1170 4488 1274 4545 Sed
1299 4488 1365 4544 ibi
1387 4505 1482 4560 per
1498 4489 1725 4545 Verbum
1739 4508 1865 4549 caro

270 4581 408 4637 facta
424 4595 534 4650 est,
559 4583 642 4638 hic
660 4591 835 4637 autem
863 4583 1032 4653 ipsum
1057 4579 1283 4637 Verbum
1306 4596 1430 4637 caro
1450 4581 1643 4638 factum
1667 4594 1782 4651 est;
1808 4578 1865 4644 ut

269 4690 371 4744 per
389 4673 502 4744 ejus
520 4685 744 4730 mortem
767 4674 1021 4737 vivamus,
1041 4689 1144 4743 quo
1159 4673 1339 4727 relicto
1358 4676 1548 4730 mortui
1573 4676 1859 4735 fueramus.

271 4762 621 4830 Commendat,
644 4764 832 4835 inquit,
850 4776 992 4817 suam
1006 4762 1297 4818 charitatem
1318 4760 1451 4818 Deus
1479 4766 1530 4819 in
1550 4767 1710 4829 nobis,
1733 4784 1860 4838 quo-

270 4858 411 4909 niam
435 4874 549 4910 cum
576 4855 745 4910 adhuc
773 4862 1056 4927 peccatores
1077 4871 1345 4945 /essemus,
1378 4854 1606 4911 Christus
1645 4876 1736 4927 pro
1762 4875 1857 4912 no-

271 4948 348 5002 bis
374 4957 600 5003 mortuus
629 4957 737 5015 est;
764 4947 922 5000 multo
962 4946 1121 5017 magis
1158 4945 1432 5023 justiﬁcati
1470 4963 1602 5001 nunc
1644 4949 1701 5002 in
1736 4966 1859 5003 san-

268 5041 422 5111 guine
436 5039 614 5111 ipsius,
632 5037 759 5093 salvi
777 5038 961 5091 erimus
977 5032 1037 5088 ab
1050 5034 1126 5089 ira
1148 5052 1236 5106 per
1255 5036 1420 5106 ipsum
1445 5035 1613 5107 (Rom.
1633 5054 1687 5105 v,
1702 5039 1754 5107 8,
1776 5040 1858 5115 9.)

344 5128 433 5184 78.
466 5128 540 5184 De
562 5129 661 5183 hac
688 5128 765 5183 ira
799 5126 963 5182 dicit:
994 5124 1214 5181 Eramus
1233 5136 1278 5185 et
1305 5143 1395 5180 nos
1426 5136 1607 5181 natura
1634 5129 1726 5197 ﬁlii
1748 5132 1855 5199 ἔγω,

268 5214 399 5271 sicut
420 5227 465 5271 et
487 5220 651 5272 cteteri
675 5215 885 5293 (Ephes.
914 5232 979 5281 ιι,
1012 5214 1088 5285 5).
1122 5216 1194 5270 De
1222 5216 1319 5271 hac
1344 5216 1418 5270 ira
1446 5217 1573 5272 dicit
1599 5219 1858 5276 Jeremias

274 5310 532 5380 propheta
564 5328 575 5364 :
608 5308 913 5365 Maledicta:
940 5309 1045 5363 dies
1074 5309 1127 5362 in
1160 5326 1257 5376 quo
1287 5319 1436 5362 natus
1480 5311 1853 5395 stim‘Uerem.

275 5418 377 5461 xv.
415 5400 537 5471 H).
591 5399 665 5455 De
688 5401 791 5455 hac
831 5400 909 5455 ira
936 5399 1062 5454 dicit
1088 5409 1303 5453 sanctus
1346 5399 1446 5454 Job
1495 5419 1507 5454 :
1543 5400 1722 5456 Pereat
1752 5403 1856 5460 dies

272 5491 358 5543 itte
387 5492 436 5543 in
467 5506 566 5563 quo
596 5501 742 5544 natus
786 5507 898 5545 sum
928 5490 1061 5562 (Job
1090 5507 1175 5554 ιιι,
1209 5490 1300 5561 5).
1351 5492 1424 5545 De
1462 5492 1563 5546 bac
1599 5495 1673 5546 ira
1729 5495 1853 5549 item

271 5583 403 5637 dicit
432 5583 568 5637 idem
594 5583 706 5651 ipse
732 5600 746 5635 :
778 5580 944 5635 Homo
971 5583 1101 5635 enim
1130 5593 1278 5634 natus
1321 5597 1384 5634 ex
1422 5583 1657 5648 muliere,
1700 5584 1855 5639 brevis

271 5677 390 5727 vita:
410 5716 426 5739 ,
457 5684 503 5728 et
530 5676 709 5745 plenus
736 5673 1013 5727 iracundia:
1031 5713 1044 5735 ,
1073 5674 1196 5724 sicut
1218 5673 1314 5740 ﬂos
1354 5674 1456 5740 feni
1485 5672 1695 5738 decidit,
1726 5676 1856 5744 fugit

273 5781 441 5818 autem
460 5765 588 5820 sicut
609 5765 783 5818 umbra
827 5773 873 5817 et
899 5780 997 5816 non
1020 5763 1164 5815 stabit
1212 5760 1392 5835 Nonne
1418 5773 1465 5815 et
1503 5764 1655 5834 lmjus
1677 5781 1850 5819 curam

1658 370 1868 459 LIBER.
1898 361 2191 429 ssxrus.

1992 486 2187 557 fecisti,
2221 495 2269 541 et
2295 487 2428 543 hunc
2453 490 2618 562 fecisti
2638 492 2829 549 intrare
2856 493 2909 549 in
2932 505 3198 566 conspectu
3224 507 3310 555 tuo
3337 517 3392 555 in
3424 501 3570 577 judi-

1989 577 2169 633 cium.’
2219 577 2345 646 Quis
2385 581 2517 635 enim
2535 582 2631 636 erit
2673 583 2942 639 mundusa
2978 586 3252 643 sordibus?
3301 586 3389 645 Ne
3435 608 3567 649 ututs

1984 671 2186 740 quidem
2213 673 2467 741 1,ctiamsi
2489 677 2636 731 unius
2655 677 2754 732 diei
2779 680 2931 750 fuerit
2951 681 3050 735 vita
3073 684 3182 754 ejus
3209 701 3358 757 super
3379 694 3566 741 tmam

1986 762 2005 832 (
2030 759 2115 815 Id.
2150 779 2268 831 xiv,
2298 765 2420 833 1-5,
2443 782 2543 820 sec.
2576 767 2780 842 LXX).
2814 771 2889 827 De
2915 771 3015 828 hac
3036 774 3112 830 ira
3137 775 3264 831 dicit
3292 778 3425 835 liber
3455 780 3563 836 Ec-

1984 852 2320 911 clesiasticus
2350 873 2363 910 :
2403 858 2581 914 Omnis
2608 875 2729 914 caro
2749 862 2878 916 sicut
2907 866 3054 931 vestis
3081 870 3379 934 veterascit;
3404 879 3561 926 testa-

1983 954 2203 998 mentum
2225 947 2357 1000 enim
2377 963 2408 1001 a
2432 950 2637 1018 steculo,
2656 961 2815 1016 morte
2838 955 3065 1009 morieris
3090 955 3286 1025 (Eccli.
3315 975 3432 1029 xw,
3465 962 3554 1027 18,

1984 1031 2097 1102 12).
2127 1034 2362 1105 Itemque
2383 1037 2496 1110 ipse
2523 1058 2537 1094 :
2569 1039 2615 1095 Α
2639 1040 2872 1108 muliere,
2902 1043 3099 1114 inquit,
3127 1047 3323 1102 initium
3343 1059 3413 1106 est
3440 1067 3560 1121 pec-

1981 1123 2097 1184 cati.
2118 1133 2164 1178 et
2191 1137 2397 1195 promer
2420 1128 2561 1181 illam
2586 1132 2828 1185 morimur
2856 1149 3023 1189 omnes
3043 1133 3152 1210 (Id.
3176 1154 3286 1194 xxv
3305 1181 3319 1206 ,
3343 1142 3469 1213 35).
3496 1142 3563 1199 Et

1981 1211 2085 1264 alio
2105 1214 2220 1268 loco
2239 1232 2253 1268 :
2276 1215 2410 1269 Octa
2416 1221 2550 1286 patio
2568 1235 2750 1289 magna
2761 1232 2928 1275 creata
2948 1235 3017 1277 est
3038 1228 3171 1280 omni
3187 1228 3394 1297 homini,
3417 1211 3558 1302 etju-

1980 1318 2100 1372 gum
2140 1321 2290 1374 grave
2335 1323 2488 1376 super
2521 1308 2654 1377 ﬁlios
2682 1311 2877 1378 Adam,
2915 1329 2948 1366 a
2988 1314 3071 1369 die
3104 1317 3265 1371 exitus
3302 1320 3364 1373 de
3394 1332 3563 1376 ventre

1981 1396 2157 1449 matris
2200 1412 2371 1449 eorum
2397 1437 2411 1458 .
2454 1415 2607 1469 usque
2648 1401 2701 1454 in
2746 1401 2878 1455 diem
2931 1405 3206 1473 sepultura:
3250 1407 3304 1461 in
3348 1422 3558 1466 matrem

1980 1489 2202 1541 omnium
2233 1488 2351 1562 (Id,
2382 1506 2449 1545 xi.
2469 1533 2483 1556 ,
2519 1493 2542 1545 1
2573 1492 2612 1562 ).
2647 1492 2721 1549 De
2745 1492 2842 1550 hac
2881 1494 2957 1549 ira
3002 1496 3129 1551 dicit
3166 1498 3555 1557 Ecclesiastes:

1993 1576 2197 1631 Vunitas
2228 1582 2501 1634 vanitatum
2526 1624 2542 1646 ,
2584 1592 2630 1635 et
2657 1585 2825 1637 omnia
2851 1587 3062 1641 vanitas.
3096 1585 3223 1651 Qua:
3247 1589 3557 1649 abundantia

1979 1664 2172 1721 homini
2199 1670 2219 1699 ²
2253 1670 2304 1722 in
2337 1670 2471 1724 omni
2500 1671 2668 1725 labore
2695 1690 2814 1741 suo,
2849 1691 2945 1745 quo
2982 1676 3090 1745 ipse
3112 1674 3308 1731 laborat
3330 1680 3423 1735 sub
3450 1681 3558 1737 sole

1979 1757 2198 1828 (Eccle.
2243 1777 2297 1828 ι,
2347 1761 2411 1827 2,
2445 1762 2562 1831 3)?
2595 1764 2664 1817 De
2695 1764 2793 1820 bac
2832 1767 2909 1819 ira
2951 1783 3051 1822 vox
3090 1770 3382 1839 apostolica
3425 1781 3554 1828 est:

1981 1848 2155 1904 Omnis
2185 1863 2415 1905 creatura
2457 1855 2665 1909 vanitati
2689 1856 2909 1928 subjecta
2946 1867 3017 1911 est
3047 1856 3238 1929 (Rom.
3266 1877 3388 1927 vut,
3419 1862 3489 1918 20
3508 1863 3554 1934 ).

1976 1941 2053 1995 De
2082 1939 2181 1997 hac
2207 1943 2284 1996 ira
2313 1943 2512 2013 plangit
2537 1944 2780 2000 Psalmus
2810 1946 2831 1976 ³
2884 1963 2896 1999 :
2939 1938 3073 2003 Ecce
3116 1960 3301 2007 veteres
3346 1954 3558 2022 posuisti

1976 2029 2084 2085 dies
2118 2048 2250 2086 meos
2272 2075 2286 2100 ,
2318 2043 2363 2086 et
2388 2033 2661 2088 substantia
2688 2052 2797 2089 mea
2836 2046 3072 2107 tanquam
3100 2040 3313 2094 nihilum
3339 2051 3456 2097 ante
3479 2053 3556 2109 te;

1974 2118 2313 2177 verumtamen
2338 2125 2568 2180 universa
2596 2128 2790 2181 vanitas
2816 2129 2977 2183 omnis
3003 2128 3152 2184 homo
3190 2132 3355 2187 vivens
3379 2132 3553 2204 (Psal.

1976 2208 2223 2279 sxum,
2250 2212 2343 2285 6).
2377 2212 2453 2271 De
2481 2216 2584 2275 hac
2622 2218 2698 2271 ira
2730 2218 2931 2290 plangit
2951 2227 3005 2274 et
3046 2220 3183 2275 alius
3223 2240 3238 2275 :
3289 2221 3416 2289 Quae
3461 2239 3555 2290 pro

1974 2304 2133 2360 nihilo
2162 2306 2423 2372 habentur,
2467 2323 2639 2363 eorum
2676 2311 2795 2363 anni
2824 2321 2989 2366 erant.
3036 2310 3191 2368 Mane
3230 2315 3359 2370 sicut
3400 2316 3559 2372 herba

1975 2403 2235 2461 transeat,
2265 2404 2412 2449 mane
2437 2397 2618 2466 floreat
2657 2407 2703 2451 et
2746 2409 3040 2469 prwtereat,
3084 2416 3284 2470 vespere
3319 2403 3555 2472 decidat,

1974 2485 2204 2540 durescat
2229 2496 2275 2539 et
2299 2494 2511 2539 arescat.
2545 2485 2793 2559 Quoniam
2824 2490 3094 2561 defecimus
3138 2493 3192 2546 in
3234 2493 3312 2547 ira
3347 2505 3464 2562 tua,
3507 2506 3556 2550 et

1974 2575 2027 2628 in
2066 2576 2411 2647 indignatione
2434 2587 2521 2632 tua
2549 2577 2830 2645 conturbati
2874 2597 3068 2636 sumus.
3100 2580 3324 2637 Posuisti
3362 2585 3554 2657 iniqui-

1975 2676 2101 2721 tates
2150 2660 2367 2723 nostras‘
2393 2670 2447 2722 in
2498 2679 2766 2740 conspectu
2812 2680 2929 2739 tuo,
2974 2673 3215 2727 arculum
3244 2684 3471 2732 nostrum
3496 2678 3551 2732 in

1973 2752 2344 2813 illuminatione
2372 2760 2538 2816 vultus
2565 2760 2659 2814 tui.
2687 2757 2935 2826 Quoniam
2961 2778 3129 2817 omnes
3150 2764 3255 2818 dies
3281 2767 3439 2820 nostri
3458 2766 3551 2822 dc-

1974 2853 2201 2922 fecerunt
2222 2893 2237 2917 ,
2270 2861 2315 2906 et
2341 2850 2392 2906 in
2418 2853 2494 2906 ira
2523 2862 2609 2905 tua
2633 2852 2928 2924 defecimus.
2950 2852 3086 2909 Anni
3105 2856 3260 2910 nostri
3280 2855 3407 2911 sicut
3433 2874 3557 2913 ara.

1975 2958 2068 2995 nea
2095 2943 2464 2998 meditabantur
2488 2943 2655 3017 (Psal.
2684 2960 2883 3000 Lxxxtx
2905 2983 2920 3013 ,
2946 2945 3102 3016 5-9).

2045 3034 2133 3090 79.
2165 3031 2332 3091 Nemo
2362 3037 2616 3095 liberatur
2642 3037 2663 3069 ‘
2699 3037 2767 3092 ab
2792 3037 2891 3092 hac
2917 3038 2994 3092 ira
3024 3038 3154 3105 Dei,
3180 3039 3282 3094 nisi
3321 3055 3418 3111 per
3440 3041 3557 3098 Me-

1977 3124 2237 3180 diatorem
2283 3128 2661 3183 reconcilietur
2710 3128 2837 3183 Deo.
2887 3127 3039 3184 Unde
3076 3128 3207 3185 dicit
3243 3131 3404 3186 etiam
3435 3133 3550 3202 ipse

1972 3207 2230 3271 Mcdiator
2261 3234 2275 3271 :
2312 3216 2412 3285 Qui
2459 3235 2560 3272 non
2584 3219 2740 3275 credit
2787 3216 2923 3274 Filio
2944 3258 2961 3286 ,
2986 3236 3089 3276 non
3129 3219 3325 3277 habebit
3353 3225 3549 3291 vitam;

1972 3306 2063 3362 sed
2088 3307 2166 3361 ira
2198 3306 2292 3361 Dei
2310 3318 2474 3364 manet
2497 3326 2650 3380 super
2673 3326 2784 3365 eum
2813 3310 2858 3383 (1
2886 3308 3040 3366 Joan.
3069 3328 3150 3381 ιιι,
3176 3313 3288 3388 36).
3309 3313 3427 3370 Non
3459 3316 3547 3371 di-

1973 3398 2073 3466 xit,
2105 3396 2322 3465 Veniet;
2353 3401 2466 3464 sed,
2500 3411 2664 3456 manet
2683 3418 2837 3472 super
2863 3419 2995 3460 euut.
3023 3402 3146 3459 ideo
3173 3420 3301 3475 ergo
3327 3405 3554 3475 credunt

1972 3498 2130 3559 atque
2156 3490 2478 3543 confitentur
2505 3498 2559 3544 et
2587 3491 2816 3560 majores
2847 3505 2943 3560 per
2965 3506 3058 3547 cor
3083 3503 3138 3549 et
3161 3509 3223 3549 os
3247 3494 3543 3565 proprium,

1972 3585 2028 3631 et
2081 3577 2281 3648 parvuli
2334 3593 2430 3646 per
2467 3576 2703 3633 alienum
2725 3621 2741 3643 ,
2775 3590 2831 3634 ut
2876 3583 3287 3641 reconcilientur
3316 3586 3425 3642 Deo
3453 3601 3557 3660 per,

1973 3677 2203 3723 mortem
2253 3658 2375 3721 Filii
2412 3667 2527 3738 ejus
2552 3709 2568 3736 ,
2615 3685 2683 3724 ne
2736 3670 2813 3725 ira
2864 3671 2957 3726 Dei
2998 3687 3208 3729 maneat
3241 3692 3406 3747 super
3433 3658 3549 3746 eos,

1972 3774 2107 3829 quos
2132 3756 2293 3813 etiam
2319 3758 2471 3829 origo
2514 3757 2693 3813 vitiata
2741 3746 2906 3815 el’licit
2947 3777 3090 3821 reos.
3124 3765 3200 3820 De
3241 3746 3343 3821 hac
3371 3769 3553 3839 itaque

1972 3864 2032 3905 re
2058 3850 2080 3881 ⁸
2104 3847 2326 3920 loquens
2356 3847 2663 3921 Apostolus,
2686 3847 2810 3904 Cum
2834 3850 3021 3915 adhuc,
3055 3852 3241 3923 inquit,
3267 3867 3551 3926 peccatores

1911 3942 1914 3957 '
1972 3955 2210 4004 essemus,
2243 3938 2473 4003 Christus
2501 3955 2596 4010 pro
2624 3939 2767 3993 nobis
2809 3949 3040 3995 mortuus
3060 3952 3169 4007 est;
3195 3944 3355 3998 multo
3384 3948 3549 4018 magis

1961 4029 2234 4100 justiﬁcati
2262 4046 2396 4084 nunc
2434 4030 2488 4083 in
2515 4028 2762 4101 sanguine
2808 4029 2986 4101 ipsius,
3008 4031 3135 4086 salvi
3154 4033 3341 4088 erimus
3378 4036 3441 4089 ab
3470 4037 3552 4091 ira

1974 4137 2065 4192 per
2092 4112 2279 4192 ipsum.
2323 4120 2385 4175 Si
2426 4120 2559 4173 enim
2585 4137 2699 4173 cum
2741 4121 2932 4193 inimici
2960 4137 3181 4177 essemus
3200 4165 3215 4190 ,
3242 4127 3550 4181 reconciliati

1972 4229 2146 4266 sumus
2172 4211 2279 4265 Dco
2301 4228 2389 4282 per
2414 4220 2621 4267 mortem
2654 4211 2778 4266 Filii
2807 4214 2952 4282 ejus;
2984 4202 3142 4268 multo
3167 4217 3328 4285 magis
3367 4202 3549 4272 recon-

1970 4301 2130 4358 ciliati
2152 4345 2167 4368 ,
2211 4302 2336 4357 salvi
2363 4304 2550 4356 erimus
2594 4305 2648 4357 in
2687 4304 2784 4359 vita
2804 4303 2968 4372 ipsius
2996 4320 3016 4359 :
3042 4304 3141 4361 non
3167 4307 3331 4373 solum
3360 4320 3548 4397 autem,

1971 4394 2059 4447 sed
2087 4402 2134 4446 et
2159 4394 2430 4464 gloriantes
2444 4392 2497 4446 in
2526 4391 2634 4447 Deo
2661 4390 3049 4464 per‘Dominum
3097 4407 3324 4452 nostrum
3363 4390 3543 4455 Jesims

1971 4484 2263 4550 Christum,
2295 4501 2384 4555 per
2407 4501 2552 4556 quem
2591 4494 2638 4538 et
2676 4500 2807 4538 nunc
2850 4486 3305 4545 reconciliationem
3348 4493 3548 4563 accepi-

1970 4564 2103 4631 mus.
2133 4574 2351 4646 I’rOpter
2374 4577 2468 4632 hoc
2486 4575 2614 4630 sicut
2643 4591 2731 4647 per
2761 4590 2917 4630 unum
2940 4576 3190 4635 hominem
3213 4592 3472 4651 peccatum
3494 4583 3546 4637 in

1970 4671 2103 4723 hunc
2130 4668 2371 4721 mundum
2401 4666 2625 4728 intravit,
2650 4678 2696 4719 et
2721 4683 2811 4737 per
2852 4666 3108 4737 peccatum
3136 4686 3292 4737 mors,
3320 4682 3368 4726 et
3396 4673 3467 4726 ita
3494 4650 3560 4724 in,

1967 4777 2136 4816 omnes
2157 4760 2380 4813 homines
2410 4760 2694 4828 pertransiit
2713 4799 2729 4825 ,
2757 4759 2807 4812 in
2859 4775 2959 4830 quo
2996 4777 3165 4815 omnes
3192 4773 3540 4833 pert-aventu.

1968 4852 2167 4922 Nempe
2190 4851 2524 4905 manifestum
2554 4861 2635 4907 est
2657 4892 2673 4918 ,
2703 4862 2759 4905 nt
2803 4850 2903 4907 hoc
2945 4854 3168 4919 diceret,
3201 4854 3325 4924 quid
3353 4854 3541 4925 ageth

1966 4943 2275 5013 Apostolus.
2299 4940 2376 4996 Ite
2398 4941 2601 5015 adhuc,
2621 4951 2675 4996 et
2715 4940 2835 4995 huic
2862 4941 3301 5010 reconciliationi,
3333 4959 3453 5014 quin
3481 4943 3542 4999 fit

1969 5052 2065 5106 per
2086 5043 2309 5091 mortem
2337 5032 2456 5086 Filii
2478 5030 2593 5096 Dei,
2624 5030 2712 5103 qni
2750 5032 2864 5087 sine
2885 5042 3100 5103 peccato
3130 5034 3272 5089 venit
3292 5035 3352 5089 in
3382 5044 3541 5090 muno

1965 5126 2113 5192 dum,
2146 5123 2442 5179 subtrahite
2470 5122 2737 5194 parvulos,
2785 5131 2841 5176 nt
2868 5133 3081 5193 propter
3109 5140 3229 5178 eum
3260 5140 3354 5194 per
3378 5141 3538 5195 quem

1967 5224 2244 5288 peccatum
2271 5212 2485 5270 intravit
2505 5215 2556 5268 in
2602 5214 2878 5279 mundum,
2910 5214 2985 5267 ira
3017 5214 3109 5269 Dei
3142 5224 3353 5270 maneat
3378 5232 3542 5286 sufes

1966 5324 2078 5364 eos.
2102 5288 2235 5376 Quid
2259 5300 2344 5361 hic
2370 5304 2494 5360 facit
2519 5304 2763 5372 imitatio,
2790 5321 2974 5375 qumso
3002 5316 3075 5373 te,
3099 5307 3185 5361 ubi
3206 5307 3377 5373 audis,
3400 5308 3543 5364 Nam

2027 5466 2045 5536 ξ
2069 5462 2282 5536 ,ιἰιιὶαιιιι
2313 5470 2419 5510 tres
2439 5465 2493 5510 et
2526 5455 2711 5522 aliquot
2750 5452 3099 5510 exmQO
3134 5467 3225 5511 uss
3246 5495 3263 5522 ,
3288 5469 3357 5513 Ne
3377 5465 3541 5526 utrm:

1962 5525 2206 5637 qlilt-‘ii’iti.
2240 5577 2459 5648 hantinis.
2493 5578 2793 5648 Manuscrfipti
2821 5579 2961 5641 juxta
2991 5593 3221 5646 granum,
3255 5578 3457 5637 homini.

2025 5650 2045 5681 ³
2068 5649 2139 5695 sic
2163 5652 2270 5693 Mss.
2296 5644 2412 5691 aliti
2438 5654 2571 5698 vero,
2600 5640 2872 5691 I‘salmista.

2027 5709 2049 5740 ι
2065 5711 2136 5763 sic
2157 5714 2272 5772 Mss.
2289 5704 2424 5758 miti.
2444 5700 2739 5752 liberabitur.
2833 5762 2844 5772 .

2029 5773 2049 5804 ⁸
2075 5774 2153 5819 llic
2171 5767 2405 5827 adiimus,
2425 5776 2495 5827 re,
2521 5776 2582 5814 ex
2608 5767 2960 5827 manuscriptn.
