  <div class='ocr_page' id='page_1' title='image "/cluster/home/n/w/nwhite01/storage/ocr_20150623/44/hvd.32044069687945/441.png"; bbox 0 0 3972 6178; ppageno 0'>
   <div class='ocr_carea' id='block_1_1' title="bbox 437 298 533 356">
    <p class='ocr_par' dir='ltr' id='par_1_1' title="bbox 437 298 533 356">
     <span class='ocr_line' id='line_1_1' title="bbox 437 298 533 356; baseline -0.021 -1"><span class='ocrx_word' id='word_1_1' title='bbox 437 298 533 356; x_wconf 78' lang='grc'><strong>871</strong></span> 
     </span>
    </p>
   </div>
   <div class='ocr_carea' id='block_1_2' title="bbox 430 407 2014 485">
    <p class='ocr_par' dir='ltr' id='par_1_2' title="bbox 430 407 2014 485">
     <span class='ocr_line' id='line_1_2' title="bbox 430 407 2014 485; baseline -0.003 -20"><span class='ocrx_word' id='word_1_2' title='bbox 430 413 680 485; x_wconf 73' lang='lat' dir='ltr'><strong><em>judicium</em></strong></span> <span class='ocrx_word' id='word_1_3' title='bbox 731 411 928 484; x_wconf 81' lang='lat' dir='ltr'><strong><em>quidem</em></strong></span> <span class='ocrx_word' id='word_1_4' title='bbox 965 426 1028 466; x_wconf 71' lang='lat' dir='ltr'><strong><em>ex</em></strong></span> <span class='ocrx_word' id='word_1_5' title='bbox 1055 425 1156 464; x_wconf 84' lang='lat' dir='ltr'><strong><em>uno</em></strong></span> <span class='ocrx_word' id='word_1_6' title='bbox 1197 410 1249 464; x_wconf 91' lang='lat' dir='ltr'><strong><em>in</em></strong></span> <span class='ocrx_word' id='word_1_7' title='bbox 1295 410 1796 475; x_wconf 86' lang='lat' dir='ltr'><strong><em>condemnationem,</em></strong></span> <span class='ocrx_word' id='word_1_8' title='bbox 1847 407 2014 480; x_wconf 77' lang='lat' dir='ltr'><strong><em>gratia</em></strong></span> 
     </span>
    </p>
   </div>
   <div class='ocr_carea' id='block_1_3' title="bbox 435 497 2015 571">
    <p class='ocr_par' dir='ltr' id='par_1_3' title="bbox 435 497 2015 571">
     <span class='ocr_line' id='line_1_3' title="bbox 435 497 2015 571; baseline -0.002 -15"><span class='ocrx_word' id='word_1_9' title='bbox 435 515 602 558; x_wconf 86' lang='lat' dir='ltr'><strong><em>autem</em></strong></span> <span class='ocrx_word' id='word_1_10' title='bbox 629 520 691 558; x_wconf 77' lang='lat' dir='ltr'><strong><em>ex</em></strong></span> <span class='ocrx_word' id='word_1_11' title='bbox 713 502 885 557; x_wconf 82' lang='lat' dir='ltr'><strong><em>multis</em></strong></span> <span class='ocrx_word' id='word_1_12' title='bbox 913 501 1107 555; x_wconf 81' lang='lat' dir='ltr'><strong><em>delictis</em></strong></span> <span class='ocrx_word' id='word_1_13' title='bbox 1133 502 1184 554; x_wconf 90' lang='lat' dir='ltr'><strong><em>in</em></strong></span> <span class='ocrx_word' id='word_1_14' title='bbox 1201 500 1619 571; x_wconf 76' lang='lat' dir='ltr'><strong><em>justi/icationem</em></strong></span> <span class='ocrx_word' id='word_1_15' title='bbox 1645 498 1822 567; x_wconf 84' lang='lat' dir='ltr'><strong><em>(Rom.</em></strong></span> <span class='ocrx_word' id='word_1_16' title='bbox 1855 514 1888 552; x_wconf 84' lang='lat' dir='ltr'><strong><em>v</em></strong></span> <span class='ocrx_word' id='word_1_17' title='bbox 1911 540 1926 562; x_wconf 91' lang='lat'><strong><em>,</em></strong></span> <span class='ocrx_word' id='word_1_18' title='bbox 1955 497 2015 554; x_wconf 85' lang='lat'><strong><em>8-</em></strong></span> 
     </span>
    </p>
   </div>
   <div class='ocr_carea' id='block_1_4' title="bbox 435 587 2006 663">
    <p class='ocr_par' dir='ltr' id='par_1_4' title="bbox 435 587 2006 663">
     <span class='ocr_line' id='line_1_4' title="bbox 435 587 2006 663; baseline -0.005 -15"><span class='ocrx_word' id='word_1_19' title='bbox 435 593 523 652; x_wconf 63' lang='lat'><strong><em>12.</em></strong></span> <span class='ocrx_word' id='word_1_20' title='bbox 556 592 683 663; x_wconf 64' lang='lat'><strong><em>16)?</em></strong></span> <span class='ocrx_word' id='word_1_21' title='bbox 713 589 863 648; x_wconf 91' lang='lat' dir='ltr'><strong><em>Unde</em></strong></span> <span class='ocrx_word' id='word_1_22' title='bbox 892 592 1062 661; x_wconf 88' lang='lat' dir='ltr'><strong><em>gratia</em></strong></span> <span class='ocrx_word' id='word_1_23' title='bbox 1094 607 1158 645; x_wconf 79' lang='lat' dir='ltr'><strong><em>ex</em></strong></span> <span class='ocrx_word' id='word_1_24' title='bbox 1189 591 1369 644; x_wconf 71' lang='lat' dir='ltr'><strong><em>multis</em></strong></span> <span class='ocrx_word' id='word_1_25' title='bbox 1417 589 1626 644; x_wconf 65' lang='lat' dir='ltr'><strong><em>(lt-lictis</em></strong></span> <span class='ocrx_word' id='word_1_26' title='bbox 1657 591 1707 642; x_wconf 90' lang='lat' dir='ltr'><strong><em>in</em></strong></span> <span class='ocrx_word' id='word_1_27' title='bbox 1748 587 2006 659; x_wconf 81' lang='lat' dir='ltr'><strong><em>justiﬁea-</em></strong></span> 
     </span>
    </p>
   </div>
   <div class='ocr_carea' id='block_1_5' title="bbox 433 677 2010 754">
    <p class='ocr_par' dir='ltr' id='par_1_5' title="bbox 433 677 2010 754">
     <span class='ocr_line' id='line_1_5' title="bbox 433 677 2010 754; baseline -0.004 -15"><span class='ocrx_word' id='word_1_28' title='bbox 433 686 670 749; x_wconf 88' lang='lat' dir='ltr'><strong><em>tionem;</em></strong></span> <span class='ocrx_word' id='word_1_29' title='bbox 707 683 802 738; x_wconf 82' lang='lat' dir='ltr'><strong><em>nisi</em></strong></span> <span class='ocrx_word' id='word_1_30' title='bbox 831 685 949 754; x_wconf 84' lang='lat' dir='ltr'><strong><em>quia</em></strong></span> <span class='ocrx_word' id='word_1_31' title='bbox 987 692 1180 752; x_wconf 68' lang='lat' dir='ltr'><strong><em>pneter</em></strong></span> <span class='ocrx_word' id='word_1_32' title='bbox 1201 698 1361 736; x_wconf 90' lang='lat' dir='ltr'><strong><em>unum</em></strong></span> <span class='ocrx_word' id='word_1_33' title='bbox 1404 681 1530 735; x_wconf 88' lang='lat' dir='ltr'><strong><em>illud</em></strong></span> <span class='ocrx_word' id='word_1_34' title='bbox 1558 681 1799 752; x_wconf 76' lang='lat' dir='ltr'><strong><em>originis,</em></strong></span> <span class='ocrx_word' id='word_1_35' title='bbox 1833 677 2010 734; x_wconf 86' lang='lat' dir='ltr'><strong><em>addita</em></strong></span> 
     </span>
    </p>
   </div>
   <div class='ocr_carea' id='block_1_6' title="bbox 437 772 2013 844">
    <p class='ocr_par' dir='ltr' id='par_1_6' title="bbox 437 772 2013 844">
     <span class='ocr_line' id='line_1_6' title="bbox 437 772 2013 844; baseline -0.004 -14"><span class='ocrx_word' id='word_1_36' title='bbox 437 777 600 830; x_wconf 86' lang='lat' dir='ltr'><strong><em>multa</em></strong></span> <span class='ocrx_word' id='word_1_37' title='bbox 633 791 750 844; x_wconf 81' lang='lat' dir='ltr'><strong><em>qua:</em></strong></span> <span class='ocrx_word' id='word_1_38' title='bbox 775 775 930 828; x_wconf 86' lang='lat' dir='ltr'><strong><em>simul</em></strong></span> <span class='ocrx_word' id='word_1_39' title='bbox 960 774 1165 829; x_wconf 88' lang='lat' dir='ltr'><strong><em>deleret</em></strong></span> <span class='ocrx_word' id='word_1_40' title='bbox 1195 772 1436 826; x_wconf 85' lang='lat' dir='ltr'><strong><em>invenit?</em></strong></span> <span class='ocrx_word' id='word_1_41' title='bbox 1465 773 1711 842; x_wconf 79' lang='lat' dir='ltr'><strong><em>Alioquin</em></strong></span> <span class='ocrx_word' id='word_1_42' title='bbox 1757 772 1833 824; x_wconf 82' lang='lat' dir='ltr'><strong><em>sic</em></strong></span> <span class='ocrx_word' id='word_1_43' title='bbox 1869 779 2013 825; x_wconf 85' lang='lat' dir='ltr'><strong><em>esset</em></strong></span> 
     </span>
    </p>
   </div>
   <div class='ocr_carea' id='block_1_7' title="bbox 431 861 2011 934">
    <p class='ocr_par' dir='ltr' id='par_1_7' title="bbox 431 861 2011 934">
     <span class='ocr_line' id='line_1_7' title="bbox 431 861 2011 934; baseline -0.002 -17"><span class='ocrx_word' id='word_1_44' title='bbox 431 882 496 920; x_wconf 75' lang='lat' dir='ltr'><strong><em>ex</em></strong></span> <span class='ocrx_word' id='word_1_45' title='bbox 523 867 702 920; x_wconf 86' lang='lat' dir='ltr'><strong><em>multis</em></strong></span> <span class='ocrx_word' id='word_1_46' title='bbox 729 865 1102 919; x_wconf 85' lang='lat' dir='ltr'><strong><em>eundemuatio</em></strong></span> <span class='ocrx_word' id='word_1_47' title='bbox 1122 907 1137 929; x_wconf 84' lang='lat'><strong><em>,</em></strong></span> <span class='ocrx_word' id='word_1_48' title='bbox 1171 880 1286 934; x_wconf 75' lang='lat' dir='ltr'><strong><em>quze</em></strong></span> <span class='ocrx_word' id='word_1_49' title='bbox 1333 863 1576 918; x_wconf 80' lang='lat' dir='ltr'><strong><em>homines</em></strong></span> <span class='ocrx_word' id='word_1_50' title='bbox 1608 877 1768 916; x_wconf 89' lang='lat' dir='ltr'><strong><em>unum</em></strong></span> <span class='ocrx_word' id='word_1_51' title='bbox 1799 861 2011 916; x_wconf 86' lang='lat' dir='ltr'><strong><em>imitan-</em></strong></span> 
     </span>
    </p>
   </div>
   <div class='ocr_carea' id='block_1_8' title="bbox 427 953 2006 1022">
    <p class='ocr_par' dir='ltr' id='par_1_8' title="bbox 427 953 2006 1022">
     <span class='ocr_line' id='line_1_8' title="bbox 427 953 2006 1022; baseline -0.003 -13"><span class='ocrx_word' id='word_1_52' title='bbox 427 957 498 1009; x_wconf 86' lang='lat' dir='ltr'><strong><em>do</em></strong></span> <span class='ocrx_word' id='word_1_53' title='bbox 531 957 940 1021; x_wconf 83' lang='lat' dir='ltr'><strong><em>commiserant;</em></strong></span> <span class='ocrx_word' id='word_1_54' title='bbox 966 957 1101 1012; x_wconf 64' lang='lat' dir='ltr'><strong><em>sicut</em></strong></span> <span class='ocrx_word' id='word_1_55' title='bbox 1127 973 1190 1008; x_wconf 76' lang='lat' dir='ltr'><strong><em>ex</em></strong></span> <span class='ocrx_word' id='word_1_56' title='bbox 1239 955 1436 1010; x_wconf 89' lang='lat' dir='ltr'><strong><em>eisdem</em></strong></span> <span class='ocrx_word' id='word_1_57' title='bbox 1461 955 1641 1008; x_wconf 91' lang='lat' dir='ltr'><strong><em>multis</em></strong></span> <span class='ocrx_word' id='word_1_58' title='bbox 1675 953 2006 1022; x_wconf 79' lang='lat' dir='ltr'><strong><em>Justilicatio,</em></strong></span> 
     </span>
    </p>
   </div>
   <div class='ocr_carea' id='block_1_9' title="bbox 428 1040 2007 1116">
    <p class='ocr_par' dir='ltr' id='par_1_9' title="bbox 428 1040 2007 1116">
     <span class='ocr_line' id='line_1_9' title="bbox 428 1040 2007 1116; baseline -0.004 -18"><span class='ocrx_word' id='word_1_59' title='bbox 428 1047 620 1116; x_wconf 85' lang='lat' dir='ltr'><strong><em>quibus</em></strong></span> <span class='ocrx_word' id='word_1_60' title='bbox 677 1047 916 1100; x_wconf 66' lang='lat' dir='ltr'><strong><em>remissis</em></strong></span> <span class='ocrx_word' id='word_1_61' title='bbox 957 1045 1009 1100; x_wconf 90' lang='lat' dir='ltr'><strong><em>in</em></strong></span> <span class='ocrx_word' id='word_1_62' title='bbox 1058 1046 1281 1115; x_wconf 85' lang='lat' dir='ltr'><strong><em>gratiam</em></strong></span> <span class='ocrx_word' id='word_1_63' title='bbox 1328 1044 1682 1112; x_wconf 83' lang='lat' dir='ltr'><strong><em>respirabant.</em></strong></span> <span class='ocrx_word' id='word_1_64' title='bbox 1727 1040 1836 1097; x_wconf 86' lang='lat' dir='ltr'><strong><em>Sed</em></strong></span> <span class='ocrx_word' id='word_1_65' title='bbox 1887 1041 2007 1110; x_wconf 79' lang='lat' dir='ltr'><strong><em>quia</em></strong></span> 
     </span>
    </p>
   </div>
   <div class='ocr_carea' id='block_1_10' title="bbox 429 1131 2008 1206">
    <p class='ocr_par' dir='ltr' id='par_1_10' title="bbox 429 1131 2008 1206">
     <span class='ocr_line' id='line_1_10' title="bbox 429 1131 2008 1206; baseline -0.003 -16"><span class='ocrx_word' id='word_1_66' title='bbox 429 1153 592 1192; x_wconf 81' lang='lat' dir='ltr'><strong><em>mumi</em></strong></span> <span class='ocrx_word' id='word_1_67' title='bbox 624 1137 749 1191; x_wconf 82' lang='lat' dir='ltr'><strong><em>illm!</em></strong></span> <span class='ocrx_word' id='word_1_68' title='bbox 777 1137 1094 1202; x_wconf 74' lang='lat' dir='ltr'><strong><em>sufﬁciebat,</em></strong></span> <span class='ocrx_word' id='word_1_69' title='bbox 1127 1145 1342 1206; x_wconf 70' lang='lat' dir='ltr'><strong><em>propter</em></strong></span> <span class='ocrx_word' id='word_1_70' title='bbox 1361 1135 1503 1205; x_wconf 88' lang='lat' dir='ltr'><strong><em>quod</em></strong></span> <span class='ocrx_word' id='word_1_71' title='bbox 1533 1131 1692 1187; x_wconf 83' lang='lat' dir='ltr'><strong><em>etiam</em></strong></span> <span class='ocrx_word' id='word_1_72' title='bbox 1718 1132 1889 1186; x_wconf 90' lang='lat' dir='ltr'><strong><em>solum</em></strong></span> <span class='ocrx_word' id='word_1_73' title='bbox 1911 1133 2008 1186; x_wconf 86' lang='lat' dir='ltr'><strong><em>lie-</em></strong></span> 
     </span>
    </p>
   </div>
   <div class='ocr_carea' id='block_1_11' title="bbox 427 1221 2006 1295">
    <p class='ocr_par' dir='ltr' id='par_1_11' title="bbox 427 1221 2006 1295">
     <span class='ocr_line' id='line_1_11' title="bbox 427 1221 2006 1295; baseline -0.003 -15"><span class='ocrx_word' id='word_1_74' title='bbox 427 1237 510 1282; x_wconf 89' lang='lat' dir='ltr'><strong><em>ret</em></strong></span> <span class='ocrx_word' id='word_1_75' title='bbox 554 1225 966 1290; x_wconf 87' lang='lat' dir='ltr'><strong><em>condemnatio;</em></strong></span> <span class='ocrx_word' id='word_1_76' title='bbox 995 1225 1176 1295; x_wconf 74' lang='lat' dir='ltr'><strong><em>gratim</em></strong></span> <span class='ocrx_word' id='word_1_77' title='bbox 1207 1241 1336 1279; x_wconf 86' lang='lat' dir='ltr'><strong><em>vero</em></strong></span> <span class='ocrx_word' id='word_1_78' title='bbox 1365 1240 1468 1278; x_wconf 90' lang='lat' dir='ltr'><strong><em>non</em></strong></span> <span class='ocrx_word' id='word_1_79' title='bbox 1509 1223 1841 1277; x_wconf 72' lang='lat' dir='ltr'><strong><em>suiiieiebat‘</em></strong></span> <span class='ocrx_word' id='word_1_80' title='bbox 1878 1221 2006 1276; x_wconf 89' lang='lat' dir='ltr'><strong><em>illud</em></strong></span> 
     </span>
    </p>
   </div>
   <div class='ocr_carea' id='block_1_12' title="bbox 431 1300 2002 1385">
    <p class='ocr_par' dir='ltr' id='par_1_12' title="bbox 431 1300 2002 1385">
     <span class='ocr_line' id='line_1_12' title="bbox 431 1300 2002 1385; baseline -0.004 -11"><span class='ocrx_word' id='word_1_81' title='bbox 431 1333 591 1374; x_wconf 87' lang='lat' dir='ltr'><strong><em>unum</em></strong></span> <span class='ocrx_word' id='word_1_82' title='bbox 632 1317 833 1378; x_wconf 87' lang='lat' dir='ltr'><strong><em>delere,</em></strong></span> <span class='ocrx_word' id='word_1_83' title='bbox 861 1317 954 1371; x_wconf 88' lang='lat' dir='ltr'><strong><em>sed</em></strong></span> <span class='ocrx_word' id='word_1_84' title='bbox 981 1327 1035 1372; x_wconf 90' lang='lat' dir='ltr'><strong><em>et</em></strong></span> <span class='ocrx_word' id='word_1_85' title='bbox 1061 1319 1224 1371; x_wconf 90' lang='lat' dir='ltr'><strong><em>multa</em></strong></span> <span class='ocrx_word' id='word_1_86' title='bbox 1255 1333 1372 1385; x_wconf 70' lang='lat' dir='ltr'><strong><em>qum</em></strong></span> <span class='ocrx_word' id='word_1_87' title='bbox 1397 1317 1602 1385; x_wconf 87' lang='lat' dir='ltr'><strong><em>adjecta</em></strong></span> <span class='ocrx_word' id='word_1_88' title='bbox 1628 1300 1782 1380; x_wconf 55' lang='lat' dir='ltr'><strong><em>sunt,</em></strong></span> <span class='ocrx_word' id='word_1_89' title='bbox 1802 1324 1857 1368; x_wconf 93' lang='lat' dir='ltr'><strong><em>ut</em></strong></span> <span class='ocrx_word' id='word_1_90' title='bbox 1882 1329 2002 1368; x_wconf 90' lang='lat' dir='ltr'><strong><em>om-</em></strong></span> 
     </span>
    </p>
   </div>
   <div class='ocr_carea' id='block_1_13' title="bbox 425 1403 2002 1478">
    <p class='ocr_par' dir='ltr' id='par_1_13' title="bbox 425 1403 2002 1478">
     <span class='ocr_line' id='line_1_13' title="bbox 425 1403 2002 1478; baseline -0.004 -14"><span class='ocrx_word' id='word_1_91' title='bbox 425 1409 572 1464; x_wconf 85' lang='lat' dir='ltr'><strong><em>nium</em></strong></span> <span class='ocrx_word' id='word_1_92' title='bbox 604 1409 916 1463; x_wconf 82' lang='lat' dir='ltr'><strong><em>remissione</em></strong></span> <span class='ocrx_word' id='word_1_93' title='bbox 960 1409 1112 1463; x_wconf 80' lang='lat' dir='ltr'><strong><em>ﬁeret</em></strong></span> <span class='ocrx_word' id='word_1_94' title='bbox 1135 1406 1442 1478; x_wconf 83' lang='lat' dir='ltr'><strong><em>justiticatio</em></strong></span> <span class='ocrx_word' id='word_1_95' title='bbox 1473 1423 1487 1460; x_wconf 88' lang='lat'><strong>:</strong></span> <span class='ocrx_word' id='word_1_96' title='bbox 1521 1407 1640 1461; x_wconf 89' lang='lat' dir='ltr'><strong><em>ideo</em></strong></span> <span class='ocrx_word' id='word_1_97' title='bbox 1685 1407 1869 1476; x_wconf 90' lang='lat' dir='ltr'><strong><em>utique</em></strong></span> <span class='ocrx_word' id='word_1_98' title='bbox 1917 1403 2002 1458; x_wconf 90' lang='lat' dir='ltr'><strong><em>di-</em></strong></span> 
     </span>
    </p>
   </div>
   <div class='ocr_carea' id='block_1_14' title="bbox 424 1495 2006 1567">
    <p class='ocr_par' dir='ltr' id='par_1_14' title="bbox 424 1495 2006 1567">
     <span class='ocr_line' id='line_1_14' title="bbox 424 1495 2006 1567; baseline -0.004 -14"><span class='ocrx_word' id='word_1_99' title='bbox 424 1507 569 1553; x_wconf 87' lang='lat' dir='ltr'><strong><em>ctum</em></strong></span> <span class='ocrx_word' id='word_1_100' title='bbox 596 1509 676 1552; x_wconf 88' lang='lat' dir='ltr'><strong><em>est</em></strong></span> <span class='ocrx_word' id='word_1_101' title='bbox 695 1541 711 1566; x_wconf 96' lang='lat'><strong><em>,</em></strong></span> <span class='ocrx_word' id='word_1_102' title='bbox 741 1498 776 1552; x_wconf 73' lang='grc' dir='ltr'><strong><em>,Ι</em></strong></span> <span class='ocrx_word' id='word_1_103' title='bbox 782 1499 1002 1551; x_wconf 83' lang='lat' dir='ltr'><strong><em>udicium</em></strong></span> <span class='ocrx_word' id='word_1_104' title='bbox 1024 1514 1086 1552; x_wconf 75' lang='lat' dir='ltr'><strong><em>ea:</em></strong></span> <span class='ocrx_word' id='word_1_105' title='bbox 1115 1509 1215 1552; x_wconf 79' lang='lat' dir='ltr'><strong><em>uno</em></strong></span> <span class='ocrx_word' id='word_1_106' title='bbox 1243 1495 1812 1562; x_wconf 62' lang='lat' dir='ltr'><strong><em>incondemnationem,</em></strong></span> <span class='ocrx_word' id='word_1_107' title='bbox 1837 1495 2006 1567; x_wconf 87' lang='lat' dir='ltr'><strong><em>gratia</em></strong></span> 
     </span>
    </p>
   </div>
   <div class='ocr_carea' id='block_1_15' title="bbox 425 1586 2006 1660">
    <p class='ocr_par' dir='ltr' id='par_1_15' title="bbox 425 1586 2006 1660">
     <span class='ocr_line' id='line_1_15' title="bbox 425 1586 2006 1660; baseline -0.002 -15"><span class='ocrx_word' id='word_1_108' title='bbox 425 1601 590 1645; x_wconf 81' lang='lat' dir='ltr'><strong><em>autem</em></strong></span> <span class='ocrx_word' id='word_1_109' title='bbox 619 1605 682 1644; x_wconf 74' lang='lat' dir='ltr'><strong><em>ex</em></strong></span> <span class='ocrx_word' id='word_1_110' title='bbox 725 1589 896 1642; x_wconf 85' lang='lat' dir='ltr'><strong><em>multis</em></strong></span> <span class='ocrx_word' id='word_1_111' title='bbox 934 1589 1128 1642; x_wconf 83' lang='lat' dir='ltr'><strong><em>delictis</em></strong></span> <span class='ocrx_word' id='word_1_112' title='bbox 1152 1589 1206 1642; x_wconf 88' lang='lat' dir='ltr'><strong><em>in</em></strong></span> <span class='ocrx_word' id='word_1_113' title='bbox 1234 1589 1677 1660; x_wconf 81' lang='lat' dir='ltr'><strong><em>justiﬁcationem.</em></strong></span> <span class='ocrx_word' id='word_1_114' title='bbox 1707 1586 1836 1642; x_wconf 84' lang='lat' dir='ltr'><strong><em>Nam</em></strong></span> <span class='ocrx_word' id='word_1_115' title='bbox 1865 1587 2006 1642; x_wconf 82' lang='lat' dir='ltr'><strong><em>sicut</em></strong></span> 
     </span>
    </p>
   </div>
   <div class='ocr_carea' id='block_1_16' title="bbox 425 1679 2006 1750">
    <p class='ocr_par' dir='ltr' id='par_1_16' title="bbox 425 1679 2006 1750">
     <span class='ocr_line' id='line_1_16' title="bbox 425 1679 2006 1750; baseline -0.002 -14"><span class='ocrx_word' id='word_1_116' title='bbox 425 1697 530 1736; x_wconf 86' lang='lat' dir='ltr'><strong><em>non</em></strong></span> <span class='ocrx_word' id='word_1_117' title='bbox 563 1681 842 1736; x_wconf 90' lang='lat' dir='ltr'><strong><em>imitantur</em></strong></span> <span class='ocrx_word' id='word_1_118' title='bbox 879 1680 1149 1736; x_wconf 80' lang='lat' dir='ltr'><strong><em>Christum</em></strong></span> <span class='ocrx_word' id='word_1_119' title='bbox 1184 1681 1424 1750; x_wconf 87' lang='lat' dir='ltr'><strong><em>parvuli,</em></strong></span> <span class='ocrx_word' id='word_1_120' title='bbox 1458 1681 1578 1750; x_wconf 85' lang='lat' dir='ltr'><strong><em>quia</em></strong></span> <span class='ocrx_word' id='word_1_121' title='bbox 1610 1679 1848 1734; x_wconf 91' lang='lat' dir='ltr'><strong><em>nondum</em></strong></span> <span class='ocrx_word' id='word_1_122' title='bbox 1879 1694 2006 1748; x_wconf 85' lang='lat' dir='ltr'><strong><em>pos-</em></strong></span> 
     </span>
    </p>
   </div>
   <div class='ocr_carea' id='block_1_17' title="bbox 423 1771 2002 1844">
    <p class='ocr_par' dir='ltr' id='par_1_17' title="bbox 423 1771 2002 1844">
     <span class='ocr_line' id='line_1_17' title="bbox 423 1771 2002 1844; baseline -0.002 -16"><span class='ocrx_word' id='word_1_123' title='bbox 423 1781 566 1836; x_wconf 88' lang='lat' dir='ltr'><strong><em>sunt,</em></strong></span> <span class='ocrx_word' id='word_1_124' title='bbox 596 1781 651 1828; x_wconf 91' lang='lat' dir='ltr'><strong><em>et</em></strong></span> <span class='ocrx_word' id='word_1_125' title='bbox 677 1783 854 1828; x_wconf 86' lang='lat' dir='ltr'><strong><em>tamen</em></strong></span> <span class='ocrx_word' id='word_1_126' title='bbox 901 1771 968 1828; x_wconf 87' lang='lat' dir='ltr'><strong><em>ad</em></strong></span> <span class='ocrx_word' id='word_1_127' title='bbox 997 1773 1113 1844; x_wconf 82' lang='lat' dir='ltr'><strong><em>ejus</em></strong></span> <span class='ocrx_word' id='word_1_128' title='bbox 1141 1774 1366 1844; x_wconf 91' lang='lat' dir='ltr'><strong><em>gratiam</em></strong></span> <span class='ocrx_word' id='word_1_129' title='bbox 1394 1773 1729 1844; x_wconf 87' lang='lat' dir='ltr'><strong><em>spiritualem</em></strong></span> <span class='ocrx_word' id='word_1_130' title='bbox 1763 1771 2002 1842; x_wconf 82' lang='lat' dir='ltr'><strong><em>pertine-</em></strong></span> 
     </span>
    </p>
   </div>
   <div class='ocr_carea' id='block_1_18' title="bbox 421 1863 2003 1934">
    <p class='ocr_par' dir='ltr' id='par_1_18' title="bbox 421 1863 2003 1934">
     <span class='ocr_line' id='line_1_18' title="bbox 421 1863 2003 1934; baseline -0.002 -14"><span class='ocrx_word' id='word_1_131' title='bbox 421 1880 480 1920; x_wconf 90' lang='lat' dir='ltr'><strong><em>re</em></strong></span> <span class='ocrx_word' id='word_1_132' title='bbox 509 1875 730 1934; x_wconf 88' lang='lat' dir='ltr'><strong><em>possunt</em></strong></span> <span class='ocrx_word' id='word_1_133' title='bbox 755 1881 769 1920; x_wconf 88' lang='lat'><strong>:</strong></span> <span class='ocrx_word' id='word_1_134' title='bbox 803 1864 873 1918; x_wconf 89' lang='lat' dir='ltr'><strong><em>ita</em></strong></span> <span class='ocrx_word' id='word_1_135' title='bbox 912 1865 1032 1920; x_wconf 85' lang='lat' dir='ltr'><strong><em>sine</em></strong></span> <span class='ocrx_word' id='word_1_136' title='bbox 1061 1865 1356 1920; x_wconf 85' lang='lat' dir='ltr'><strong><em>imitatione</em></strong></span> <span class='ocrx_word' id='word_1_137' title='bbox 1385 1864 1538 1934; x_wconf 90' lang='lat' dir='ltr'><strong><em>primi</em></strong></span> <span class='ocrx_word' id='word_1_138' title='bbox 1592 1863 1839 1927; x_wconf 87' lang='lat' dir='ltr'><strong><em>hominis,</em></strong></span> <span class='ocrx_word' id='word_1_139' title='bbox 1869 1877 2003 1917; x_wconf 84' lang='lat' dir='ltr'><strong><em>con-</em></strong></span> 
     </span>
    </p>
   </div>
   <div class='ocr_carea' id='block_1_19' title="bbox 421 1953 2001 2026">
    <p class='ocr_par' dir='ltr' id='par_1_19' title="bbox 421 1953 2001 2026">
     <span class='ocr_line' id='line_1_19' title="bbox 421 1953 2001 2026; baseline -0.001 -17"><span class='ocrx_word' id='word_1_140' title='bbox 421 1956 634 2026; x_wconf 78' lang='lat' dir='ltr'><strong><em>tagione</em></strong></span> <span class='ocrx_word' id='word_1_141' title='bbox 661 1965 838 2010; x_wconf 88' lang='lat' dir='ltr'><strong><em>tamen</em></strong></span> <span class='ocrx_word' id='word_1_142' title='bbox 869 1971 934 2011; x_wconf 80' lang='lat' dir='ltr'><strong><em>ex</em></strong></span> <span class='ocrx_word' id='word_1_143' title='bbox 959 1957 1074 2026; x_wconf 91' lang='lat' dir='ltr'><strong><em>ipso</em></strong></span> <span class='ocrx_word' id='word_1_144' title='bbox 1102 1957 1330 2011; x_wconf 88' lang='lat' dir='ltr'><strong><em>carnalis</em></strong></span> <span class='ocrx_word' id='word_1_145' title='bbox 1358 1955 1720 2026; x_wconf 76' lang='lat' dir='ltr'><strong><em>generationis</em></strong></span> <span class='ocrx_word' id='word_1_146' title='bbox 1756 1953 2001 2009; x_wconf 84' lang='lat' dir='ltr'><strong><em>obstricti</em></strong></span> 
     </span>
    </p>
   </div>
   <div class='ocr_carea' id='block_1_20' title="bbox 419 2047 2002 2118">
    <p class='ocr_par' dir='ltr' id='par_1_20' title="bbox 419 2047 2002 2118">
     <span class='ocr_line' id='line_1_20' title="bbox 419 2047 2002 2118; baseline 0.001 -17"><span class='ocrx_word' id='word_1_147' title='bbox 419 2055 564 2102; x_wconf 87' lang='lat' dir='ltr'><strong><em>sunt.</em></strong></span> <span class='ocrx_word' id='word_1_148' title='bbox 609 2047 668 2104; x_wconf 89' lang='lat' dir='ltr'><strong><em>Si</em></strong></span> <span class='ocrx_word' id='word_1_149' title='bbox 705 2059 881 2102; x_wconf 91' lang='lat' dir='ltr'><strong><em>autem</em></strong></span> <span class='ocrx_word' id='word_1_150' title='bbox 912 2057 1193 2118; x_wconf 80' lang='lat' dir='ltr'><strong><em>propterea</em></strong></span> <span class='ocrx_word' id='word_1_151' title='bbox 1235 2049 1316 2102; x_wconf 89' lang='lat' dir='ltr'><strong><em>vis</em></strong></span> <span class='ocrx_word' id='word_1_152' title='bbox 1359 2062 1454 2104; x_wconf 90' lang='lat' dir='ltr'><strong><em>eos</em></strong></span> <span class='ocrx_word' id='word_1_153' title='bbox 1496 2063 1526 2102; x_wconf 85' lang='lat' dir='ltr'><strong><em>a</em></strong></span> <span class='ocrx_word' id='word_1_154' title='bbox 1578 2048 1736 2118; x_wconf 89' lang='lat' dir='ltr'><strong><em>primi</em></strong></span> <span class='ocrx_word' id='word_1_155' title='bbox 1767 2047 2002 2103; x_wconf 86' lang='lat' dir='ltr'><strong><em>hominis</em></strong></span> 
     </span>
    </p>
   </div>
   <div class='ocr_carea' id='block_1_21' title="bbox 420 2137 2000 2208">
    <p class='ocr_par' dir='ltr' id='par_1_21' title="bbox 420 2137 2000 2208">
     <span class='ocr_line' id='line_1_21' title="bbox 420 2137 2000 2208; baseline 0.001 -18"><span class='ocrx_word' id='word_1_156' title='bbox 420 2139 626 2192; x_wconf 76' lang='lat' dir='ltr'><strong><em>alienos</em></strong></span> <span class='ocrx_word' id='word_1_157' title='bbox 653 2152 773 2194; x_wconf 89' lang='lat' dir='ltr'><strong><em>esse</em></strong></span> <span class='ocrx_word' id='word_1_158' title='bbox 795 2147 1034 2208; x_wconf 84' lang='lat' dir='ltr'><strong><em>peccato,</em></strong></span> <span class='ocrx_word' id='word_1_159' title='bbox 1059 2139 1180 2208; x_wconf 89' lang='lat' dir='ltr'><strong><em>quia</em></strong></span> <span class='ocrx_word' id='word_1_160' title='bbox 1207 2153 1327 2195; x_wconf 93' lang='lat' dir='ltr'><strong><em>eum</em></strong></span> <span class='ocrx_word' id='word_1_161' title='bbox 1356 2154 1463 2195; x_wconf 88' lang='lat' dir='ltr'><strong><em>non</em></strong></span> <span class='ocrx_word' id='word_1_162' title='bbox 1508 2146 1632 2194; x_wconf 90' lang='lat' dir='ltr'><strong><em>sunt</em></strong></span> <span class='ocrx_word' id='word_1_163' title='bbox 1658 2137 1846 2193; x_wconf 83' lang='lat' dir='ltr'><strong><em>imitati</em></strong></span> <span class='ocrx_word' id='word_1_164' title='bbox 1873 2153 2000 2208; x_wconf 85' lang='lat' dir='ltr'><strong><em>pro-</em></strong></span> 
     </span>
    </p>
   </div>
   <div class='ocr_carea' id='block_1_22' title="bbox 420 2226 2002 2298">
    <p class='ocr_par' dir='ltr' id='par_1_22' title="bbox 420 2226 2002 2298">
     <span class='ocr_line' id='line_1_22' title="bbox 420 2226 2002 2298; baseline 0.001 -16"><span class='ocrx_word' id='word_1_165' title='bbox 420 2228 534 2298; x_wconf 87' lang='lat' dir='ltr'><strong><em>pria</em></strong></span> <span class='ocrx_word' id='word_1_166' title='bbox 561 2229 870 2294; x_wconf 74' lang='lat' dir='ltr'><strong><em>voluntate;</em></strong></span> <span class='ocrx_word' id='word_1_167' title='bbox 900 2230 996 2284; x_wconf 89' lang='lat' dir='ltr'><strong><em>ista</em></strong></span> <span class='ocrx_word' id='word_1_168' title='bbox 1027 2229 1235 2284; x_wconf 81' lang='lat' dir='ltr'><strong><em>ratione</em></strong></span> <span class='ocrx_word' id='word_1_169' title='bbox 1277 2229 1536 2284; x_wconf 85' lang='lat' dir='ltr'><strong><em>alienabis</em></strong></span> <span class='ocrx_word' id='word_1_170' title='bbox 1564 2243 1658 2284; x_wconf 89' lang='lat' dir='ltr'><strong><em>eos</em></strong></span> <span class='ocrx_word' id='word_1_171' title='bbox 1695 2237 1751 2284; x_wconf 86' lang='lat' dir='ltr'><strong><em>et</em></strong></span> <span class='ocrx_word' id='word_1_172' title='bbox 1775 2243 1804 2282; x_wconf 90' lang='lat' dir='ltr'><strong><em>a</em></strong></span> <span class='ocrx_word' id='word_1_173' title='bbox 1845 2226 2002 2298; x_wconf 83' lang='lat' dir='ltr'><strong><em>justi-</em></strong></span> 
     </span>
    </p>
   </div>
   <div class='ocr_carea' id='block_1_23' title="bbox 419 2320 2002 2392">
    <p class='ocr_par' dir='ltr' id='par_1_23' title="bbox 419 2320 2002 2392">
     <span class='ocr_line' id='line_1_23' title="bbox 419 2320 2002 2392; baseline 0.001 -18"><span class='ocrx_word' id='word_1_174' title='bbox 419 2321 491 2374; x_wconf 87' lang='lat' dir='ltr'><strong><em>tia</em></strong></span> <span class='ocrx_word' id='word_1_175' title='bbox 515 2320 732 2388; x_wconf 81' lang='lat' dir='ltr'><strong><em>Christi,</em></strong></span> <span class='ocrx_word' id='word_1_176' title='bbox 755 2321 876 2392; x_wconf 87' lang='lat' dir='ltr'><strong><em>quia</em></strong></span> <span class='ocrx_word' id='word_1_177' title='bbox 906 2333 1004 2376; x_wconf 88' lang='lat' dir='ltr'><strong><em>nec</em></strong></span> <span class='ocrx_word' id='word_1_178' title='bbox 1027 2321 1199 2392; x_wconf 90' lang='lat' dir='ltr'><strong><em>ipsum</em></strong></span> <span class='ocrx_word' id='word_1_179' title='bbox 1222 2320 1411 2376; x_wconf 85' lang='lat' dir='ltr'><strong><em>imitati</em></strong></span> <span class='ocrx_word' id='word_1_180' title='bbox 1428 2330 1549 2377; x_wconf 90' lang='lat' dir='ltr'><strong><em>sunt</em></strong></span> <span class='ocrx_word' id='word_1_181' title='bbox 1578 2321 1790 2392; x_wconf 72' lang='lat' dir='ltr'><strong><em>pmpria</em></strong></span> <span class='ocrx_word' id='word_1_182' title='bbox 1813 2321 2002 2375; x_wconf 86' lang='lat' dir='ltr'><strong><em>volun-</em></strong></span> 
     </span>
    </p>
   </div>
   <div class='ocr_carea' id='block_1_24' title="bbox 418 2421 545 2468">
    <p class='ocr_par' dir='ltr' id='par_1_24' title="bbox 418 2421 545 2468">
     <span class='ocr_line' id='line_1_24' title="bbox 418 2421 545 2468; baseline -0.008 -1"><span class='ocrx_word' id='word_1_183' title='bbox 418 2421 545 2468; x_wconf 87' lang='lat' dir='ltr'><strong><em>tate.</em></strong></span> 
     </span>
    </p>
   </div>
   <div class='ocr_carea' id='block_1_25' title="bbox 491 2501 2002 2574">
    <p class='ocr_par' dir='ltr' id='par_1_25' title="bbox 491 2501 2002 2574">
     <span class='ocr_line' id='line_1_25' title="bbox 491 2501 2002 2574; baseline 0.001 -17"><span class='ocrx_word' id='word_1_184' title='bbox 491 2503 579 2558; x_wconf 84' lang='lat'><strong><em>80.</em></strong></span> <span class='ocrx_word' id='word_1_185' title='bbox 607 2503 740 2557; x_wconf 88' lang='lat' dir='ltr'><strong><em>Cum</em></strong></span> <span class='ocrx_word' id='word_1_186' title='bbox 787 2517 916 2558; x_wconf 86' lang='lat' dir='ltr'><strong><em>vero</em></strong></span> <span class='ocrx_word' id='word_1_187' title='bbox 942 2503 1136 2558; x_wconf 78' lang='lat' dir='ltr'><strong><em>Multos</em></strong></span> <span class='ocrx_word' id='word_1_188' title='bbox 1157 2543 1174 2570; x_wconf 95' lang='lat'><strong><em>,</em></strong></span> <span class='ocrx_word' id='word_1_189' title='bbox 1220 2502 1362 2571; x_wconf 84' lang='lat' dir='ltr'><strong><em>quod</em></strong></span> <span class='ocrx_word' id='word_1_190' title='bbox 1389 2501 1519 2558; x_wconf 77' lang='lat' dir='ltr'><strong><em>dixit</em></strong></span> <span class='ocrx_word' id='word_1_191' title='bbox 1549 2510 1754 2574; x_wconf 89' lang='lat' dir='ltr'><strong><em>postea.</em></strong></span> <span class='ocrx_word' id='word_1_192' title='bbox 1782 2518 1889 2558; x_wconf 92' lang='lat' dir='ltr'><strong><em>non</em></strong></span> <span class='ocrx_word' id='word_1_193' title='bbox 1919 2501 2002 2560; x_wconf 87' lang='lat' dir='ltr'><strong><em>vis</em></strong></span> 
     </span>
    </p>
   </div>
   <div class='ocr_carea' id='block_1_26' title="bbox 419 2591 1999 2664">
    <p class='ocr_par' dir='ltr' id='par_1_26' title="bbox 419 2591 1999 2664">
     <span class='ocr_line' id='line_1_26' title="bbox 419 2591 1999 2664; baseline 0.001 -16"><span class='ocrx_word' id='word_1_194' title='bbox 419 2593 640 2664; x_wconf 80' lang='lat' dir='ltr'><strong><em>intelligi</em></strong></span> <span class='ocrx_word' id='word_1_195' title='bbox 667 2609 857 2658; x_wconf 86' lang='lat' dir='ltr'><strong><em>omnes,</em></strong></span> <span class='ocrx_word' id='word_1_196' title='bbox 884 2592 1024 2663; x_wconf 88' lang='lat' dir='ltr'><strong><em>quod</em></strong></span> <span class='ocrx_word' id='word_1_197' title='bbox 1053 2596 1200 2664; x_wconf 85' lang='lat' dir='ltr'><strong><em>prius</em></strong></span> <span class='ocrx_word' id='word_1_198' title='bbox 1222 2591 1466 2660; x_wconf 84' lang='lat' dir='ltr'><strong><em>dixerat;</em></strong></span> <span class='ocrx_word' id='word_1_199' title='bbox 1495 2611 1515 2645; x_wconf 82' lang='grc' dir='ltr'><strong><em>ι</em></strong></span> <span class='ocrx_word' id='word_1_200' title='bbox 1545 2593 1664 2649; x_wconf 89' lang='lat' dir='ltr'><strong><em>ideo</em></strong></span> <span class='ocrx_word' id='word_1_201' title='bbox 1688 2593 1999 2650; x_wconf 76' lang='lat' dir='ltr'><strong><em>existimans</em></strong></span> 
     </span>
    </p>
   </div>
   <div class='ocr_carea' id='block_1_27' title="bbox 427 2683 1993 2758">
    <p class='ocr_par' dir='ltr' id='par_1_27' title="bbox 427 2683 1993 2758">
     <span class='ocr_line' id='line_1_27' title="bbox 427 2683 1993 2758; baseline 0.002 -20"><span class='ocrx_word' id='word_1_202' title='bbox 427 2703 450 2738; x_wconf 82' lang='grc' dir='ltr'><strong><em>ι</em></strong></span> <span class='ocrx_word' id='word_1_203' title='bbox 483 2683 684 2740; x_wconf 87' lang='lat' dir='ltr'><strong><em>dictum</em></strong></span> <span class='ocrx_word' id='word_1_204' title='bbox 714 2684 876 2740; x_wconf 79' lang='lat' dir='ltr'><strong><em>fuisse</em></strong></span> <span class='ocrx_word' id='word_1_205' title='bbox 906 2686 1120 2753; x_wconf 88' lang='lat' dir='ltr'><strong><em>multos,</em></strong></span> <span class='ocrx_word' id='word_1_206' title='bbox 1153 2701 1222 2740; x_wconf 90' lang='lat' dir='ltr'><strong><em>ne</em></strong></span> <span class='ocrx_word' id='word_1_207' title='bbox 1249 2701 1441 2741; x_wconf 88' lang='lat' dir='ltr'><strong><em>omnes</em></strong></span> <span class='ocrx_word' id='word_1_208' title='bbox 1483 2686 1936 2758; x_wconf 89' lang='lat' dir='ltr'><strong><em>intelligerentur:</em></strong></span> <span class='ocrx_word' id='word_1_209' title='bbox 1971 2705 1993 2741; x_wconf 78' lang='grc' dir='ltr'><strong><em>ι</em></strong></span> 
     </span>
    </p>
   </div>
   <div class='ocr_carea' id='block_1_28' title="bbox 417 2775 2000 2851">
    <p class='ocr_par' dir='ltr' id='par_1_28' title="bbox 417 2775 2000 2851">
     <span class='ocr_line' id='line_1_28' title="bbox 417 2775 2000 2851; baseline 0.004 -22"><span class='ocrx_word' id='word_1_210' title='bbox 417 2777 620 2846; x_wconf 89' lang='lat' dir='ltr'><strong><em>poteris</em></strong></span> <span class='ocrx_word' id='word_1_211' title='bbox 645 2775 747 2832; x_wconf 87' lang='lat' dir='ltr'><strong><em>hoc</em></strong></span> <span class='ocrx_word' id='word_1_212' title='bbox 773 2775 950 2832; x_wconf 83' lang='lat' dir='ltr'><strong><em>dicere</em></strong></span> <span class='ocrx_word' id='word_1_213' title='bbox 969 2787 1023 2834; x_wconf 91' lang='lat' dir='ltr'><strong><em>et</em></strong></span> <span class='ocrx_word' id='word_1_214' title='bbox 1043 2777 1110 2832; x_wconf 90' lang='lat' dir='ltr'><strong><em>de</em></strong></span> <span class='ocrx_word' id='word_1_215' title='bbox 1145 2777 1350 2834; x_wconf 88' lang='lat' dir='ltr'><strong><em>semine</em></strong></span> <span class='ocrx_word' id='word_1_216' title='bbox 1375 2777 1626 2844; x_wconf 78' lang='lat' dir='ltr'><strong><em>Abrahze,</em></strong></span> <span class='ocrx_word' id='word_1_217' title='bbox 1659 2779 1744 2834; x_wconf 90' lang='lat' dir='ltr'><strong><em>cui</em></strong></span> <span class='ocrx_word' id='word_1_218' title='bbox 1773 2779 2000 2851; x_wconf 89' lang='lat' dir='ltr'><strong><em>promis-</em></strong></span> 
     </span>
    </p>
   </div>
   <div class='ocr_carea' id='block_1_29' title="bbox 421 2866 1999 2942">
    <p class='ocr_par' dir='ltr' id='par_1_29' title="bbox 421 2866 1999 2942">
     <span class='ocr_line' id='line_1_29' title="bbox 421 2866 1999 2942; baseline 0.004 -20"><span class='ocrx_word' id='word_1_219' title='bbox 421 2870 496 2922; x_wconf 74' lang='lat' dir='ltr'><strong><em>sa:</em></strong></span> <span class='ocrx_word' id='word_1_220' title='bbox 530 2875 656 2923; x_wconf 88' lang='lat' dir='ltr'><strong><em>sunt</em></strong></span> <span class='ocrx_word' id='word_1_221' title='bbox 679 2883 869 2924; x_wconf 85' lang='lat' dir='ltr'><strong><em>omnes</em></strong></span> <span class='ocrx_word' id='word_1_222' title='bbox 906 2877 1092 2939; x_wconf 79' lang='lat' dir='ltr'><strong><em>gentes</em></strong></span> <span class='ocrx_word' id='word_1_223' title='bbox 1119 2866 1142 2942; x_wconf 97' lang='lat'><strong><em>(</em></strong></span> <span class='ocrx_word' id='word_1_224' title='bbox 1172 2866 1301 2924; x_wconf 81' lang='lat' dir='ltr'><strong><em>Gen.</em></strong></span> <span class='ocrx_word' id='word_1_225' title='bbox 1351 2885 1481 2936; x_wconf 78' lang='lat' dir='ltr'><strong><em>xxii,</em></strong></span> <span class='ocrx_word' id='word_1_226' title='bbox 1512 2869 1579 2926; x_wconf 76' lang='grc'><strong><em>18</em></strong></span> <span class='ocrx_word' id='word_1_227' title='bbox 1602 2869 1644 2942; x_wconf 86' lang='grc'><strong><em>),</em></strong></span> <span class='ocrx_word' id='word_1_228' title='bbox 1674 2885 1778 2926; x_wconf 87' lang='grc' dir='ltr'>ιιοιι</span> <span class='ocrx_word' id='word_1_229' title='bbox 1811 2887 1999 2928; x_wconf 90' lang='lat' dir='ltr'><strong><em>omnes</em></strong></span> 
     </span>
    </p>
   </div>
   <div class='ocr_carea' id='block_1_30' title="bbox 415 2958 1995 3030">
    <p class='ocr_par' dir='ltr' id='par_1_30' title="bbox 415 2958 1995 3030">
     <span class='ocr_line' id='line_1_30' title="bbox 415 2958 1995 3030; baseline 0.002 -15"><span class='ocrx_word' id='word_1_230' title='bbox 415 2969 602 3029; x_wconf 91' lang='lat' dir='ltr'><strong><em>gentes</em></strong></span> <span class='ocrx_word' id='word_1_231' title='bbox 622 2959 672 3016; x_wconf 90' lang='lat' dir='ltr'><strong><em>ei</em></strong></span> <span class='ocrx_word' id='word_1_232' title='bbox 702 2958 867 3015; x_wconf 80' lang='lat' dir='ltr'><strong><em>fuisse</em></strong></span> <span class='ocrx_word' id='word_1_233' title='bbox 895 2960 1225 3030; x_wconf 86' lang='lat' dir='ltr'><strong><em>promissas;</em></strong></span> <span class='ocrx_word' id='word_1_234' title='bbox 1247 2960 1372 3030; x_wconf 86' lang='lat' dir='ltr'><strong><em>quia</em></strong></span> <span class='ocrx_word' id='word_1_235' title='bbox 1397 2961 1595 3017; x_wconf 89' lang='lat' dir='ltr'><strong><em>dictum</em></strong></span> <span class='ocrx_word' id='word_1_236' title='bbox 1621 2969 1704 3016; x_wconf 89' lang='lat' dir='ltr'><strong><em>est</em></strong></span> <span class='ocrx_word' id='word_1_237' title='bbox 1729 2961 1835 3016; x_wconf 88' lang='lat' dir='ltr'><strong><em>alio</em></strong></span> <span class='ocrx_word' id='word_1_238' title='bbox 1854 2961 1995 3030; x_wconf 80' lang='lat' dir='ltr'><strong><em>loco,</em></strong></span> 
     </span>
    </p>
   </div>
   <div class='ocr_carea' id='block_1_31' title="bbox 417 3048 1994 3125">
    <p class='ocr_par' dir='ltr' id='par_1_31' title="bbox 417 3048 1994 3125">
     <span class='ocr_line' id='line_1_31' title="bbox 417 3048 1994 3125; baseline 0.003 -21"><span class='ocrx_word' id='word_1_239' title='bbox 417 3048 622 3104; x_wconf 81' lang='lat' dir='ltr'><strong><em>Patrem</em></strong></span> <span class='ocrx_word' id='word_1_240' title='bbox 641 3051 913 3104; x_wconf 87' lang='lat' dir='ltr'><strong><em>multarum</em></strong></span> <span class='ocrx_word' id='word_1_241' title='bbox 937 3051 1159 3122; x_wconf 84' lang='lat' dir='ltr'><strong><em>gentium</em></strong></span> <span class='ocrx_word' id='word_1_242' title='bbox 1179 3051 1324 3122; x_wconf 82' lang='lat' dir='ltr'><strong><em>posui</em></strong></span> <span class='ocrx_word' id='word_1_243' title='bbox 1342 3059 1388 3105; x_wconf 90' lang='lat' dir='ltr'><strong><em>te</em></strong></span> <span class='ocrx_word' id='word_1_244' title='bbox 1411 3049 1520 3124; x_wconf 86' lang='lat' dir='ltr'><strong><em>(Id.</em></strong></span> <span class='ocrx_word' id='word_1_245' title='bbox 1535 3067 1665 3120; x_wconf 80' lang='lat' dir='ltr'><strong><em>xvn,</em></strong></span> <span class='ocrx_word' id='word_1_246' title='bbox 1689 3051 1766 3125; x_wconf 87' lang='lat'><strong><em>5).</em></strong></span> <span class='ocrx_word' id='word_1_247' title='bbox 1789 3051 1884 3108; x_wconf 83' lang='lat' dir='ltr'><strong><em>Est</em></strong></span> <span class='ocrx_word' id='word_1_248' title='bbox 1899 3068 1994 3108; x_wconf 83' lang='lat' dir='ltr'><strong><em>au-</em></strong></span> 
     </span>
    </p>
   </div>
   <div class='ocr_carea' id='block_1_32' title="bbox 421 3139 1996 3213">
    <p class='ocr_par' dir='ltr' id='par_1_32' title="bbox 421 3139 1996 3213">
     <span class='ocr_line' id='line_1_32' title="bbox 421 3139 1996 3213; baseline 0.002 -19"><span class='ocrx_word' id='word_1_249' title='bbox 421 3149 528 3194; x_wconf 88' lang='lat' dir='ltr'><strong><em>tem</em></strong></span> <span class='ocrx_word' id='word_1_250' title='bbox 555 3154 720 3194; x_wconf 86' lang='lat' dir='ltr'><strong><em>sanus</em></strong></span> <span class='ocrx_word' id='word_1_251' title='bbox 741 3139 1074 3203; x_wconf 87' lang='lat' dir='ltr'><strong><em>intellectus,</em></strong></span> <span class='ocrx_word' id='word_1_252' title='bbox 1107 3139 1228 3195; x_wconf 85' lang='lat' dir='ltr'><strong><em>ideo</em></strong></span> <span class='ocrx_word' id='word_1_253' title='bbox 1264 3141 1342 3196; x_wconf 91' lang='lat' dir='ltr'><strong><em>sic</em></strong></span> <span class='ocrx_word' id='word_1_254' title='bbox 1369 3140 1601 3196; x_wconf 86' lang='lat' dir='ltr'><strong><em>locutam</em></strong></span> <span class='ocrx_word' id='word_1_255' title='bbox 1626 3142 1954 3213; x_wconf 86' lang='lat' dir='ltr'><strong><em>Scripturam</em></strong></span> <span class='ocrx_word' id='word_1_256' title='bbox 1979 3183 1996 3208; x_wconf 91' lang='lat'><strong><em>,</em></strong></span> 
     </span>
    </p>
   </div>
   <div class='ocr_carea' id='block_1_33' title="bbox 416 3230 1996 3302">
    <p class='ocr_par' dir='ltr' id='par_1_33' title="bbox 416 3230 1996 3302">
     <span class='ocr_line' id='line_1_33' title="bbox 416 3230 1996 3302; baseline 0.001 -16"><span class='ocrx_word' id='word_1_257' title='bbox 416 3231 540 3300; x_wconf 88' lang='lat' dir='ltr'><strong><em>quia</em></strong></span> <span class='ocrx_word' id='word_1_258' title='bbox 572 3237 794 3299; x_wconf 88' lang='lat' dir='ltr'><strong><em>possunt</em></strong></span> <span class='ocrx_word' id='word_1_259' title='bbox 822 3243 942 3285; x_wconf 90' lang='lat' dir='ltr'><strong><em>esse</em></strong></span> <span class='ocrx_word' id='word_1_260' title='bbox 964 3231 1136 3302; x_wconf 84' lang='lat' dir='ltr'><strong><em>aliqua</em></strong></span> <span class='ocrx_word' id='word_1_261' title='bbox 1167 3230 1343 3284; x_wconf 88' lang='lat' dir='ltr'><strong><em>omnia</em></strong></span> <span class='ocrx_word' id='word_1_262' title='bbox 1370 3273 1386 3298; x_wconf 96' lang='lat'><strong><em>,</em></strong></span> <span class='ocrx_word' id='word_1_263' title='bbox 1417 3249 1537 3301; x_wconf 80' lang='lat' dir='ltr'><strong><em>qua:</em></strong></span> <span class='ocrx_word' id='word_1_264' title='bbox 1559 3247 1665 3287; x_wconf 89' lang='lat' dir='ltr'><strong><em>non</em></strong></span> <span class='ocrx_word' id='word_1_265' title='bbox 1697 3239 1823 3287; x_wconf 88' lang='lat' dir='ltr'><strong><em>sunt</em></strong></span> <span class='ocrx_word' id='word_1_266' title='bbox 1857 3233 1996 3288; x_wconf 91' lang='lat' dir='ltr'><strong><em>mul-</em></strong></span> 
     </span>
    </p>
   </div>
   <div class='ocr_carea' id='block_1_34' title="bbox 419 3319 1999 3392">
    <p class='ocr_par' dir='ltr' id='par_1_34' title="bbox 419 3319 1999 3392">
     <span class='ocr_line' id='line_1_34' title="bbox 419 3319 1999 3392; baseline 0.001 -16"><span class='ocrx_word' id='word_1_267' title='bbox 419 3329 470 3376; x_wconf 88' lang='lat' dir='ltr'><strong><em>ta</em></strong></span> <span class='ocrx_word' id='word_1_268' title='bbox 500 3337 513 3373; x_wconf 90' lang='lat'><strong>:</strong></span> <span class='ocrx_word' id='word_1_269' title='bbox 542 3320 678 3374; x_wconf 89' lang='lat' dir='ltr'><strong><em>sicut</em></strong></span> <span class='ocrx_word' id='word_1_270' title='bbox 706 3319 884 3375; x_wconf 86' lang='lat' dir='ltr'><strong><em>omnia</em></strong></span> <span class='ocrx_word' id='word_1_271' title='bbox 933 3319 1160 3376; x_wconf 88' lang='lat' dir='ltr'><strong><em>dicimus</em></strong></span> <span class='ocrx_word' id='word_1_272' title='bbox 1208 3320 1514 3392; x_wconf 75' lang='lat' dir='ltr'><strong><em>Evangelia,</em></strong></span> <span class='ocrx_word' id='word_1_273' title='bbox 1555 3329 1610 3376; x_wconf 86' lang='lat' dir='ltr'><strong><em>et</em></strong></span> <span class='ocrx_word' id='word_1_274' title='bbox 1641 3331 1817 3378; x_wconf 87' lang='lat' dir='ltr'><strong><em>tamen</em></strong></span> <span class='ocrx_word' id='word_1_275' title='bbox 1852 3323 1999 3382; x_wconf 86' lang='lat' dir='ltr'><strong><em>brevi</em></strong></span> 
     </span>
    </p>
   </div>
   <div class='ocr_carea' id='block_1_35' title="bbox 416 3411 1998 3483">
    <p class='ocr_par' dir='ltr' id='par_1_35' title="bbox 416 3411 1998 3483">
     <span class='ocr_line' id='line_1_35' title="bbox 416 3411 1998 3483; baseline 0.001 -15"><span class='ocrx_word' id='word_1_276' title='bbox 416 3427 642 3468; x_wconf 88' lang='lat' dir='ltr'><strong><em>numero</em></strong></span> <span class='ocrx_word' id='word_1_277' title='bbox 665 3453 680 3478; x_wconf 90' lang='lat'><strong><em>,</em></strong></span> <span class='ocrx_word' id='word_1_278' title='bbox 701 3411 764 3466; x_wconf 86' lang='lat' dir='ltr'><strong><em>id</em></strong></span> <span class='ocrx_word' id='word_1_279' title='bbox 784 3421 883 3475; x_wconf 89' lang='lat' dir='ltr'><strong><em>est,</em></strong></span> <span class='ocrx_word' id='word_1_280' title='bbox 913 3421 1102 3483; x_wconf 87' lang='lat' dir='ltr'><strong><em>quater</em></strong></span> <span class='ocrx_word' id='word_1_281' title='bbox 1113 3413 1268 3468; x_wconf 86' lang='lat' dir='ltr'><strong><em>nario</em></strong></span> <span class='ocrx_word' id='word_1_282' title='bbox 1294 3413 1652 3468; x_wconf 89' lang='lat' dir='ltr'><strong><em>continentur.</em></strong></span> <span class='ocrx_word' id='word_1_283' title='bbox 1695 3413 1766 3471; x_wconf 89' lang='lat' dir='ltr'><strong><em>Et</em></strong></span> <span class='ocrx_word' id='word_1_284' title='bbox 1813 3428 1998 3469; x_wconf 87' lang='lat' dir='ltr'><strong><em>rursus</em></strong></span> 
     </span>
    </p>
   </div>
   <div class='ocr_carea' id='block_1_36' title="bbox 415 3505 2000 3578">
    <p class='ocr_par' dir='ltr' id='par_1_36' title="bbox 415 3505 2000 3578">
     <span class='ocr_line' id='line_1_36' title="bbox 415 3505 2000 3578; baseline 0.003 -20"><span class='ocrx_word' id='word_1_285' title='bbox 415 3515 641 3578; x_wconf 83' lang='lat' dir='ltr'><strong><em>possunt</em></strong></span> <span class='ocrx_word' id='word_1_286' title='bbox 673 3505 844 3576; x_wconf 88' lang='lat' dir='ltr'><strong><em>aliqua</em></strong></span> <span class='ocrx_word' id='word_1_287' title='bbox 874 3520 996 3562; x_wconf 88' lang='lat' dir='ltr'><strong><em>esse</em></strong></span> <span class='ocrx_word' id='word_1_288' title='bbox 1025 3505 1190 3560; x_wconf 85' lang='lat' dir='ltr'><strong><em>multa</em></strong></span> <span class='ocrx_word' id='word_1_289' title='bbox 1217 3547 1230 3570; x_wconf 88' lang='lat'><strong><em>,</em></strong></span> <span class='ocrx_word' id='word_1_290' title='bbox 1265 3520 1371 3562; x_wconf 87' lang='lat' dir='ltr'><strong><em>non</em></strong></span> <span class='ocrx_word' id='word_1_291' title='bbox 1401 3515 1578 3562; x_wconf 87' lang='lat' dir='ltr'><strong><em>tamen</em></strong></span> <span class='ocrx_word' id='word_1_292' title='bbox 1625 3506 1838 3562; x_wconf 89' lang='lat' dir='ltr'><strong><em>omnia:</em></strong></span> <span class='ocrx_word' id='word_1_293' title='bbox 1862 3505 2000 3562; x_wconf 85' lang='lat' dir='ltr'><strong><em>sicut</em></strong></span> 
     </span>
    </p>
   </div>
   <div class='ocr_carea' id='block_1_37' title="bbox 416 3595 1998 3664">
    <p class='ocr_par' dir='ltr' id='par_1_37' title="bbox 416 3595 1998 3664">
     <span class='ocr_line' id='line_1_37' title="bbox 416 3595 1998 3664; baseline -0.001 -12"><span class='ocrx_word' id='word_1_294' title='bbox 416 3598 612 3652; x_wconf 85' lang='lat' dir='ltr'><strong><em>multos</em></strong></span> <span class='ocrx_word' id='word_1_295' title='bbox 633 3595 858 3651; x_wconf 87' lang='lat' dir='ltr'><strong><em>dicimus</em></strong></span> <span class='ocrx_word' id='word_1_296' title='bbox 894 3595 1114 3652; x_wconf 68' lang='lat' dir='ltr'><strong><em>credi-re</em></strong></span> <span class='ocrx_word' id='word_1_297' title='bbox 1145 3595 1197 3651; x_wconf 94' lang='lat' dir='ltr'><strong><em>in</em></strong></span> <span class='ocrx_word' id='word_1_298' title='bbox 1223 3595 1517 3664; x_wconf 64' lang='lat' dir='ltr'><strong><em>Christum,</em></strong></span> <span class='ocrx_word' id='word_1_299' title='bbox 1543 3612 1642 3653; x_wconf 88' lang='lat' dir='ltr'><strong><em>nee</em></strong></span> <span class='ocrx_word' id='word_1_300' title='bbox 1679 3604 1856 3652; x_wconf 88' lang='lat' dir='ltr'><strong><em>tamen</em></strong></span> <span class='ocrx_word' id='word_1_301' title='bbox 1881 3611 1998 3651; x_wconf 81' lang='lat' dir='ltr'><strong><em>om-</em></strong></span> 
     </span>
    </p>
   </div>
   <div class='ocr_carea' id='block_1_38' title="bbox 416 3685 1997 3758">
    <p class='ocr_par' dir='ltr' id='par_1_38' title="bbox 416 3685 1997 3758">
     <span class='ocr_line' id='line_1_38' title="bbox 416 3685 1997 3758; baseline 0 -16"><span class='ocrx_word' id='word_1_302' title='bbox 416 3703 510 3742; x_wconf 87' lang='lat' dir='ltr'><strong><em>nes</em></strong></span> <span class='ocrx_word' id='word_1_303' title='bbox 537 3686 776 3742; x_wconf 89' lang='lat' dir='ltr'><strong><em>creduut.</em></strong></span> <span class='ocrx_word' id='word_1_304' title='bbox 809 3685 929 3741; x_wconf 81' lang='lat' dir='ltr'><strong><em>Non</em></strong></span> <span class='ocrx_word' id='word_1_305' title='bbox 975 3687 1108 3741; x_wconf 86' lang='lat' dir='ltr'><strong><em>enim</em></strong></span> <span class='ocrx_word' id='word_1_306' title='bbox 1136 3689 1360 3741; x_wconf 88' lang='lat' dir='ltr'><strong><em>omnium</em></strong></span> <span class='ocrx_word' id='word_1_307' title='bbox 1389 3698 1459 3743; x_wconf 83' lang='lat' dir='ltr'><strong><em>est</em></strong></span> <span class='ocrx_word' id='word_1_308' title='bbox 1482 3687 1630 3756; x_wconf 80' lang='lat' dir='ltr'><strong><em>ﬁdes,</em></strong></span> <span class='ocrx_word' id='word_1_309' title='bbox 1662 3689 1740 3743; x_wconf 86' lang='lat' dir='ltr'><strong><em>ait</em></strong></span> <span class='ocrx_word' id='word_1_310' title='bbox 1770 3691 1997 3758; x_wconf 84' lang='lat' dir='ltr'><strong><em>Aposto-</em></strong></span> 
     </span>
    </p>
   </div>
   <div class='ocr_carea' id='block_1_39' title="bbox 414 3777 1995 3853">
    <p class='ocr_par' dir='ltr' id='par_1_39' title="bbox 414 3777 1995 3853">
     <span class='ocr_line' id='line_1_39' title="bbox 414 3777 1995 3853; baseline -0.001 -16"><span class='ocrx_word' id='word_1_311' title='bbox 414 3781 498 3837; x_wconf 85' lang='lat' dir='ltr'><strong><em>lus</em></strong></span> <span class='ocrx_word' id='word_1_312' title='bbox 529 3779 593 3853; x_wconf 87' lang='grc' dir='ltr'><strong><em>(ΙΙ</em></strong></span> <span class='ocrx_word' id='word_1_313' title='bbox 634 3779 806 3836; x_wconf 80' lang='lat' dir='ltr'><strong><em>Thess.</em></strong></span> <span class='ocrx_word' id='word_1_314' title='bbox 837 3795 916 3847; x_wconf 88' lang='lat' dir='ltr'><strong><em>nt,</em></strong></span> <span class='ocrx_word' id='word_1_315' title='bbox 945 3777 1022 3852; x_wconf 73' lang='lat'><strong><em>2).</em></strong></span> <span class='ocrx_word' id='word_1_316' title='bbox 1057 3779 1206 3848; x_wconf 88' lang='lat' dir='ltr'><strong><em>Quod</em></strong></span> <span class='ocrx_word' id='word_1_317' title='bbox 1247 3791 1424 3835; x_wconf 77' lang='lat' dir='ltr'><strong><em>autent</em></strong></span> <span class='ocrx_word' id='word_1_318' title='bbox 1455 3780 1655 3835; x_wconf 89' lang='lat' dir='ltr'><strong><em>dictum</em></strong></span> <span class='ocrx_word' id='word_1_319' title='bbox 1675 3791 1776 3847; x_wconf 90' lang='lat' dir='ltr'><strong><em>est,</em></strong></span> <span class='ocrx_word' id='word_1_320' title='bbox 1811 3779 1873 3834; x_wconf 81' lang='lat' dir='ltr'><strong><em>In</em></strong></span> <span class='ocrx_word' id='word_1_321' title='bbox 1912 3798 1995 3836; x_wconf 85' lang='lat' dir='ltr'><strong><em>se-</em></strong></span> 
     </span>
    </p>
   </div>
   <div class='ocr_carea' id='block_1_40' title="bbox 415 3867 1998 3943">
    <p class='ocr_par' dir='ltr' id='par_1_40' title="bbox 415 3867 1998 3943">
     <span class='ocr_line' id='line_1_40' title="bbox 415 3867 1998 3943; baseline 0.001 -19"><span class='ocrx_word' id='word_1_322' title='bbox 415 3874 548 3926; x_wconf 88' lang='lat' dir='ltr'><strong><em>mine</em></strong></span> <span class='ocrx_word' id='word_1_323' title='bbox 577 3883 661 3926; x_wconf 86' lang='lat' dir='ltr'><strong><em>tuo</em></strong></span> <span class='ocrx_word' id='word_1_324' title='bbox 688 3871 1040 3926; x_wconf 78' lang='lat' dir='ltr'><strong><em>benedicentur</em></strong></span> <span class='ocrx_word' id='word_1_325' title='bbox 1067 3889 1238 3926; x_wconf 86' lang='lat' dir='ltr'><strong><em>omnes</em></strong></span> <span class='ocrx_word' id='word_1_326' title='bbox 1265 3882 1464 3943; x_wconf 72' lang='lat' dir='ltr'><strong><em>gentes;</em></strong></span> <span class='ocrx_word' id='word_1_327' title='bbox 1493 3881 1545 3926; x_wconf 90' lang='lat' dir='ltr'><strong><em>et</em></strong></span> <span class='ocrx_word' id='word_1_328' title='bbox 1565 3912 1582 3938; x_wconf 92' lang='lat'><strong><em>,</em></strong></span> <span class='ocrx_word' id='word_1_329' title='bbox 1634 3867 1843 3926; x_wconf 84' lang='lat' dir='ltr'><strong><em>Patrem</em></strong></span> <span class='ocrx_word' id='word_1_330' title='bbox 1874 3873 1998 3926; x_wconf 85' lang='lat' dir='ltr'><strong><em>mul-</em></strong></span> 
     </span>
    </p>
   </div>
   <div class='ocr_carea' id='block_1_41' title="bbox 414 3959 1998 4036">
    <p class='ocr_par' dir='ltr' id='par_1_41' title="bbox 414 3959 1998 4036">
     <span class='ocr_line' id='line_1_41' title="bbox 414 3959 1998 4036; baseline 0.002 -19"><span class='ocrx_word' id='word_1_331' title='bbox 414 3971 580 4017; x_wconf 87' lang='lat' dir='ltr'><strong><em>tarum</em></strong></span> <span class='ocrx_word' id='word_1_332' title='bbox 627 3964 848 4036; x_wconf 81' lang='lat' dir='ltr'><strong><em>gentium</em></strong></span> <span class='ocrx_word' id='word_1_333' title='bbox 893 3963 1038 4034; x_wconf 82' lang='lat' dir='ltr'><strong><em>posui</em></strong></span> <span class='ocrx_word' id='word_1_334' title='bbox 1069 3973 1112 4016; x_wconf 84' lang='lat' dir='ltr'><strong><em>te</em></strong></span> <span class='ocrx_word' id='word_1_335' title='bbox 1143 3979 1161 4017; x_wconf 92' lang='lat'><strong><em>:</em></strong></span> <span class='ocrx_word' id='word_1_336' title='bbox 1188 3959 1403 4017; x_wconf 83' lang='lat' dir='ltr'><strong><em>easdem</em></strong></span> <span class='ocrx_word' id='word_1_337' title='bbox 1432 3979 1639 4028; x_wconf 90' lang='lat' dir='ltr'><strong><em>omnes,</em></strong></span> <span class='ocrx_word' id='word_1_338' title='bbox 1673 3964 1896 4030; x_wconf 84' lang='lat' dir='ltr'><strong><em>multas;</em></strong></span> <span class='ocrx_word' id='word_1_339' title='bbox 1943 3975 1998 4020; x_wconf 89' lang='lat' dir='ltr'><strong><em>et</em></strong></span> 
     </span>
    </p>
   </div>
   <div class='ocr_carea' id='block_1_42' title="bbox 413 4052 1995 4120">
    <p class='ocr_par' dir='ltr' id='par_1_42' title="bbox 413 4052 1995 4120">
     <span class='ocr_line' id='line_1_42' title="bbox 413 4052 1995 4120; baseline 0.001 -11"><span class='ocrx_word' id='word_1_340' title='bbox 413 4053 630 4110; x_wconf 85' lang='lat' dir='ltr'><strong><em>easdem</em></strong></span> <span class='ocrx_word' id='word_1_341' title='bbox 658 4052 872 4120; x_wconf 90' lang='lat' dir='ltr'><strong><em>multas,</em></strong></span> <span class='ocrx_word' id='word_1_342' title='bbox 904 4068 1094 4108; x_wconf 90' lang='lat' dir='ltr'><strong><em>omnes</em></strong></span> <span class='ocrx_word' id='word_1_343' title='bbox 1110 4068 1231 4108; x_wconf 90' lang='lat' dir='ltr'><strong><em>esse</em></strong></span> <span class='ocrx_word' id='word_1_344' title='bbox 1247 4062 1600 4109; x_wconf 89' lang='lat' dir='ltr'><strong><em>monstratum</em></strong></span> <span class='ocrx_word' id='word_1_345' title='bbox 1617 4065 1720 4110; x_wconf 86' lang='lat' dir='ltr'><strong><em>est.</em></strong></span> <span class='ocrx_word' id='word_1_346' title='bbox 1743 4053 1813 4109; x_wconf 89' lang='lat' dir='ltr'><strong><em>lla</em></strong></span> <span class='ocrx_word' id='word_1_347' title='bbox 1832 4055 1995 4110; x_wconf 88' lang='lat' dir='ltr'><strong><em>etiam</em></strong></span> 
     </span>
    </p>
   </div>
   <div class='ocr_carea' id='block_1_43' title="bbox 418 4143 1998 4218">
    <p class='ocr_par' dir='ltr' id='par_1_43' title="bbox 418 4143 1998 4218">
     <span class='ocr_line' id='line_1_43' title="bbox 418 4143 1998 4218; baseline 0.001 -18"><span class='ocrx_word' id='word_1_348' title='bbox 418 4160 540 4200; x_wconf 91' lang='lat' dir='ltr'><strong><em>cum</em></strong></span> <span class='ocrx_word' id='word_1_349' title='bbox 567 4145 769 4200; x_wconf 90' lang='lat' dir='ltr'><strong><em>dictum</em></strong></span> <span class='ocrx_word' id='word_1_350' title='bbox 797 4154 898 4211; x_wconf 91' lang='lat' dir='ltr'><strong><em>est,</em></strong></span> <span class='ocrx_word' id='word_1_351' title='bbox 925 4143 1028 4200; x_wconf 82' lang='lat' dir='ltr'><strong><em>Per</em></strong></span> <span class='ocrx_word' id='word_1_352' title='bbox 1050 4161 1214 4199; x_wconf 90' lang='lat' dir='ltr'><strong><em>unum</em></strong></span> <span class='ocrx_word' id='word_1_353' title='bbox 1243 4145 1293 4199; x_wconf 90' lang='lat' dir='ltr'><strong><em>in</em></strong></span> <span class='ocrx_word' id='word_1_354' title='bbox 1319 4160 1508 4201; x_wconf 88' lang='lat' dir='ltr'><strong><em>omnes</em></strong></span> <span class='ocrx_word' id='word_1_355' title='bbox 1531 4145 1786 4202; x_wconf 71' lang='lat' dir='ltr'><strong><em>transisse</em></strong></span> <span class='ocrx_word' id='word_1_356' title='bbox 1812 4161 1998 4218; x_wconf 84' lang='lat' dir='ltr'><strong><em>pecca-</em></strong></span> 
     </span>
    </p>
   </div>
   <div class='ocr_carea' id='block_1_44' title="bbox 415 4233 1996 4307">
    <p class='ocr_par' dir='ltr' id='par_1_44' title="bbox 415 4233 1996 4307">
     <span class='ocr_line' id='line_1_44' title="bbox 415 4233 1996 4307; baseline 0.002 -18"><span class='ocrx_word' id='word_1_357' title='bbox 415 4243 556 4298; x_wconf 84' lang='lat' dir='ltr'><strong><em>tum;</em></strong></span> <span class='ocrx_word' id='word_1_358' title='bbox 587 4243 644 4291; x_wconf 87' lang='lat' dir='ltr'><strong><em>et</em></strong></span> <span class='ocrx_word' id='word_1_359' title='bbox 664 4245 869 4306; x_wconf 86' lang='lat' dir='ltr'><strong><em>postea,</em></strong></span> <span class='ocrx_word' id='word_1_360' title='bbox 899 4233 1006 4290; x_wconf 81' lang='lat' dir='ltr'><strong><em>Per</em></strong></span> <span class='ocrx_word' id='word_1_361' title='bbox 1043 4235 1202 4289; x_wconf 89' lang='lat' dir='ltr'><strong><em>unius</em></strong></span> <span class='ocrx_word' id='word_1_362' title='bbox 1233 4233 1459 4290; x_wconf 72' lang='grc' dir='ltr'>ἱιιοιιιιάἱι</span> <span class='ocrx_word' id='word_1_363' title='bbox 1484 4237 1647 4290; x_wconf 89' lang='lat' dir='ltr'><strong><em>ntiam</em></strong></span> <span class='ocrx_word' id='word_1_364' title='bbox 1687 4249 1996 4307; x_wconf 87' lang='lat' dir='ltr'><strong><em>peccatores</em></strong></span> 
     </span>
    </p>
   </div>
   <div class='ocr_carea' id='block_1_45' title="bbox 413 4325 1990 4398">
    <p class='ocr_par' dir='ltr' id='par_1_45' title="bbox 413 4325 1990 4398">
     <span class='ocr_line' id='line_1_45' title="bbox 413 4325 1990 4398; baseline 0.003 -19"><span class='ocrx_word' id='word_1_365' title='bbox 413 4325 730 4381; x_wconf 77' lang='lat' dir='ltr'><strong><em>Constitutos</em></strong></span> <span class='ocrx_word' id='word_1_366' title='bbox 776 4327 970 4381; x_wconf 89' lang='lat' dir='ltr'><strong><em>multos</em></strong></span> <span class='ocrx_word' id='word_1_367' title='bbox 995 4343 1008 4380; x_wconf 88' lang='lat'><strong>:</strong></span> <span class='ocrx_word' id='word_1_368' title='bbox 1035 4326 1136 4398; x_wconf 87' lang='lat' dir='ltr'><strong><em>ipsi</em></strong></span> <span class='ocrx_word' id='word_1_369' title='bbox 1181 4335 1306 4380; x_wconf 86' lang='lat' dir='ltr'><strong><em>sunt</em></strong></span> <span class='ocrx_word' id='word_1_370' title='bbox 1347 4325 1496 4381; x_wconf 88' lang='lat' dir='ltr'><strong><em>multi</em></strong></span> <span class='ocrx_word' id='word_1_371' title='bbox 1522 4367 1538 4390; x_wconf 91' lang='lat'><strong><em>,</em></strong></span> <span class='ocrx_word' id='word_1_372' title='bbox 1570 4327 1659 4396; x_wconf 91' lang='lat' dir='ltr'><strong><em>qui</em></strong></span> <span class='ocrx_word' id='word_1_373' title='bbox 1703 4337 1758 4382; x_wconf 93' lang='lat' dir='ltr'><strong><em>et</em></strong></span> <span class='ocrx_word' id='word_1_374' title='bbox 1783 4345 1990 4383; x_wconf 86' lang='lat' dir='ltr'><strong><em>omnes.</em></strong></span> 
     </span>
    </p>
   </div>
   <div class='ocr_carea' id='block_1_46' title="bbox 413 4415 1996 4488">
    <p class='ocr_par' dir='ltr' id='par_1_46' title="bbox 413 4415 1996 4488">
     <span class='ocr_line' id='line_1_46' title="bbox 413 4415 1996 4488; baseline 0.001 -15"><span class='ocrx_word' id='word_1_375' title='bbox 413 4417 670 4473; x_wconf 84' lang='lat' dir='ltr'><strong><em>Similiter</em></strong></span> <span class='ocrx_word' id='word_1_376' title='bbox 697 4433 816 4472; x_wconf 86' lang='lat' dir='ltr'><strong><em>cum</em></strong></span> <span class='ocrx_word' id='word_1_377' title='bbox 849 4417 1050 4473; x_wconf 87' lang='lat' dir='ltr'><strong><em>dictum</em></strong></span> <span class='ocrx_word' id='word_1_378' title='bbox 1072 4424 1176 4481; x_wconf 91' lang='lat' dir='ltr'><strong><em>est,</em></strong></span> <span class='ocrx_word' id='word_1_379' title='bbox 1209 4415 1314 4472; x_wconf 85' lang='lat' dir='ltr'><strong><em>Per</em></strong></span> <span class='ocrx_word' id='word_1_380' title='bbox 1333 4417 1482 4470; x_wconf 82' lang='lat' dir='ltr'><strong><em>unius</em></strong></span> <span class='ocrx_word' id='word_1_381' title='bbox 1501 4418 1920 4488; x_wconf 83' lang='lat' dir='ltr'><strong><em>justi/icationem</em></strong></span> <span class='ocrx_word' id='word_1_382' title='bbox 1943 4421 1996 4476; x_wconf 84' lang='lat' dir='ltr'><strong><em>in</em></strong></span> 
     </span>
    </p>
   </div>
   <div class='ocr_carea' id='block_1_47' title="bbox 413 4507 1990 4579">
    <p class='ocr_par' dir='ltr' id='par_1_47' title="bbox 413 4507 1990 4579">
     <span class='ocr_line' id='line_1_47' title="bbox 413 4507 1990 4579; baseline 0.002 -18"><span class='ocrx_word' id='word_1_383' title='bbox 413 4523 586 4561; x_wconf 87' lang='lat' dir='ltr'><strong><em>omnes</em></strong></span> <span class='ocrx_word' id='word_1_384' title='bbox 609 4507 854 4572; x_wconf 79' lang='lat' dir='ltr'><strong><em>homines,</em></strong></span> <span class='ocrx_word' id='word_1_385' title='bbox 883 4507 952 4560; x_wconf 85' lang='lat' dir='ltr'><strong><em>ad</em></strong></span> <span class='ocrx_word' id='word_1_386' title='bbox 971 4508 1392 4579; x_wconf 78' lang='lat' dir='ltr'><strong><em>justiﬁcationent</em></strong></span> <span class='ocrx_word' id='word_1_387' title='bbox 1417 4507 1566 4574; x_wconf 69' lang='lat' dir='ltr'><strong><em>sine;</em></strong></span> <span class='ocrx_word' id='word_1_388' title='bbox 1595 4519 1649 4564; x_wconf 90' lang='lat' dir='ltr'><strong><em>et</em></strong></span> <span class='ocrx_word' id='word_1_389' title='bbox 1675 4523 1863 4566; x_wconf 87' lang='lat' dir='ltr'><strong><em>rursus</em></strong></span> <span class='ocrx_word' id='word_1_390' title='bbox 1901 4509 1990 4564; x_wconf 89' lang='lat' dir='ltr'><strong><em>di-</em></strong></span> 
     </span>
    </p>
   </div>
   <div class='ocr_carea' id='block_1_48' title="bbox 413 4597 1996 4672">
    <p class='ocr_par' dir='ltr' id='par_1_48' title="bbox 413 4597 1996 4672">
     <span class='ocr_line' id='line_1_48' title="bbox 413 4597 1996 4672; baseline 0.002 -17"><span class='ocrx_word' id='word_1_391' title='bbox 413 4609 556 4655; x_wconf 91' lang='lat' dir='ltr'><strong><em>ctum</em></strong></span> <span class='ocrx_word' id='word_1_392' title='bbox 595 4605 710 4662; x_wconf 84' lang='lat' dir='ltr'><strong><em>est,</em></strong></span> <span class='ocrx_word' id='word_1_393' title='bbox 748 4597 849 4654; x_wconf 86' lang='lat' dir='ltr'><strong><em>Per</em></strong></span> <span class='ocrx_word' id='word_1_394' title='bbox 892 4600 1041 4654; x_wconf 82' lang='lat' dir='ltr'><strong><em>unius</em></strong></span> <span class='ocrx_word' id='word_1_395' title='bbox 1085 4598 1418 4656; x_wconf 81' lang='lat' dir='ltr'><strong><em>obedientiam</em></strong></span> <span class='ocrx_word' id='word_1_396' title='bbox 1453 4601 1584 4672; x_wconf 80' lang='lat' dir='ltr'><strong><em>justi</em></strong></span> <span class='ocrx_word' id='word_1_397' title='bbox 1631 4601 1996 4658; x_wconf 81' lang='lat' dir='ltr'><strong><em>constituentur</em></strong></span> 
     </span>
    </p>
   </div>
   <div class='ocr_carea' id='block_1_49' title="bbox 412 4685 1992 4765">
    <p class='ocr_par' dir='ltr' id='par_1_49' title="bbox 412 4685 1992 4765">
     <span class='ocr_line' id='line_1_49' title="bbox 412 4685 1992 4765; baseline 0.002 -18"><span class='ocrx_word' id='word_1_398' title='bbox 412 4692 560 4747; x_wconf 86' lang='lat' dir='ltr'><strong><em>multi</em></strong></span> <span class='ocrx_word' id='word_1_399' title='bbox 583 4685 757 4764; x_wconf 76' lang='lat' dir='ltr'><strong><em>(Rom.</em></strong></span> <span class='ocrx_word' id='word_1_400' title='bbox 789 4707 844 4760; x_wconf 86' lang='lat' dir='ltr'><strong><em>v,</em></strong></span> <span class='ocrx_word' id='word_1_401' title='bbox 874 4691 960 4755; x_wconf 72' lang='lat' dir='ltr'><strong><em>l2,</em></strong></span> <span class='ocrx_word' id='word_1_402' title='bbox 992 4691 1080 4759; x_wconf 74' lang='lat'><strong><em>18,</em></strong></span> <span class='ocrx_word' id='word_1_403' title='bbox 1121 4691 1214 4762; x_wconf 79' lang='lat' dir='ltr'><strong><em>i9)</em></strong></span> <span class='ocrx_word' id='word_1_404' title='bbox 1247 4708 1262 4744; x_wconf 90' lang='lat'><strong>:</strong></span> <span class='ocrx_word' id='word_1_405' title='bbox 1290 4707 1396 4748; x_wconf 91' lang='lat' dir='ltr'><strong><em>non</em></strong></span> <span class='ocrx_word' id='word_1_406' title='bbox 1421 4692 1685 4762; x_wconf 77' lang='lat' dir='ltr'><strong><em>aliquibus</em></strong></span> <span class='ocrx_word' id='word_1_407' title='bbox 1710 4695 1945 4765; x_wconf 83' lang='lat' dir='ltr'><strong><em>exceptis</em></strong></span> <span class='ocrx_word' id='word_1_408' title='bbox 1973 4735 1992 4765; x_wconf 89' lang='lat'><strong><em>,</em></strong></span> 
     </span>
    </p>
   </div>
   <div class='ocr_carea' id='block_1_50' title="bbox 410 4784 1995 4856">
    <p class='ocr_par' dir='ltr' id='par_1_50' title="bbox 410 4784 1995 4856">
     <span class='ocr_line' id='line_1_50' title="bbox 410 4784 1995 4856; baseline -0.001 -15"><span class='ocrx_word' id='word_1_409' title='bbox 410 4785 505 4842; x_wconf 87' lang='lat' dir='ltr'><strong><em>sed</em></strong></span> <span class='ocrx_word' id='word_1_410' title='bbox 537 4784 752 4841; x_wconf 89' lang='lat' dir='ltr'><strong><em>eosdem</em></strong></span> <span class='ocrx_word' id='word_1_411' title='bbox 780 4784 994 4849; x_wconf 90' lang='lat' dir='ltr'><strong><em>multos,</em></strong></span> <span class='ocrx_word' id='word_1_412' title='bbox 1014 4797 1202 4839; x_wconf 87' lang='lat' dir='ltr'><strong><em>omnes</em></strong></span> <span class='ocrx_word' id='word_1_413' title='bbox 1228 4792 1436 4854; x_wconf 88' lang='lat' dir='ltr'><strong><em>oportet</em></strong></span> <span class='ocrx_word' id='word_1_414' title='bbox 1464 4784 1679 4856; x_wconf 82' lang='lat' dir='ltr'><strong><em>intelligi</em></strong></span> <span class='ocrx_word' id='word_1_415' title='bbox 1707 4802 1720 4838; x_wconf 90' lang='lat'><strong>:</strong></span> <span class='ocrx_word' id='word_1_416' title='bbox 1745 4799 1850 4838; x_wconf 91' lang='lat' dir='ltr'><strong><em>non</em></strong></span> <span class='ocrx_word' id='word_1_417' title='bbox 1871 4785 1995 4856; x_wconf 85' lang='lat' dir='ltr'><strong><em>quia</em></strong></span> 
     </span>
    </p>
   </div>
   <div class='ocr_carea' id='block_1_51' title="bbox 409 4873 1994 4948">
    <p class='ocr_par' dir='ltr' id='par_1_51' title="bbox 409 4873 1994 4948">
     <span class='ocr_line' id='line_1_51' title="bbox 409 4873 1994 4948; baseline -0.003 -13"><span class='ocrx_word' id='word_1_418' title='bbox 409 4894 599 4935; x_wconf 88' lang='lat' dir='ltr'><strong><em>omnes</em></strong></span> <span class='ocrx_word' id='word_1_419' title='bbox 630 4876 1240 4948; x_wconf 82' lang='lat' dir='ltr'><strong><em>bomiuesjustilicantnr</em></strong></span> <span class='ocrx_word' id='word_1_420' title='bbox 1260 4873 1572 4942; x_wconf 89' lang='lat' dir='ltr'><strong><em>iuChristo;</em></strong></span> <span class='ocrx_word' id='word_1_421' title='bbox 1600 4876 1692 4932; x_wconf 86' lang='lat' dir='ltr'><strong><em>sed</em></strong></span> <span class='ocrx_word' id='word_1_422' title='bbox 1723 4878 1844 4948; x_wconf 85' lang='lat' dir='ltr'><strong><em>quia</em></strong></span> <span class='ocrx_word' id='word_1_423' title='bbox 1874 4893 1994 4934; x_wconf 83' lang='lat' dir='ltr'><strong><em>om-</em></strong></span> 
     </span>
    </p>
   </div>
   <div class='ocr_carea' id='block_1_52' title="bbox 410 4967 1993 5042">
    <p class='ocr_par' dir='ltr' id='par_1_52' title="bbox 410 4967 1993 5042">
     <span class='ocr_line' id='line_1_52' title="bbox 410 4967 1993 5042; baseline 0.001 -18"><span class='ocrx_word' id='word_1_424' title='bbox 410 4986 506 5026; x_wconf 89' lang='lat' dir='ltr'><strong><em>nes</em></strong></span> <span class='ocrx_word' id='word_1_425' title='bbox 541 4969 630 5042; x_wconf 92' lang='lat' dir='ltr'><strong><em>qui</em></strong></span> <span class='ocrx_word' id='word_1_426' title='bbox 664 4967 1022 5040; x_wconf 84' lang='lat' dir='ltr'><strong><em>justillcantur</em></strong></span> <span class='ocrx_word' id='word_1_427' title='bbox 1043 5008 1058 5034; x_wconf 91' lang='lat'><strong><em>,</em></strong></span> <span class='ocrx_word' id='word_1_428' title='bbox 1110 4983 1217 5022; x_wconf 89' lang='lat' dir='ltr'><strong><em>non</em></strong></span> <span class='ocrx_word' id='word_1_429' title='bbox 1259 4967 1414 5023; x_wconf 86' lang='lat' dir='ltr'><strong><em>aliter</em></strong></span> <span class='ocrx_word' id='word_1_430' title='bbox 1459 4977 1685 5040; x_wconf 88' lang='lat' dir='ltr'><strong><em>possunt</em></strong></span> <span class='ocrx_word' id='word_1_431' title='bbox 1714 4968 1993 5038; x_wconf 84' lang='lat' dir='ltr'><strong><em>justiiicari</em></strong></span> 
     </span>
    </p>
   </div>
   <div class='ocr_carea' id='block_1_53' title="bbox 413 5058 1992 5135">
    <p class='ocr_par' dir='ltr' id='par_1_53' title="bbox 413 5058 1992 5135">
     <span class='ocr_line' id='line_1_53' title="bbox 413 5058 1992 5135; baseline 0 -17"><span class='ocrx_word' id='word_1_432' title='bbox 413 5079 572 5135; x_wconf 84' lang='lat' dir='ltr'><strong><em>quam</em></strong></span> <span class='ocrx_word' id='word_1_433' title='bbox 604 5063 656 5116; x_wconf 91' lang='lat' dir='ltr'><strong><em>in</em></strong></span> <span class='ocrx_word' id='word_1_434' title='bbox 678 5061 914 5117; x_wconf 90' lang='lat' dir='ltr'><strong><em>Christo.</em></strong></span> <span class='ocrx_word' id='word_1_435' title='bbox 961 5061 1110 5117; x_wconf 80' lang='lat' dir='ltr'><strong><em>Sicut</em></strong></span> <span class='ocrx_word' id='word_1_436' title='bbox 1137 5075 1418 5132; x_wconf 82' lang='lat' dir='ltr'><strong><em>possumus</em></strong></span> <span class='ocrx_word' id='word_1_437' title='bbox 1445 5058 1654 5125; x_wconf 82' lang='lat' dir='ltr'><strong><em>dicere.</em></strong></span> <span class='ocrx_word' id='word_1_438' title='bbox 1683 5059 1736 5114; x_wconf 91' lang='lat' dir='ltr'><strong><em>in</em></strong></span> <span class='ocrx_word' id='word_1_439' title='bbox 1761 5060 1992 5131; x_wconf 83' lang='lat' dir='ltr'><strong><em>aliquam</em></strong></span> 
     </span>
    </p>
   </div>
   <div class='ocr_carea' id='block_1_54' title="bbox 409 5152 1991 5225">
    <p class='ocr_par' dir='ltr' id='par_1_54' title="bbox 409 5152 1991 5225">
     <span class='ocr_line' id='line_1_54' title="bbox 409 5152 1991 5225; baseline -0.001 -15"><span class='ocrx_word' id='word_1_440' title='bbox 409 5156 626 5210; x_wconf 89' lang='lat' dir='ltr'><strong><em>domum</em></strong></span> <span class='ocrx_word' id='word_1_441' title='bbox 685 5169 778 5225; x_wconf 85' lang='lat' dir='ltr'><strong><em>per</em></strong></span> <span class='ocrx_word' id='word_1_442' title='bbox 809 5169 965 5208; x_wconf 83' lang='lat' dir='ltr'><strong><em>unam</em></strong></span> <span class='ocrx_word' id='word_1_443' title='bbox 994 5153 1209 5224; x_wconf 84' lang='lat' dir='ltr'><strong><em>januam</em></strong></span> <span class='ocrx_word' id='word_1_444' title='bbox 1257 5152 1452 5208; x_wconf 90' lang='lat' dir='ltr'><strong><em>intrare</em></strong></span> <span class='ocrx_word' id='word_1_445' title='bbox 1481 5166 1700 5218; x_wconf 83' lang='lat' dir='ltr'><strong><em>omnes;</em></strong></span> <span class='ocrx_word' id='word_1_446' title='bbox 1731 5167 1835 5207; x_wconf 86' lang='lat' dir='ltr'><strong><em>non</em></strong></span> <span class='ocrx_word' id='word_1_447' title='bbox 1868 5152 1991 5224; x_wconf 83' lang='lat' dir='ltr'><strong><em>quia</em></strong></span> 
     </span>
    </p>
   </div>
   <div class='ocr_carea' id='block_1_55' title="bbox 412 5243 1991 5315">
    <p class='ocr_par' dir='ltr' id='par_1_55' title="bbox 412 5243 1991 5315">
     <span class='ocr_line' id='line_1_55' title="bbox 412 5243 1991 5315; baseline -0.002 -13"><span class='ocrx_word' id='word_1_448' title='bbox 412 5264 600 5304; x_wconf 91' lang='lat' dir='ltr'><strong><em>omnes</em></strong></span> <span class='ocrx_word' id='word_1_449' title='bbox 633 5247 875 5301; x_wconf 83' lang='lat' dir='ltr'><strong><em>homines</em></strong></span> <span class='ocrx_word' id='word_1_450' title='bbox 903 5247 1100 5301; x_wconf 86' lang='lat' dir='ltr'><strong><em>intrant</em></strong></span> <span class='ocrx_word' id='word_1_451' title='bbox 1121 5246 1172 5299; x_wconf 90' lang='lat' dir='ltr'><strong><em>in</em></strong></span> <span class='ocrx_word' id='word_1_452' title='bbox 1199 5244 1441 5300; x_wconf 86' lang='lat' dir='ltr'><strong><em>eamdem</em></strong></span> <span class='ocrx_word' id='word_1_453' title='bbox 1471 5243 1711 5308; x_wconf 88' lang='lat' dir='ltr'><strong><em>domum,</em></strong></span> <span class='ocrx_word' id='word_1_454' title='bbox 1751 5243 1843 5300; x_wconf 90' lang='lat' dir='ltr'><strong><em>sed</em></strong></span> <span class='ocrx_word' id='word_1_455' title='bbox 1869 5246 1991 5315; x_wconf 88' lang='lat' dir='ltr'><strong><em>quia</em></strong></span> 
     </span>
    </p>
   </div>
   <div class='ocr_carea' id='block_1_56' title="bbox 411 5330 1988 5406">
    <p class='ocr_par' dir='ltr' id='par_1_56' title="bbox 411 5330 1988 5406">
     <span class='ocr_line' id='line_1_56' title="bbox 411 5330 1988 5406; baseline -0.004 -12"><span class='ocrx_word' id='word_1_456' title='bbox 411 5330 571 5394; x_wconf 79' lang='lat' dir='ltr'><strong><em>nemo</em></strong></span> <span class='ocrx_word' id='word_1_457' title='bbox 601 5336 763 5392; x_wconf 87' lang='lat' dir='ltr'><strong><em>intrat</em></strong></span> <span class='ocrx_word' id='word_1_458' title='bbox 802 5336 902 5392; x_wconf 90' lang='lat' dir='ltr'><strong><em>nisi</em></strong></span> <span class='ocrx_word' id='word_1_459' title='bbox 947 5351 1043 5406; x_wconf 88' lang='lat' dir='ltr'><strong><em>per</em></strong></span> <span class='ocrx_word' id='word_1_460' title='bbox 1069 5335 1231 5390; x_wconf 88' lang='lat' dir='ltr'><strong><em>illam.</em></strong></span> <span class='ocrx_word' id='word_1_461' title='bbox 1268 5334 1466 5392; x_wconf 86' lang='lat' dir='ltr'><strong><em>Omnes</em></strong></span> <span class='ocrx_word' id='word_1_462' title='bbox 1493 5349 1623 5404; x_wconf 89' lang='lat' dir='ltr'><strong><em>ergo</em></strong></span> <span class='ocrx_word' id='word_1_463' title='bbox 1665 5334 1731 5388; x_wconf 90' lang='lat' dir='ltr'><strong><em>ad</em></strong></span> <span class='ocrx_word' id='word_1_464' title='bbox 1763 5343 1988 5389; x_wconf 89' lang='lat' dir='ltr'><strong><em>mortem</em></strong></span> 
     </span>
    </p>
   </div>
   <div class='ocr_carea' id='block_1_57' title="bbox 415 5428 1986 5504">
    <p class='ocr_par' dir='ltr' id='par_1_57' title="bbox 415 5428 1986 5504">
     <span class='ocr_line' id='line_1_57' title="bbox 415 5428 1986 5504; baseline -0.003 -18"><span class='ocrx_word' id='word_1_465' title='bbox 415 5448 510 5504; x_wconf 80' lang='lat' dir='ltr'><strong><em>per</em></strong></span> <span class='ocrx_word' id='word_1_466' title='bbox 536 5431 728 5496; x_wconf 77' lang='lat' dir='ltr'><strong><em>Adam,</em></strong></span> <span class='ocrx_word' id='word_1_467' title='bbox 757 5445 950 5486; x_wconf 84' lang='lat' dir='ltr'><strong><em>omnes</em></strong></span> <span class='ocrx_word' id='word_1_468' title='bbox 979 5429 1044 5485; x_wconf 74' lang='lat' dir='ltr'><strong><em>ad</em></strong></span> <span class='ocrx_word' id='word_1_469' title='bbox 1069 5433 1229 5484; x_wconf 85' lang='lat' dir='ltr'><strong><em>vitam</em></strong></span> <span class='ocrx_word' id='word_1_470' title='bbox 1251 5443 1348 5499; x_wconf 86' lang='lat' dir='ltr'><strong><em>per</em></strong></span> <span class='ocrx_word' id='word_1_471' title='bbox 1373 5428 1668 5486; x_wconf 85' lang='lat' dir='ltr'><strong><em>Christum.</em></strong></span> <span class='ocrx_word' id='word_1_472' title='bbox 1699 5429 1830 5496; x_wconf 82' lang='lat' dir='ltr'><strong><em>Quia</em></strong></span> <span class='ocrx_word' id='word_1_473' title='bbox 1855 5429 1986 5484; x_wconf 75' lang='lat' dir='ltr'><strong><em>sicut</em></strong></span> 
     </span>
    </p>
   </div>
   <div class='ocr_carea' id='block_1_58' title="bbox 411 5518 1990 5588">
    <p class='ocr_par' dir='ltr' id='par_1_58' title="bbox 411 5518 1990 5588">
     <span class='ocr_line' id='line_1_58' title="bbox 411 5518 1990 5588; baseline -0.006 -8"><span class='ocrx_word' id='word_1_474' title='bbox 411 5527 466 5580; x_wconf 81' lang='lat' dir='ltr'><strong><em>in</em></strong></span> <span class='ocrx_word' id='word_1_475' title='bbox 494 5523 656 5577; x_wconf 80' lang='lat' dir='ltr'><strong><em>Adam</em></strong></span> <span class='ocrx_word' id='word_1_476' title='bbox 683 5539 854 5577; x_wconf 86' lang='lat' dir='ltr'><strong><em>omnes</em></strong></span> <span class='ocrx_word' id='word_1_477' title='bbox 881 5523 1188 5588; x_wconf 84' lang='lat' dir='ltr'><strong><em>moriuntur,</em></strong></span> <span class='ocrx_word' id='word_1_478' title='bbox 1211 5521 1281 5575; x_wconf 87' lang='lat' dir='ltr'><strong><em>ita</em></strong></span> <span class='ocrx_word' id='word_1_479' title='bbox 1303 5531 1346 5575; x_wconf 81' lang='lat' dir='ltr'><strong><em>et</em></strong></span> <span class='ocrx_word' id='word_1_480' title='bbox 1371 5521 1422 5575; x_wconf 87' lang='lat' dir='ltr'><strong><em>in</em></strong></span> <span class='ocrx_word' id='word_1_481' title='bbox 1443 5518 1642 5576; x_wconf 78' lang='lat' dir='ltr'><strong><em>Christo</em></strong></span> <span class='ocrx_word' id='word_1_482' title='bbox 1666 5536 1836 5574; x_wconf 87' lang='lat' dir='ltr'><strong><em>omnes</em></strong></span> <span class='ocrx_word' id='word_1_483' title='bbox 1865 5519 1990 5572; x_wconf 76' lang='lat' dir='ltr'><strong><em>viri-</em></strong></span> 
     </span>
    </p>
   </div>
   <div class='ocr_carea' id='block_1_59' title="bbox 447 5675 1992 5788">
    <p class='ocr_par' dir='ltr' id='par_1_59' title="bbox 447 5675 1992 5788">
     <span class='ocr_line' id='line_1_59' title="bbox 447 5675 1992 5788; baseline 0.001 -64"><span class='ocrx_word' id='word_1_484' title='bbox 447 5679 724 5788; x_wconf 41' lang='lat' dir='ltr'><strong><em>.tbguatuor</em></strong></span> <span class='ocrx_word' id='word_1_485' title='bbox 761 5677 964 5725; x_wconf 75' lang='lat' dir='ltr'><strong><em>Vaticani</em></strong></span> <span class='ocrx_word' id='word_1_486' title='bbox 1005 5685 1110 5726; x_wconf 69' lang='lat' dir='ltr'><strong><em>uss.</em></strong></span> <span class='ocrx_word' id='word_1_487' title='bbox 1131 5711 1145 5738; x_wconf 92' lang='lat'><strong><em>,</em></strong></span> <span class='ocrx_word' id='word_1_488' title='bbox 1188 5676 1346 5742; x_wconf 78' lang='lat' dir='ltr'><strong><em>gratia</em></strong></span> <span class='ocrx_word' id='word_1_489' title='bbox 1397 5689 1508 5727; x_wconf 79' lang='lat' dir='ltr'><strong><em>vero</em></strong></span> <span class='ocrx_word' id='word_1_490' title='bbox 1551 5689 1643 5728; x_wconf 86' lang='lat' dir='ltr'><strong><em>non</em></strong></span> <span class='ocrx_word' id='word_1_491' title='bbox 1674 5675 1827 5727; x_wconf 71' lang='lat' dir='ltr'><strong><em>solun</em></strong></span> <span class='ocrx_word' id='word_1_492' title='bbox 1860 5675 1992 5743; x_wconf 64' lang='lat' dir='ltr'><strong><em>sum-</em></strong></span> 
     </span>
     <span class='ocr_line' id='line_1_60' title="bbox 447 5751 583 5788; baseline -0.015 0"><span class='ocrx_word' id='word_1_493' title='bbox 447 5751 484 5788; x_wconf 79' lang='lat' dir='ltr'><strong><em>te</em></strong></span> <span class='ocrx_word' id='word_1_494' title='bbox 567 5771 583 5786; x_wconf 94' lang='lat'><strong><em>.</em></strong></span> 
     </span>
    </p>
   </div>
   <div class='ocr_carea' id='block_1_60' title="bbox 411 5750 583 5790">
    <p class='ocr_par' dir='ltr' id='par_1_60' title="bbox 411 5750 583 5790">
     <span class='ocr_line' id='line_1_61' title="bbox 411 5750 583 5790; baseline -0.023 0"><span class='ocrx_word' id='word_1_495' title='bbox 411 5750 583 5790; x_wconf 70' lang='grc' dir='ltr'><strong><em>ηοω.</em></strong></span> 
     </span>
    </p>
   </div>
   <div class='ocr_carea' id='block_1_61' title="bbox 1229 291 2890 366">
    <p class='ocr_par' dir='ltr' id='par_1_61' title="bbox 1229 291 2890 366">
     <span class='ocr_line' id='line_1_62' title="bbox 1229 291 2890 366; baseline 0.006 -12"><span class='ocrx_word' id='word_1_496' title='bbox 1229 291 1501 354; x_wconf 75' lang='lat' dir='ltr'><strong><em>CONTRA</em></strong></span> <span class='ocrx_word' id='word_1_497' title='bbox 1539 291 1882 350; x_wconf 68' lang='lat' dir='ltr'><strong><em>JL‘LIANUM</em></strong></span> <span class='ocrx_word' id='word_1_498' title='bbox 1921 291 2386 366; x_wconf 61' lang='lat' dir='ltr'><strong><em>PELAGlANUM,</em></strong></span> <span class='ocrx_word' id='word_1_499' title='bbox 2427 301 2484 358; x_wconf 90' lang='lat' dir='ltr'><strong><em>S.</em></strong></span> <span class='ocrx_word' id='word_1_500' title='bbox 2525 303 2890 366; x_wconf 75' lang='lat' dir='ltr'><strong><em>AUGUSTINI</em></strong></span> 
     </span>
    </p>
   </div>
   <div class='ocr_carea' id='block_1_62' title="bbox 3585 331 3695 387">
    <p class='ocr_par' dir='ltr' id='par_1_62' title="bbox 3585 331 3695 387">
     <span class='ocr_line' id='line_1_63' title="bbox 3585 331 3695 387; baseline -0.018 -1"><span class='ocrx_word' id='word_1_501' title='bbox 3585 331 3695 387; x_wconf 72' lang='grc' dir='ltr'><strong><em>8ἷί</em></strong></span> 
     </span>
    </p>
   </div>
   <div class='ocr_carea' id='block_1_63' title="bbox 2113 416 3702 493">
    <p class='ocr_par' dir='ltr' id='par_1_63' title="bbox 2113 416 3702 493">
     <span class='ocr_line' id='line_1_64' title="bbox 2113 416 3702 493; baseline 0.006 -22"><span class='ocrx_word' id='word_1_502' title='bbox 2113 416 2415 485; x_wconf 76' lang='lat' dir='ltr'><strong><em>ficabuntur</em></strong></span> <span class='ocrx_word' id='word_1_503' title='bbox 2439 418 2482 474; x_wconf 86' lang='lat' dir='ltr'><strong><em>(l</em></strong></span> <span class='ocrx_word' id='word_1_504' title='bbox 2513 418 2637 474; x_wconf 87' lang='lat' dir='ltr'><strong><em>Cor.</em></strong></span> <span class='ocrx_word' id='word_1_505' title='bbox 2675 437 2765 486; x_wconf 80' lang='lat' dir='ltr'><strong><em>xv,</em></strong></span> <span class='ocrx_word' id='word_1_506' title='bbox 2791 421 2883 493; x_wconf 75' lang='lat'><strong><em>22)</em></strong></span> <span class='ocrx_word' id='word_1_507' title='bbox 2911 439 2924 475; x_wconf 93' lang='lat'>:</span> <span class='ocrx_word' id='word_1_508' title='bbox 2953 421 3006 478; x_wconf 89' lang='lat' dir='ltr'><strong><em>id</em></strong></span> <span class='ocrx_word' id='word_1_509' title='bbox 3035 428 3160 488; x_wconf 59' lang='grc' dir='ltr'><strong><em>ειη,-</em></strong></span> <span class='ocrx_word' id='word_1_510' title='bbox 3191 437 3258 478; x_wconf 82' lang='lat' dir='ltr'><strong><em>ex</em></strong></span> <span class='ocrx_word' id='word_1_511' title='bbox 3290 421 3466 492; x_wconf 84' lang='lat' dir='ltr'><strong><em>prima</em></strong></span> <span class='ocrx_word' id='word_1_512' title='bbox 3491 424 3702 492; x_wconf 77' lang='lat' dir='ltr'><strong><em>uligine</em></strong></span> 
     </span>
    </p>
   </div>
   <div class='ocr_carea' id='block_1_64' title="bbox 2114 510 3696 586">
    <p class='ocr_par' dir='ltr' id='par_1_64' title="bbox 2114 510 3696 586">
     <span class='ocr_line' id='line_1_65' title="bbox 2114 510 3696 586; baseline 0.006 -24"><span class='ocrx_word' id='word_1_513' title='bbox 2114 510 2329 578; x_wconf 80' lang='lat' dir='ltr'><strong><em>generis</em></strong></span> <span class='ocrx_word' id='word_1_514' title='bbox 2366 511 2586 567; x_wconf 85' lang='lat' dir='ltr'><strong><em>humani</em></strong></span> <span class='ocrx_word' id='word_1_515' title='bbox 2636 529 2794 568; x_wconf 90' lang='lat' dir='ltr'><strong><em>nemo</em></strong></span> <span class='ocrx_word' id='word_1_516' title='bbox 2826 515 2892 568; x_wconf 89' lang='lat' dir='ltr'><strong><em>ad</em></strong></span> <span class='ocrx_word' id='word_1_517' title='bbox 2919 525 3145 570; x_wconf 86' lang='lat' dir='ltr'><strong><em>mortem</em></strong></span> <span class='ocrx_word' id='word_1_518' title='bbox 3172 513 3274 570; x_wconf 91' lang='lat' dir='ltr'><strong><em>nisi</em></strong></span> <span class='ocrx_word' id='word_1_519' title='bbox 3305 532 3400 586; x_wconf 81' lang='lat' dir='ltr'><strong><em>per</em></strong></span> <span class='ocrx_word' id='word_1_520' title='bbox 3419 517 3619 582; x_wconf 74' lang='lat' dir='ltr'><strong><em>Adam,</em></strong></span> <span class='ocrx_word' id='word_1_521' title='bbox 3645 527 3696 572; x_wconf 88' lang='lat' dir='ltr'><strong><em>et</em></strong></span> 
     </span>
    </p>
   </div>
   <div class='ocr_carea' id='block_1_65' title="bbox 2113 598 3698 671">
    <p class='ocr_par' dir='ltr' id='par_1_65' title="bbox 2113 598 3698 671">
     <span class='ocr_line' id='line_1_66' title="bbox 2113 598 3698 671; baseline 0.008 -17"><span class='ocrx_word' id='word_1_522' title='bbox 2113 614 2274 655; x_wconf 89' lang='lat' dir='ltr'><strong><em>nemo</em></strong></span> <span class='ocrx_word' id='word_1_523' title='bbox 2287 617 2382 671; x_wconf 85' lang='lat' dir='ltr'><strong><em>per</em></strong></span> <span class='ocrx_word' id='word_1_524' title='bbox 2394 598 2563 656; x_wconf 73' lang='lat' dir='ltr'><strong><em>Adam</em></strong></span> <span class='ocrx_word' id='word_1_525' title='bbox 2580 605 2681 659; x_wconf 89' lang='lat' dir='ltr'><strong><em>nisi</em></strong></span> <span class='ocrx_word' id='word_1_526' title='bbox 2704 607 2771 660; x_wconf 89' lang='lat' dir='ltr'><strong><em>ad</em></strong></span> <span class='ocrx_word' id='word_1_527' title='bbox 2797 617 3023 661; x_wconf 89' lang='lat' dir='ltr'><strong><em>mortem</em></strong></span> <span class='ocrx_word' id='word_1_528' title='bbox 3042 624 3056 668; x_wconf 88' lang='lat'><strong>;</strong></span> <span class='ocrx_word' id='word_1_529' title='bbox 3082 613 3137 661; x_wconf 89' lang='lat' dir='ltr'><strong><em>et</em></strong></span> <span class='ocrx_word' id='word_1_530' title='bbox 3153 624 3310 663; x_wconf 90' lang='lat' dir='ltr'><strong><em>nemo</em></strong></span> <span class='ocrx_word' id='word_1_531' title='bbox 3325 609 3392 663; x_wconf 90' lang='lat' dir='ltr'><strong><em>ad</em></strong></span> <span class='ocrx_word' id='word_1_532' title='bbox 3407 609 3573 662; x_wconf 88' lang='lat' dir='ltr'><strong><em>vitam</em></strong></span> <span class='ocrx_word' id='word_1_533' title='bbox 3589 610 3698 666; x_wconf 70' lang='lat' dir='ltr'><strong><em>nisi</em></strong></span> 
     </span>
    </p>
   </div>
   <div class='ocr_carea' id='block_1_66' title="bbox 2111 689 3662 767">
    <p class='ocr_par' dir='ltr' id='par_1_66' title="bbox 2111 689 3662 767">
     <span class='ocr_line' id='line_1_67' title="bbox 2111 689 3662 767; baseline 0.006 -24"><span class='ocrx_word' id='word_1_534' title='bbox 2111 703 2213 763; x_wconf 88' lang='lat' dir='ltr'><strong><em>per</em></strong></span> <span class='ocrx_word' id='word_1_535' title='bbox 2227 689 2528 758; x_wconf 84' lang='lat' dir='ltr'><strong><em>Christum,</em></strong></span> <span class='ocrx_word' id='word_1_536' title='bbox 2559 703 2614 748; x_wconf 89' lang='lat' dir='ltr'><strong><em>et</em></strong></span> <span class='ocrx_word' id='word_1_537' title='bbox 2637 711 2794 750; x_wconf 85' lang='lat' dir='ltr'><strong><em>nemo</em></strong></span> <span class='ocrx_word' id='word_1_538' title='bbox 2823 712 2919 767; x_wconf 91' lang='lat' dir='ltr'><strong><em>per</em></strong></span> <span class='ocrx_word' id='word_1_539' title='bbox 2937 696 3210 752; x_wconf 88' lang='lat' dir='ltr'><strong><em>Christum</em></strong></span> <span class='ocrx_word' id='word_1_540' title='bbox 3245 699 3348 761; x_wconf 84' lang='lat' dir='ltr'><strong><em>nisi</em></strong></span> <span class='ocrx_word' id='word_1_541' title='bbox 3378 700 3444 753; x_wconf 88' lang='lat' dir='ltr'><strong><em>ad</em></strong></span> <span class='ocrx_word' id='word_1_542' title='bbox 3470 701 3662 754; x_wconf 85' lang='lat' dir='ltr'><strong><em>vitam.</em></strong></span> 
     </span>
    </p>
   </div>
   <div class='ocr_carea' id='block_1_67' title="bbox 2183 778 3701 850">
    <p class='ocr_par' dir='ltr' id='par_1_67' title="bbox 2183 778 3701 850">
     <span class='ocr_line' id='line_1_68' title="bbox 2183 778 3701 850; baseline 0.005 -13"><span class='ocrx_word' id='word_1_543' title='bbox 2183 778 2275 837; x_wconf 89' lang='lat' dir='ltr'><strong><em>8l.</em></strong></span> <span class='ocrx_word' id='word_1_544' title='bbox 2307 781 2416 836; x_wconf 80' lang='lat' dir='ltr'><strong><em>Vos</em></strong></span> <span class='ocrx_word' id='word_1_545' title='bbox 2454 792 2635 839; x_wconf 78' lang='lat' dir='ltr'><strong><em>autem</em></strong></span> <span class='ocrx_word' id='word_1_546' title='bbox 2667 785 2793 839; x_wconf 85' lang='lat' dir='ltr'><strong><em>dum</em></strong></span> <span class='ocrx_word' id='word_1_547' title='bbox 2837 800 2946 840; x_wconf 80' lang='lat' dir='ltr'><strong><em>non</em></strong></span> <span class='ocrx_word' id='word_1_548' title='bbox 2991 802 3197 850; x_wconf 84' lang='lat' dir='ltr'><strong><em>omnes,</em></strong></span> <span class='ocrx_word' id='word_1_549' title='bbox 3231 787 3325 840; x_wconf 86' lang='lat' dir='ltr'><strong><em>sed</em></strong></span> <span class='ocrx_word' id='word_1_550' title='bbox 3369 787 3565 842; x_wconf 87' lang='lat' dir='ltr'><strong><em>multos</em></strong></span> <span class='ocrx_word' id='word_1_551' title='bbox 3585 789 3701 844; x_wconf 78' lang='lat' dir='ltr'><strong><em>site</em></strong></span> 
     </span>
    </p>
   </div>
   <div class='ocr_carea' id='block_1_68' title="bbox 2113 873 3700 952">
    <p class='ocr_par' dir='ltr' id='par_1_68' title="bbox 2113 873 3700 952">
     <span class='ocr_line' id='line_1_69' title="bbox 2113 873 3700 952; baseline 0.007 -25"><span class='ocrx_word' id='word_1_552' title='bbox 2113 889 2212 945; x_wconf 89' lang='lat' dir='ltr'><strong><em>per</em></strong></span> <span class='ocrx_word' id='word_1_553' title='bbox 2255 873 2446 937; x_wconf 79' lang='lat' dir='ltr'><strong><em>Adam,</em></strong></span> <span class='ocrx_word' id='word_1_554' title='bbox 2474 875 2862 934; x_wconf 87' lang='lat' dir='ltr'><strong><em>condemnatos</em></strong></span> <span class='ocrx_word' id='word_1_555' title='bbox 2882 894 3020 942; x_wconf 84' lang='lat' dir='ltr'><strong><em>esse,</em></strong></span> <span class='ocrx_word' id='word_1_556' title='bbox 3045 880 3158 933; x_wconf 82' lang='lat' dir='ltr'><strong><em>sive</em></strong></span> <span class='ocrx_word' id='word_1_557' title='bbox 3201 896 3234 952; x_wconf 90' lang='lat' dir='ltr'><strong><em>p</em></strong></span> <span class='ocrx_word' id='word_1_558' title='bbox 3255 896 3296 933; x_wconf 87' lang='lat' dir='ltr'><strong><em>-r</em></strong></span> <span class='ocrx_word' id='word_1_559' title='bbox 3327 878 3604 937; x_wconf 85' lang='lat' dir='ltr'><strong><em>Christum</em></strong></span> <span class='ocrx_word' id='word_1_560' title='bbox 3635 881 3700 937; x_wconf 81' lang='lat' dir='ltr'><strong><em>li-</em></strong></span> 
     </span>
    </p>
   </div>
   <div class='ocr_carea' id='block_1_69' title="bbox 2113 963 3704 1042">
    <p class='ocr_par' dir='ltr' id='par_1_69' title="bbox 2113 963 3704 1042">
     <span class='ocr_line' id='line_1_70' title="bbox 2113 963 3704 1042; baseline 0.004 -22"><span class='ocrx_word' id='word_1_561' title='bbox 2113 963 2330 1021; x_wconf 80' lang='lat' dir='ltr'><strong><em>beratos</em></strong></span> <span class='ocrx_word' id='word_1_562' title='bbox 2362 964 2452 1020; x_wconf 84' lang='lat' dir='ltr'><strong><em>vul</em></strong></span> <span class='ocrx_word' id='word_1_563' title='bbox 2478 967 2524 1023; x_wconf 90' lang='lat' dir='ltr'><strong><em>is</em></strong></span> <span class='ocrx_word' id='word_1_564' title='bbox 2572 967 2818 1038; x_wconf 81' lang='lat' dir='ltr'><strong><em>intelligi,</em></strong></span> <span class='ocrx_word' id='word_1_565' title='bbox 2851 969 3120 1025; x_wconf 83' lang='lat' dir='ltr'><strong><em>horrenda</em></strong></span> <span class='ocrx_word' id='word_1_566' title='bbox 3161 973 3514 1042; x_wconf 81' lang='lat' dir='ltr'><strong><em>perversitate</em></strong></span> <span class='ocrx_word' id='word_1_567' title='bbox 3557 970 3704 1029; x_wconf 77' lang='lat' dir='ltr'><strong><em>cliti-</em></strong></span> 
     </span>
    </p>
   </div>
   <div class='ocr_carea' id='block_1_70' title="bbox 2112 1055 3697 1136">
    <p class='ocr_par' dir='ltr' id='par_1_70' title="bbox 2112 1055 3697 1136">
     <span class='ocr_line' id='line_1_71' title="bbox 2112 1055 3697 1136; baseline 0.006 -24"><span class='ocrx_word' id='word_1_568' title='bbox 2112 1056 2300 1112; x_wconf 78' lang='lat' dir='ltr'><strong><em>stianze</em></strong></span> <span class='ocrx_word' id='word_1_569' title='bbox 2318 1058 2558 1127; x_wconf 77' lang='lat' dir='ltr'><strong><em>religioai</em></strong></span> <span class='ocrx_word' id='word_1_570' title='bbox 2575 1063 2708 1115; x_wconf 82' lang='lat' dir='ltr'><strong><em>estis</em></strong></span> <span class='ocrx_word' id='word_1_571' title='bbox 2728 1059 2928 1116; x_wconf 74' lang='lat' dir='ltr'><strong><em>infesti.</em></strong></span> <span class='ocrx_word' id='word_1_572' title='bbox 2945 1063 3003 1117; x_wconf 83' lang='lat' dir='ltr'><strong><em>Si</em></strong></span> <span class='ocrx_word' id='word_1_573' title='bbox 3021 1063 3164 1117; x_wconf 87' lang='lat' dir='ltr'><strong><em>enim</em></strong></span> <span class='ocrx_word' id='word_1_574' title='bbox 3180 1055 3319 1117; x_wconf 83' lang='lat' dir='ltr'><strong><em>salvi</em></strong></span> <span class='ocrx_word' id='word_1_575' title='bbox 3345 1076 3506 1119; x_wconf 87' lang='lat' dir='ltr'><strong><em>erunt</em></strong></span> <span class='ocrx_word' id='word_1_576' title='bbox 3531 1063 3697 1136; x_wconf 80' lang='lat' dir='ltr'><strong><em>aliqui</em></strong></span> 
     </span>
    </p>
   </div>
   <div class='ocr_carea' id='block_1_71' title="bbox 2112 1143 3695 1222">
    <p class='ocr_par' dir='ltr' id='par_1_71' title="bbox 2112 1143 3695 1222">
     <span class='ocr_line' id='line_1_72' title="bbox 2112 1143 3695 1222; baseline 0.007 -22"><span class='ocrx_word' id='word_1_577' title='bbox 2112 1143 2230 1202; x_wconf 86' lang='lat' dir='ltr'><strong><em>sine</em></strong></span> <span class='ocrx_word' id='word_1_578' title='bbox 2273 1146 2511 1212; x_wconf 74' lang='lat' dir='ltr'><strong><em>Christo,</em></strong></span> <span class='ocrx_word' id='word_1_579' title='bbox 2552 1160 2606 1204; x_wconf 92' lang='lat' dir='ltr'><strong><em>et</em></strong></span> <span class='ocrx_word' id='word_1_580' title='bbox 2647 1149 3018 1218; x_wconf 79' lang='lat' dir='ltr'><strong><em>justitieantur</em></strong></span> <span class='ocrx_word' id='word_1_581' title='bbox 3064 1154 3230 1222; x_wconf 80' lang='lat' dir='ltr'><strong><em>aliqui</em></strong></span> <span class='ocrx_word' id='word_1_582' title='bbox 3285 1155 3403 1210; x_wconf 90' lang='lat' dir='ltr'><strong><em>sine</em></strong></span> <span class='ocrx_word' id='word_1_583' title='bbox 3443 1157 3695 1221; x_wconf 70' lang='lat' dir='ltr'><strong><em>Christo;</em></strong></span> 
     </span>
    </p>
   </div>
   <div class='ocr_carea' id='block_1_72' title="bbox 2111 1237 3701 1312">
    <p class='ocr_par' dir='ltr' id='par_1_72' title="bbox 2111 1237 3701 1312">
     <span class='ocr_line' id='line_1_73' title="bbox 2111 1237 3701 1312; baseline 0.006 -20"><span class='ocrx_word' id='word_1_584' title='bbox 2111 1250 2242 1308; x_wconf 86' lang='lat' dir='ltr'><strong><em>ergo</em></strong></span> <span class='ocrx_word' id='word_1_585' title='bbox 2263 1237 2510 1294; x_wconf 84' lang='lat' dir='ltr'><strong><em>Christus</em></strong></span> <span class='ocrx_word' id='word_1_586' title='bbox 2541 1241 2716 1312; x_wconf 81' lang='lat' dir='ltr'><strong><em>gratis</em></strong></span> <span class='ocrx_word' id='word_1_587' title='bbox 2741 1251 2987 1298; x_wconf 85' lang='lat' dir='ltr'><strong><em>mortuus</em></strong></span> <span class='ocrx_word' id='word_1_588' title='bbox 3007 1254 3110 1298; x_wconf 79' lang='lat' dir='ltr'><strong><em>est.</em></strong></span> <span class='ocrx_word' id='word_1_589' title='bbox 3137 1243 3268 1299; x_wconf 88' lang='lat' dir='ltr'><strong><em>Erat</em></strong></span> <span class='ocrx_word' id='word_1_590' title='bbox 3296 1245 3439 1298; x_wconf 87' lang='lat' dir='ltr'><strong><em>enim</em></strong></span> <span class='ocrx_word' id='word_1_591' title='bbox 3470 1256 3523 1299; x_wconf 91' lang='lat' dir='ltr'><strong><em>et</em></strong></span> <span class='ocrx_word' id='word_1_592' title='bbox 3556 1245 3701 1302; x_wconf 77' lang='lat' dir='ltr'><strong><em>aiius</em></strong></span> 
     </span>
    </p>
   </div>
   <div class='ocr_carea' id='block_1_73' title="bbox 2111 1315 3696 1399">
    <p class='ocr_par' dir='ltr' id='par_1_73' title="bbox 2111 1315 3696 1399">
     <span class='ocr_line' id='line_1_74' title="bbox 2111 1315 3696 1399; baseline 0.007 -18"><span class='ocrx_word' id='word_1_593' title='bbox 2111 1327 2321 1392; x_wconf 85' lang='lat' dir='ltr'><strong><em>modus,</em></strong></span> <span class='ocrx_word' id='word_1_594' title='bbox 2357 1329 2497 1386; x_wconf 86' lang='lat' dir='ltr'><strong><em>sicut</em></strong></span> <span class='ocrx_word' id='word_1_595' title='bbox 2524 1315 2711 1396; x_wconf 81' lang='lat' dir='ltr'><strong><em>vultis,</em></strong></span> <span class='ocrx_word' id='word_1_596' title='bbox 2743 1331 2797 1386; x_wconf 91' lang='lat' dir='ltr'><strong><em>in</em></strong></span> <span class='ocrx_word' id='word_1_597' title='bbox 2841 1341 3057 1399; x_wconf 89' lang='lat' dir='ltr'><strong><em>natura,</em></strong></span> <span class='ocrx_word' id='word_1_598' title='bbox 3085 1333 3139 1386; x_wconf 92' lang='lat' dir='ltr'><strong><em>in</em></strong></span> <span class='ocrx_word' id='word_1_599' title='bbox 3167 1333 3337 1388; x_wconf 87' lang='lat' dir='ltr'><strong><em>libero</em></strong></span> <span class='ocrx_word' id='word_1_600' title='bbox 3366 1335 3616 1399; x_wconf 66' lang='lat' dir='ltr'><strong><em>arbitrio,</em></strong></span> <span class='ocrx_word' id='word_1_601' title='bbox 3643 1335 3696 1392; x_wconf 84' lang='lat' dir='ltr'><strong><em>in</em></strong></span> 
     </span>
    </p>
   </div>
   <div class='ocr_carea' id='block_1_74' title="bbox 2111 1402 3699 1485">
    <p class='ocr_par' dir='ltr' id='par_1_74' title="bbox 2111 1402 3699 1485">
     <span class='ocr_line' id='line_1_75' title="bbox 2111 1402 3699 1485; baseline 0.012 -30"><span class='ocrx_word' id='word_1_602' title='bbox 2111 1402 2224 1473; x_wconf 80' lang='lat' dir='ltr'><strong><em>lege</em></strong></span> <span class='ocrx_word' id='word_1_603' title='bbox 2267 1410 2520 1472; x_wconf 88' lang='lat' dir='ltr'><strong><em>naturali,</em></strong></span> <span class='ocrx_word' id='word_1_604' title='bbox 2551 1411 2661 1464; x_wconf 84' lang='lat' dir='ltr'><strong><em>sive</em></strong></span> <span class='ocrx_word' id='word_1_605' title='bbox 2689 1414 2989 1482; x_wconf 82' lang='lat' dir='ltr'><strong><em>conscripta</em></strong></span> <span class='ocrx_word' id='word_1_606' title='bbox 3014 1454 3029 1477; x_wconf 94' lang='lat'><strong><em>,</em></strong></span> <span class='ocrx_word' id='word_1_607' title='bbox 3061 1430 3168 1485; x_wconf 88' lang='lat' dir='ltr'><strong><em>quo</em></strong></span> <span class='ocrx_word' id='word_1_608' title='bbox 3219 1427 3434 1484; x_wconf 60' lang='lat' dir='ltr'><strong><em>possent</em></strong></span> <span class='ocrx_word' id='word_1_609' title='bbox 3480 1419 3614 1472; x_wconf 86' lang='lat' dir='ltr'><strong><em>salvi</em></strong></span> <span class='ocrx_word' id='word_1_610' title='bbox 3645 1429 3699 1474; x_wconf 82' lang='lat' dir='ltr'><strong><em>et</em></strong></span> 
     </span>
    </p>
   </div>
   <div class='ocr_carea' id='block_1_75' title="bbox 2103 1493 3695 1575">
    <p class='ocr_par' dir='ltr' id='par_1_75' title="bbox 2103 1493 3695 1575">
     <span class='ocr_line' id='line_1_76' title="bbox 2103 1493 3695 1575; baseline 0.01 -30"><span class='ocrx_word' id='word_1_611' title='bbox 2103 1493 2231 1562; x_wconf 83' lang='lat' dir='ltr'><strong><em>justi</em></strong></span> <span class='ocrx_word' id='word_1_612' title='bbox 2277 1509 2398 1551; x_wconf 86' lang='lat' dir='ltr'><strong><em>esse</em></strong></span> <span class='ocrx_word' id='word_1_613' title='bbox 2443 1499 2532 1567; x_wconf 87' lang='lat' dir='ltr'><strong><em>qui</em></strong></span> <span class='ocrx_word' id='word_1_614' title='bbox 2578 1501 2794 1555; x_wconf 80' lang='lat' dir='ltr'><strong><em>vellent.</em></strong></span> <span class='ocrx_word' id='word_1_615' title='bbox 2825 1501 3004 1556; x_wconf 68' lang='lat' dir='ltr'><strong><em>iustas</em></strong></span> <span class='ocrx_word' id='word_1_616' title='bbox 3033 1516 3214 1559; x_wconf 89' lang='lat' dir='ltr'><strong><em>autem</em></strong></span> <span class='ocrx_word' id='word_1_617' title='bbox 3263 1506 3519 1575; x_wconf 86' lang='lat' dir='ltr'><strong><em>imagines</em></strong></span> <span class='ocrx_word' id='word_1_618' title='bbox 3566 1507 3695 1573; x_wconf 88' lang='lat' dir='ltr'><strong><em>Dei,</em></strong></span> 
     </span>
    </p>
   </div>
   <div class='ocr_carea' id='block_1_76' title="bbox 2108 1585 3698 1666">
    <p class='ocr_par' dir='ltr' id='par_1_76' title="bbox 2108 1585 3698 1666">
     <span class='ocr_line' id='line_1_77' title="bbox 2108 1585 3698 1666; baseline 0.012 -28"><span class='ocrx_word' id='word_1_619' title='bbox 2108 1585 2225 1658; x_wconf 91' lang='lat' dir='ltr'><strong><em>quis</em></strong></span> <span class='ocrx_word' id='word_1_620' title='bbox 2253 1587 2353 1640; x_wconf 91' lang='lat' dir='ltr'><strong><em>nisi</em></strong></span> <span class='ocrx_word' id='word_1_621' title='bbox 2398 1588 2622 1657; x_wconf 67' lang='lat' dir='ltr'><strong><em>injustus</em></strong></span> <span class='ocrx_word' id='word_1_622' title='bbox 2654 1591 2961 1663; x_wconf 84' lang='lat' dir='ltr'><strong><em>prohiberet</em></strong></span> <span class='ocrx_word' id='word_1_623' title='bbox 2999 1609 3029 1648; x_wconf 86' lang='lat' dir='ltr'><strong><em>a</em></strong></span> <span class='ocrx_word' id='word_1_624' title='bbox 3067 1611 3232 1666; x_wconf 86' lang='lat' dir='ltr'><strong><em>regno</em></strong></span> <span class='ocrx_word' id='word_1_625' title='bbox 3272 1596 3398 1652; x_wconf 87' lang='lat' dir='ltr'><strong><em>Dei?</em></strong></span> <span class='ocrx_word' id='word_1_626' title='bbox 3429 1599 3526 1656; x_wconf 88' lang='lat' dir='ltr'><strong><em>llic</em></strong></span> <span class='ocrx_word' id='word_1_627' title='bbox 3564 1602 3698 1657; x_wconf 77' lang='lat' dir='ltr'><strong><em>forte</em></strong></span> 
     </span>
    </p>
   </div>
   <div class='ocr_carea' id='block_1_77' title="bbox 2107 1674 3699 1758">
    <p class='ocr_par' dir='ltr' id='par_1_77' title="bbox 2107 1674 3699 1758">
     <span class='ocr_line' id='line_1_78' title="bbox 2107 1674 3699 1758; baseline 0.009 -28"><span class='ocrx_word' id='word_1_628' title='bbox 2107 1674 2241 1732; x_wconf 88' lang='lat' dir='ltr'><strong><em>dicis</em></strong></span> <span class='ocrx_word' id='word_1_629' title='bbox 2268 1694 2282 1730; x_wconf 88' lang='lat'><strong>:</strong></span> <span class='ocrx_word' id='word_1_630' title='bbox 2306 1677 2410 1732; x_wconf 89' lang='lat' dir='ltr'><strong><em>Sed</em></strong></span> <span class='ocrx_word' id='word_1_631' title='bbox 2437 1681 2637 1735; x_wconf 84' lang='lat' dir='ltr'><strong><em>facilius</em></strong></span> <span class='ocrx_word' id='word_1_632' title='bbox 2667 1698 2760 1751; x_wconf 84' lang='lat' dir='ltr'><strong><em>per</em></strong></span> <span class='ocrx_word' id='word_1_633' title='bbox 2779 1683 3070 1739; x_wconf 87' lang='lat' dir='ltr'><strong><em>Christum.</em></strong></span> <span class='ocrx_word' id='word_1_634' title='bbox 3100 1683 3360 1751; x_wconf 77' lang='lat' dir='ltr'><strong><em>Numquid</em></strong></span> <span class='ocrx_word' id='word_1_635' title='bbox 3386 1705 3490 1742; x_wconf 92' lang='lat' dir='ltr'><strong><em>non</em></strong></span> <span class='ocrx_word' id='word_1_636' title='bbox 3519 1699 3699 1758; x_wconf 77' lang='lat' dir='ltr'><strong><em>posset</em></strong></span> 
     </span>
    </p>
   </div>
   <div class='ocr_carea' id='block_1_78' title="bbox 2106 1769 3697 1850">
    <p class='ocr_par' dir='ltr' id='par_1_78' title="bbox 2106 1769 3697 1850">
     <span class='ocr_line' id='line_1_79' title="bbox 2106 1769 3697 1850; baseline 0.01 -29"><span class='ocrx_word' id='word_1_637' title='bbox 2106 1769 2266 1823; x_wconf 88' lang='lat' dir='ltr'><strong><em>etiam</em></strong></span> <span class='ocrx_word' id='word_1_638' title='bbox 2295 1771 2362 1825; x_wconf 88' lang='lat' dir='ltr'><strong><em>de</em></strong></span> <span class='ocrx_word' id='word_1_639' title='bbox 2399 1771 2514 1843; x_wconf 82' lang='lat' dir='ltr'><strong><em>lege</em></strong></span> <span class='ocrx_word' id='word_1_640' title='bbox 2553 1773 2657 1828; x_wconf 85' lang='lat' dir='ltr'><strong><em>diei</em></strong></span> <span class='ocrx_word' id='word_1_641' title='bbox 2683 1793 2696 1827; x_wconf 86' lang='lat'><strong>:</strong></span> <span class='ocrx_word' id='word_1_642' title='bbox 2723 1774 2818 1829; x_wconf 85' lang='lat' dir='ltr'><strong><em>Est</em></strong></span> <span class='ocrx_word' id='word_1_643' title='bbox 2847 1792 2941 1846; x_wconf 84' lang='lat' dir='ltr'><strong><em>per</em></strong></span> <span class='ocrx_word' id='word_1_644' title='bbox 2972 1777 3142 1850; x_wconf 86' lang='lat' dir='ltr'><strong><em>legem</em></strong></span> <span class='ocrx_word' id='word_1_645' title='bbox 3168 1779 3402 1848; x_wconf 68' lang='lat' dir='ltr'><strong><em>iustitia,</em></strong></span> <span class='ocrx_word' id='word_1_646' title='bbox 3433 1782 3527 1836; x_wconf 88' lang='lat' dir='ltr'><strong><em>sed</em></strong></span> <span class='ocrx_word' id='word_1_647' title='bbox 3569 1781 3697 1836; x_wconf 79' lang='lat' dir='ltr'><strong><em>faei-</em></strong></span> 
     </span>
    </p>
   </div>
   <div class='ocr_carea' id='block_1_79' title="bbox 2105 1857 3696 1942">
    <p class='ocr_par' dir='ltr' id='par_1_79' title="bbox 2105 1857 3696 1942">
     <span class='ocr_line' id='line_1_80' title="bbox 2105 1857 3696 1942; baseline 0.009 -28"><span class='ocrx_word' id='word_1_648' title='bbox 2105 1857 2210 1914; x_wconf 86' lang='lat' dir='ltr'><strong><em>lius</em></strong></span> <span class='ocrx_word' id='word_1_649' title='bbox 2245 1877 2338 1930; x_wconf 86' lang='lat' dir='ltr'><strong><em>per</em></strong></span> <span class='ocrx_word' id='word_1_650' title='bbox 2368 1859 2674 1919; x_wconf 81' lang='lat' dir='ltr'><strong><em>Christum?</em></strong></span> <span class='ocrx_word' id='word_1_651' title='bbox 2705 1863 2770 1919; x_wconf 84' lang='lat' dir='ltr'><strong><em>Et</em></strong></span> <span class='ocrx_word' id='word_1_652' title='bbox 2821 1875 2997 1922; x_wconf 83' lang='lat' dir='ltr'><strong><em>tamen</em></strong></span> <span class='ocrx_word' id='word_1_653' title='bbox 3027 1869 3102 1922; x_wconf 86' lang='lat' dir='ltr'><strong><em>ait</em></strong></span> <span class='ocrx_word' id='word_1_654' title='bbox 3148 1869 3468 1938; x_wconf 77' lang='lat' dir='ltr'><strong><em>Apostolus,</em></strong></span> <span class='ocrx_word' id='word_1_655' title='bbox 3504 1872 3568 1926; x_wconf 79' lang='lat' dir='ltr'><strong><em>Si</em></strong></span> <span class='ocrx_word' id='word_1_656' title='bbox 3607 1889 3696 1942; x_wconf 72' lang='lat' dir='ltr'><strong><em>per</em></strong></span> 
     </span>
    </p>
   </div>
   <div class='ocr_carea' id='block_1_80' title="bbox 2106 1950 3691 2032">
    <p class='ocr_par' dir='ltr' id='par_1_80' title="bbox 2106 1950 3691 2032">
     <span class='ocr_line' id='line_1_81' title="bbox 2106 1950 3691 2032; baseline 0.007 -28"><span class='ocrx_word' id='word_1_657' title='bbox 2106 1950 2263 2022; x_wconf 83' lang='lat' dir='ltr'><strong><em>legem</em></strong></span> <span class='ocrx_word' id='word_1_658' title='bbox 2275 1951 2500 2024; x_wconf 79' lang='lat' dir='ltr'><strong><em>justitia,</em></strong></span> <span class='ocrx_word' id='word_1_659' title='bbox 2519 1971 2634 2026; x_wconf 86' lang='lat' dir='ltr'><strong><em>ergo</em></strong></span> <span class='ocrx_word' id='word_1_660' title='bbox 2653 1953 2882 2010; x_wconf 78' lang='lat' dir='ltr'><strong><em>Christus</em></strong></span> <span class='ocrx_word' id='word_1_661' title='bbox 2897 1960 3056 2028; x_wconf 87' lang='lat' dir='ltr'><strong><em>gratis</em></strong></span> <span class='ocrx_word' id='word_1_662' title='bbox 3075 1969 3302 2014; x_wconf 87' lang='lat' dir='ltr'><strong><em>mortuus</em></strong></span> <span class='ocrx_word' id='word_1_663' title='bbox 3318 1972 3388 2014; x_wconf 84' lang='lat' dir='ltr'><strong><em>est</em></strong></span> <span class='ocrx_word' id='word_1_664' title='bbox 3411 1960 3608 2032; x_wconf 72' lang='lat' dir='ltr'><strong><em>(Colat.</em></strong></span> <span class='ocrx_word' id='word_1_665' title='bbox 3637 1979 3691 2027; x_wconf 82' lang='grc' dir='ltr'>ιι,</span> 
     </span>
    </p>
   </div>
   <div class='ocr_carea' id='block_1_81' title="bbox 2105 2041 3684 2118">
    <p class='ocr_par' dir='ltr' id='par_1_81' title="bbox 2105 2041 3684 2118">
     <span class='ocr_line' id='line_1_82' title="bbox 2105 2041 3684 2118; baseline 0.008 -22"><span class='ocrx_word' id='word_1_666' title='bbox 2105 2041 2218 2113; x_wconf 78' lang='grc'><strong>21).</strong></span> <span class='ocrx_word' id='word_1_667' title='bbox 2248 2043 2362 2099; x_wconf 84' lang='grc' dir='ltr'>Νοιι</span> <span class='ocrx_word' id='word_1_668' title='bbox 2390 2053 2472 2100; x_wconf 91' lang='lat' dir='ltr'><strong><em>est</em></strong></span> <span class='ocrx_word' id='word_1_669' title='bbox 2497 2046 2674 2118; x_wconf 89' lang='lat' dir='ltr'><strong><em>itaque</em></strong></span> <span class='ocrx_word' id='word_1_670' title='bbox 2704 2057 2900 2118; x_wconf 66' lang='lat' dir='ltr'><strong><em>praeter</em></strong></span> <span class='ocrx_word' id='word_1_671' title='bbox 2927 2066 3086 2104; x_wconf 91' lang='lat' dir='ltr'><strong><em>unum</em></strong></span> <span class='ocrx_word' id='word_1_672' title='bbox 3133 2050 3479 2106; x_wconf 71' lang='lat' dir='ltr'><strong><em>mediatorem</em></strong></span> <span class='ocrx_word' id='word_1_673' title='bbox 3511 2053 3604 2108; x_wconf 85' lang='lat' dir='ltr'><strong><em>Dei</em></strong></span> <span class='ocrx_word' id='word_1_674' title='bbox 3631 2063 3684 2108; x_wconf 90' lang='lat' dir='ltr'><strong><em>et</em></strong></span> 
     </span>
    </p>
   </div>
   <div class='ocr_carea' id='block_1_82' title="bbox 2105 2131 3689 2223">
    <p class='ocr_par' dir='ltr' id='par_1_82' title="bbox 2105 2131 3689 2223">
     <span class='ocr_line' id='line_1_83' title="bbox 2105 2131 3689 2223; baseline 0.008 -36"><span class='ocrx_word' id='word_1_675' title='bbox 2105 2131 2380 2189; x_wconf 85' lang='lat' dir='ltr'><strong><em>hominum</em></strong></span> <span class='ocrx_word' id='word_1_676' title='bbox 2403 2177 2418 2201; x_wconf 97' lang='lat'><strong><em>,</em></strong></span> <span class='ocrx_word' id='word_1_677' title='bbox 2451 2135 2721 2192; x_wconf 88' lang='lat' dir='ltr'><strong><em>hominem</em></strong></span> <span class='ocrx_word' id='word_1_678' title='bbox 2758 2133 3027 2193; x_wconf 80' lang='lat' dir='ltr'><strong><em>Christum</em></strong></span> <span class='ocrx_word' id='word_1_679' title='bbox 3052 2139 3234 2196; x_wconf 78' lang='lat' dir='ltr'><strong><em>Jesum</em></strong></span> <span class='ocrx_word' id='word_1_680' title='bbox 3263 2139 3305 2211; x_wconf 91' lang='lat' dir='ltr'><strong><em>(l</em></strong></span> <span class='ocrx_word' id='word_1_681' title='bbox 3341 2141 3472 2195; x_wconf 78' lang='lat' dir='ltr'><strong><em>Tini.</em></strong></span> <span class='ocrx_word' id='word_1_682' title='bbox 3503 2159 3560 2209; x_wconf 86' lang='grc' dir='ltr'>ιι,</span> <span class='ocrx_word' id='word_1_683' title='bbox 3591 2144 3648 2223; x_wconf 80' lang='grc'><strong><em>5)</em></strong></span> <span class='ocrx_word' id='word_1_684' title='bbox 3671 2185 3689 2209; x_wconf 88' lang='grc'><em>,</em></span> 
     </span>
    </p>
   </div>
   <div class='ocr_carea' id='block_1_83' title="bbox 2104 2224 3689 2301">
    <p class='ocr_par' dir='ltr' id='par_1_83' title="bbox 2104 2224 3689 2301">
     <span class='ocr_line' id='line_1_84' title="bbox 2104 2224 3689 2301; baseline 0.008 -23"><span class='ocrx_word' id='word_1_685' title='bbox 2104 2224 2246 2280; x_wconf 84' lang='lat' dir='ltr'><strong><em>aliud</em></strong></span> <span class='ocrx_word' id='word_1_686' title='bbox 2273 2241 2468 2282; x_wconf 89' lang='lat' dir='ltr'><strong><em>nomen</em></strong></span> <span class='ocrx_word' id='word_1_687' title='bbox 2515 2227 2616 2282; x_wconf 87' lang='lat' dir='ltr'><strong><em>sub</em></strong></span> <span class='ocrx_word' id='word_1_688' title='bbox 2649 2229 2822 2300; x_wconf 75' lang='lat' dir='ltr'><strong><em>cmlo,</em></strong></span> <span class='ocrx_word' id='word_1_689' title='bbox 2855 2229 2908 2284; x_wconf 91' lang='lat' dir='ltr'><strong><em>iu</em></strong></span> <span class='ocrx_word' id='word_1_690' title='bbox 2937 2245 3042 2301; x_wconf 88' lang='lat' dir='ltr'><strong><em>quo</em></strong></span> <span class='ocrx_word' id='word_1_691' title='bbox 3073 2242 3318 2301; x_wconf 88' lang='lat' dir='ltr'><strong><em>oporteat</em></strong></span> <span class='ocrx_word' id='word_1_692' title='bbox 3357 2233 3536 2288; x_wconf 86' lang='lat' dir='ltr'><strong><em>salvos</em></strong></span> <span class='ocrx_word' id='word_1_693' title='bbox 3577 2235 3689 2290; x_wconf 76' lang='grc' dir='ltr'>ίξιτί</span> 
     </span>
    </p>
   </div>
   <div class='ocr_carea' id='block_1_84' title="bbox 2105 2317 3690 2396">
    <p class='ocr_par' dir='ltr' id='par_1_84' title="bbox 2105 2317 3690 2396">
     <span class='ocr_line' id='line_1_85' title="bbox 2105 2317 3690 2396; baseline 0.006 -25"><span class='ocrx_word' id='word_1_694' title='bbox 2105 2332 2205 2372; x_wconf 87' lang='lat' dir='ltr'><strong><em>nos</em></strong></span> <span class='ocrx_word' id='word_1_695' title='bbox 2229 2317 2362 2391; x_wconf 73' lang='lat' dir='ltr'><strong><em>(Act.</em></strong></span> <span class='ocrx_word' id='word_1_696' title='bbox 2391 2336 2466 2386; x_wconf 81' lang='lat' dir='ltr'><strong><em>tv,</em></strong></span> <span class='ocrx_word' id='word_1_697' title='bbox 2491 2319 2598 2396; x_wconf 70' lang='lat' dir='ltr'><strong><em>l2).</em></strong></span> <span class='ocrx_word' id='word_1_698' title='bbox 2624 2322 2688 2376; x_wconf 89' lang='lat' dir='ltr'><strong><em>Et</em></strong></span> <span class='ocrx_word' id='word_1_699' title='bbox 2715 2323 2836 2377; x_wconf 89' lang='lat' dir='ltr'><strong><em>ideo</em></strong></span> <span class='ocrx_word' id='word_1_700' title='bbox 2861 2323 3057 2378; x_wconf 90' lang='lat' dir='ltr'><strong><em>dictum</em></strong></span> <span class='ocrx_word' id='word_1_701' title='bbox 3085 2333 3188 2390; x_wconf 92' lang='lat' dir='ltr'><strong><em>est,</em></strong></span> <span class='ocrx_word' id='word_1_702' title='bbox 3214 2322 3278 2378; x_wconf 87' lang='lat' dir='ltr'><strong><em>In</em></strong></span> <span class='ocrx_word' id='word_1_703' title='bbox 3300 2323 3500 2380; x_wconf 81' lang='lat' dir='ltr'><strong><em>Christo</em></strong></span> <span class='ocrx_word' id='word_1_704' title='bbox 3521 2342 3690 2380; x_wconf 68' lang='grc' dir='ltr'>οιιιιιεε</span> 
     </span>
    </p>
   </div>
   <div class='ocr_carea' id='block_1_85' title="bbox 2103 2408 3689 2482">
    <p class='ocr_par' dir='ltr' id='par_1_85' title="bbox 2103 2408 3689 2482">
     <span class='ocr_line' id='line_1_86' title="bbox 2103 2408 3689 2482; baseline 0.006 -20"><span class='ocrx_word' id='word_1_705' title='bbox 2103 2408 2796 2482; x_wconf 69' lang='grc' dir='ltr'>υὲυἰβσιιὺιιηιιιι-ειιιιοιιὶίιηι</span> <span class='ocrx_word' id='word_1_706' title='bbox 2835 2415 2890 2468; x_wconf 84' lang='grc' dir='ltr'>Ῑιι</span> <span class='ocrx_word' id='word_1_707' title='bbox 2930 2413 3022 2468; x_wconf 91' lang='lat' dir='ltr'><strong><em>illo</em></strong></span> <span class='ocrx_word' id='word_1_708' title='bbox 3065 2414 3204 2470; x_wconf 88' lang='lat' dir='ltr'><strong><em>Deus</em></strong></span> <span class='ocrx_word' id='word_1_709' title='bbox 3246 2415 3490 2471; x_wconf 74' lang='lat' dir='ltr'><strong><em>definivit</em></strong></span> <span class='ocrx_word' id='word_1_710' title='bbox 3531 2415 3689 2472; x_wconf 75' lang='lat' dir='ltr'><strong><em>[idem</em></strong></span> 
     </span>
    </p>
   </div>
   <div class='ocr_carea' id='block_1_86' title="bbox 2103 2499 3687 2579">
    <p class='ocr_par' dir='ltr' id='par_1_86' title="bbox 2103 2499 3687 2579">
     <span class='ocr_line' id='line_1_87' title="bbox 2103 2499 3687 2579; baseline 0.005 -25"><span class='ocrx_word' id='word_1_711' title='bbox 2103 2499 2354 2556; x_wconf 86' lang='lat' dir='ltr'><strong><em>omnibus</em></strong></span> <span class='ocrx_word' id='word_1_712' title='bbox 2376 2542 2392 2567; x_wconf 86' lang='lat'><strong><em>,</em></strong></span> <span class='ocrx_word' id='word_1_713' title='bbox 2421 2502 2686 2556; x_wconf 77' lang='lat' dir='ltr'><strong><em>suscitans</em></strong></span> <span class='ocrx_word' id='word_1_714' title='bbox 2734 2503 2883 2558; x_wconf 93' lang='lat' dir='ltr'><strong><em>illum</em></strong></span> <span class='ocrx_word' id='word_1_715' title='bbox 2923 2519 2953 2558; x_wconf 87' lang='lat' dir='ltr'><strong><em>a</em></strong></span> <span class='ocrx_word' id='word_1_716' title='bbox 2995 2505 3218 2560; x_wconf 86' lang='lat' dir='ltr'><strong><em>mortuis</em></strong></span> <span class='ocrx_word' id='word_1_717' title='bbox 3266 2505 3378 2578; x_wconf 90' lang='lat' dir='ltr'><strong><em>(Id.</em></strong></span> <span class='ocrx_word' id='word_1_718' title='bbox 3411 2523 3540 2575; x_wconf 80' lang='lat' dir='ltr'><strong><em>xvn,</em></strong></span> <span class='ocrx_word' id='word_1_719' title='bbox 3571 2507 3687 2579; x_wconf 78' lang='lat'><strong><em>5|).</em></strong></span> 
     </span>
    </p>
   </div>
   <div class='ocr_carea' id='block_1_87' title="bbox 2106 2587 3691 2666">
    <p class='ocr_par' dir='ltr' id='par_1_87' title="bbox 2106 2587 3691 2666">
     <span class='ocr_line' id='line_1_88' title="bbox 2106 2587 3691 2666; baseline 0.007 -23"><span class='ocrx_word' id='word_1_720' title='bbox 2106 2587 2352 2644; x_wconf 80' lang='lat' dir='ltr'><strong><em>Vestrum</em></strong></span> <span class='ocrx_word' id='word_1_721' title='bbox 2393 2600 2570 2646; x_wconf 90' lang='lat' dir='ltr'><strong><em>autem</em></strong></span> <span class='ocrx_word' id='word_1_722' title='bbox 2609 2593 2800 2663; x_wconf 87' lang='lat' dir='ltr'><strong><em>dogma</em></strong></span> <span class='ocrx_word' id='word_1_723' title='bbox 2833 2595 2884 2649; x_wconf 89' lang='lat' dir='ltr'><strong><em>id</em></strong></span> <span class='ocrx_word' id='word_1_724' title='bbox 2911 2595 3236 2666; x_wconf 85' lang='lat' dir='ltr'><strong><em>persuadere</em></strong></span> <span class='ocrx_word' id='word_1_725' title='bbox 3273 2607 3516 2663; x_wconf 90' lang='lat' dir='ltr'><strong><em>conatur,</em></strong></span> <span class='ocrx_word' id='word_1_726' title='bbox 3547 2601 3691 2654; x_wconf 82' lang='lat' dir='ltr'><strong><em>velut</em></strong></span> 
     </span>
    </p>
   </div>
   <div class='ocr_carea' id='block_1_88' title="bbox 2105 2681 3688 2760">
    <p class='ocr_par' dir='ltr' id='par_1_88' title="bbox 2105 2681 3688 2760">
     <span class='ocr_line' id='line_1_89' title="bbox 2105 2681 3688 2760; baseline 0.006 -24"><span class='ocrx_word' id='word_1_727' title='bbox 2105 2681 2387 2752; x_wconf 68' lang='lat' dir='ltr'><strong><em>inculpatze</em></strong></span> <span class='ocrx_word' id='word_1_728' title='bbox 2440 2685 2817 2754; x_wconf 73' lang='lat' dir='ltr'><strong><em>przrdicatione</em></strong></span> <span class='ocrx_word' id='word_1_729' title='bbox 2860 2697 3098 2755; x_wconf 71' lang='lat' dir='ltr'><strong><em>naturae,</em></strong></span> <span class='ocrx_word' id='word_1_730' title='bbox 3144 2698 3199 2744; x_wconf 90' lang='lat' dir='ltr'><strong><em>et</em></strong></span> <span class='ocrx_word' id='word_1_731' title='bbox 3244 2693 3493 2760; x_wconf 59' lang='lat' dir='ltr'><strong><em>petentis</em></strong></span> <span class='ocrx_word' id='word_1_732' title='bbox 3536 2691 3688 2750; x_wconf 72' lang='lat' dir='ltr'><strong><em>liberi</em></strong></span> 
     </span>
    </p>
   </div>
   <div class='ocr_carea' id='block_1_89' title="bbox 2102 2770 3686 2853">
    <p class='ocr_par' dir='ltr' id='par_1_89' title="bbox 2102 2770 3686 2853">
     <span class='ocr_line' id='line_1_90' title="bbox 2102 2770 3686 2853; baseline 0.007 -29"><span class='ocrx_word' id='word_1_733' title='bbox 2102 2770 2337 2839; x_wconf 80' lang='lat' dir='ltr'><strong><em>arbitrii,</em></strong></span> <span class='ocrx_word' id='word_1_734' title='bbox 2367 2783 2423 2829; x_wconf 90' lang='lat' dir='ltr'><strong><em>et</em></strong></span> <span class='ocrx_word' id='word_1_735' title='bbox 2450 2773 2579 2844; x_wconf 90' lang='lat' dir='ltr'><strong><em>legis</em></strong></span> <span class='ocrx_word' id='word_1_736' title='bbox 2605 2776 2717 2831; x_wconf 86' lang='lat' dir='ltr'><strong><em>sive</em></strong></span> <span class='ocrx_word' id='word_1_737' title='bbox 2747 2779 3004 2834; x_wconf 87' lang='lat' dir='ltr'><strong><em>naturalis</em></strong></span> <span class='ocrx_word' id='word_1_738' title='bbox 3027 2779 3140 2834; x_wconf 86' lang='lat' dir='ltr'><strong><em>sive</em></strong></span> <span class='ocrx_word' id='word_1_739' title='bbox 3170 2795 3264 2850; x_wconf 88' lang='lat' dir='ltr'><strong><em>per</em></strong></span> <span class='ocrx_word' id='word_1_740' title='bbox 3287 2780 3503 2853; x_wconf 78' lang='lat' dir='ltr'><strong><em>Moysen</em></strong></span> <span class='ocrx_word' id='word_1_741' title='bbox 3526 2782 3686 2844; x_wconf 83' lang='lat' dir='ltr'><strong><em>dat-.e,</em></strong></span> 
     </span>
    </p>
   </div>
   <div class='ocr_carea' id='block_1_90' title="bbox 2104 2865 3689 2936">
    <p class='ocr_par' dir='ltr' id='par_1_90' title="bbox 2104 2865 3689 2936">
     <span class='ocr_line' id='line_1_91' title="bbox 2104 2865 3689 2936; baseline 0.008 -18"><span class='ocrx_word' id='word_1_742' title='bbox 2104 2871 2164 2919; x_wconf 82' lang='lat' dir='ltr'><strong><em>ut</em></strong></span> <span class='ocrx_word' id='word_1_743' title='bbox 2187 2871 2239 2920; x_wconf 89' lang='lat' dir='ltr'><strong><em>et</em></strong></span> <span class='ocrx_word' id='word_1_744' title='bbox 2264 2865 2308 2919; x_wconf 93' lang='lat' dir='ltr'><strong><em>si</em></strong></span> <span class='ocrx_word' id='word_1_745' title='bbox 2337 2881 2471 2936; x_wconf 89' lang='lat' dir='ltr'><strong><em>opus</em></strong></span> <span class='ocrx_word' id='word_1_746' title='bbox 2500 2867 2589 2932; x_wconf 90' lang='lat' dir='ltr'><strong><em>sit,</em></strong></span> <span class='ocrx_word' id='word_1_747' title='bbox 2622 2881 2843 2924; x_wconf 88' lang='lat' dir='ltr'><strong><em>necesse</em></strong></span> <span class='ocrx_word' id='word_1_748' title='bbox 2871 2877 3048 2926; x_wconf 89' lang='lat' dir='ltr'><strong><em>tamen</em></strong></span> <span class='ocrx_word' id='word_1_749' title='bbox 3081 2889 3185 2926; x_wconf 91' lang='lat' dir='ltr'><strong><em>non</em></strong></span> <span class='ocrx_word' id='word_1_750' title='bbox 3216 2873 3286 2928; x_wconf 92' lang='lat' dir='ltr'><strong><em>sit</em></strong></span> <span class='ocrx_word' id='word_1_751' title='bbox 3310 2874 3375 2926; x_wconf 88' lang='lat' dir='ltr'><strong><em>ad</em></strong></span> <span class='ocrx_word' id='word_1_752' title='bbox 3416 2873 3689 2934; x_wconf 88' lang='lat' dir='ltr'><strong><em>Christum</em></strong></span> 
     </span>
    </p>
   </div>
   <div class='ocr_carea' id='block_1_91' title="bbox 2103 2959 3688 3033">
    <p class='ocr_par' dir='ltr' id='par_1_91' title="bbox 2103 2959 3688 3033">
     <span class='ocr_line' id='line_1_92' title="bbox 2103 2959 3688 3033; baseline 0.006 -23"><span class='ocrx_word' id='word_1_753' title='bbox 2103 2969 2204 3025; x_wconf 91' lang='lat' dir='ltr'><strong><em>pro</em></strong></span> <span class='ocrx_word' id='word_1_754' title='bbox 2243 2963 2444 3012; x_wconf 76' lang='lat' dir='ltr'><strong><em>aeterna</em></strong></span> <span class='ocrx_word' id='word_1_755' title='bbox 2492 2959 2663 3014; x_wconf 87' lang='lat' dir='ltr'><strong><em>salute</em></strong></span> <span class='ocrx_word' id='word_1_756' title='bbox 2693 2960 2919 3016; x_wconf 84' lang='lat' dir='ltr'><strong><em>transire</em></strong></span> <span class='ocrx_word' id='word_1_757' title='bbox 2943 2979 2956 3014; x_wconf 93' lang='lat'>:</span> <span class='ocrx_word' id='word_1_758' title='bbox 2979 2977 3044 3016; x_wconf 91' lang='lat' dir='ltr'><strong><em>eo</em></strong></span> <span class='ocrx_word' id='word_1_759' title='bbox 3073 2961 3215 3033; x_wconf 90' lang='lat' dir='ltr'><strong><em>quod</em></strong></span> <span class='ocrx_word' id='word_1_760' title='bbox 3247 2979 3340 3033; x_wconf 84' lang='lat' dir='ltr'><strong><em>per</em></strong></span> <span class='ocrx_word' id='word_1_761' title='bbox 3377 2980 3688 3021; x_wconf 85' lang='lat' dir='ltr'><strong><em>sacramen-</em></strong></span> 
     </span>
    </p>
   </div>
   <div class='ocr_carea' id='block_1_92' title="bbox 2103 3048 3688 3126">
    <p class='ocr_par' dir='ltr' id='par_1_92' title="bbox 2103 3048 3688 3126">
     <span class='ocr_line' id='line_1_93' title="bbox 2103 3048 3688 3126; baseline 0.008 -26"><span class='ocrx_word' id='word_1_762' title='bbox 2103 3050 2216 3100; x_wconf 89' lang='lat' dir='ltr'><strong><em>tum</em></strong></span> <span class='ocrx_word' id='word_1_763' title='bbox 2255 3048 2444 3102; x_wconf 90' lang='lat' dir='ltr'><strong><em>mortis</em></strong></span> <span class='ocrx_word' id='word_1_764' title='bbox 2479 3055 2534 3104; x_wconf 89' lang='lat' dir='ltr'><strong><em>et</em></strong></span> <span class='ocrx_word' id='word_1_765' title='bbox 2574 3050 2982 3105; x_wconf 86' lang='lat' dir='ltr'><strong><em>resurrectionis</em></strong></span> <span class='ocrx_word' id='word_1_766' title='bbox 3011 3051 3127 3122; x_wconf 84' lang='lat' dir='ltr'><strong><em>ejus</em></strong></span> <span class='ocrx_word' id='word_1_767' title='bbox 3157 3052 3224 3126; x_wconf 80' lang='lat' dir='ltr'><strong><em>(si</em></strong></span> <span class='ocrx_word' id='word_1_768' title='bbox 3252 3063 3430 3109; x_wconf 88' lang='lat' dir='ltr'><strong><em>tamen</em></strong></span> <span class='ocrx_word' id='word_1_769' title='bbox 3459 3055 3541 3110; x_wconf 89' lang='lat' dir='ltr'><strong><em>vel</em></strong></span> <span class='ocrx_word' id='word_1_770' title='bbox 3583 3055 3688 3112; x_wconf 81' lang='lat' dir='ltr'><strong><em>hoc</em></strong></span> 
     </span>
    </p>
   </div>
   <div class='ocr_carea' id='block_1_93' title="bbox 2103 3138 3684 3216">
    <p class='ocr_par' dir='ltr' id='par_1_93' title="bbox 2103 3138 3684 3216">
     <span class='ocr_line' id='line_1_94' title="bbox 2103 3138 3684 3216; baseline 0.009 -24"><span class='ocrx_word' id='word_1_771' title='bbox 2103 3138 2320 3210; x_wconf 81' lang='lat' dir='ltr'><strong><em>putatis)</em></strong></span> <span class='ocrx_word' id='word_1_772' title='bbox 2347 3140 2680 3196; x_wconf 87' lang='lat' dir='ltr'><strong><em>commodior</em></strong></span> <span class='ocrx_word' id='word_1_773' title='bbox 2707 3142 2791 3196; x_wconf 89' lang='lat' dir='ltr'><strong><em>via</em></strong></span> <span class='ocrx_word' id='word_1_774' title='bbox 2831 3143 2936 3210; x_wconf 88' lang='lat' dir='ltr'><strong><em>sit,</em></strong></span> <span class='ocrx_word' id='word_1_775' title='bbox 2965 3160 3070 3199; x_wconf 93' lang='lat' dir='ltr'><strong><em>non</em></strong></span> <span class='ocrx_word' id='word_1_776' title='bbox 3112 3145 3253 3216; x_wconf 89' lang='lat' dir='ltr'><strong><em>quod</em></strong></span> <span class='ocrx_word' id='word_1_777' title='bbox 3299 3148 3403 3202; x_wconf 85' lang='lat' dir='ltr'><strong><em>alia</em></strong></span> <span class='ocrx_word' id='word_1_778' title='bbox 3444 3147 3528 3202; x_wconf 89' lang='lat' dir='ltr'><strong><em>via</em></strong></span> <span class='ocrx_word' id='word_1_779' title='bbox 3558 3165 3684 3205; x_wconf 83' lang='lat' dir='ltr'><strong><em>esse</em></strong></span> 
     </span>
    </p>
   </div>
   <div class='ocr_carea' id='block_1_94' title="bbox 2102 3230 3688 3302">
    <p class='ocr_par' dir='ltr' id='par_1_94' title="bbox 2102 3230 3688 3302">
     <span class='ocr_line' id='line_1_95' title="bbox 2102 3230 3688 3302; baseline 0.008 -19"><span class='ocrx_word' id='word_1_780' title='bbox 2102 3241 2212 3284; x_wconf 86' lang='lat' dir='ltr'><strong><em>non</em></strong></span> <span class='ocrx_word' id='word_1_781' title='bbox 2271 3231 2454 3300; x_wconf 87' lang='lat' dir='ltr'><strong><em>possit.</em></strong></span> <span class='ocrx_word' id='word_1_782' title='bbox 2507 3230 2660 3288; x_wconf 89' lang='lat' dir='ltr'><strong><em>Unde</em></strong></span> <span class='ocrx_word' id='word_1_783' title='bbox 2699 3241 2954 3302; x_wconf 84' lang='lat' dir='ltr'><strong><em>quantum</em></strong></span> <span class='ocrx_word' id='word_1_784' title='bbox 3004 3250 3100 3290; x_wconf 88' lang='lat' dir='ltr'><strong><em>vos</em></strong></span> <span class='ocrx_word' id='word_1_785' title='bbox 3145 3233 3404 3292; x_wconf 83' lang='lat' dir='ltr'><strong><em>detestari</em></strong></span> <span class='ocrx_word' id='word_1_786' title='bbox 3455 3237 3688 3296; x_wconf 81' lang='lat' dir='ltr'><strong><em>debeant</em></strong></span> 
     </span>
    </p>
   </div>
   <div class='ocr_carea' id='block_1_95' title="bbox 2101 3313 3686 3389">
    <p class='ocr_par' dir='ltr' id='par_1_95' title="bbox 2101 3313 3686 3389">
     <span class='ocr_line' id='line_1_96' title="bbox 2101 3313 3686 3389; baseline 0.006 -16"><span class='ocrx_word' id='word_1_787' title='bbox 2101 3313 2384 3373; x_wconf 84' lang='lat' dir='ltr'><strong><em>Christiani</em></strong></span> <span class='ocrx_word' id='word_1_788' title='bbox 2408 3321 2830 3389; x_wconf 86' lang='lat' dir='ltr'><strong><em>considerantes,</em></strong></span> <span class='ocrx_word' id='word_1_789' title='bbox 2861 3324 3164 3380; x_wconf 87' lang='lat' dir='ltr'><strong><em>renuntiate</em></strong></span> <span class='ocrx_word' id='word_1_790' title='bbox 3188 3326 3204 3356; x_wconf 84' lang='grc'>¹</span> <span class='ocrx_word' id='word_1_791' title='bbox 3236 3326 3388 3380; x_wconf 87' lang='lat' dir='ltr'><strong><em>vobis</em></strong></span> <span class='ocrx_word' id='word_1_792' title='bbox 3412 3327 3569 3383; x_wconf 85' lang='lat' dir='ltr'><strong><em>etiam</em></strong></span> <span class='ocrx_word' id='word_1_793' title='bbox 3601 3339 3686 3383; x_wconf 76' lang='lat' dir='ltr'><strong><em>ta-</em></strong></span> 
     </span>
    </p>
   </div>
   <div class='ocr_carea' id='block_1_96' title="bbox 2101 3407 3526 3466">
    <p class='ocr_par' dir='ltr' id='par_1_96' title="bbox 2101 3407 3526 3466">
     <span class='ocr_line' id='line_1_97' title="bbox 2101 3407 3526 3466; baseline 0.009 -4"><span class='ocrx_word' id='word_1_794' title='bbox 2101 3407 2343 3466; x_wconf 81' lang='lat' dir='ltr'><strong><em>centibus</em></strong></span> <span class='ocrx_word' id='word_1_795' title='bbox 2375 3412 2548 3466; x_wconf 88' lang='lat' dir='ltr'><strong><em>nobis.</em></strong></span> <span class='ocrx_word' id='word_1_796' title='bbox 3369 3440 3380 3447; x_wconf 89' lang='grc'><strong>·</strong></span> <span class='ocrx_word' id='word_1_797' title='bbox 3516 3432 3526 3442; x_wconf 91' lang='grc'><strong>·</strong></span> 
     </span>
    </p>
   </div>
   <div class='ocr_carea' id='block_1_97' title="bbox 2172 3497 3682 3578">
    <p class='ocr_par' dir='ltr' id='par_1_97' title="bbox 2172 3497 3682 3578">
     <span class='ocr_line' id='line_1_98' title="bbox 2172 3497 3682 3578; baseline 0.004 -22"><span class='ocrx_word' id='word_1_798' title='bbox 2172 3497 2398 3556; x_wconf 78' lang='lat' dir='ltr'><strong>CAPUT</strong></span> <span class='ocrx_word' id='word_1_799' title='bbox 2437 3499 2602 3556; x_wconf 73' lang='lat' dir='ltr'><strong>XXV.</strong></span> <span class='ocrx_word' id='word_1_800' title='bbox 2631 3531 2701 3542; x_wconf 91' lang='lat'><strong>—</strong></span> <span class='ocrx_word' id='word_1_801' title='bbox 2726 3501 2816 3558; x_wconf 75' lang='lat'><strong><em>82.</em></strong></span> <span class='ocrx_word' id='word_1_802' title='bbox 2855 3501 3005 3570; x_wconf 85' lang='lat' dir='ltr'><strong><em>Quod</em></strong></span> <span class='ocrx_word' id='word_1_803' title='bbox 3045 3517 3173 3560; x_wconf 87' lang='lat' dir='ltr'><strong><em>vero</em></strong></span> <span class='ocrx_word' id='word_1_804' title='bbox 3209 3519 3388 3562; x_wconf 61' lang='lat' dir='ltr'><strong><em>cause</em></strong></span> <span class='ocrx_word' id='word_1_805' title='bbox 3427 3515 3533 3564; x_wconf 67' lang='lat' dir='ltr'><strong><em>tua:</em></strong></span> <span class='ocrx_word' id='word_1_806' title='bbox 3579 3523 3682 3578; x_wconf 77' lang='lat' dir='ltr'><strong><em>po-</em></strong></span> 
     </span>
    </p>
   </div>
   <div class='ocr_carea' id='block_1_98' title="bbox 2101 3592 3686 3670">
    <p class='ocr_par' dir='ltr' id='par_1_98' title="bbox 2101 3592 3686 3670">
     <span class='ocr_line' id='line_1_99' title="bbox 2101 3592 3686 3670; baseline 0.004 -23"><span class='ocrx_word' id='word_1_807' title='bbox 2101 3593 2358 3647; x_wconf 73' lang='lat' dir='ltr'><strong><em>stremum</em></strong></span> <span class='ocrx_word' id='word_1_808' title='bbox 2385 3601 2438 3646; x_wconf 87' lang='lat' dir='ltr'><strong><em>et</em></strong></span> <span class='ocrx_word' id='word_1_809' title='bbox 2462 3594 2610 3662; x_wconf 85' lang='lat' dir='ltr'><strong><em>quasi</em></strong></span> <span class='ocrx_word' id='word_1_810' title='bbox 2639 3592 2983 3648; x_wconf 82' lang='lat' dir='ltr'><strong><em>fortissimum</em></strong></span> <span class='ocrx_word' id='word_1_811' title='bbox 3006 3593 3423 3664; x_wconf 77' lang='lat' dir='ltr'><strong><em>ﬁrmamentum,</em></strong></span> <span class='ocrx_word' id='word_1_812' title='bbox 3452 3592 3686 3670; x_wconf 80' lang='lat' dir='ltr'><strong><em>prophe-</em></strong></span> 
     </span>
    </p>
   </div>
   <div class='ocr_carea' id='block_1_99' title="bbox 2109 3681 3686 3756">
    <p class='ocr_par' dir='ltr' id='par_1_99' title="bbox 2109 3681 3686 3756">
     <span class='ocr_line' id='line_1_100' title="bbox 2109 3681 3686 3756; baseline 0.005 -20"><span class='ocrx_word' id='word_1_813' title='bbox 2109 3682 2269 3736; x_wconf 88' lang='lat' dir='ltr'><strong><em>ticum</em></strong></span> <span class='ocrx_word' id='word_1_814' title='bbox 2295 3681 2658 3736; x_wconf 89' lang='lat' dir='ltr'><strong><em>testimonium</em></strong></span> <span class='ocrx_word' id='word_1_815' title='bbox 2689 3697 2808 3739; x_wconf 91' lang='lat' dir='ltr'><strong><em>esse</em></strong></span> <span class='ocrx_word' id='word_1_816' title='bbox 2833 3683 3074 3750; x_wconf 89' lang='lat' dir='ltr'><strong><em>voluisti,</em></strong></span> <span class='ocrx_word' id='word_1_817' title='bbox 3109 3685 3196 3740; x_wconf 90' lang='lat' dir='ltr'><strong><em>ubi</em></strong></span> <span class='ocrx_word' id='word_1_818' title='bbox 3229 3702 3325 3756; x_wconf 91' lang='lat' dir='ltr'><strong><em>per</em></strong></span> <span class='ocrx_word' id='word_1_819' title='bbox 3350 3689 3686 3746; x_wconf 84' lang='lat' dir='ltr'><strong><em>Ezechielcm</em></strong></span> 
     </span>
    </p>
   </div>
   <div class='ocr_carea' id='block_1_100' title="bbox 2101 3771 3689 3851">
    <p class='ocr_par' dir='ltr' id='par_1_100' title="bbox 2101 3771 3689 3851">
     <span class='ocr_line' id='line_1_101' title="bbox 2101 3771 3689 3851; baseline 0.006 -24"><span class='ocrx_word' id='word_1_820' title='bbox 2101 3771 2297 3828; x_wconf 90' lang='lat' dir='ltr'><strong><em>dictum</em></strong></span> <span class='ocrx_word' id='word_1_821' title='bbox 2329 3772 2588 3842; x_wconf 86' lang='lat' dir='ltr'><strong><em>legimus,</em></strong></span> <span class='ocrx_word' id='word_1_822' title='bbox 2620 3773 2773 3842; x_wconf 86' lang='lat' dir='ltr'><strong><em>Quod</em></strong></span> <span class='ocrx_word' id='word_1_823' title='bbox 2813 3788 2919 3829; x_wconf 90' lang='lat' dir='ltr'><strong><em>non</em></strong></span> <span class='ocrx_word' id='word_1_824' title='bbox 2949 3777 3052 3828; x_wconf 88' lang='lat' dir='ltr'><strong><em>erit</em></strong></span> <span class='ocrx_word' id='word_1_825' title='bbox 3086 3777 3336 3846; x_wconf 86' lang='lat' dir='ltr'><strong><em>parabola</em></strong></span> <span class='ocrx_word' id='word_1_826' title='bbox 3357 3821 3372 3846; x_wconf 92' lang='lat'><strong><em>,</em></strong></span> <span class='ocrx_word' id='word_1_827' title='bbox 3401 3795 3504 3851; x_wconf 88' lang='lat' dir='ltr'><strong><em>qua</em></strong></span> <span class='ocrx_word' id='word_1_828' title='bbox 3540 3781 3689 3836; x_wconf 82' lang='lat' dir='ltr'><strong><em>dice-</em></strong></span> 
     </span>
    </p>
   </div>
   <div class='ocr_carea' id='block_1_101' title="bbox 2104 3863 3686 3935">
    <p class='ocr_par' dir='ltr' id='par_1_101' title="bbox 2104 3863 3686 3935">
     <span class='ocr_line' id='line_1_102' title="bbox 2104 3863 3686 3935; baseline 0.007 -19"><span class='ocrx_word' id='word_1_829' title='bbox 2104 3863 2250 3930; x_wconf 85' lang='lat' dir='ltr'><strong><em>bant,</em></strong></span> <span class='ocrx_word' id='word_1_830' title='bbox 2277 3873 2526 3935; x_wconf 86' lang='lat' dir='ltr'><strong><em>parentes</em></strong></span> <span class='ocrx_word' id='word_1_831' title='bbox 2553 3879 2684 3919; x_wconf 87' lang='lat' dir='ltr'><strong><em>uvas</em></strong></span> <span class='ocrx_word' id='word_1_832' title='bbox 2713 3865 2935 3921; x_wconf 85' lang='lat' dir='ltr'><strong><em>acerbas</em></strong></span> <span class='ocrx_word' id='word_1_833' title='bbox 2958 3865 3166 3933; x_wconf 89' lang='lat' dir='ltr'><strong><em>edisse,</em></strong></span> <span class='ocrx_word' id='word_1_834' title='bbox 3193 3877 3246 3924; x_wconf 90' lang='lat' dir='ltr'><strong><em>et</em></strong></span> <span class='ocrx_word' id='word_1_835' title='bbox 3283 3869 3473 3926; x_wconf 86' lang='lat' dir='ltr'><strong><em>dentes</em></strong></span> <span class='ocrx_word' id='word_1_836' title='bbox 3501 3871 3686 3927; x_wconf 78' lang='lat' dir='ltr'><strong><em>obstu-</em></strong></span> 
     </span>
    </p>
   </div>
   <div class='ocr_carea' id='block_1_102' title="bbox 2103 3956 3686 4034">
    <p class='ocr_par' dir='ltr' id='par_1_102' title="bbox 2103 3956 3686 4034">
     <span class='ocr_line' id='line_1_103' title="bbox 2103 3956 3686 4034; baseline 0.006 -26"><span class='ocrx_word' id='word_1_837' title='bbox 2103 3956 2320 4026; x_wconf 76' lang='lat' dir='ltr'><strong><em>puisse&#39;</em></strong></span> <span class='ocrx_word' id='word_1_838' title='bbox 2345 3956 2606 4022; x_wconf 71' lang='lat' dir='ltr'><strong><em>filiorum;</em></strong></span> <span class='ocrx_word' id='word_1_839' title='bbox 2645 3971 2743 4012; x_wconf 91' lang='lat' dir='ltr'><strong><em>nec</em></strong></span> <span class='ocrx_word' id='word_1_840' title='bbox 2779 3958 3034 4014; x_wconf 86' lang='lat' dir='ltr'><strong><em>morietur</em></strong></span> <span class='ocrx_word' id='word_1_841' title='bbox 3064 3959 3202 4016; x_wconf 79' lang='lat' dir='ltr'><strong><em>illius</em></strong></span> <span class='ocrx_word' id='word_1_842' title='bbox 3239 3959 3294 4014; x_wconf 89' lang='lat' dir='ltr'><strong><em>in</em></strong></span> <span class='ocrx_word' id='word_1_843' title='bbox 3337 3972 3558 4034; x_wconf 83' lang='lat' dir='ltr'><strong><em>peccato</em></strong></span> <span class='ocrx_word' id='word_1_844' title='bbox 3585 3979 3686 4034; x_wconf 87' lang='lat' dir='ltr'><strong><em>pa-</em></strong></span> 
     </span>
    </p>
   </div>
   <div class='ocr_carea' id='block_1_103' title="bbox 2103 4047 3689 4124">
    <p class='ocr_par' dir='ltr' id='par_1_103' title="bbox 2103 4047 3689 4124">
     <span class='ocr_line' id='line_1_104' title="bbox 2103 4047 3689 4124; baseline 0.004 -23"><span class='ocrx_word' id='word_1_845' title='bbox 2103 4047 2216 4112; x_wconf 90' lang='lat' dir='ltr'><strong><em>tris,</em></strong></span> <span class='ocrx_word' id='word_1_846' title='bbox 2251 4061 2350 4103; x_wconf 89' lang='lat' dir='ltr'><strong><em>ncc</em></strong></span> <span class='ocrx_word' id='word_1_847' title='bbox 2382 4055 2532 4117; x_wconf 81' lang='lat' dir='ltr'><strong><em>pater</em></strong></span> <span class='ocrx_word' id='word_1_848' title='bbox 2566 4048 2618 4103; x_wconf 91' lang='lat' dir='ltr'><strong><em>in</em></strong></span> <span class='ocrx_word' id='word_1_849' title='bbox 2653 4058 2872 4120; x_wconf 85' lang='lat' dir='ltr'><strong><em>peccato</em></strong></span> <span class='ocrx_word' id='word_1_850' title='bbox 2903 4049 3033 4117; x_wconf 88' lang='lat' dir='ltr'><strong><em>lilii,</em></strong></span> <span class='ocrx_word' id='word_1_851' title='bbox 3065 4049 3159 4106; x_wconf 87' lang='lat' dir='ltr'><strong><em>sed</em></strong></span> <span class='ocrx_word' id='word_1_852' title='bbox 3201 4051 3377 4107; x_wconf 88' lang='lat' dir='ltr'><strong><em>anima</em></strong></span> <span class='ocrx_word' id='word_1_853' title='bbox 3413 4069 3534 4124; x_wconf 80' lang='lat' dir='ltr'><strong><em>qua:</em></strong></span> <span class='ocrx_word' id='word_1_854' title='bbox 3563 4071 3689 4123; x_wconf 79' lang='lat' dir='ltr'><strong><em>pee-</em></strong></span> 
     </span>
    </p>
   </div>
   <div class='ocr_carea' id='block_1_104' title="bbox 2099 4137 3687 4215">
    <p class='ocr_par' dir='ltr' id='par_1_104' title="bbox 2099 4137 3687 4215">
     <span class='ocr_line' id='line_1_105' title="bbox 2099 4137 3687 4215; baseline 0.004 -23"><span class='ocrx_word' id='word_1_855' title='bbox 2099 4147 2186 4193; x_wconf 87' lang='lat' dir='ltr'><strong><em>cat</em></strong></span> <span class='ocrx_word' id='word_1_856' title='bbox 2206 4137 2228 4170; x_wconf 84' lang='grc'>⁸</span> <span class='ocrx_word' id='word_1_857' title='bbox 2254 4139 2366 4209; x_wconf 89' lang='lat' dir='ltr'><strong><em>ipsa</em></strong></span> <span class='ocrx_word' id='word_1_858' title='bbox 2398 4139 2656 4195; x_wconf 88' lang='lat' dir='ltr'><strong><em>morietur</em></strong></span> <span class='ocrx_word' id='word_1_859' title='bbox 2683 4137 2898 4209; x_wconf 81' lang='lat' dir='ltr'><strong><em>(Ezeclt.</em></strong></span> <span class='ocrx_word' id='word_1_860' title='bbox 2931 4155 3076 4206; x_wconf 83' lang='lat' dir='ltr'><strong><em>svnt,</em></strong></span> <span class='ocrx_word' id='word_1_861' title='bbox 3107 4139 3230 4212; x_wconf 61' lang='grc' dir='ltr'>εει)</span> <span class='ocrx_word' id='word_1_862' title='bbox 3255 4159 3268 4195; x_wconf 92' lang='lat'>:</span> <span class='ocrx_word' id='word_1_863' title='bbox 3294 4157 3398 4198; x_wconf 86' lang='grc' dir='ltr'>ιιοιι</span> <span class='ocrx_word' id='word_1_864' title='bbox 3434 4144 3687 4215; x_wconf 85' lang='lat' dir='ltr'><strong><em>intelligis</em></strong></span> 
     </span>
    </p>
   </div>
   <div class='ocr_carea' id='block_1_105' title="bbox 2104 4229 3682 4305">
    <p class='ocr_par' dir='ltr' id='par_1_105' title="bbox 2104 4229 3682 4305">
     <span class='ocr_line' id='line_1_106' title="bbox 2104 4229 3682 4305; baseline 0.004 -21"><span class='ocrx_word' id='word_1_865' title='bbox 2104 4230 2240 4285; x_wconf 87' lang='lat' dir='ltr'><strong><em>hanc</em></strong></span> <span class='ocrx_word' id='word_1_866' title='bbox 2270 4245 2390 4287; x_wconf 89' lang='lat' dir='ltr'><strong><em>esse</em></strong></span> <span class='ocrx_word' id='word_1_867' title='bbox 2434 4231 2837 4301; x_wconf 87' lang='lat' dir='ltr'><strong><em>promissionem</em></strong></span> <span class='ocrx_word' id='word_1_868' title='bbox 2867 4229 3196 4288; x_wconf 83' lang='lat' dir='ltr'><strong><em>Testamentl</em></strong></span> <span class='ocrx_word' id='word_1_869' title='bbox 3228 4233 3394 4303; x_wconf 84' lang='lat' dir='ltr'><strong><em>Novi,</em></strong></span> <span class='ocrx_word' id='word_1_870' title='bbox 3426 4244 3484 4290; x_wconf 85' lang='lat' dir='ltr'><strong><em>et</em></strong></span> <span class='ocrx_word' id='word_1_871' title='bbox 3525 4236 3682 4305; x_wconf 84' lang='lat' dir='ltr'><strong><em>spiri-</em></strong></span> 
     </span>
    </p>
   </div>
   <div class='ocr_carea' id='block_1_106' title="bbox 2101 4317 3684 4397">
    <p class='ocr_par' dir='ltr' id='par_1_106' title="bbox 2101 4317 3684 4397">
     <span class='ocr_line' id='line_1_107' title="bbox 2101 4317 3684 4397; baseline 0.003 -18"><span class='ocrx_word' id='word_1_872' title='bbox 2101 4323 2258 4379; x_wconf 84' lang='lat' dir='ltr'><strong><em>tualis</em></strong></span> <span class='ocrx_word' id='word_1_873' title='bbox 2283 4321 2610 4378; x_wconf 74' lang='lat' dir='ltr'><strong><em>luereditatis</em></strong></span> <span class='ocrx_word' id='word_1_874' title='bbox 2635 4323 2700 4377; x_wconf 85' lang='lat' dir='ltr'><strong><em>ad</em></strong></span> <span class='ocrx_word' id='word_1_875' title='bbox 2725 4323 2950 4378; x_wconf 88' lang='lat' dir='ltr'><strong><em>alterum</em></strong></span> <span class='ocrx_word' id='word_1_876' title='bbox 2979 4326 3234 4380; x_wconf 68' lang='lat' dir='ltr'><strong><em>saeculum</em></strong></span> <span class='ocrx_word' id='word_1_877' title='bbox 3265 4317 3604 4397; x_wconf 81' lang='lat' dir='ltr'><strong><em>pertinentis.</em></strong></span> <span class='ocrx_word' id='word_1_878' title='bbox 3629 4329 3684 4383; x_wconf 90' lang='lat' dir='ltr'><strong><em>l.l</em></strong></span> 
     </span>
    </p>
   </div>
   <div class='ocr_carea' id='block_1_107' title="bbox 2099 4415 3682 4494">
    <p class='ocr_par' dir='ltr' id='par_1_107' title="bbox 2099 4415 3682 4494">
     <span class='ocr_line' id='line_1_108' title="bbox 2099 4415 3682 4494; baseline 0.003 -23"><span class='ocrx_word' id='word_1_879' title='bbox 2099 4417 2242 4472; x_wconf 90' lang='lat' dir='ltr'><strong><em>enim</em></strong></span> <span class='ocrx_word' id='word_1_880' title='bbox 2268 4416 2376 4486; x_wconf 87' lang='lat' dir='ltr'><strong><em>agit</em></strong></span> <span class='ocrx_word' id='word_1_881' title='bbox 2403 4417 2568 4488; x_wconf 88' lang='lat' dir='ltr'><strong><em>gratia</em></strong></span> <span class='ocrx_word' id='word_1_882' title='bbox 2596 4415 2992 4486; x_wconf 79' lang='lat' dir='ltr'><strong><em>Redemptoris,</em></strong></span> <span class='ocrx_word' id='word_1_883' title='bbox 3017 4427 3074 4474; x_wconf 93' lang='lat' dir='ltr'><strong><em>ut</em></strong></span> <span class='ocrx_word' id='word_1_884' title='bbox 3099 4427 3377 4490; x_wconf 86' lang='lat' dir='ltr'><strong><em>paternum</em></strong></span> <span class='ocrx_word' id='word_1_885' title='bbox 3408 4421 3682 4494; x_wconf 82' lang='lat' dir='ltr'><strong><em>chirogra-</em></strong></span> 
     </span>
    </p>
   </div>
   <div class='ocr_carea' id='block_1_108' title="bbox 2099 4501 3687 4583">
    <p class='ocr_par' dir='ltr' id='par_1_108' title="bbox 2099 4501 3687 4583">
     <span class='ocr_line' id='line_1_109' title="bbox 2099 4501 3687 4583; baseline 0.006 -23"><span class='ocrx_word' id='word_1_886' title='bbox 2099 4501 2262 4577; x_wconf 89' lang='lat' dir='ltr'><strong><em>phum</em></strong></span> <span class='ocrx_word' id='word_1_887' title='bbox 2301 4506 2477 4562; x_wconf 90' lang='lat' dir='ltr'><strong><em>deleat</em></strong></span> <span class='ocrx_word' id='word_1_888' title='bbox 2505 4503 2726 4576; x_wconf 87' lang='lat' dir='ltr'><strong><em>(Coloss.</em></strong></span> <span class='ocrx_word' id='word_1_889' title='bbox 2758 4521 2829 4572; x_wconf 90' lang='grc' dir='ltr'>ιι,</span> <span class='ocrx_word' id='word_1_890' title='bbox 2860 4505 2990 4575; x_wconf 74' lang='grc'><strong><em>14),</em></strong></span> <span class='ocrx_word' id='word_1_891' title='bbox 3020 4515 3076 4564; x_wconf 90' lang='lat' dir='ltr'><strong><em>et</em></strong></span> <span class='ocrx_word' id='word_1_892' title='bbox 3104 4511 3464 4582; x_wconf 89' lang='lat' dir='ltr'><strong><em>unusquisque</em></strong></span> <span class='ocrx_word' id='word_1_893' title='bbox 3503 4528 3598 4583; x_wconf 86' lang='lat' dir='ltr'><strong><em>pro</em></strong></span> <span class='ocrx_word' id='word_1_894' title='bbox 3627 4529 3687 4570; x_wconf 83' lang='lat' dir='ltr'><strong><em>se</em></strong></span> 
     </span>
    </p>
   </div>
   <div class='ocr_carea' id='block_1_109' title="bbox 2099 4597 3685 4669">
    <p class='ocr_par' dir='ltr' id='par_1_109' title="bbox 2099 4597 3685 4669">
     <span class='ocr_line' id='line_1_110' title="bbox 2099 4597 3685 4669; baseline 0.004 -17"><span class='ocrx_word' id='word_1_895' title='bbox 2099 4599 2363 4652; x_wconf 90' lang='lat' dir='ltr'><strong><em>rationem</em></strong></span> <span class='ocrx_word' id='word_1_896' title='bbox 2393 4597 2599 4652; x_wconf 89' lang='lat' dir='ltr'><strong><em>reddat.</em></strong></span> <span class='ocrx_word' id='word_1_897' title='bbox 2629 4597 2900 4653; x_wconf 58' lang='lat' dir='ltr'><strong><em>Caeterum</em></strong></span> <span class='ocrx_word' id='word_1_898' title='bbox 2928 4613 3086 4669; x_wconf 91' lang='lat' dir='ltr'><strong><em>quam</em></strong></span> <span class='ocrx_word' id='word_1_899' title='bbox 3127 4600 3293 4655; x_wconf 85' lang='lat' dir='ltr'><strong><em>multa</em></strong></span> <span class='ocrx_word' id='word_1_900' title='bbox 3338 4601 3446 4656; x_wconf 89' lang='lat' dir='ltr'><strong><em>sint</em></strong></span> <span class='ocrx_word' id='word_1_901' title='bbox 3473 4603 3685 4658; x_wconf 84' lang='lat' dir='ltr'><strong><em>divina-</em></strong></span> 
     </span>
    </p>
   </div>
   <div class='ocr_carea' id='block_1_110' title="bbox 2098 4689 3687 4766">
    <p class='ocr_par' dir='ltr' id='par_1_110' title="bbox 2098 4689 3687 4766">
     <span class='ocr_line' id='line_1_111' title="bbox 2098 4689 3687 4766; baseline 0.003 -19"><span class='ocrx_word' id='word_1_902' title='bbox 2098 4706 2218 4747; x_wconf 87' lang='lat' dir='ltr'><strong><em>rum</em></strong></span> <span class='ocrx_word' id='word_1_903' title='bbox 2251 4690 2548 4746; x_wconf 83' lang='lat' dir='ltr'><strong><em>testimonia</em></strong></span> <span class='ocrx_word' id='word_1_904' title='bbox 2574 4689 2894 4746; x_wconf 89' lang='lat' dir='ltr'><strong><em>Litterarum</em></strong></span> <span class='ocrx_word' id='word_1_905' title='bbox 2916 4731 2931 4756; x_wconf 89' lang='lat'><strong><em>,</em></strong></span> <span class='ocrx_word' id='word_1_906' title='bbox 2962 4705 3081 4762; x_wconf 66' lang='lat' dir='ltr'><strong><em>quae</em></strong></span> <span class='ocrx_word' id='word_1_907' title='bbox 3126 4701 3405 4762; x_wconf 89' lang='lat' dir='ltr'><strong><em>parentum</em></strong></span> <span class='ocrx_word' id='word_1_908' title='bbox 3450 4699 3687 4766; x_wconf 81' lang='lat' dir='ltr'><strong><em>peccatis</em></strong></span> 
     </span>
    </p>
   </div>
   <div class='ocr_carea' id='block_1_111' title="bbox 2100 4781 3685 4856">
    <p class='ocr_par' dir='ltr' id='par_1_111' title="bbox 2100 4781 3685 4856">
     <span class='ocr_line' id='line_1_112' title="bbox 2100 4781 3685 4856; baseline 0.004 -20"><span class='ocrx_word' id='word_1_909' title='bbox 2100 4781 2336 4852; x_wconf 82' lang='lat' dir='ltr'><strong><em>obligant</em></strong></span> <span class='ocrx_word' id='word_1_910' title='bbox 2367 4781 2522 4845; x_wconf 87' lang='lat' dir='ltr'><strong><em>iilios,</em></strong></span> <span class='ocrx_word' id='word_1_911' title='bbox 2556 4796 2838 4835; x_wconf 90' lang='lat' dir='ltr'><strong><em>numerare</em></strong></span> <span class='ocrx_word' id='word_1_912' title='bbox 2865 4782 2983 4852; x_wconf 90' lang='lat' dir='ltr'><strong><em>quis</em></strong></span> <span class='ocrx_word' id='word_1_913' title='bbox 3012 4783 3220 4852; x_wconf 81' lang='lat' dir='ltr'><strong><em>possit?</em></strong></span> <span class='ocrx_word' id='word_1_914' title='bbox 3251 4783 3358 4838; x_wconf 91' lang='lat' dir='ltr'><strong><em>Cur</em></strong></span> <span class='ocrx_word' id='word_1_915' title='bbox 3381 4787 3528 4840; x_wconf 88' lang='lat' dir='ltr'><strong><em>enim</em></strong></span> <span class='ocrx_word' id='word_1_916' title='bbox 3557 4801 3685 4856; x_wconf 82' lang='lat' dir='ltr'><strong><em>pce-</em></strong></span> 
     </span>
    </p>
   </div>
   <div class='ocr_carea' id='block_1_112' title="bbox 2099 4871 3686 4946">
    <p class='ocr_par' dir='ltr' id='par_1_112' title="bbox 2099 4871 3686 4946">
     <span class='ocr_line' id='line_1_113' title="bbox 2099 4871 3686 4946; baseline 0.003 -18"><span class='ocrx_word' id='word_1_917' title='bbox 2099 4873 2240 4928; x_wconf 86' lang='lat' dir='ltr'><strong><em>cavit</em></strong></span> <span class='ocrx_word' id='word_1_918' title='bbox 2263 4872 2450 4941; x_wconf 85' lang='lat' dir='ltr'><strong><em>Citam,</em></strong></span> <span class='ocrx_word' id='word_1_919' title='bbox 2473 4881 2528 4928; x_wconf 88' lang='lat' dir='ltr'><strong><em>et</em></strong></span> <span class='ocrx_word' id='word_1_920' title='bbox 2553 4872 2604 4928; x_wconf 90' lang='lat' dir='ltr'><strong><em>in</em></strong></span> <span class='ocrx_word' id='word_1_921' title='bbox 2627 4871 2741 4942; x_wconf 86' lang='lat' dir='ltr'><strong><em>ejus</em></strong></span> <span class='ocrx_word' id='word_1_922' title='bbox 2761 4871 2922 4927; x_wconf 76' lang='lat' dir='ltr'><strong><em>[ilium</em></strong></span> <span class='ocrx_word' id='word_1_923' title='bbox 2942 4872 3193 4928; x_wconf 87' lang='lat' dir='ltr'><strong><em>Chanaan</em></strong></span> <span class='ocrx_word' id='word_1_924' title='bbox 3221 4873 3450 4932; x_wconf 85' lang='lat' dir='ltr'><strong><em>vindicta</em></strong></span> <span class='ocrx_word' id='word_1_925' title='bbox 3478 4879 3686 4946; x_wconf 85' lang='lat' dir='ltr'><strong><em>prolata</em></strong></span> 
     </span>
    </p>
   </div>
   <div class='ocr_carea' id='block_1_113' title="bbox 2100 4963 3686 5038">
    <p class='ocr_par' dir='ltr' id='par_1_113' title="bbox 2100 4963 3686 5038">
     <span class='ocr_line' id='line_1_114' title="bbox 2100 4963 3686 5038; baseline 0.006 -20"><span class='ocrx_word' id='word_1_926' title='bbox 2100 4974 2184 5020; x_wconf 78' lang='lat' dir='ltr'><strong><em>est</em></strong></span> <span class='ocrx_word' id='word_1_927' title='bbox 2213 4963 2360 5036; x_wconf 81' lang='lat' dir='ltr'><strong><em>(Gen.</em></strong></span> <span class='ocrx_word' id='word_1_928' title='bbox 2393 4981 2468 5031; x_wconf 79' lang='lat' dir='ltr'><strong><em>ix,</em></strong></span> <span class='ocrx_word' id='word_1_929' title='bbox 2495 4964 2586 5032; x_wconf 72' lang='lat'><strong><em>22,</em></strong></span> <span class='ocrx_word' id='word_1_930' title='bbox 2609 4963 2700 5030; x_wconf 61' lang='lat'><strong><em>2-1,</em></strong></span> <span class='ocrx_word' id='word_1_931' title='bbox 2725 4963 2855 5037; x_wconf 74' lang='lat'><strong><em>25)?</em></strong></span> <span class='ocrx_word' id='word_1_932' title='bbox 2878 4965 2987 5021; x_wconf 90' lang='lat' dir='ltr'><strong><em>Cur</em></strong></span> <span class='ocrx_word' id='word_1_933' title='bbox 3011 4981 3108 5036; x_wconf 89' lang='lat' dir='ltr'><strong><em>pro</em></strong></span> <span class='ocrx_word' id='word_1_934' title='bbox 3134 4976 3353 5038; x_wconf 84' lang='lat' dir='ltr'><strong><em>peccato</em></strong></span> <span class='ocrx_word' id='word_1_935' title='bbox 3378 4965 3686 5028; x_wconf 88' lang='lat' dir='ltr'><strong><em>Salomonis</em></strong></span> 
     </span>
    </p>
   </div>
   <div class='ocr_carea' id='block_1_114' title="bbox 2101 5057 3688 5136">
    <p class='ocr_par' dir='ltr' id='par_1_114' title="bbox 2101 5057 3688 5136">
     <span class='ocr_line' id='line_1_115' title="bbox 2101 5057 3688 5136; baseline 0.005 -24"><span class='ocrx_word' id='word_1_936' title='bbox 2101 5059 2239 5113; x_wconf 82' lang='lat' dir='ltr'><strong><em>illius</em></strong></span> <span class='ocrx_word' id='word_1_937' title='bbox 2267 5057 2383 5127; x_wconf 83' lang='lat' dir='ltr'><strong><em>ejus</em></strong></span> <span class='ocrx_word' id='word_1_938' title='bbox 2405 5057 2754 5112; x_wconf 89' lang='lat' dir='ltr'><strong><em>diminutione</em></strong></span> <span class='ocrx_word' id='word_1_939' title='bbox 2771 5057 2916 5128; x_wconf 82' lang='lat' dir='ltr'><strong><em>regni</em></strong></span> <span class='ocrx_word' id='word_1_940' title='bbox 2941 5059 3156 5128; x_wconf 91' lang='lat' dir='ltr'><strong><em>punitus</em></strong></span> <span class='ocrx_word' id='word_1_941' title='bbox 3180 5069 3262 5115; x_wconf 91' lang='lat' dir='ltr'><strong><em>est</em></strong></span> <span class='ocrx_word' id='word_1_942' title='bbox 3290 5059 3382 5130; x_wconf 86' lang='lat' dir='ltr'><strong><em>(lli</em></strong></span> <span class='ocrx_word' id='word_1_943' title='bbox 3407 5057 3536 5136; x_wconf 80' lang='lat' dir='ltr'><strong><em>Reg.</em></strong></span> <span class='ocrx_word' id='word_1_944' title='bbox 3559 5063 3688 5133; x_wconf 74' lang='lat' dir='ltr'><strong><em>xu)!</em></strong></span> 
     </span>
    </p>
   </div>
   <div class='ocr_carea' id='block_1_115' title="bbox 2101 5149 3687 5226">
    <p class='ocr_par' dir='ltr' id='par_1_115' title="bbox 2101 5149 3687 5226">
     <span class='ocr_line' id='line_1_116' title="bbox 2101 5149 3687 5226; baseline 0.006 -22"><span class='ocrx_word' id='word_1_945' title='bbox 2101 5149 2211 5204; x_wconf 90' lang='lat' dir='ltr'><strong><em>Cur</em></strong></span> <span class='ocrx_word' id='word_1_946' title='bbox 2238 5160 2580 5222; x_wconf 84' lang='lat' dir='ltr'><strong><em>peccatorum</em></strong></span> <span class='ocrx_word' id='word_1_947' title='bbox 2612 5149 2796 5204; x_wconf 83' lang='lat' dir='ltr'><strong><em>Achab</em></strong></span> <span class='ocrx_word' id='word_1_948' title='bbox 2835 5151 2973 5220; x_wconf 87' lang='lat' dir='ltr'><strong><em>regis</em></strong></span> <span class='ocrx_word' id='word_1_949' title='bbox 3001 5151 3159 5206; x_wconf 86' lang='lat' dir='ltr'><strong><em>Israel</em></strong></span> <span class='ocrx_word' id='word_1_950' title='bbox 3205 5150 3258 5207; x_wconf 92' lang='lat' dir='ltr'><strong><em>in</em></strong></span> <span class='ocrx_word' id='word_1_951' title='bbox 3298 5153 3414 5223; x_wconf 87' lang='lat' dir='ltr'><strong><em>ejus</em></strong></span> <span class='ocrx_word' id='word_1_952' title='bbox 3437 5166 3687 5226; x_wconf 80' lang='lat' dir='ltr'><strong><em>posteros</em></strong></span> 
     </span>
    </p>
   </div>
   <div class='ocr_carea' id='block_1_116' title="bbox 2100 5240 3688 5315">
    <p class='ocr_par' dir='ltr' id='par_1_116' title="bbox 2100 5240 3688 5315">
     <span class='ocr_line' id='line_1_117' title="bbox 2100 5240 3688 5315; baseline 0.003 -15"><span class='ocrx_word' id='word_1_953' title='bbox 2100 5259 2255 5314; x_wconf 69' lang='lat' dir='ltr'><strong><em>pmna</em></strong></span> <span class='ocrx_word' id='word_1_954' title='bbox 2283 5243 2442 5297; x_wconf 72' lang='lat' dir='ltr'><strong><em>dilata</em></strong></span> <span class='ocrx_word' id='word_1_955' title='bbox 2493 5251 2575 5298; x_wconf 77' lang='lat' dir='ltr'><strong><em>est</em></strong></span> <span class='ocrx_word' id='word_1_956' title='bbox 2623 5240 2732 5312; x_wconf 88' lang='lat' dir='ltr'><strong><em>(Id.</em></strong></span> <span class='ocrx_word' id='word_1_957' title='bbox 2767 5241 2920 5314; x_wconf 74' lang='lat' dir='ltr'><strong><em>XXI)?</em></strong></span> <span class='ocrx_word' id='word_1_958' title='bbox 2945 5241 3140 5314; x_wconf 86' lang='lat' dir='ltr'><strong><em>thuid</em></strong></span> <span class='ocrx_word' id='word_1_959' title='bbox 3168 5243 3359 5315; x_wconf 88' lang='lat' dir='ltr'><strong><em>legitur</em></strong></span> <span class='ocrx_word' id='word_1_960' title='bbox 3400 5245 3452 5300; x_wconf 90' lang='lat' dir='ltr'><strong><em>in</em></strong></span> <span class='ocrx_word' id='word_1_961' title='bbox 3483 5250 3688 5304; x_wconf 85' lang='lat' dir='ltr'><strong><em>sanetis</em></strong></span> 
     </span>
    </p>
   </div>
   <div class='ocr_carea' id='block_1_117' title="bbox 2099 5333 3686 5405">
    <p class='ocr_par' dir='ltr' id='par_1_117' title="bbox 2099 5333 3686 5405">
     <span class='ocr_line' id='line_1_118' title="bbox 2099 5333 3686 5405; baseline 0.003 -15"><span class='ocrx_word' id='word_1_962' title='bbox 2099 5335 2294 5398; x_wconf 79' lang='lat' dir='ltr'><strong><em>Libris,</em></strong></span> <span class='ocrx_word' id='word_1_963' title='bbox 2331 5333 2564 5388; x_wconf 71' lang='lat' dir='ltr'><strong><em>&quot;addens</em></strong></span> <span class='ocrx_word' id='word_1_964' title='bbox 2589 5343 2792 5405; x_wconf 77' lang='lat' dir='ltr'><strong><em>peccata</em></strong></span> <span class='ocrx_word' id='word_1_965' title='bbox 2833 5344 3033 5404; x_wconf 82' lang='lat' dir='ltr'><strong><em>patrum</em></strong></span> <span class='ocrx_word' id='word_1_966' title='bbox 3061 5335 3112 5388; x_wconf 89' lang='lat' dir='ltr'><strong><em>in</em></strong></span> <span class='ocrx_word' id='word_1_967' title='bbox 3143 5335 3309 5389; x_wconf 82' lang='lat' dir='ltr'><strong><em>sinum</em></strong></span> <span class='ocrx_word' id='word_1_968' title='bbox 3345 5334 3573 5405; x_wconf 70' lang='lat' dir='ltr'><strong><em>ﬁliorum</em></strong></span> <span class='ocrx_word' id='word_1_969' title='bbox 3602 5357 3686 5394; x_wconf 77' lang='lat' dir='ltr'><strong><em>eo-</em></strong></span> 
     </span>
    </p>
   </div>
   <div class='ocr_carea' id='block_1_118' title="bbox 2099 5423 3684 5501">
    <p class='ocr_par' dir='ltr' id='par_1_118' title="bbox 2099 5423 3684 5501">
     <span class='ocr_line' id='line_1_119' title="bbox 2099 5423 3684 5501; baseline 0.004 -21"><span class='ocrx_word' id='word_1_970' title='bbox 2099 5443 2212 5480; x_wconf 82' lang='lat' dir='ltr'><strong><em>rum</em></strong></span> <span class='ocrx_word' id='word_1_971' title='bbox 2239 5436 2348 5497; x_wconf 81' lang='lat' dir='ltr'><strong><em>post</em></strong></span> <span class='ocrx_word' id='word_1_972' title='bbox 2377 5442 2460 5480; x_wconf 86' lang='lat' dir='ltr'><strong><em>eos</em></strong></span> <span class='ocrx_word' id='word_1_973' title='bbox 2491 5423 2700 5495; x_wconf 81' lang='lat' dir='ltr'><strong><em>(Jerem.</em></strong></span> <span class='ocrx_word' id='word_1_974' title='bbox 2727 5440 2905 5492; x_wconf 65' lang='grc' dir='ltr'><strong><em>χχχιι,</em></strong></span> <span class='ocrx_word' id='word_1_975' title='bbox 2939 5424 3026 5497; x_wconf 84' lang='lat' dir='ltr'><strong><em>lS)</em></strong></span> <span class='ocrx_word' id='word_1_976' title='bbox 3052 5441 3066 5490; x_wconf 91' lang='lat'><strong>;</strong></span> <span class='ocrx_word' id='word_1_977' title='bbox 3094 5435 3168 5494; x_wconf 91' lang='lat' dir='ltr'><strong><em>et,</em></strong></span> <span class='ocrx_word' id='word_1_978' title='bbox 3214 5426 3446 5484; x_wconf 78' lang='lat' dir='ltr'><strong><em>Reddens</em></strong></span> <span class='ocrx_word' id='word_1_979' title='bbox 3473 5443 3684 5501; x_wconf 76' lang='lat' dir='ltr'><strong><em>peccata</em></strong></span> 
     </span>
    </p>
   </div>
   <div class='ocr_carea' id='block_1_119' title="bbox 2165 5609 2945 5665">
    <p class='ocr_par' dir='ltr' id='par_1_119' title="bbox 2165 5609 2945 5665">
     <span class='ocr_line' id='line_1_120' title="bbox 2165 5609 2945 5665; baseline -0.005 -2"><span class='ocrx_word' id='word_1_980' title='bbox 2165 5616 2179 5646; x_wconf 78' lang='grc'>⁸</span> <span class='ocrx_word' id='word_1_981' title='bbox 2201 5614 2273 5663; x_wconf 83' lang='lat' dir='ltr'><strong><em>sic</em></strong></span> <span class='ocrx_word' id='word_1_982' title='bbox 2295 5619 2400 5662; x_wconf 75' lang='lat' dir='ltr'><strong><em>Mss.</em></strong></span> <span class='ocrx_word' id='word_1_983' title='bbox 2420 5616 2474 5659; x_wconf 78' lang='lat' dir='ltr'><strong><em>At</em></strong></span> <span class='ocrx_word' id='word_1_984' title='bbox 2497 5609 2633 5665; x_wconf 86' lang='lat' dir='ltr'><strong><em>editi.</em></strong></span> <span class='ocrx_word' id='word_1_985' title='bbox 2657 5609 2945 5662; x_wconf 72' lang='lat' dir='ltr'><strong><em>remmtirmt.</em></strong></span> 
     </span>
    </p>
   </div>
   <div class='ocr_carea' id='block_1_120' title="bbox 2163 5669 3461 5744">
    <p class='ocr_par' dir='ltr' id='par_1_120' title="bbox 2163 5669 3461 5744">
     <span class='ocr_line' id='line_1_121' title="bbox 2163 5669 3461 5744; baseline 0.002 -22"><span class='ocrx_word' id='word_1_986' title='bbox 2163 5676 2255 5744; x_wconf 58' lang='lat' dir='ltr'><strong><em>{in</em></strong></span> <span class='ocrx_word' id='word_1_987' title='bbox 2292 5681 2395 5744; x_wconf 65' lang='lat' dir='ltr'><strong><em>Iuss.</em></strong></span> <span class='ocrx_word' id='word_1_988' title='bbox 2415 5706 2430 5731; x_wconf 87' lang='lat'><strong><em>,</em></strong></span> <span class='ocrx_word' id='word_1_989' title='bbox 2465 5670 2778 5744; x_wconf 65' lang='lat' dir='ltr'><strong><em>obstipuisse;</em></strong></span> <span class='ocrx_word' id='word_1_990' title='bbox 2821 5683 2871 5723; x_wconf 86' lang='lat' dir='ltr'><strong><em>et</em></strong></span> <span class='ocrx_word' id='word_1_991' title='bbox 2917 5669 3071 5735; x_wconf 83' lang='lat' dir='ltr'><strong><em>inira&#39;,</em></strong></span> <span class='ocrx_word' id='word_1_992' title='bbox 3117 5669 3461 5737; x_wconf 64' lang='lat' dir='ltr'><strong><em>obstipuerunt.</em></strong></span> 
     </span>
    </p>
   </div>
   <div class='ocr_carea' id='block_1_121' title="bbox 2169 5738 2774 5800">
    <p class='ocr_par' dir='ltr' id='par_1_121' title="bbox 2169 5738 2774 5800">
     <span class='ocr_line' id='line_1_122' title="bbox 2169 5738 2774 5800; baseline -0.007 -12"><span class='ocrx_word' id='word_1_993' title='bbox 2169 5738 2190 5772; x_wconf 79' lang='grc'>³</span> <span class='ocrx_word' id='word_1_994' title='bbox 2223 5744 2330 5788; x_wconf 79' lang='lat' dir='ltr'><strong><em>tres</em></strong></span> <span class='ocrx_word' id='word_1_995' title='bbox 2345 5743 2471 5798; x_wconf 60' lang='lat' dir='ltr'><strong><em>uss,</em></strong></span> <span class='ocrx_word' id='word_1_996' title='bbox 2493 5738 2774 5800; x_wconf 72' lang='lat' dir='ltr'><strong><em>peccaverit.</em></strong></span> 
     </span>
    </p>
   </div>
  </div>
