3972 6178
280 372 388 428 873

281 498 475 552 patrm:
506 500 556 535 tn
582 482 714 552 ﬁlios
745 498 898 553 usque
920 482 970 535 in
1003 481 1197 534 tertiam
1225 491 1270 533 et
1303 490 1528 549 quartam
1568 479 1854 549 progeniem

277 574 472 639 (hired.
504 587 604 638 xx,
635 574 735 640 5)?
762 572 858 639 Qui
896 585 1151 627 numerus
1174 572 1332 625 etiam
1380 584 1476 637 pro
1517 570 1858 622 universitate

276 664 445 733 accipi
497 672 689 732 potest.
740 662 1006 734 Numquid
1050 662 1165 717 iure
1209 662 1336 716 falsa
1385 661 1543 715 sunt?
1582 661 1713 728 Quis
1759 660 1857 712 hoc

275 754 496 821 dixerit,
525 754 623 808 nisi
649 753 953 809 divinorum
989 753 1323 822 eloquiorum
1354 753 1724 821 apertissitnus
1753 750 1857 805 ini-

278 841 487 897 micus?
509 842 614 899 Sed
642 843 871 897 carnalis
895 843 1170 911 generatio
1194 843 1353 897 etiam
1381 841 1557 909 pepuli
1586 842 1674 895 Dei
1694 841 1858 909 perti-

275 949 409 989 nens
424 934 490 989 ad
509 933 901 990 Testamentum
918 942 1088 997 vetus,
1104 932 1243 1002 quod
1260 933 1308 983 in
1323 948 1431 987 serv
1445 932 1626 986 itutcm
1643 941 1861 1001 generat

287 1025 482 1093 ςσαιαε.
514 1042 584 1087 tv,
608 1026 723 1094 24),
758 1035 1034 1093 parentum
1070 1023 1297 1092 peccatis
1323 1024 1518 1092 obligat
1552 1022 1714 1085 tilios;
1746 1022 1858 1088 spi-

279 1116 482 1169 ritualis
523 1126 703 1169 autem
745 1115 1021 1183 generatio
1049 1114 1065 1146 ³
1101 1152 1117 1176 ,
1149 1114 1287 1168 sicut
1331 1112 1733 1173 hmreditatcm.
1787 1112 1856 1164 ita

276 1220 555 1273 plenarum
578 1217 738 1275 atque
779 1205 1122 1275 prmmiorum
1152 1204 1598 1258 comminationes
1625 1202 1853 1271 promis—

226 1366 229 1369 δ
276 1301 557 1368 sionesque
594 1298 840 1352 mutavit.
871 1296 1021 1364 Quod
1046 1296 1324 1364 Propheta:
1359 1296 1410 1349 in
1437 1294 1624 1364 spiritu
1655 1293 1853 1361 prrevi-

275 1387 484 1452 dentes,
509 1389 605 1441 ista
631 1388 879 1442 dixerunt
902 1401 917 1449 ;
958 1384 1050 1439 sed
1078 1385 1316 1454 apertius
1339 1383 1600 1439 Jerem'as
1623 1401 1636 1437 :
1661 1381 1723 1435 In
1747 1383 1856 1434 die-

272 1477 363 1530 bus
414 1477 537 1541 illis,
586 1476 776 1542 inquit.
821 1492 920 1529 non
970 1475 1157 1537 dicent,
1197 1474 1376 1527 Patres
1425 1473 1857 1527 mundumuerunt

273 1583 420 1621 uvam
457 1568 709 1628 acerbam,
751 1576 800 1620 et
846 1566 1019 1620 dentes
1070 1565 1292 1634 filiorum
1341 1564 1701 1634 obstupuerunt
1723 1577 1742 1613 :
1768 1560 1858 1615 sed

274 1659 615 1729 unusquisque
643 1658 696 1712 in
722 1674 814 1713 suo
839 1666 1042 1727 peccato
1067 1659 1341 1720 morietur;
1361 1667 1410 1711 et
1444 1657 1554 1727 ejus
1584 1655 1671 1727 qui
1712 1671 1862 1709 matt-

168 1809 183 1815 ,
276 1750 531 1804 ducat-erit
566 1765 715 1819 uuam
743 1750 977 1803 acerbam
1001 1789 1019 1815 ,
1061 1747 1408 1817 obstupescent
1436 1747 1457 1778 ¹
1483 1746 1654 1800 dentes
1674 1746 1854 1815 ipsius.

277 1840 485 1910 Nempe
535 1841 872 1895 manit‘estum
903 1848 1005 1903 cst,
1039 1839 1108 1893 ita
1151 1837 1251 1892 hoc
1285 1835 1594 1906 prophetico
1620 1850 1858 1905 pronun-

281 1934 398 1986 tiari
424 1975 437 1995 .
464 1935 603 1986 sicut
640 1934 810 2001 ipsum
838 1931 1238 1985 Testamentum
1272 1944 1469 1983 novum
1490 1966 1507 1993 ,
1543 1928 1683 1998 quod
1715 1928 1858 1997 prius

280 2023 545 2074 occultum
576 2022 703 2084 l'nit.
734 2030 786 2074 et
816 2036 907 2088 per
926 2019 1198 2073 Christum
1233 2028 1414 2088 postea
1437 2019 1725 2072 revelatum
1754 2025 1855 2071 est.

282 2111 515 2181 Denique
538 2152 552 2173 ,
589 2125 654 2164 ne
709 2123 807 2163 nos
845 2118 1122 2163 moverent
1148 2122 1208 2162 ea
1249 2122 1368 2176 quie
1420 2106 1857 2168 commemoravi.

277 2212 331 2256 et
384 2215 574 2256 caetera
623 2201 925 2270 lmjnsmodi
958 2200 1179 2269 plurima
1224 2196 1292 2252 de
1333 2196 1619 2252 reddendis
1643 2198 1695 2249 in
1724 2195 1861 2252 illius

278 2292 513 2362 pecudis
542 2300 816 2360 parentum
833 2330 849 2356 ,
877 2307 994 2359 qua:
1022 2290 1202 2356 utique
1224 2286 1483 2341 veraciter
1499 2287 1692 2356 scripta
1714 2293 1858 2352 sunt.

278 2383 366 2436 et'
410 2384 529 2437 huic
582 2384 869 2452 prOphetia:
911 2381 1174 2436 contraria
1220 2387 1562 2449 putarentur;
1607 2378 1861 2432 continuo

277 2475 439 2529 solvit
472 2475 625 2528 istaut
667 2468 1102 2529 moleStissimam'
1132 2471 1506 2540 qtuestionem,
1532 2467 1862 2538 coniungam

278 2567 347 2621 do
376 2577 533 2636 atque
559 2566 784 2620 dicendo
811 2581 824 2618 :
860 2563 990 2618 Ecce
1019 2564 1125 2616 dies
1150 2562 1375 2631 renitmt,
1409 2559 1537 2613 dicit
1572 2557 1821 2611 Dominus
1839 2597 1856 2622 ,

277 2666 325 2710 et
363 2658 723 2711 consummabo
758 2656 939 2720 ﬂomui
994 2653 1156 2708 Israel
1196 2662 1242 2705 et
1271 2652 1447 2704 domui
1475 2650 1620 2703 Jada
1672 2648 1861 2704 Testa-

278 2760 504 2802 mentum
536 2763 736 2809 norum,
762 2763 860 2800 non
882 2746 1160 2799 secundum
1184 2742 1555 2797 Testamentum
1593 2741 1728 2813 quod
1755 2740 1864 2797 dis-

280 2842 425 2909 pasni
457 2838 681 2910 patribus
703 2854 873 2891 corum
899 2835 1114 2902 (Jerem.
1144 2851 1288 2891 mit.
1311 2832 1527 2904 29-39.).
1552 2832 1608 2886 in
1632 2834 1737 2890 hoc
1760 2833 1861 2905 igi-

281 2943 368 2987 tur
387 2932 729 2987 Testamento
750 2945 886 2984 novo
920 2944 1012 2998 per
1031 2929 1343 2997 sanguinem
1377 2925 1645 2979 testatoris
1666 2924 1688 2954 ⁸
1710 2925 1862 2980 dele-

282 3032 339 3078 to
367 3031 588 3093 paterno
612 3019 987 3090 chirographo,
1018 3018 1202 3085 incipit
1234 3015 1393 3070 homo
1414 3016 1647 3085 paternis
1671 3015 1866 3070 debitis

283 3127 390 3166 non
422 3125 540 3165 esse
566 3095 830 3165 obnoxius
854 3109 1187 3163 renascendo
1208 3147 1223 3170 ,
1247 3106 1439 3175 quibus
1464 3106 1732 3161 nascendo
1749 3105 1868 3161 fue-

280 3213 365 3257 rat
388 3187 669 3272 obligatus,
700 3202 814 3269 ipso
839 3200 1128 3253 Mediature
1154 3198 1383 3262 dicente,
1410 3195 1493 3250 Ne
1510 3196 1644 3251 vobis
1671 3205 1867 3265 patrem

282 3295 460 3348 dicatis
485 3294 535 3346 in
560 3303 692 3346 terra
717 3290 926 3361 (Matth.
952 3305 1101 3356 xxltt,
1120 3288 1174 3361 9)
1197 3287 1510 3343 τεθευιιύυηι
1535 3286 1635 3341 hoc
1660 3287 1864 3358 utique,

280 3385 428 3455 quod
458 3385 591 3438 alios
619 3384 822 3437 natales
869 3383 1062 3451 quibus
1111 3396 1216 3435 non
1249 3380 1385 3448 patri
1412 3376 1819 3434 succederemus
1840 3419 1862 3445 ,

280 3475 378 3529 sed
405 3491 525 3528 cmn
560 3485 708 3542 patre
750 3489 962 3540 semper
989 3472 1306 3537 \ivctcmus,
1336 3471 1654 3525 invenimus.

353 3563 578 3620 CAPUT
617 3561 806 3617 XXVI.
828 3591 899 3602 —
918 3562 1005 3616 85.
1034 3561 1109 3614 Ad
1135 3559 1311 3613 omnia
1334 3574 1420 3614 me
1447 3558 1542 3613 tibi
1564 3558 1869 3628 respondis-

282 3669 364 3716 se,
392 3654 621 3719 Juliane,
648 3662 701 3708 et
727 3653 902 3707 omnia
934 3651 1212 3717 refellisse,
1235 3650 1424 3720 quibus
1444 3650 1637 3719 putasti
1658 3659 1710 3704 et
1726 3649 1872 3704 'dis—

285 3745 481 3814 putasti
531 3743 888 3797 voluminibus
952 3753 1179 3811 quatuor
1227 3741 1552 3796 credendum
1604 3755 1707 3794 non
1751 3756 1872 3796 esse

283 3834 542 3903 originale
578 3841 877 3904 peccatum,
924 3842 978 3887 ct
1024 3829 1507 3899 concupiscentiam
1550 3829 1726 3904 carnis
1767 3844 1871 3883 non

286 3902 449 3995 posse
477 3902 677 3994 culpari
705 3924 820 3979 sine
846 3922 1187 3977 damnatione
1214 3920 1512 3989 nuptiarum
1535 3934 1551 3984 ;
1581 3902 1706 3989 pn‘to
1730 3918 1870 3988 quod

287 4015 584 4084 perspicis,
627 4014 671 4068 si
705 4015 954 4084 pBI‘ViCilX
995 4026 1103 4066 non
1148 4011 1238 4065 sis.
1275 4011 1701 4064 Demonstratnm
1730 4008 1871 4065 enim

285 4115 371 4160 cst
393 4146 409 4170 ,
441 4121 563 4160 eum
594 4112 797 4163 tantum
830 4111 1051 4173 paterno
1078 4101 1298 4171 antiquo
1323 4098 1502 4155 debito
1531 4112 1636 4154 non
1666 4098 1833 4155 teneri
1852 4138 1870 4164 ,

355 4237 522 4301 tApnd
546 4243 680 4301 Lov,,
698 4233 1012 4301 regeneratio.

350 4299 373 4330 ⁸
396 4292 446 4348 tri
466 4308 593 4355 διεδ..
611 4292 945 4360 obstupebtmt;
971 4294 1069 4356 vel,
1102 4292 1410 4359 obstipebtau.

353 4361 375 4392 ³
398 4361 538 4419 Editi,
562 4371 638 4409 ne.
665 4358 987 4408 Emendantut‘
1011 4369 1075 4408 ex
1095 4366 1199 4406 Mss.

324 4421 377 4494 ,δ
410 4412 536 4470 Am.’
569 4427 642 4470 Er.
701 4429 755 4470 et
807 4432 899 4470 sex
948 4425 1063 4469 uss.
1093 4450 1109 4477 ,
1173 4430 1262 4482 per
1315 4414 1595 4480 sanguinem
1646 4412 1876 4465 mediato-

288 4496 361 4532 1⁸ιὲ

352 4517 549 4593 ἶῑὶιιίιίο
570 4549 679 4593 Lov.
711 4543 905 4602 omittit,
924 4539 1101 4602 minuti
1131 4546 1193 4591 et.
1220 4548 1322 4602 Am.
1347 4549 1467 4588 vero
1490 4543 1543 4587 et
1572 4542 1648 4584 Er.
1673 4535 1873 4593 habent,

287 4604 500 4666 putasti;
522 4605 610 4655 sed
635 4599 956 4667 prater-eunt,
978 4608 1024 4653 et
1046 4599 1320 4666 disputasti.

1664 364 1865 421 LIBER
1903 364 2190 421 SEXTUS.

3450 370 3547 424 8M

1966 476 2054 546 qui
2082 477 2439 534 lncreditatem
2468 488 2774 549 patremque
2804 479 3059 541 mutavit;
3093 475 3178 533 ubi
3210 479 3544 537 cohzereitem

1966 567 2169 623 invenit
2193 570 2405 624 unicum
2431 586 2525 637 per
2549 580 2788 627 naturam
2810 612 2824 632 .
2860 572 3139 638 adoptatus
3167 572 3278 640 ipse
3304 588 3399 641 per
3428 589 3548 641 gr»-

1966 659 2093 712 tiam
2120 676 2133 711 :
2160 660 2315 730 eique
2345 671 2545 715 tantum
2583 662 3062 731 concupiscentiam
3089 662 3354 717 carnalem
3398 680 3543 716 mor-

1967 761 2072 809 tem
2122 769 2228 809 non
2268 754 2462 809 inferre
2509 762 2626 822 post
2647 763 2894 818 mortem,
2926 754 3013 823 qui
3056 754 3111 806 in
3148 753 3344 807 Christi
3378 770 3545 808 morte

1968 843 2228 900 invenerit
2254 858 2477 900 mortem
2498 888 2511 907 ,
2556 862 2655 914 qua
2687 845 2944 901 moriatur
2970 855 3207 911 peccato.
3235 857 3289 899 et
3317 848 3545 902 evaserit

1967 945 2189 990 mortem
2220 952 2319 1006 qua
2352 947 2507 992 natus
2537 936 2708 991 fuerat
2748 936 2800 990 in
2842 946 3077 1006 peccato.
3109 935 3259 993 Unus
3284 938 3423 990 enim
3452 954 3546 1003 pro

1965 1026 2213 1080 omnibus
2239 1037 2476 1082 mortuus
2496 1038 2599 1092 est,
2625 1043 2753 1099 ergo
2773 1042 2958 1083 omnes
2979 1028 3168 1082 'mortui
3189 1039 3311 1082 sunt
3337 1028 3399 1097 (ll
3424 1032 3540 1082 Cor.

1964 1113 2140 1183 v.15)
2177 1131 2192 1167 :
2224 1124 2278 1170 et
2319 1130 2418 1187 pro
2458 1117 2704 1171 omnibus
2751 1124 2991 1172 mortuus
3035 1118 3192 1181 est‘;
3237 1133 3337 1174 nec
3384 1121 3540 1188 aliqui

1963 1211 2215 1272 poterunt
2238 1206 2419 1261 vivere
2436 1220 2535 1276 pro
2560 1207 2754 1276 quibus
2786 1221 2889 1261 non
2916 1215 2999 1262 est
3031 1217 3271 1261 mortuus
3290 1249 3306 1271 ,
3328 1209 3418 1276 qni
3449 1225 3543 1277 pro

1965 1294 2189 1350 mortuis
2219 1296 2366 1350 vivus
2393 1305 2477 1351 est
2512 1305 2754 1351 mortuus
2774 1298 2816 1350 '.
2846 1296 2971 1351 Haze
3011 1310 3209 1366 negans
3228 1338 3241 1361 .
3270 1296 3353 1350 his
3383 1314 3538 1367 repn-

1962 1397 2163 1453 gnatis,
2194 1385 2292 1439 ista
2318 1387 2624 1442 convellere
2652 1388 2877 1442 moliens
2910 1387 3184 1444 catholica:
3216 1387 3333 1444 tidei
3364 1392 3539 1444 muni-

1961 1486 2162 1543 menta,
2192 1477 2441 1550 ipsosque
2471 1492 2666 1534 nervos
2690 1478 3029 1551 disrumpere
3074 1481 3382 1539 christiana:
3427 1484 3551 1538 reti-

1960 1569 2156 1640 gionis,
2187 1584 2432 1639 verasque
2461 1569 2704 1638 pietatis;
2736 1570 2903 1626 audes
2928 1571 3144 1642 insuper
3169 1574 3370 1640 dicere.
3404 1576 3545 1646 quod

1962 1666 2149 1711 contra
2189 1657 2381 1726 impios
2420 1656 2556 1711 bella
2585 1658 2884 1727 susceperis
2912 1671 2926 1709 :
2956 1669 3078 1711 cum
3102 1654 3386 1711 adversum
3426 1671 3540 1708 ina-

1963 1756 2098 1801 trem
2119 1762 2237 1818 qua:
2268 1756 2319 1802 te
2342 1747 2693 1817 spiritualiter
2721 1746 2944 1817 peperit.
2966 1746 3129 1801 armis
3153 1746 3437 1816 impietatis
3462 1746 3542 1799 in-

1963 1838 2165 1893 duaris.
2198 1837 2376 1895 Andes
2420 1849 2472 1895 te
2507 1839 2704 1909 agmini
2742 1847 3041 1893 sanctorum
3088 1837 3538 1901 Palriarcharnm,

1965 1929 2374 1999 Prophetarum,
2400 1930 2802 1999 Apostolorum.
2831 1938 3147 2000 martyrum,
3181 1926 3542 1981 sacerdotum-

1962 2034 2069 2089 que
2096 2021 2320 2075 miscere
2345 2037 2359 2075 :
2386 2035 2507 2074 eum
2538 2020 2629 2075 tibi
2659 2018 2838 2074 dicant
2866 2018 3216 2081 Patriarclue,
3245 2016 3417 2070 Etiam
3445 2032 3544 2087 pro

1963 2112 2197 2180 parvulis
2218 2112 2352 2166 natis
2367 2111 2540 2167 oblata
2564 2111 2820 2166 sacriﬁcia
2847 2123 2944 2179 pro
2966 2109 3194 2177 peccatis
3214 2105 3395 2178 (Leuit.
3422 2108 3539 2178 xu);
3614 2102 3627 2109 ”

1962 2218 2030 2259 eo
2054 2204 2195 2275 quod
2223 2220 2327 2259 non
2356 2205 2425 2261 sit
2454 2204 2685 2259 mundus
2728 2218 2758 2257 a
2798 2201 3044 2257 sordibus
3087 2216 3186 2255 nec
3224 2200 3395 2254 iulans
3435 2200 3540 2254 diei

1965 2294 2121 2348 unius
2149 2309 2311 2365 super
2335 2303 2529 2349 terram
2554 2293 2674 2365 (Job
2710 2308 2821 2357 xw,
2850 2292 2905 2358 5,
2927 2307 3027 2346 sec.
3070 2288 3234 2361 LXX)
3267 2307 3280 2343 :
3306 2304 3423 2345 eum
3449 2289 3540 2343 tibi

1965 2382 2143 2438 dicant
2189 2383 2490 2451 Propheta.
2547 2384 2599 2437 in
2650 2382 3015 2452 iniquitatibus
3061 2380 3302 2450 concepti
3359 2393 3542 2433 Summ

1967 2470 2136 2543 (Psai.
2158 2488 2210 2537 ι..
2235 2474 2289 2539 7)
2322 2487 2336 2525 :
2362 2488 2481 2527 cum
2513 2473 2604 2527 tibi
2629 2473 2805 2529 dicant
2831 2472 3091 2541 Apostoli,
3123 2470 3433 2538 Quicumque
3458 2470 3543 2522 ba-

1968 2566 2142 2632 ptisati
2178 2581 2350 2620 sumus
2373 2566 2425 2620 in
2452 2563 2652 2621 Christo
2684 2563 2829 2628 Jesu,
2857 2565 2909 2617 in
2939 2574 3096 2617 morte
3123 2563 3279 2632 ipsius
3308 2560 3545 2629 baptizau‘

1967 2672 2177 2720 sumus;
2203 2665 2261 2710 ut
2276 2657 2642 2712 existimemus
2666 2670 2763 2710 nos
2783 2662 3021 2709 mortuos
3044 2653 3254 2722 quidem
3279 2666 3395 2707 esse
3418 2666 3541 2720 pec-

1967 2749 2326 2812 cato..vivere
2354 2757 2532 2804 autem
2561 2748 2670 2803 Deo
2700 2746 2991 2802 in'Cltristo
3015 2744 3140 2800 Jcsu
3180 2744 3356 2817 (Rom.
3380 2759 3449 2807 vt,
3487 2744 3540 2807 3.

1971 2838 2061 2911 il)
2093 2858 2106 2895 :
2137 2854 2256 2894 cum
2286 2840 2377 2894 lib]
2410 2839 2589 2901 dicant
2611 2849 2891 2910 martyres,
2923 2836 3222 2893 Secundum
3247 2837 3412 2891 Adam
3430 2850 3544 2891 ear-

1970 2933 2160 2988 nalitcr
2186 2940 2339 2987 natos
2363 2931 2665 3001 contagium
2698 2932 2881 2984 mortis
2909 2931 3137 2998 antiqtta‘.
3169 2927 3330 2998 prima
3359 2928 3545 2982 nativi-

1969 3031 2077 3079 tate
2099 3022 2437 3087 contrahere,
2469 3022 2608 3077 unde
2648 3020 2882 3090 parvulis
2909 3020 3242 3075 dimittantur
3281 3020 3336 3072 in
3371 3019 3549 3088 Bapti~

1969 3128 2120 3178 smo,
2167 3127 2273 3168 non
2318 3112 2563 3183 prepria,
2611 3112 2706 3167 sed
2750 3111 2920 3166 aliena
2968 3119 3183 3179 peccata
3220 3107 3542 3181 (Cyprianus.

1970 3204 2136 3276 Epist.
2160 3204 2247 3264 64.
2262 3205 2329 3258 ad
2344 3203 2549 3257 Fidum.
2565 3201 2691 3257 Vide
2709 3218 2886 3273 supra,
2903 3202 2990 3257 lib.
3010 3202 3062 3267 1,
3077 3218 3191 3270 cap.
3209 3200 3267 3271 3)
3285 3218 3298 3255 :
3316 3215 3433 3254 cum
3454 3198 3549 3254 tibi

1971 3293 2149 3348 dicant
2192 3293 2497 3348 sacerdotes
2518 3332 2531 3355 ,
2560 3290 2771 3348 Carnati
2802 3292 3070 3361 voluptate
3097 3298 3374 3344 concretos
3401 3288 3548 3357 prius

1971 3384 2150 3440 subire
2176 3384 2488 3440 delictorum
2519 3383 2817 3454 contagium
2840 3420 2863 3447 ,
2886 3397 3043 3452 quam
3075 3382 3195 3434 vita:
3223 3379 3378 3449 ltnjus
3421 3378 3554 3432 hau-

1972 3477 2080 3531 rire
2104 3491 2298 3530 munus
2327 3474 2659 3546 (Ambrosius,
2686 3474 2813 3526 libro
2837 3473 2900 3526 de
2928 3472 3256 3528 Sacramenta
3285 3484 3547 3540 regenera-

1974 3566 2141 3621 tionis.
2182 3563 2309 3618 Vide
2329 3580 2504 3634 supra,
2537 3563 2624 3617 lib.
2663 3562 2718 3628 2,
2746 3579 2861 3631 cap.
2897 3562 2975 3631 6).
3009 3561 3100 3615 llis
3127 3569 3177 3615 te
3204 3559 3511 3614 consociare
3533 3557 3553 3588 ⁸

1974 3657 2267 3729 pratsutnis,
2298 3669 2521 3727 quorum
2551 3654 2705 3709 tidem
2732 3653 2999 3709 debellare
3021 3652 3248 3706 conaris.
3277 3652 3451 3706 Audes
3471 3651 3552 3705 di-

1974 3764 2116 3811 cere,
2144 3745 2285 3815 quod
2326 3761 2355 3799 a
2401 3744 2809 3799 Manichaeorum
2853 3743 3123 3797 consortio
3167 3738 3424 3804 vincaris,
3465 3742 3552 3809 qui

1975 3836 2293 3904 Manichmos
2314 3836 2538 3890 invictos
2562 3833 2709 3898 facis,
2734 3833 2833 3888 nisi
2854 3848 2974 3887 cum
2989 3834 3066 3887 eis
3082 3838 3137 3886 et
3164 3829 3276 3899 ipse
3303 3830 3552 3890 vincaris.

1976 3928 2223 3993 Falleris,
2255 3926 2350 3995 illi,
2376 3926 2749 3983 miserabiliter
2774 3924 2995 3991 falleris,
3025 3922 3108 3978 vel
3135 3921 3295 3980 etiam
3322 3921 3555 3978 detesta-

1977 4019 2154 4076 biliter
2199 4019 2396 4076 falleris
2444 4038 2459 4073 ;
2513 4017 2728 4087 quando
2769 4017 3161 4072 animositatem
3208 4028 3309 4084 qua
3358 4011 3554 4069 teneris

1978 4112 2192 4178 viceris,
2221 4119 2346 4165 tunc
2369 4109 2645 4165 veritatem
2677 4108 2876 4178 poteris
2902 4119 3081 4162 tencrc
3105 4120 3206 4175 qua
3233 4102 3482 4158 vinceris.

2043 4291 2055 4321 ³
2082 4287 2410 4339 Lovanienses
2450 4288 2840 4348 exponerent,
2867 4286 2913 4331 et
2937 4291 3066 4348 pro
3087 4276 3317 4348 omnibus.
3344 4279 3557 4348 mortuus

1977 4358 2064 4401 est.
2107 4350 2175 4399 tbi
2216 4356 2381 4408 tamen
2429 4340 2591 4397 exs'tat
2636 4347 2685 4395 in
2728 4340 2979 4408 Gallicanis
3013 4347 3076 4408 ‘et
3113 4340 3349 4408 Vaticanis
3376 4347 3493 4408 _.\tss.

2043 4416 2063 4443 ¹¹
2081 4413 2156 4460 sic
2176 4407 2394 4459 melioris
2415 4415 2544 4457 nota:
2568 4414 2672 4456 Mss.
2699 4412 2756 4455 Αι
2778 4404 2915 4460 editi,
2942 4403 3055 4465 quia
3095 4411 3183 4464 pro
3212 4403 3410 4449 mortuis
3437 4410 3559 4447 imus

1979 4477 2213 4536 mortuus.
2240 4470 2355 4519 vide
2387 4480 2552 4531 supra,
2577 4481 2627 4515 n.
2653 4465 2731 4535 48,
2782 4525 2794 4536 .

2045 4535 2067 4565 ³
2090 4541 2191 4581 Am.
2210 4537 2283 4580 Fr.
2304 4536 2357 4580 et
2370 4537 2505 4590 Mssa,
2530 4539 2811 4578 consonam.

1403 4919 1484 4981 IN
1524 4916 1825 4979 LIBRUM
1867 4910 2487 4990 SUBSEQUENTEM

384 5049 539 5112 Vide
570 5049 677 5111 lib.
700 5048 763 5118 2.
784 5066 919 5118 cap.
955 5045 1059 5117 66,
1109 5043 1679 5105 Retractationum.
1724 5048 1869 5098 tom.
1894 5040 1954 5109 1,
1987 5036 2278 5118 col._656,
2310 5034 2617 5118 apertus,
2643 5034 2913 5118 Propter
2938 5047 3048 5118 eos
3078 5029 3216 5118 qui,
3245 5023 3567 5118 πεφρελά

291 5105 1129 5196 verbajvlio'minisiiberum
1154 5123 1514 5189 arbitrium,
1546 5118 1650 5180 ubi
1678 5118 1833 5180 dicit
1862 5105 2342 5196 Augustinusse
2360 5113 2591 5175 librum
2622 5112 2700 5172 de
2735 5105 2954 5172 Gratia
2984 5114 3046 5169 et
3087 5105 3559 5168 Libero'Arbi—

295 5210 423 5269 trio
452 5207 772 5287 scripsisse
797 5204 876 5266 ad
900 5201 1230 5263 monachos
1259 5199 1697 5261 Adrumctinos
1729 5197 1840 5277 (a).

359 5371 433 5433 (a)
460 5371 767 5433 Adrumetum
794 5365 976 5433 Africa
999 5366 1118 5433 urbs
1139 5363 1371 5433 maritima
1388 5397 1404 5418 ,
1430 5368 1541 5433 Βςῃ

2280 5193 2366 5254 Μ.

1542 5336 1679 5411 ρεπιτὲ
1695 5360 1957 5422 provinciae
1977 5357 2257 5419 metropolis
2280 5356 2368 5422 fuit
2386 5393 2399 5411 .
2418 5365 2480 5405 ut.
2510 5353 2676 5422 scribit
2699 5351 2951 5422 Procopius
2969 5352 3017 5399 in
3042 5348 3166 5422 libro
3188 5355 3332 5422 Sesto
3352 5338 3418 5422 de
3443 5349 3571 5419 Αῐτὶιο

295 5407 1900 5483 acié’iiiiiiiiiiiiiITbiBefohﬁtﬁ'éﬁiiiiéﬁo'uiiéiﬁ;iocabantur,
1919 5407 1969 5470 in
2006 5407 2208 5482 quorum
2245 5407 2447 5483 gratiam
2474 5416 2759 5483 angustinus
2779 5407 3418 5483 duossequenteswlibros,
3441 5411 3571 5483 pria-

436 5471 1190 5546 331331515'ei'iiBEiB'iiBiii-ié,
1205 5471 1533 5547 posteriorem
1555 5486 1619 5532 de
1636 5471 1946 5547 mrreptione
1969 5471 2207 5547 et'Gralirr
2238 5471 2694 5547 Eoriset'ipsit,"antto
2714 5471 3137 5547 (ξιινίξρ-ιὶιξέρῃε
3285 5476 3421 5547 Anon
3443 5471 3574 5547 enim;

298 5530 682 5623 ξιξ.Ιίὖῆἰῷ
707 5530 1190 5623 ίῦἷιῖῥιῖέᾶἰῖιῖξῖνὶδῗ
1381 5530 1712 5623 inniti-anius:
1739 5530 1934 5623 quia-in
1960 5541 2388 5591 Retractalionibus
2408 5530 2599 5588 cirdter
2624 5549 2801 5584 annum
2820 5534 2906 5583 4:37
2933 5530 3075 5583 (alitis
3097 5539 3457 5584 memoremus:
3479 5530 3574 5583 sed

298 5628 394 5666 nec
415 5623 529 5664 ante
550 5606 789 5671 collocari,
813 5606 927 5674 quia
950 5618 1245 5674 postremum
1265 5606 1446 5658 ibidem
1470 5606 1625 5655 locum
1646 5612 1896 5665 oemtpait.

560 5838 824 5899 ΡΑἸἮΟΙ..
864 5841 1082 5900 XLlV.

2832 5833 2866 5911 (
2880 5834 3288 5911 t'ingt-huitJ
