4014 6186
502 410 605 464 875
1670 408 1734 463 IN
1775 407 2025 464 LIBRUM
2066 404 2608 474 SUDSEQUENTEM
3536 432 3540 436 Α
3676 413 3782 468 316

848 714 855 721 .
955 623 1794 732 AUGUSTINI
1922 626 2136 728 AD
2266 623 3309 734 VALENTINUM

1604 814 1671 853 Π
1707 813 1810 853 CUI
1851 813 1968 853 ΙΙ.ιο
2005 811 2277 854 ΙΟΝΑΕΗῦΒ
2315 812 2684 855 ADRUIETINOS

491 912 1012 977 EPISTOLIE
1073 912 1283 978 DU/E
1335 912 1633 975 SIMUL
1678 910 1874 975 CUM
1916 910 2610 986 SUBSEQUENTE
2671 911 3659 980 LIBROTBANSMISSB.

1903 1032 2372 1083 -ο-δ-ιθθοοεί-κ-

1451 1152 1703 1195 ενιΒΤΟιΑ
1739 1152 1914 1199 PRIOR.
1955 1153 2116 1192 ιιιτειι
2153 1151 2565 1193 Αιιςιιετιιιιιιιιλε
2601 1150 2775 1192 CCXIV.

492 1234 719 1291 Domino
744 1233 1112 1302 dilectissimo,
1140 1240 1196 1288 et
1223 1232 1275 1287 in
1302 1229 1500 1288 Chr'tsti
1522 1232 1777 1287 membris
1798 1230 2109 1286 honorando
2130 1230 2276 1285 fratri
2304 1229 2634 1296 Vaces-riuo,
2664 1238 2718 1285 et
2740 1229 2991 1286 fratribus
3010 1233 3101 1302 qui
3134 1240 3307 1289 tecum
3330 1243 3472 1303 sunt,
3508 1240 3772 1294 Ausus-n-

1356 1393 1365 1401 .
1794 1338 1910 1388 tvvs,
1943 1324 1993 1376 in
2022 1324 2243 1377 Domino
2273 1323 2518 1378 salutem.

557 1420 584 1473 1
637 1418 911 1474 Venerunt
929 1417 994 1471 ad
1023 1430 1122 1471 nos
1144 1415 1251 1471 duo
1276 1415 1522 1485 juvenes,
1552 1412 1871 1469 Cresconius
1898 1421 1950 1467 et
1979 1411 2153 1478 Felix,
2179 1413 2246 1467 de
2275 1422 2449 1468 vestra
2480 1414 2891 1483 congregatione
2933 1430 2994 1470 se
3034 1431 3154 1471 esse
3194 1416 3452 1483 dicentes,
3491 1421 3580 1491 qui
3611 1423 3770 1479 nobis

489 1510 803 1573 retulerunt,
835 1507 1218 1562 monasterium
1247 1515 1478 1560 vestrum
1498 1503 1750 1557 nonnulla
1776 1502 2112 1558 dissensione
2143 1502 2431 1566 turbatum,
2460 1518 2519 1555 ιο
2551 1503 2691 1572 quod
2719 1502 2934 1574 quidam
2964 1505 3014 1557 in
3038 1506 3190 1561 vobis
3213 1509 3291 1562 sic
3317 1509 3541 1577 gratiam
3565 1514 3765 1579 praedi-

485 1610 628 1668 cent,
655 1610 714 1655 ut
742 1608 936 1671 negent
956 1598 1187 1653 hominis
1227 1612 1345 1653 esse
1372 1597 1601 1651 liberum
1629 1594 1942 1659 arbitrium;
1971 1603 2047 1661 et,
2079 1595 2217 1666 quod
2246 1603 2328 1650 est
2352 1596 2585 1664 gravius,
2615 1596 2811 1659 dicant,
2841 1597 2983 1666 quod
3013 1597 3065 1652 in
3092 1598 3179 1653 die
3198 1599 3382 1668 judicii
3411 1617 3517 1657 non
3547 1605 3617 1659 sit
3636 1606 3764 1660 red-

484 1694 690 1747 diturus
711 1692 854 1746 Deus
883 1690 1168 1760 unicuique
1208 1687 1501 1742 secundum
1540 1700 1701 1756 opera
1734 1685 1851 1755 ejus
1881 1685 2094 1756 (Matth.
2119 1702 2234 1750 va,
2274 1685 2377 1749 27;
2409 1684 2558 1739 Rom.
2592 1702 2647 1751 ιι,
2691 1686 2771 1758 6).
2804 1688 2974 1742 Etiam
3020 1688 3121 1744 hoc
3149 1699 3324 1745 tamen
3368 1693 3762 1762 indicaverunt,

482 1782 622 1852 quod
651 1782 831 1853 plures
849 1788 1083 1837 vestrum
1115 1794 1222 1833 non
1252 1782 1323 1833 ita
1350 1780 1601 1844 sentiant,
1630 1776 1724 1832 sed
1769 1776 1992 1831 liberum
2032 1778 2306 1833 arbitrium
2356 1777 2595 1847 adjuvari
2638 1777 2902 1834 fateantur
2952 1795 3046 1850 per
3088 1782 3179 1837 Dei
3221 1785 3466 1854 gratiam,
3512 1797 3573 1841 ut
3612 1799 3762 1845 recta

482 1876 750 1946 sapiamus
784 1882 947 1944 atque
974 1872 1263 1936 faciamus;
1291 1879 1349 1924 ut
1374 1885 1494 1925 cum
1521 1869 1727 1925 venerit
1755 1868 2011 1924 Dominus
2049 1868 2273 1924 reddere
2302 1868 2584 1938 unicuique
2610 1870 2900 1924 secundum
2940 1885 3100 1940 opera
3140 1873 3276 1943 ejus,
3320 1875 3555 1932 inveniat
3594 1895 3759 1950 opera

483 1981 660 2022 nostra
688 1966 859 2030 bona,
900 1980 1019 2035 quae
1069 1961 1384 2034 praeparavit
1433 1962 1574 2017 Deus
1614 1968 1672 2015 ut
1706 1960 1762 2016 in
1806 1960 1912 2015 illis
1951 1959 2285 2017 ambulemus
2310 1959 2329 2030 (
2354 1959 2544 2031 Ephes.
2578 1976 2652 2028 ιι,
2682 1961 2749 2017 l0
2766 1959 2809 2035 ).
2844 1962 2954 2018 Hoc
2995 1964 3083 2034 qui
3124 1967 3361 2023 sentiunt
3378 2011 3402 2036 ν,
3453 1970 3591 2027 bene
3628 1989 3762 2028 scn-

482 2059 638 2114 tiunt.

545 2151 600 2205 2.
633 2150 850 2205 Obsecro
872 2150 1048 2219 itaque
1076 2164 1181 2211 vos,
1211 2151 1411 2219 fratres,
1439 2148 1573 2202 sicut
1593 2143 1903 2202 Corinthios
1930 2145 2226 2201 obsecravit
2265 2144 2571 2215 Apostolus,
2607 2162 2697 2215 per
2723 2161 2902 2201 nomen
2943 2146 3148 2202 Dontini
3178 2152 3338 2205 nostri
3368 2150 3520 2207 Iesus
3542 2152 3756 2219 Christi,

480 2250 532 2293 ut
559 2241 778 2311 idipsum
805 2240 985 2293 dicatis
1010 2254 1200 2303 omnes,
1221 2247 1267 2292 et
1290 2254 1391 2292 non
1405 2238 1504 2293 sint
1528 2239 1581 2292 in
1606 2237 1742 2293 vobis
1766 2236 2038 2291 ultimate
2066 2234 2113 2306 (ι
2131 2233 2247 2291 Cor.
2271 2251 2309 2299 ι,
2344 2236 2455 2307 10).
2487 2236 2665 2291 Primo
2693 2238 2835 2292 enim
2865 2239 3121 2295 Dominus
3144 2241 3319 2309 Jesus,
3339 2244 3474 2299 sicut
3495 2247 3755 2317 scriptum

478 2342 559 2385 est
583 2333 633 2386 in
664 2332 952 2402 Evangelio
976 2330 1197 2387 Joannis
1226 2330 1472 2399 apostoli,
1506 2345 1606 2383 non
1627 2328 1760 2382 venit
1784 2336 1838 2380 ut
1859 2326 2112 2397 judicaret
2137 2326 2401 2392 mundum,
2433 2327 2522 2381 sed
2542 2338 2594 2381 ut
2620 2329 2898 2382 salvaretur
2935 2332 3152 2385 mundus
3175 2350 3264 2403 per
3291 2334 3455 2405 ipsum
3475 2335 3656 2407 (loan.
3678 2356 3752 2406 ιιι,

478 2424 589 2492 17).
620 2424 807 2477 Postea
838 2437 985 2486 vero,
1019 2422 1155 2475 sicut
1180 2421 1362 2476 scribit
1386 2418 1660 2488 apostolus
1689 2417 1903 2481 Paulus,
1928 2415 2185 2485 judicabit
2216 2416 2354 2471 Deus
2377 2416 2629 2472 mundum
2660 2417 2837 2487 (Rom.
2877 2434 2953 2485 ιιι,
2983 2419 3038 2491 6)
3063 2462 3078 2486 ,
3110 2422 3322 2490 quando
3357 2434 3613 2481 venturus
3649 2439 3752 2494 est,

481 2516 613 2570 sicut
638 2525 744 2569 tota
785 2515 1023 2570 Ecclesia
1052 2514 1105 2570 in
1136 2512 1390 2585 Symbolo
1414 2511 1719 2575 confitetur,
1755 2508 1997 2577 judicare
2034 2507 2183 2562 vivos
2211 2515 2265 2562 et
2302 2515 2563 2563 mortuos.
2606 2508 2661 2563 Si
2695 2509 2854 2580 igitur
2879 2525 2983 2565 non
3011 2521 3093 2566 est
3124 2512 3216 2568 Dei
3254 2515 3444 2584 gratia,
3479 2517 3754 2587 quomodo

480 2608 645 2664 salvat
672 2607 962 2662 mundum?
987 2616 1040 2660 et
1083 2607 1127 2661 si
1156 2620 1259 2660 non
1281 2613 1365 2660 cst
1397 2603 1619 2658 liberum
1647 2600 1946 2667 arbitrium,
1990 2598 2259 2668 quomodo
2298 2598 2499 2668 judicat
2545 2600 2839 2655 mundum?
2870 2601 3099 2659 Proinde
3139 2604 3330 2659 librum
3360 2606 3444 2661 vel
3468 2608 3754 2677 epistolam

474 2718 667 2765 meam,
697 2717 856 2772 quam
881 2715 1062 2756 secum
1095 2698 1162 2754 ad
1191 2713 1290 2753 nos
1319 2695 1604 2767 supradicti
1630 2694 1938 2757 attulerunt,
1965 2690 2254 2747 secundum
2286 2691 2421 2746 hanc
2460 2690 2617 2747 fidem
2639 2692 2936 2764 intelligite,
2964 2703 3024 2749 ut
3051 2711 3224 2766 neque
3265 2680 3469 2768 negetis
3507 2699 3598 2754 Dei
3623 2715 3755 2770 gra-

473 2796 620 2860 tiam,
651 2809 824 2864 neque
854 2793 1077 2848 liberum
1107 2790 1383 2846 arbitrium
1412 2788 1491 2843 sic
1513 2785 1836 2850 defendatis,
1861 2792 1920 2838 ut
1946 2798 1975 2837 a
1998 2782 2093 2837 Dei
2121 2782 2287 2852 gratia
2316 2784 2601 2853 separetis,
2633 2793 2883 2855 tanquam
2913 2787 3029 2841 sine
3059 2787 3144 2841 illa
3177 2787 3260 2843 vel
3294 2790 3527 2860 cogitare
3550 2791 3754 2862 aliquid

471 2886 551 2940 vel
576 2900 734 2956 agere
761 2883 1052 2940 secundum
1092 2882 1259 2937 Deum
1306 2881 1411 2935 ulla
1456 2878 1666 2933 ratione
1713 2876 1998 2947 possimus,
2044 2872 2186 2942 quod
2215 2874 2433 2950 omnino
2466 2892 2572 2931 non
2603 2867 2906 2947 possumus.
2939 2879 3163 2950 Propter
3190 2879 3291 2935 hoc
3316 2883 3457 2937 enim
3490 2882 3755 2939 Dominus

469 2993 589 3033 cum
611 2947 686 3032 ἷιο
708 2974 882 3031 fructu
905 2974 1125 3044 justitiaa
1154 2972 1479 3043 loqueretur,
1510 2970 1585 3023 ait
1611 2967 1883 3037 discipulis
1907 2964 2039 3031 suis,
2056 2963 2193 3020 Sine
2218 2981 2298 3020 me
2326 2947 2457 3020 nihil
2488 2967 2691 3037 potestis
2717 2967 2883 3036 [acere
2911 2947 3090 3039 (Joan.
3116 2985 3209 3035 xv,
3237 2971 3319 3041 5).

537 3070 592 3123 3.
616 3065 770 3124 Unde
796 3063 1153 3134 supradictam
1183 3062 1462 3131 epistolam
1484 3059 1559 3114 ad
1586 3058 1793 3114 Sixtum
1836 3056 2089 3111 Romamn
2128 3053 2380 3109 Ecclesia:
2416 3055 2783 3127 presbyterum
2910 3067 3093 3112 contra
3134 3073 3302 3114 novos
3342 3059 3623 3117 ιιπιιειίεοε
3646 3062 3754 3118 νε,

468 3158 700 3228 lagianos
725 3154 981 3209 noveritis
1005 3168 1124 3207 esse
1152 3150 1529 3220 conscriptam,
1557 3149 1645 3220 qui
1684 3148 1867 3203 dicunt
1894 3146 2115 3217 gratiam
2145 3144 2240 3199 Dei
2276 3145 2570 3202 secundum
2600 3147 2788 3202 merita
2830 3158 3012 3204 nostra
3050 3148 3187 3216 dari,
3235 3160 3293 3206 ιιι
3328 3153 3419 3222 qui
3467 3152 3752 3223 gloriatur,

468 3264 573 3305 non
602 3248 654 3301 in
683 3246 928 3309 Domino,
957 3243 1051 3298 sed
1080 3244 1130 3296 iu
1156 3257 1216 3297 se
1242 3243 1357 3311 ipso
1380 3241 1657 3311 glorietur,
1688 3240 1788 3293 hoc
1815 3245 1917 3303 est,
1957 3238 2010 3291 in
2055 3235 2292 3303 homine,
2343 3252 2449 3292 non
2488 3238 2539 3292 in
2578 3238 2823 3293 Domino.
2854 3239 3006 3307 Quod
3052 3241 3297 3310 prohibet
3323 3244 3633 3314 Apostolus,
3667 3246 3754 3301 di-

465 3354 618 3405 cens,
643 3336 810 3392 Nemo
834 3335 1075 3407 glorietur
1091 3334 1145 3387 in
1165 3333 1367 3387 homine
1392 3332 1438 3402 (l
1457 3330 1575 3387 Cor.
1608 3345 1686 3395 ιιι,
1716 3329 1831 3401 21).
1876 3328 1943 3381 Et
1965 3326 2070 3380 alio
2114 3325 2253 3393 loco,
2293 3327 2394 3394 Qui
2434 3328 2702 3400 gloriatur,
2734 3329 2925 3402 inquit,
2955 3333 3009 3386 in
3027 3331 3244 3387 Domino
3284 3335 3527 3406 glorietur
3561 3335 3686 3406 (Id.
3711 3352 3749 3404 ι,

464 3431 577 3504 Bl).
609 3431 683 3485 llli
711 3444 841 3485 vero
870 3427 1106 3482 hmretici
1136 3441 1195 3480 se
1225 3427 1367 3495 ipsos
1397 3438 1426 3477 a
1456 3439 1515 3478 se
1542 3423 1671 3494 ipsis
1695 3410 1867 3491 justos
1895 3420 2010 3475 fieri
2038 3429 2302 3490 putantes,
2333 3422 2483 3490 quasi
2511 3420 2610 3475 hoc
2635 3419 2714 3476 eis
2742 3436 2848 3477 non
2898 3422 3108 3479 dederit
3139 3424 3297 3490 Deus,
3338 3426 3430 3480 sed
3475 3427 3577 3496 ipsi
3618 3430 3748 3494 sibi,

465 3539 569 3578 non
592 3522 771 3592 utique
797 3521 849 3575 in
876 3519 1121 3584 Domino,
1144 3515 1237 3573 sed
1268 3517 1320 3571 in
1341 3513 1642 3583 semetipsis
1672 3513 1982 3584 gloriantur.
2009 3511 2225 3568 Talibus
2249 3511 2389 3567 enim
2417 3511 2544 3568 dicit
2570 3514 2874 3583 Apostolus,
2911 3514 3037 3581 Quis
3060 3516 3194 3569 enim
3215 3525 3262 3571 te
3284 3517 3522 3573 discernit
3539 3521 3566 3574 .’
3590 3520 3749 3588 Quod

464 3618 587 3671 ideo
606 3615 753 3680 dicit,
780 3613 903 3684 quia
933 3613 1000 3668 de
1037 3626 1209 3666 massa
1240 3610 1379 3664 illius
1402 3607 1715 3678 perditionis
1739 3620 1857 3676 qua:
1883 3604 2019 3660 facta
2048 3610 2220 3660 estex
2251 3604 2442 3670 Adam,
2478 3620 2584 3660 non
2610 3604 2864 3662 discernit
2901 3605 3193 3674 hominem,
3224 3616 3282 3662 ιιι
3315 3623 3437 3664 eum
3467 3607 3627 3665 faciat
3654 3628 3747 3666 vas

468 3710 521 3763 in
569 3707 852 3772 honorem,
880 3719 984 3759 non
1016 3704 1068 3758 in
1090 3701 1491 3767 contumeliam,
1523 3699 1624 3754 nisi
1656 3698 1815 3753 Deus.
1842 3696 1949 3753 Sed
1977 3695 2224 3766 quoniam
2252 3688 2414 3751 homo
2454 3697 2683 3753 carnalis
2717 3705 2773 3754 et
2808 3698 3035 3754 inaniter
3069 3699 3281 3755 inﬂatus
3318 3717 3438 3757 cum
3476 3704 3742 3772 audisset,

461 3800 593 3864 Quis
617 3799 748 3852 enim
774 3805 822 3850 te
845 3794 1125 3850 discernit?
1152 3801 1331 3864 posset
1356 3790 1682 3862 respondere
1706 3790 1788 3844 vel
1815 3803 1947 3843 voce
1970 3787 2051 3841 vel
2082 3786 2419 3857 cogitatione,
2450 3797 2506 3844 et
2533 3788 2732 3856 dicere,
2761 3790 3029 3848 Discernit
3049 3807 3135 3848 me
3165 3792 3296 3850 fides
3322 3810 3461 3863 mea,
3484 3797 3745 3852 discernit

463 3906 550 3946 me
575 3889 746 3944 oratio
773 3900 911 3952 mea,
934 3884 1189 3939 discernit
1216 3898 1303 3937 me
1328 3882 1531 3951 justitia
1557 3895 1711 3944 mea;
1741 3894 1862 3933 mox
1895 3876 2178 3948 Apostolus
2204 3879 2432 3933 occurrit
2457 3880 2863 3950 cogitationibus
2890 3881 3027 3952 ejus,
3058 3891 3113 3938 et
3138 3882 3291 3949 dixit‘,
3324 3884 3463 3950 Quid
3489 3888 3623 3941 enim
3650 3889 3744 3942 lut-

458 3985 544 4038 bes
564 3981 698 4052 quod
723 3997 825 4035 non
860 3978 1135 4050 accepisti?
1186 3977 1249 4032 Si
1279 3985 1447 4031 autem
1498 3975 1753 4047 accepisti,
1790 3971 1913 4044 quid
1949 3969 2182 4041 gloriaris
2213 3972 2358 4040 quasi
2392 3988 2492 4027 non
2526 3975 2779 4043 acceperis
2824 3971 2944 4047 (Id.
2978 3991 3054 4039 tv,
3097 3975 3194 4048 7)?
3222 3976 3311 4032 Sic
3353 3988 3532 4034 autem
3575 3982 3743 4051 glori-

462 4085 623 4128 antur
646 4071 795 4143 quasi
825 4086 931 4127 non
956 4069 1280 4140 acceperint,
1309 4067 1400 4139 qui
1428 4082 1487 4123 se
1516 4083 1545 4121 a
1573 4080 1631 4122 se
1660 4065 1789 4136 ipsis
1808 4060 2087 4133 justificari
2117 4070 2335 4131 putant;
2372 4078 2436 4120 ac
2464 4079 2561 4135 per
2588 4063 2767 4121 hocin
2798 4066 3118 4138 semetipsis,
3151 4084 3257 4124 non
3285 4070 3340 4124 in
3373 4070 3598 4126 Domino
3626 4074 3743 4143 glo-

461 4167 687 4222 rianlur.

530 4261 588 4314 4;
617 4259 839 4327 Propter
862 4255 1003 4327 quod
1025 4269 1124 4326 ego
1149 4253 1202 4308 in
1235 4252 1335 4307 hac
1358 4251 1601 4323 epistola,
1625 4267 1742 4323 qum
1767 4251 1833 4307 ad
1860 4268 1955 4308 vos
1981 4254 2241 4324 pervenit,
2276 4252 2491 4323 probavi
2524 4264 2618 4320 per
2653 4250 2959 4307 testimonia
2984 4259 3289 4309 sanctarum
3314 4253 3740 4326 Scripturarum,

461 4366 581 4421 qua:
607 4350 678 4405 ibi
700 4349 920 4419 potestis
945 4347 1229 4417 inspicere,
1262 4353 1317 4400 et
1344 4344 1480 4401 bona
1509 4359 1671 4413 Opera
1702 4352 1903 4409 nostra,
1932 4355 1985 4400 et
2007 4348 2118 4416 pias
2153 4346 2443 4410 orationes,
2471 4353 2524 4399 et
2552 4351 2752 4398 rectam
2783 4343 2940 4398 ﬁdem
2978 4345 3127 4399 nullo
3155 4345 3315 4401 modo
3353 4346 3406 4401 in
3436 4348 3592 4404 nobis
3620 4365 3745 4405 esse

460 4440 718 4511 potuisse,
748 4439 847 4493 nisi
874 4438 990 4493 haec
1009 4437 1375 4508 acciperemus
1399 4436 1467 4491 ab
1493 4436 1605 4500 illo,
1634 4436 1703 4491 de
1734 4451 1841 4506 quo
1865 4436 1992 4492 dicit
2020 4436 2293 4506 apostolus
2319 4435 2568 4501 Iacobus,
2604 4433 2767 4490 Omne
2794 4434 2969 4489 datum
3001 4436 3265 4506 optimum,
3302 4448 3353 4492 et
3382 4455 3529 4493 omne
3549 4442 3741 4496 donum

461 4530 736 4601 perfectura
759 4528 1020 4601 desursum
1048 4537 1141 4595 est,
1170 4528 1476 4594 descendens
1495 4543 1527 4580 a
1554 4526 1711 4582 Patre
1728 4527 1976 4581 luminum
1998 4526 2200 4598 (Jacobi
2218 4543 2262 4592 ι,
2299 4527 2422 4598 17);
2453 4541 2521 4582 ne
2543 4528 2821 4599 quisquam
2846 4526 2988 4583 dicat
3013 4529 3220 4584 meritis
3244 4546 3464 4601 operum
3492 4547 3740 4600 suorum,

464 4621 547 4676 vel
588 4619 793 4674 meritis
820 4619 1119 4673 orationum
1139 4632 1375 4683 suarum,
1407 4617 1493 4672 vel
1513 4617 1717 4672 meritis
1744 4617 1868 4673 fidei
1886 4631 2019 4686 suae,
2041 4618 2143 4674 sibi
2172 4618 2416 4673 traditam
2447 4618 2540 4673 Dei
2578 4618 2825 4689 gratiam,
2859 4628 2931 4674 et.
2964 4628 3173 4689 putetur
3210 4637 3394 4677 verum
3434 4638 3556 4680 esse
3596 4626 3741 4695 quod

458 4716 537 4769 illi
566 4711 801 4767 haeretici
822 4710 1023 4775 dicunt,
1052 4710 1276 4781 gratiam
1311 4709 1403 4763 Dei
1432 4708 1724 4766 secundum
1753 4710 1943 4765 merita
1970 4719 2150 4766 nostra
2178 4710 2322 4777 dari;
2353 4709 2494 4780 quod
2524 4709 2741 4764 omnino
2778 4709 3119 4766 falsissimum
3150 4722 3234 4767 est
3262 4732 3273 4765 :
3306 4729 3411 4768 non
3449 4715 3574 4784 quia
3614 4718 3738 4771 nul-

463 4808 573 4856 lum
595 4813 677 4856 est
704 4801 951 4856 meritum
976 4841 990 4865 ,
1020 4799 1101 4853 vel
1132 4799 1327 4854 bonum
1356 4798 1585 4869 piorum,
1603 4797 1686 4853 vel
1716 4798 1913 4854 malum
1939 4798 2255 4871 impiorum;
2286 4798 2538 4872 (alioquin
2571 4799 2839 4869 quomodo
2861 4798 3121 4870 judieabit
3142 4801 3279 4857 Deus
3305 4803 3618 4874 mundum?)
3646 4804 3739 4860 sed

461 4894 824 4954 misericordia
852 4901 907 4949 et
932 4892 1100 4964 gratia
1132 4892 1222 4947 Dei
1244 4891 1504 4946 convertit
1526 4890 1816 4957 hominem,
1846 4891 1915 4947 de
1937 4907 2040 4963 qua
2069 4892 2315 4948 Psalmus
2342 4890 2492 4957 dicit,
2523 4889 2661 4946 Dens
2681 4908 2842 4956 meus,
2873 4893 3219 4948 misericordia
3238 4896 3348 4966 ejus
3367 4898 3635 4967 pra-veniet
3662 4914 3741 4952 ac

460 4988 635 5055 (Psal.
666 5002 812 5050 cvm,
837 4986 949 5055 li);
978 4992 1036 5039 ut
1054 4983 1374 5055 justificetur
1403 4982 1615 5054 impius,
1647 4982 1748 5038 hoc
1768 4992 1870 5049 est,
1890 4998 1955 5039 ex
1987 4984 2150 5054 impio
2173 4985 2260 5039 fiat
2282 4984 2478 5053 justus,
2510 4992 2565 5038 et
2602 4983 2822 5054 incipiat
2848 4985 3044 5042 habere
3065 4986 3313 5042 meritum
3350 4989 3573 5057 bonum,
3596 4992 3737 5062 quod

465 5083 721 5138 Dominus
746 5079 1040 5144 coronabit,
1070 5076 1283 5148 quando
1306 5076 1634 5145 judieahitur
1661 5076 1908 5132 mundus.
3560 5069 3565 5073 ’

534 5178 586 5232 5.
610 5175 769 5230 Multa
792 5183 1081 5243 erantqua:
1106 5170 1257 5225 vobis
1285 5169 1497 5224 mittere
1517 5168 1815 5239 cupiebam,
1843 5168 2035 5240 quibus
2061 5169 2235 5237 lectis,
2265 5178 2429 5225 totam
2468 5169 2635 5242 ipsam
2664 5183 2877 5225 causam
2916 5185 3035 5243 quae
3066 5171 3314 5227 conciliis
3343 5172 3736 5244 episcopaiilms

460 5277 579 5322 acta
608 5274 693 5323 est
710 5264 969 5320 adversus
994 5261 1211 5317 eosdem
1245 5260 1558 5330 Pelagianos
1585 5259 1886 5326 haereticos,
1922 5260 2226 5331 diligentius
2253 5269 2306 5316 et
2335 5261 2543 5330 plenius
2588 5274 2747 5315 nosse
2772 5262 3035 5331 possetis;
3085 5262 3176 5318 sed
3218 5261 3599 5319 festinaverunt
3627 5263 3733 5319 fra-

457 5367 593 5426 tres,
618 5357 707 5427 qui
733 5371 805 5413 ex
833 5368 1058 5411 numero
1080 5361 1258 5409 vestro
1282 5351 1348 5407 ad
1377 5366 1476 5407 nos
1503 5360 1799 5417 venerunt;
1831 5366 1928 5421 per
1955 5365 2088 5422 quos
2130 5352 2282 5408 vobis
2326 5367 2431 5408 non
2466 5351 2844 5427 rescripsimus
2886 5354 3007 5422 ista,
3053 5354 3149 5410 sed
3182 5355 3511 5426 scripsimus.
3550 5356 3732 5413 Nullas

460 5448 603 5505 enini
629 5426 696 5504 ad
722 5464 821 5504 nos
852 5456 1045 5502 vestrae
1073 5445 1359 5502 Charitatis
1383 5445 1589 5501 litteras
1618 5445 1907 5500 attulerunt
1934 5462 1945 5498 :
1977 5453 2155 5501 tamen
2180 5426 2510 5516 suscepimus
2539 5462 2656 5512 eos,
2679 5448 2931 5517 quoniam
2960 5449 3270 5519 simplicitas
3291 5465 3477 5507 eorum
3504 5452 3634 5512 satis
3655 5453 3735 5506 in-

460 5539 691 5604 dicabat,
719 5539 849 5594 nihil
872 5538 991 5593 illos
1014 5536 1167 5591 nobis
1196 5537 1431 5607 potuisse
1450 5536 1771 5604 confingere.
1802 5533 1927 5590 Ideo
1955 5545 2133 5591 autem
2166 5536 2565 5600 festinaverunt,
2602 5544 2659 5591 ut
2698 5537 2838 5607 apud
2863 5553 2956 5595 vos
2982 5549 3201 5609 agerent
3228 5540 3453 5610 Pascha,
3479 5558 3585 5612 quo
3606 5557 3731 5611 pus-

459 5633 531 5689 sit
554 5630 836 5700 adjuvante
866 5628 1087 5684 Domino
1112 5636 1218 5682 tam
1244 5637 1459 5681 sanctus
1482 5627 1599 5681 dies
1627 5633 1857 5682 vestram
1887 5640 2073 5696 pacem
2102 5642 2259 5698 quam
2291 5627 2680 5685 dissensionem
2704 5629 2882 5700 potius
2907 5630 3165 5688 invenire.

522 5747 598 5868 (et)
632 5744 745 5793 vide
769 5740 1022 5812 Epistolam
1046 5741 1386 5811 posteriorem,
1407 5753 1455 5787 ιι.
1492 5739 1538 5788 2.

546 5808 597 5868 ὑ)
631 5807 832 5868 Epistula
862 5802 964 5860 194,
988 5809 1114 5849 tuter
1142 5809 1521 5861 Αιιέιιεὶιιιιιιιιιρι.

546 5802 597 5868 ὑ)
631 5802 832 5869 Epistula
862 5802 964 5860 194,
988 5803 1114 5849 inter
1142 5803 1521 5861 Attgzzslinianas.
