3972 6178
302 426 404 481 s77
840 468 857 481 ,
1178 386 1181 387 ί
1780 417 2133 474 erismae
3476 396 3578 466 sia

382 558 435 612 6.
460 558 646 613 Melius
674 568 849 612 autem
877 558 1077 611 facietis
1106 556 1268 628 (quod
1299 555 1521 610 multum
1552 553 1724 625 rogo),
1760 556 1803 608 si
1837 555 2005 623 ipsum
2026 568 2056 606 a
2081 568 2187 622 quo
2216 552 2396 607 dicunt
2431 565 2490 606 se
2520 550 2677 606 luisse
2708 548 2969 615 turbatos,
2997 546 3064 602 ad
3109 561 3195 601 me
3225 548 3437 601 mittere
3463 561 3568 600 non

311 649 626 721 gravemini.
661 651 765 703 Aut
789 651 1061 704 enimnon
1094 648 1338 718 intelligit
1375 647 1567 702 librum
1600 660 1796 711 nicum,
1842 654 1933 698 aut
1960 644 2097 699 forte
2144 643 2258 714 ipse
2295 658 2399 698 non
2428 642 2759 713 intelligitur,
2790 640 3000 710 quando
3025 638 3388 694 difﬁcillimam
3416 653 3567 709 quie-

307 741 537 795 stionem
563 747 616 795 et
644 738 823 808 paucis
850 737 1233 807 iutelligibilcm
1260 736 1475 792 solvere
1490 745 1649 806 atque
1674 734 1906 790 enodare
1929 743 2172 788 conatur.
2201 730 2318 804 Ipsa
2344 740 2426 788 est
2448 732 2592 788 enim
2622 730 2845 801 quaestio
2864 730 2933 786 de
2954 730 3123 800 gratia
3150 727 3264 793 Dei,
3295 742 3415 799 quae
3444 727 3571 784 fecit

305 844 364 887 ut
387 832 630 888 homines
655 849 758 887 non
787 834 1140 903 intelligentes
1163 840 1412 903 putarent
1438 831 1736 902 apostolum
1763 829 1985 884 Paulum
2013 828 2226 884 dicere:
2265 825 2537 882 Faciamus
2559 826 2715 891 ntala,
2744 833 2800 878 ut
2826 824 3024 879 veniant
3046 824 3173 878 bona
3195 823 3370 893 (Rom.
3396 820 3570 893 111,8).

307 925 454 981 Unde
482 925 756 994 apostolus
784 925 969 981 Petrus
998 926 1049 979 in
1079 923 1312 980 secunda
1340 922 1572 994 Epistula
1593 936 1709 987 sua,
1740 919 2083 992 Quapmpter,
2114 917 2304 989 inquit,
2332 916 2638 983 charissimi,
2667 916 2775 971 hinc
2799 924 3142 985 exspectantes
3168 913 3380 985 satagite
3406 914 3573 967 invio-

306 1015 392 1073 hli
421 1025 468 1070 et
493 1016 805 1070 imntaculati
830 1017 973 1087 apud
993 1033 1104 1070 eum
1128 1014 1339 1085 reperiri
1367 1015 1420 1068 in
1447 1029 1572 1085 pace
1588 1027 1609 1078 ;
1638 1022 1684 1066 et
1713 1012 1917 1066 Domini
1947 1010 2105 1066 nostri
2142 1009 2436 1079 patientiam
2470 1006 2685 1061 salutem
2722 1007 3000 1060 existimate
3041 1021 3060 1059 :
3083 1005 3212 1060 sicut
3237 1013 3283 1059 et
3312 1003 3575 1058 dilectissi-

306 1120 412 1161 stus
436 1110 593 1176 frater
619 1115 786 1159 noster
812 1105 1006 1160 Paulus
1022 1105 1293 1160 secundum
1315 1119 1426 1157 eam
1444 1117 1557 1171 qua:
1583 1103 1703 1156 data
1722 1111 1794 1156 est
1814 1102 1860 1156 ei
1887 1100 2206 1171 sapientiam,
2225 1097 2425 1168 scripsit
2441 1096 2596 1161 vobis,
2610 1105 2666 1149 ut
2689 1104 2735 1149 et
2759 1097 2811 1149 in
2839 1096 3068 1150 omnibus
3085 1094 3348 1165 Epistolis,
3368 1095 3577 1163 loquens

304 1197 353 1252 in
379 1198 447 1251 eis
473 1197 536 1250 de
556 1197 666 1262 his;
694 1197 745 1249 in
766 1196 942 1267 quibus
966 1205 1084 1250 sunt
1105 1196 1335 1267 quedam
1359 1194 1580 1265 di/ficilia
1608 1191 1884 1259 intellectu,
1907 1207 2023 1263 qua:
2046 1189 2237 1243 indocti
2269 1198 2315 1243 et
2342 1187 2598 1243 instabiles
2618 1186 2844 1241 homines
2871 1194 3154 1256 pervertunt
3169 1186 3295 1240 sicut
3309 1195 3354 1239 et
3366 1193 3574 1240 crateras

300 1285 611 1355 Scripturas,
639 1287 707 1340 ad
730 1288 992 1357 proprium
1022 1302 1168 1340 suum
1191 1284 1443 1339 interitum
1470 1282 1537 1355 (ll
1565 1281 1709 1337 Petr.
1730 1299 1807 1349 ttt,
1829 1282 2040 1353 14-16).
2288 1272 2295 1285 ’

370 1378 422 1430 7.
451 1376 646 1432 Cavete
674 1392 802 1447 ergo
825 1377 963 1447 quod
992 1387 1165 1431 tantus
1188 1375 1460 1446 apostolus
1490 1386 1597 1430 tam
1630 1375 1936 1430 terribiliter
1960 1374 2116 1442 dicit;
2149 1383 2204 1430 et
2244 1373 2333 1427 ubi
2379 1372 2587 1427 sentitis
2613 1386 2709 1426 vos
2740 1386 2846 1425 non
2874 1369 3189 1439 intelligere,
3213 1368 3424 1424 interim
3453 1385 3569 1423 crc-

300 1466 410 1522 dite
434 1466 628 1521 divinis
673 1466 918 1537 eloquiis,
946 1466 1070 1537 quia
1099 1479 1152 1522 et
1190 1466 1412 1521 liberum
1438 1472 1523 1521 est
1545 1464 1777 1519 hominis
1804 1464 2100 1529 arbitrium,
2134 1473 2188 1519 et
2222 1462 2388 1533 gratia
2421 1461 2534 1527 Dei,
2572 1462 2688 1515 sine
2715 1459 2866 1531 cujus
2891 1459 3154 1528 adjutorio
3202 1458 3426 1513 liberum
3482 1475 3572 1512 ar-

300 1560 517 1615 bitrium
546 1575 646 1616 nec
673 1562 910 1616 converti
931 1570 1110 1632 potest
1137 1561 1203 1616 ad
1231 1561 1418 1629 Deum,
1445 1576 1545 1616 nec
1570 1561 1830 1631 proﬁcere
1856 1563 1907 1616 in
1938 1562 2065 1617 Deo.
2097 1560 2321 1631 thuod
2343 1560 2428 1630 pie
2452 1558 2686 1625 creditis,
2716 1568 2774 1613 ut
2794 1560 2955 1614 etiam
2980 1560 3248 1629 sapienter
3268 1560 3577 1630 intelligatis

304 1663 477 1709 orate.
502 1654 569 1708 Et
594 1653 660 1708 ad
689 1654 790 1709 hoc
816 1656 989 1724 ipsum
1020 1654 1185 1720 enim,
1221 1655 1272 1709 id
1299 1665 1402 1722 est,
1433 1661 1491 1709 ut
1515 1654 1783 1723 sapienter
1807 1654 2185 1726 intelligamus,
2216 1662 2298 1708 est
2327 1653 2507 1722 utique
2533 1650 2758 1708 liberum
2785 1652 3081 1708 arbitrium.
3104 1652 3216 1708 Nisi
3237 1654 3377 1708 enim
3407 1654 3575 1710 libero

296 1746 518 1802 arbitrio
538 1746 953 1817 intelligeremus
980 1755 1137 1817 atque
1167 1761 1497 1817 saperemus,
1531 1761 1635 1800 non
1666 1747 1819 1801 nobis
1857 1747 2236 1817 praeciperetur
2275 1744 2485 1800 dicente
2512 1744 2786 1814 Scriptura
2828 1761 2841 1797 :
2890 1742 3162 1818 Intelligite
3187 1762 3304 1817 ergo
3331 1747 3419 1817 qui
3444 1748 3574 1803 insi-

302 1839 491 1907 pientes
517 1839 634 1894 estis
653 1839 706 1892 in
732 1838 940 1909 papula,
964 1848 1010 1892 et
1038 1838 1180 1893 stulti
1209 1839 1484 1906 aliquando
1510 1840 1670 1909 sapite
1697 1837 1866 1907 (Psal.
1894 1854 2039 1902 xcm,
2071 1836 2148 1909 ὅ).
2180 1835 2257 1890 Eo
2284 1834 2400 1906 ipso
2425 1836 2620 1906 quippe
2649 1848 2754 1906 quo
2782 1845 3109 1906 prmceptum
3154 1844 3209 1891 et
3255 1836 3573 1907 imperatum

299 1940 398 1995 est,
433 1941 488 1985 ut
511 1930 863 2000 intelligamus
890 1938 1048 2000 atque
1068 1930 1358 2000 sapiamus,
1390 1928 1692 1984 obedientia
1723 1938 1903 1983 nostra
1934 1928 2238 1998 requiritur,
2263 1942 2380 1996 quze
2407 1925 2551 1981 nulla
2591 1933 2764 1995 potest
2803 1940 2923 1981 esse
2965 1925 3081 1981 sine
3125 1924 3295 1982 libero
3329 1926 3573 1983 arbitrio.

300 2023 405 2079 Sed
436 2022 478 2077 si
507 2032 685 2091 posset
717 2021 819 2075 hoc
853 2021 1024 2090 ipsum
1054 2021 1168 2076 sine
1193 2019 1458 2087 adjutorio
1485 2019 1578 2073 Dei
1613 2019 1799 2089 gratia:
1829 2019 1941 2074 ﬁeri
1972 2034 2064 2088 per
2090 2016 2313 2071 liberum
2344 2015 2641 2078 arbitrium,
2672 2024 2730 2069 ut
2768 2014 3187 2085 intelligeremus
3223 2024 3386 2086 atque
3423 2030 3579 2086 sape-

296 2119 506 2174 remus;
532 2128 636 2165 non
666 2111 937 2165 diceretur
958 2111 1087 2177 Deo,
1115 2109 1192 2165 Da
1212 2109 1337 2163 mihi
1359 2107 1686 2172 intellectum,
1714 2117 1760 2164 et
1785 2109 1976 2164 discam
2000 2107 2240 2163 mandata
2264 2120 2351 2163 tua
2380 2105 2549 2177 (Psal.
2577 2119 2768 2173 cxvnt,
2802 2105 2954 2180 125);
2993 2120 3166 2179 neque
3208 2107 3260 2162 in
3288 2105 3577 2180 Evangelia

298 2203 557 2271 scriptum
587 2210 749 2267 esset,
781 2200 923 2255 Tunc
950 2201 1145 2272 aperuit
1170 2199 1274 2254 illis
1298 2215 1518 2267 sensum,
1545 2209 1600 2252 ut
1628 2199 1963 2271 intelligerent
1989 2198 2285 2271 Scripturas
2306 2198 2457 2269 (Luc.
2485 2212 2635 2265 xxw,
2663 2197 2789 2268 45);
2821 2213 2920 2255 nec
2954 2198 3183 2255 Iacobus
3201 2200 3474 2271 apostolus
3489 2201 3575 2256 di-

294 2300 462 2353 ceret,
494 2290 554 2344 Si
578 2292 689 2360 quis
714 2302 879 2344 autem
907 2299 1125 2345 vestrum
1150 2289 1337 2361 indiget
1357 2288 1626 2358 sapientia,
1655 2293 1871 2359 postulet
1896 2305 1929 2343 a
1967 2288 2207 2363 Deo,‘qui
2228 2290 2315 2344 dat
2340 2289 2570 2344 omnibus
2605 2290 2882 2361 afﬂuenter,
2918 2300 2967 2345 et
3014 2305 3117 2346 non
3154 2292 3484 2365 impmperat,
3529 2304 3578 2348 et

295 2383 501 2435 dabitur
524 2383 567 2435 ei
590 2381 789 2451 (Jacobi
812 2399 848 2445 ι,
877 2384 952 2455 5).
986 2382 1183 2438 Potens
1210 2390 1292 2437 est
1315 2391 1492 2438 autem
1524 2382 1780 2438 Dominus
1816 2383 1908 2453 qui
1939 2391 1995 2439 et
2023 2384 2173 2441 vobis
2196 2385 2363 2441 donet
2389 2393 2443 2440 et
2473 2385 2647 2451 nobis,
2681 2395 2740 2440 ut
2775 2386 2843 2443 de
2867 2399 3043 2443 vestra
3078 2403 3210 2459 pace
3247 2398 3302 2444 et
3339 2388 3425 2459 pia
3449 2403 3578 2444 eon-

295 2474 545 2528 scnsione
571 2476 770 2529 nuntiis
790 2476 1093 2532 celerrimis
1125 2475 1474 2547 gaudeamus.
1501 2474 1687 2530 Saluto
1726 2489 1843 2542 vos,
1880 2490 1985 2531 non
2013 2475 2185 2532 solum
2214 2490 2339 2532 meo
2368 2476 2604 2540 nomine,
2656 2475 2749 2531 sed
2795 2478 2957 2535 etiam
3002 2479 3221 2535 fratrum
3250 2480 3338 2551 qui
3368 2495 3577 2536 mecum

293 2574 437 2630 sunt,
465 2574 519 2623 et
545 2583 675 2638 rogo
706 2576 762 2623 ut
791 2584 886 2638 pro
915 2569 1065 2624 nobis
1090 2568 1428 2624 concorditer
1446 2575 1606 2638 atque
1633 2567 1894 2623 instanter
1921 2565 2107 2622 oretis.
2134 2566 2215 2623 Sit
2242 2565 2517 2622 vobiscum
2548 2566 2823 2645 Domipus.

1221 2692 1470 2733 EPISTOLA
1509 2691 1817 2744 POSTERIOB,
1860 2692 2020 2732 lﬁTER
2056 2692 2471 2735 AUGUSTINIANLS
2495 2692 2659 2737 CCXV.

295 2789 521 2843 Domino
547 2788 914 2856 dilectissimo,
944 2799 995 2845 ct
1027 2791 1077 2845 in
1106 2790 1302 2845 Christi
1336 2790 1590 2845 membris
1616 2789 1927 2844 honorando
1958 2788 2104 2844 fratri
2132 2790 2459 2860 Vstsartxo,
2482 2800 2538 2848 et
2567 2790 2821 2850 fratribus
2844 2794 2933 2866 qui
2972 2802 3152 2853 tecum
3195 2805 3343 2866 sunt,
3388 2799 3573 2858 Ausu-

1522 2894 1723 2947 s'ruvus,
1754 2880 1806 2935 in
1836 2879 2062 2937 Domino
2092 2881 2338 2938 salutem.

365 2998 419 3052 1.
450 2996 818 3066 Cresconium,
846 2996 1102 3063 Felicem,
1123 3006 1179 3053 et
1204 2996 1365 3053 alium
1392 2995 1647 3064 Felicem,
1672 2994 1765 3050 Del
1795 3008 2001 3060 servos,
2021 2996 2110 3068 qui
2139 3008 2205 3052 ex
2229 3004 2402 3053 vestra
2430 2999 2840 3070 congregatione
2862 3000 2929 3056 ad
2960 3015 3057 3057 nos
3084 3012 3363 3069 venerunt,
3395 3003 3577 3062 nobis-

292 3102 416 3143 cum
443 3087 618 3158 egisse
649 3087 853 3143 Pascha
878 3087 1085 3143 noverit
1114 3086 1360 3143 Charitas
1393 3094 1589 3143 vestra.
1618 3086 1765 3153 Quos
1790 3085 1913 3141 ideo
1936 3086 2201 3142 tenuimus
2225 3087 2495 3158 aliquanto
2523 3089 2744 3158 diutius,
2761 3100 2826 3147 ut
2851 3092 3217 3151 instructiores
3239 3093 3309 3152 ad
3334 3109 3431 3153 vos
3450 3096 3576 3154 red-

294 3178 437 3235 irent
460 3177 716 3234 adversus
745 3193 912 3234 novos
958 3177 1241 3235 haereticos
1271 3178 1602 3250 Pelagianos,
1632 3178 1686 3232 in
1731 3191 1961 3247 quorum
2010 3190 2250 3234 errorem
2271 3181 2434 3247 cadit,
2483 3181 2573 3249 qui
2623 3190 2773 3253 putat
2814 3184 3108 3240 secundum
3164 3186 3341 3258 aliqua
3389 3191 3576 3246 merita

296 3269 527 3323 humana
548 3267 661 3323 dari
688 3271 910 3340 gratiam
942 3269 1055 3335 Dei,
1083 3283 1203 3339 qua:
1232 3268 1345 3323 sola
1375 3266 1645 3323 hominem
1668 3266 1858 3323 liberat
1886 3281 1980 3336 per
2008 3267 2287 3323 Dominum
2314 3279 2553 3326 nostrum
2579 3270 2758 3328 Iesum
2785 3272 3074 3331 Christum.
3102 3273 3208 3334 Sed
3235 3293 3449 3337 rursum
3475 3281 3570 3355 qui

296 3367 471 3431 putat,
501 3359 714 3431 quando
741 3360 1081 3431 adjudicium
1111 3360 1368 3415 Dominus
1394 3359 1619 3426 venerit,
1660 3372 1765 3413 non
1784 3358 2011 3429 judicari
2038 3358 2307 3415 hominem
2334 3362 2627 3417 secundum
2657 3379 2817 3434 opera
2847 3381 2962 3433 sua,
2990 3367 3078 3437 qui
3098 3367 3209 3438 jam
3240 3383 3339 3440 per
3364 3381 3575 3429 nitatem

295 3452 374 3507 uti
403 3452 573 3522 potuit
596 3452 763 3508 libero
790 3452 1075 3507 voluntatis
1093 3452 1334 3514 arbitrio.
1363 3450 1709 3505 nihilominus
1737 3451 1788 3504 in
1811 3462 2000 3506 errore
2043 3459 2144 3505 est.
2169 3450 2283 3506 Soli
2308 3452 2451 3506 enim
2477 3454 2704 3523 parvuli,
2750 3455 2843 3525 qui
2883 3456 3117 3514 nondum
3164 3459 3363 3518 habent
3411 3479 3574 3536 opera

294 3543 534 3615 propria,
568 3543 650 3598 vel
670 3543 806 3599 bona
829 3543 913 3598 vel
939 3543 1097 3607 mala,
1116 3541 1407 3597 secundum
1435 3542 1607 3596 solum
1634 3541 1890 3611 originale
1914 3551 2188 3611 peccatum
2214 3543 2628 3611 damnabuntur,
2648 3545 2841 3615 quibus
2869 3560 2965 3618 per
2988 3549 3257 3607 lavacrum
3285 3568 3576 3627 regenera-

299 3636 462 3692 tionis
481 3651 587 3690 non
617 3634 864 3692 subvenit
882 3636 1049 3705 gratia
1078 3633 1395 3691 Salvatoris.
1423 3634 1615 3689 Caneri
1643 3644 1823 3689 autem
1863 3647 2070 3701 omnes,
2101 3637 2190 3704 qui
2215 3635 2324 3704 jam
2355 3643 2562 3691 utentes
2599 3637 2770 3693 libero
2790 3640 3013 3698 arbitrio
3034 3684 3049 3709 ,
3082 3659 3176 3698 sua
3206 3649 3418 3718 propria
3448 3664 3577 3720 pec-

292 3736 417 3784 cata
447 3728 690 3799 originali
713 3737 934 3798 peccato
961 3727 1180 3796 insuper
1203 3725 1539 3792 addiderunt,
1571 3725 1711 3781 side
1740 3733 2002 3795 potestate
2047 3726 2386 3781 tenebrarum
2434 3742 2528 3798 per
2577 3729 2800 3800 gratiam
2833 3730 2927 3788 Dei
2978 3749 3083 3790 non
3135 3746 3414 3807 eruuntur,
3466 3757 3567 3798 nec

299 3820 698 3877 transferuntur
738 3821 807 3874 ad
853 3835 1073 3891 regnum
1095 3818 1314 3884 Christi,
1354 3832 1459 3872 non
1492 3817 1666 3872 solum
1706 3817 2000 3872 secundum
2026 3818 2265 3888 originis,
2290 3834 2473 3875 verum
2513 3822 2675 3877 etiam
2701 3824 2997 3882 secundum
3029 3829 3255 3899 propria:
3285 3831 3569 3892 voluntatis

295 3911 511 3979 merita,
536 3910 792 3982 judicium
820 3909 1185 3979 reportabuut.
1213 3907 1340 3962 Boni
1381 3922 1507 3962 vero
1530 3906 1691 3963 etiam
1720 3906 1819 3977 ipsi
1842 3907 2058 3978 quidem
2083 3909 2375 3966 secundum
2400 3924 2511 3966 sua:
2547 3911 2700 3968 bona:
2726 3914 3010 3972 voluntatis
3043 3920 3232 3976 merita
3289 3923 3564 3994 praemium

294 4011 717 4071 consequentur,
773 3999 865 4055 sed
908 4000 1068 4055 etiam
1099 3998 1267 4068 ipsam
1313 3998 1503 4051 bonam
1532 3996 1855 4052 voluntatem
1893 4010 1988 4067 per
2021 3999 2110 4052 llei
2154 3999 2377 4068 gratiam
2430 4005 2705 4058 consecuti
2753 4013 2913 4061 sunt:
2940 4021 3005 4064 ac
3032 4010 3111 4067 sic
3144 4009 3394 4082 impletur
3431 4018 3573 4087 quod

295 4092 557 4164 scriptum
579 4100 663 4147 est
691 4109 705 4144 :
735 4088 827 4145 Ira
850 4100 895 4145 et
921 4090 1223 4161 indignatio,
1252 4088 1509 4143 tribulatio
1530 4096 1578 4142 et
1593 4088 1832 4180 angustia
1857 4089 1911 4144 in
1940 4106 2138 4145 omnem
2157 4092 2383 4146 animant
2408 4093 2624 4149 hominis
2653 4100 2908 4167 operantis
2927 4101 3137 4171 malum,
3153 4101 3328 4173 Judci
3352 4108 3569 4180 primum

296 4191 344 4236 et
369 4180 532 4236 αναξσὶ
558 4194 581 4235 .‘
605 4180 770 4253 gloria
791 4190 978 4246 autem,
1008 4190 1053 4233 et
1080 4180 1261 4245 lionar,
1291 4188 1338 4233 et
1359 4194 1461 4248 pas:
1488 4178 1626 4233 omni
1649 4180 1881 4268 aperanti
1905 4181 2110 4247 bonum,
2139 4179 2328 4236 Iudico
2356 4184 2575 4252 primum
2599 4194 2647 4241 et
2671 4186 2848 4244 Graec
2873 4190 3048 4264 (Rom.
3079 4208 3137 4258 tt,
3169 4194 3222 4261 9,
3250 4178 3357 4268 {0).

371 4274 427 4328 2.
469 4274 543 4328 De
571 4288 673 4343 qua
702 4272 1012 4328 difﬁcillima
1038 4271 1352 4342 qumstione,
1375 4270 1476 4326 hoc
1504 4278 1607 4333 est.
1633 4269 1703 4326 de
1716 4252 1995 4327 ‘voluntate
2036 4281 2091 4325 et
2112 4270 2281 4341 gratia
2305 4310 2322 4337 ,
2352 4286 2457 4327 non
2505 4290 2639 4345 opus
2680 4277 2839 4336 habui
2877 4252 3037 4338 etiam
3090 4252 3144 4339 in
3203 4252 3572 4360 haclepistola

295 4364 498 4453 diutius
524 4364 827 4435 disputare;
852 4363 1100 4435 quoniam
1128 4363 1186 4418 et‘
1205 4362 1361 4416 aliam
1384 4361 1495 4432 jam
1520 4361 1599 4417 eis
1618 4361 1891 4426 dederam,
1940 4369 2191 4433 tanquam
2231 4364 2386 4419 citius
2432 4365 2702 4424 redituris.
2749 4369 2817 4426 Et
2861 4372 3049 4444 scripsi
3076 4376 3142 4431 ad
3174 4393 3267 4433 vos
3295 4380 3455 4436 etiam
3511 4384 3560 4437 li.

293 4452 458 4513 brum
475 4454 575 4529 (a),
595 4471 752 4527 quem
779 4455 845 4523 si,
873 4455 1158 4524 adjuvantc
1178 4454 1422 4519 Domino,
1442 4452 1723 4520 diligenter
1753 4452 2009 4522 legeritis,
2039 4464 2093 4508 et
2108 4454 2360 4510 vivaciter
2371 4456 2756 4527 intellexeritis,
2777 4462 2949 4518 nullas
2967 4466 3218 4523 existimo
3233 4469 3370 4525 inter
3390 4488 3484 4530 vos
3509 4475 3579 4529 de

298 4550 405 4607 hac
437 4565 494 4605 re
521 4549 883 4605 dissensiones
908 4546 1128 4603 ulterius
1152 4547 1256 4617 iam
1278 4545 1514 4613 futuras.
1540 4546 1764 4602 Portant
1785 4554 1962 4602 autem
1991 4561 2174 4603 secum
2199 4556 2251 4602 et
2280 4547 2404 4617 alia,
2433 4564 2552 4621 qua:
2577 4552 2726 4608 vobis
2757 4553 3035 4627 dirigenda
3065 4573 3184 4618 esse
3212 4564 3537 4623 credidimus
3560 4612 3575 4632 .

298 4641 498 4735 quibus
524 4641 871 4735 cognoscatis
882 4638 1330 4735 quemadmodum
1358 4638 1620 4735 catholica
1647 4639 1913 4735 Ecclesia,
1935 4640 1986 4694 in
2019 4640 2112 4703 Dei
2141 4642 2525 4735 misericordia,
2558 4647 2853 4721 Pelagium:
2878 4652 3096 4711 haeresis
3130 4672 3330 4716 venena
3364 4664 3576 4735 repule-

302 4734 392 4789 rit.
423 4732 575 4801 Quod
600 4733 741 4788 enim
771 4732 1027 4803 scriptum
1055 4741 1137 4788 est
1168 4731 1234 4786 ad
1261 4745 1452 4802 papam
1488 4730 1853 4787 Innocentium
1881 4732 2135 4789 Romanae
2158 4733 2305 4792 urbis
2334 4738 2661 4810 episcopum,
2694 4743 2763 4799 de
2791 4745 3019 4801 concilio
3041 4751 3324 4817 provinciae
3352 4730 3578 4810 Cartha-

298 4824 559 4896 ginensis,
589 4833 642 4880 et
672 4823 741 4880 de
766 4824 994 4880 concilio
1017 4821 1280 4878 Numidia
1300 4863 1316 4890 ,
1343 4831 1399 4879 et
1420 4822 1693 4892 aliquanto
1708 4822 2011 4893 diligentius
2035 4838 2064 4879 a
2090 4826 2324 4896 quinque
2348 4829 2637 4899 episc0pis,
2671 4841 2723 4887 et
2747 4848 2866 4904 qua:
2893 4834 3012 4905 ipse
3035 4836 3101 4893 ad
3130 4838 3228 4894 tria
3263 4840 3363 4897 ista
3389 4844 3580 4899 rescri-

299 4918 437 4987 psit;
468 4918 594 4973 item
623 4916 765 4989 quod
785 4931 933 4987 papae
958 4915 1170 4972 Zosimo
1191 4914 1259 4969 de
1276 4914 1524 4971 Africano
1548 4913 1778 4971 concilio
1804 4914 2058 4986 scriptum
2089 4924 2200 4982 est,
2232 4918 2455 4989 ejusque
2493 4923 2806 4993 rescriptum
2831 4926 2899 4981 ad
2934 4928 3209 4986 universos
3236 4932 3396 4990 totius
3436 4935 3581 4991 orbis

298 5010 584 5082 episcopos
611 5011 832 5066 missum
851 5025 869 5077 ;
890 5018 945 5067 et
964 5008 1103 5081 quod
1132 5007 1411 5079 posteriori
1439 5008 1668 5064 concilio
1696 5008 1935 5079 plenario
1960 5006 2120 5063 totius
2147 5009 2337 5065 Africa:
2362 5019 2549 5066 contra
2571 5012 2741 5083 ipsum
2769 5030 3006 5075 errorem
3038 5018 3273 5077 breviter
3296 5026 3579 5082 constitui-

298 5119 422 5158 mus
442 5120 456 5168 ;
478 5112 532 5158 et
551 5117 711 5172 supra
739 5110 1088 5170 memoratum
1112 5100 1305 5156 librum
1335 5114 1534 5167 meum,
1562 5114 1721 5171 quem
1747 5099 1909 5156 modo
1937 5099 2002 5156 ad
2028 5113 2125 5157 vos
2154 5101 2343 5172 scripsi
2369 5119 2382 5156 :
2415 5101 2531 5159 hinc
2557 5105 2734 5161 omnia
2765 5115 2818 5164 et
2843 5108 2895 5164 in
2925 5115 3175 5180 praisenti
3203 5114 3429 5189 legimus
3455 5134 3578 5177 cum

298 5193 456 5265 ipsis,
483 5203 538 5249 et
555 5208 648 5263 per
668 5207 763 5248 eos
784 5191 1028 5247 misimus
1055 5190 1225 5245 vobis.

376 5288 431 5341 '5.
472 5286 725 5358 Legimus
749 5285 827 5341 eis
853 5285 1011 5341 etiam
1037 5284 1237 5339 librum
1259 5281 1552 5341 beatissimi
1577 5284 1827 5357 martyris
1846 5283 2097 5359 Cypriani
2123 5284 2189 5342 de
2207 5282 2460 5344 Oratione
2479 5288 2772 5357 Dominica,
2800 5301 2856 5349 et
2879 5295 3210 5355 ostendimus
3235 5303 3583 5373 quemadmo-

307 5379 430 5435 dum
452 5377 724 5470 docuerit,
756 5378 933 5470 omnia
962 5392 1080 5470 qua:
1104 5375 1173 5434 ad
1197 5390 1373 5433 mores
1401 5385 1616 5432 nostros
1643 5378 1909 5470 pertinent
1926 5378 2168 5470 ,‘unibus
2194 5389 2340 5437 recte
2364 5381 2592 5440 vivimus
2612 5426 2626 5449 ,
2653 5401 2683 5440 a
2710 5385 2868 5444 Patre
2898 5399 3083 5448 nostro
3106 5396 3195 5465 qui
3221 5396 3275 5451 in
3295 5397 3447 5455 caelis
3476 5411 3581 5470 est,

297 5481 427 5522 esse
456 5466 720 5535 poscenda
745 5483 761 5533 ;
786 5483 853 5522 ne
885 5466 952 5522 de
991 5466 1162 5523 libero
1188 5473 1574 5535 prmsumentes
1601 5466 1843 5535 arbitrio,
1874 5482 1904 5521 a
1931 5467 2110 5524 divina
2139 5471 2306 5541 gratia
2332 5472 2662 5530 decidamus.
2712 5476 2814 5533 Ubi
2864 5480 3025 5537 etiam
3075 5466 3580 5562 demonstravimus,

298 5557 575 5629 quomodo
604 5558 938 5614 admonuerit
958 5557 1096 5614 idem
1124 5556 1542 5629 gloriosissimus
1564 5557 1782 5630 Martyr,
1813 5558 1972 5614 etiam
2002 5576 2097 5630 pro
2123 5560 2350 5619 inimicis
2379 5565 2596 5631 nostris,
2624 5568 2715 5637 qui
2744 5570 2981 5628 nondum
3022 5574 3076 5630 in
3105 5576 3375 5636 Christum
3404 5556 3585 5640 credi;

300 5649 527 5713 derunt,
555 5663 652 5704 nos
672 5658 733 5705 ut
752 5649 973 5705 credant
998 5663 1153 5703 orare
1182 5646 1379 5703 debere
1410 5664 1424 5701 :
1456 5647 1596 5717 quod
1622 5648 1805 5716 utique
1834 5649 2061 5707 inaniter
2091 5651 2273 5721 ﬁeret,
2306 5654 2407 5710 nisi
2440 5656 2670 5715 Ecclesia
2704 5661 2964 5733 crederet,
3015 5669 3172 5725 etiam
3213 5672 3379 5729 malas
3426 5683 3588 5745 atque

370 5762 445 5824 (η)
479 5760 868 5825 Subsequeutem
891 5758 1067 5811 librum
1089 5759 1153 5810 de
1173 5758 1325 5809 Gratia
1351 5765 1403 5809 et
1421 5758 1592 5810 Libero
1617 5758 1835 5810 Arbitrio.
