4014 6186
450 441 555 495 879
1345 434 1406 488 l.\‘
1449 433 1698 490 tantum
1737 409 2279 500 SUBSEQUENTEM
2323 434 2698 492 EPISTULAS.
3625 440 3729 495 3,9

449 552 693 606 inﬁdeles
740 549 1010 604 hominum
1052 548 1349 603 voluntates
1392 563 1484 618 per
1524 548 1616 602 Dei
1641 548 1863 618 gratiam
1895 547 1948 600 in
1987 546 2180 600 bonum
2211 560 2368 616 posse
2396 547 2654 602 converti.
2701 546 2804 602 Sed
2847 548 2983 602 hunc
3023 547 3213 602 librant
3253 548 3416 603 sancti
3453 546 3725 619 Cyprium,

447 646 568 714 quia
598 645 844 698 dixerunt
876 644 1032 698 etiam
1071 641 1178 696 illic
1216 638 1354 711 apud
1386 656 1479 694 vos
1508 654 1644 702 esse.
1680 654 1782 693 non
1805 638 2066 694 misimus.
2099 635 2267 692 Meam
2297 652 2510 708 quoque
2539 637 2818 706 epistolam
2846 637 2911 692 ad
2942 639 3147 693 Sixtum
3176 637 3427 693 Romanae
3465 637 3723 694 Ecclesia

452 732 816 800 presbytertnn
851 730 1052 797 datam,
1081 746 1238 800 quam
1262 745 1446 786 secum
1468 731 1533 784 ad
1560 745 1658 786 nos
1693 731 2008 792 attulerunt,
2042 729 2266 799 legimus
2289 744 2408 783 cum
2436 729 2550 792 eis;
2583 739 2638 785 et
2665 728 2997 785 ostendimus
3022 729 3278 786 adversus
3319 745 3415 786 eos
3442 745 3562 785 esse
3599 745 3724 785 con-

446 829 695 894 scriptam
724 826 811 894 qui
845 823 1052 890 dicunt,
1080 823 1304 893 gratiam
1333 824 1422 879 Dei
1453 821 1748 878 Secundum
1773 822 1960 878 merita
1983 830 2162 876 nostra
2193 822 2332 889 dari,
2360 823 2462 878 hoc
2482 835 2584 889 est,
2608 821 2864 879 adversus
2890 823 3106 880 eosdem
3138 823 3475 894 Pelagianos.

515 918 568 971 4.
610 917 874 984 Quantum
906 933 1032 988 ergo
1063 918 1351 986 potuimus,
1381 917 1585 986 egimus
1625 930 1748 972 cum
1795 915 1910 969 istis
1935 924 1989 970 et
2018 915 2212 970 vestris
2234 922 2288 969 et
2317 916 2514 970 nostris
2544 917 2816 979 fratribus,
2854 926 2912 970 ut
2939 915 2994 970 in
3025 914 3129 971 ﬁde
3152 931 3279 969 sana
3308 912 3570 970 catholica
3598 928 3723 984 pero

445 1021 690 1065 sererent
721 1027 736 1065 :
767 1025 884 1080 quae
910 1025 1084 1080 neque
1107 1008 1333 1064 liberum
1364 1009 1641 1064 arbitrium
1669 1015 1845 1078 negat,
1879 1007 1990 1061 sive
2023 1007 2074 1061 in
2105 1008 2264 1061 vitam
2303 1006 2497 1060 malam
2529 1006 2640 1062 sive
2670 1007 2723 1062 in
2753 1007 2946 1062 bonam
2965 1045 2983 1072 ,
3011 1020 3183 1077 neque
3209 1014 3412 1060 tantum
3436 1006 3483 1060 ei
3518 1005 3721 1066 tribuit.

446 1115 500 1156 ut
530 1105 643 1156 sine
673 1104 841 1172 gratia
869 1102 960 1157 Dei
987 1103 1160 1157 valeat
1186 1102 1407 1171 aliquid,
1433 1102 1547 1156 sive
1571 1109 1630 1155 ut
1657 1116 1722 1155 ex
1753 1099 1896 1155 malo
1928 1110 2275 1154 conversatur
2301 1098 2354 1153 in
2379 1097 2600 1164 bonum,
2637 1098 2756 1154 sive
2785 1108 2843 1153 ut
2877 1099 2928 1152 in
2964 1097 3106 1153 bono
3137 1109 3544 1167 perseveranter
3570 1098 3730 1168 prun.

445 1193 571 1259 riat,
593 1194 705 1247 sive
736 1203 790 1246 ut
812 1193 879 1248 ab
900 1192 1095 1246 bonum
1121 1195 1506 1262 sempiternum
1531 1191 1828 1262 perveniat,
1856 1189 1944 1244 ubi
1962 1189 2075 1260 jam
2097 1204 2202 1244 non
2236 1189 2420 1245 timeat
2449 1204 2517 1244 ne
2541 1187 2774 1244 deficiat.
2801 1187 2908 1244 Vos
2939 1202 3172 1260 quoque,
3217 1186 3541 1255 charissimi,
3569 1189 3730 1244 etiam

445 1286 501 1342 in
528 1288 626 1340 hac
654 1285 875 1353 epistola
907 1285 1178 1348 exhortor,
1209 1283 1350 1352 quod
1378 1298 1475 1337 nos
1501 1296 1688 1338 omnes
1712 1279 2025 1337 exhortatur
2047 1280 2356 1348 Apostolus,
2385 1295 2487 1334 non
2515 1278 2630 1348 plus
2657 1295 2867 1350 sapere,
2897 1295 3050 1349 quant
3073 1287 3271 1348 oportet
3294 1295 3510 1348 sapere;
3541 1279 3631 1333 sed
3653 1296 3738 1332 sa-

448 1390 566 1442 ρῖτρ
588 1375 658 1428 ad
687 1375 1084 1444 temperantiam,
1107 1374 1233 1427 sicut
1259 1373 1526 1440 unicuique
1541 1371 1678 1428 Deus
1708 1373 1920 1443 partitus
1949 1379 2023 1426 est
2043 1387 2327 1426 mensuram
2355 1371 2476 1438 fidei
2504 1369 2680 1444 (Rom.
2710 1385 2805 1437 xu,
2834 1371 2912 1441 3).

515 1465 572 1520 5.
615 1464 888 1518 Attendite
917 1464 1041 1534 quid
1073 1480 1165 1534 per
1189 1462 1528 1518 Salomonem
1556 1474 1768 1519 ttioneat
1794 1460 2025 1532 Spiritus
2053 1470 2305 1517 sanctus:
2337 1461 2519 1517 Rectos
2543 1479 2738 1526 cursus,
2786 1463 2975 1533 inquit,
3017 1466 3098 1536 fac
3121 1463 3329 1534 pedibus
3373 1463 3495 1528 tuis,
3541 1471 3588 1515 et
3631 1463 3738 1520 uias

451 1568 563 1610 tuas
595 1554 757 1625 dirige
784 1569 804 1608 .'
835 1570 898 1608 ne
917 1553 1134 1608 declines
1161 1555 1214 1608 in
1240 1555 1529 1619 dexteram,
1560 1571 1719 1626 neque
1738 1554 1790 1607 in
1811 1554 2104 1620 sinistram;
2133 1563 2298 1608 auerte
2327 1564 2493 1607 autem
2515 1554 2689 1623 pedem
2719 1564 2859 1608 tuum
2885 1571 2917 1607 a
2951 1555 3032 1610 uia
3062 1555 3216 1610 mala.
3255 1553 3377 1608 Vias
3403 1556 3536 1609 enim
3559 1571 3674 1626 quc
3706 1571 3736 1606 ιι

449 1646 642 1700 dextris
693 1654 832 1711 sunt,
871 1645 1003 1698 novit
1047 1643 1344 1700 Dominus:
1377 1660 1622 1717 perverste
1653 1661 1766 1699 uero
1793 1655 1928 1708 sunt,
1960 1660 2072 1713 qua:
2108 1661 2138 1696 a
2164 1645 2381 1698 sinistris
2422 1652 2556 1698 sunt.
2609 1643 2730 1716 Ipse
2768 1654 2934 1699 autent
2979 1657 3139 1700 rectos
3165 1646 3316 1717 faciet
3360 1661 3540 1700 cursus
3580 1655 3734 1710 tuos,

448 1738 629 1792 itinera
646 1748 814 1793 autem
836 1747 924 1792 tua
953 1738 1003 1792 in
1033 1755 1157 1809 pace
1184 1738 1421 1807 producet
1463 1738 1645 1808 (Prov.
1679 1753 1751 1803 tv,
1782 1737 1873 1803 26,
1908 1737 2019 1808 97).
2050 1736 2106 1790 In
2131 1735 2216 1792 his
2245 1736 2420 1790 verbis
2439 1746 2636 1791 sancttn
2656 1737 2946 1808 Scriptum
2969 1737 3324 1803 considerate,
3349 1737 3570 1803 fratres,
3602 1740 3728 1810 quia

448 1832 491 1886 si
521 1846 624 1886 non
646 1840 791 1887 esset
818 1832 1040 1888 liberum
1062 1832 1357 1898 arbitrium,
1379 1847 1482 1887 non
1504 1831 1788 1893 diceretur,
1822 1830 2003 1886 Rectos
2024 1846 2200 1884 cursus
2229 1828 2312 1894 fac
2347 1829 2557 1899 pedibus
2581 1830 2700 1893 tuis,
2727 1840 2774 1882 et
2812 1829 2918 1884 vias
2949 1840 3060 1884 tuas
3081 1830 3278 1901 dirige:
3321 1845 3382 1882 ne
3423 1830 3643 1884 declines
3671 1832 3722 1884 in

448 1923 726 1988 dexteram,
755 1941 912 1996 neque
935 1924 989 1978 in
1011 1923 1270 1978 sinistram
1299 1939 1320 1978 :
1347 1932 1401 1978 et
1422 1932 1598 1979 tamen
1622 1923 1738 1979 sine
1784 1922 1874 1977 Dei
1903 1920 2069 1990 gratia
2101 1921 2146 1976 si
2170 1929 2353 1989 posset
2380 1921 2481 1976 hoc
2504 1920 2636 1986 fieri,
2675 1936 2782 1975 non
2832 1931 3013 1990 postea
3062 1920 3348 1985 diceretur,
3383 1919 3504 1989 Ipse
3556 1933 3728 1977 autem

451 2027 606 2070 rectos
632 2015 780 2086 faciet
798 2031 976 2072 cursus
996 2025 1127 2084 tuos,
1157 2025 1204 2071 et
1238 2017 1421 2071 itinera
1451 2026 1537 2071 tua
1565 2016 1618 2070 in
1644 2031 1765 2085 pace
1781 2018 2044 2084 producet.

521 2107 576 2162 6.
615 2105 790 2164 Nolite
818 2124 945 2179 ergo
969 2107 1238 2164 declinare
1265 2109 1320 2163 in
1341 2108 1633 2174 dexteram,
1660 2122 1831 2176 neque
1859 2107 1911 2161 in
1939 2106 2238 2170 sinistram;
2272 2106 2514 2175 quamvis
2547 2105 2826 2161 laudentur
2859 2107 2956 2161 via:
3003 2121 3122 2177 quae
3170 2123 3199 2162 a
3245 2107 3447 2163 dextris
3491 2118 3637 2169 sunt.
3683 2117 3738 2161 et

450 2201 815 2271 vituperemur
841 2215 962 2272 qua:
992 2210 1115 2255 sunt
1148 2215 1180 2255 a
1201 2198 1453 2255 sinistris.
1486 2198 1597 2255 [loc
1622 2207 1705 2254 est
1733 2197 1872 2252 enim
1903 2207 2118 2267 propter
2147 2196 2284 2266 quod
2310 2195 2531 2260 addidit,
2560 2197 2738 2250 Averte
2755 2206 2924 2251 autem
2949 2197 3124 2266 pedem
3141 2207 3324 2252 tuuma
3345 2199 3425 2252 uia
3453 2198 3609 2259 mala,
3634 2199 3737 2252 hoc

446 2299 552 2355 est,
577 2306 608 2345 ιι
629 2291 844 2346 sinistra
873 2307 886 2342 :
920 2290 1059 2360 quod
1088 2288 1391 2344 manifestat
1418 2291 1470 2344 in
1500 2287 1969 2357 consequentibus,
2000 2284 2205 2351 dicens,
2238 2283 2356 2339 Vias
2377 2287 2507 2340 enim
2527 2301 2641 2356 qua:
2677 2302 2708 2338 a
2745 2285 2934 2341 dextris
2955 2297 3092 2352 sunt,
3121 2288 3255 2341 nouit
3294 2286 3542 2341 Dominus
3568 2303 3586 2342 :
3617 2305 3740 2357 ριτο

449 2369 603 2435 uersa:
623 2396 738 2435 vero
771 2389 919 2445 sunt,
958 2395 1072 2448 qua:
1096 2396 1128 2433 a
1155 2380 1374 2435 sinistris
1399 2387 1538 2433 sunt.
1571 2378 1675 2433 Eas
1701 2379 1880 2448 utique
1910 2378 2023 2430 vias
2045 2376 2318 2431 ambulare
2344 2377 2621 2444 debemus,
2654 2392 2787 2446 quas
2834 2379 2981 2433 novit
3024 2379 3309 2440 Dominus;
3347 2379 3414 2433 de
3455 2379 3653 2448 quibus
3685 2379 3739 2433 in

453 2468 655 2536 psalmo
682 2469 890 2539 legitur,
925 2467 1349 2524 NovitDominus
1367 2469 1785 2539 uiumjustorum,
1811 2477 1857 2520 et
1881 2467 1959 2520 uia
1987 2467 2260 2535 impiorum
2291 2467 2467 2537 peribit
2497 2466 2667 2539 (Psul.
2695 2482 2732 2532 ι,
2761 2466 2839 2538 6).
2866 2468 3011 2522 Hanc
3031 2469 3175 2523 enim
3222 2483 3326 2522 non
3366 2470 3514 2523 novit
3562 2469 3743 2523 Domi-

458 2561 653 2629 miuus,
685 2559 806 2632 quia
831 2560 1043 2615 sinistra
1065 2569 1148 2615 est
1175 2578 1188 2615 :
1220 2562 1356 2616 sicut
1387 2559 1626 2616 dicturus
1646 2569 1728 2615 est
1753 2561 1912 2615 etiam
1942 2560 2046 2614 illis
2065 2559 2130 2613 ad
2161 2559 2432 2613 sinistram
2467 2561 2789 2626 constitutis,
2825 2559 2946 2615 Non
2975 2561 3089 2615 novi
3115 2576 3201 2615 vos
3223 2560 3434 2632 (Matth.
3477 2577 3602 2626 xxv,
3635 2558 3741 2613 1Ξὶ

464 2652 587 2706 Luc.
618 2667 732 2718 xm,
761 2650 874 2723 27).
899 2650 1034 2719 Quid
1058 2660 1140 2706 est
1162 2661 1341 2706 autem
1366 2650 1510 2722 quod
1538 2650 1627 2706 ille
1665 2665 1769 2705 non
1809 2651 1975 2715 novit,
2013 2648 2104 2720 qui
2151 2649 2331 2719 utique
2371 2650 2518 2704 novit
2545 2651 2741 2716 omnia,
2789 2651 2904 2706 sive
2931 2650 3070 2706 bona
3103 2652 3398 2718 hominum,
3429 2652 3541 2707 sive
3567 2653 3747 2707 mala?

449 2743 552 2799 Sed
580 2743 706 2815 quid
735 2752 837 2811 est,
891 2741 1008 2798 Non
1028 2758 1114 2798 vos
1139 2745 1292 2810 novi;
1329 2742 1451 2810 nisi,
1477 2743 1610 2799 tales
1630 2758 1725 2798 vos
1757 2757 1857 2813 ego
1882 2757 1986 2796 non
2020 2740 2160 2796 feci?
2198 2741 2658 2808 Quemadmodum
2703 2743 2854 2810 illud,
2885 2743 3027 2815 quod
3053 2743 3254 2798 dictum
3291 2754 3372 2799 est
3396 2743 3466 2799 de
3495 2745 3611 2816 ipso
3643 2745 3749 2799 Do-

452 2835 596 2890 mino
625 2834 750 2892 Jcsu
775 2834 1010 2902 Christo,
1037 2836 1160 2908 quia
1191 2852 1292 2891 non
1320 2845 1525 2892 nouerat
1553 2845 1812 2906 peccatum
1845 2834 1910 2906 (ll
1941 2833 2058 2890 Cor.
2079 2848 2132 2897 ν,
2152 2833 2282 2903 2i);
2329 2835 2452 2905 quid
2483 2845 2584 2902 est,
2628 2852 2729 2891 non
2760 2845 2985 2903 noverat,
3031 2837 3154 2899 nisi,
3195 2837 3318 2907 quia
3361 2833 3467 2892 nan
3497 2836 3749 2895 fecerat!

450 2928 527 2983 Ac
561 2941 657 2999 per
698 2927 800 2983 hoc
823 2927 965 2998 quod
989 2927 1188 2983 dictum
1228 2936 1330 2990 cst,
1373 2925 1491 2981 Vias
1529 2942 1643 2998 quae
1676 2943 1708 2979 a
1736 2925 1924 2981 dextris
1962 2934 2098 2991 sunt,
2143 2925 2277 2979 novit
2310 2925 2576 2993 Dominus,
2607 2927 2875 2997 quomodo
2914 2928 3310 2998 intelligendum
3347 2939 3449 2995 est,
3479 2930 3578 2984 nisi
3620 2935 3750 3000 quia

452 3019 568 3087 ipse
604 3018 727 3075 fecit
754 3020 864 3074 vias
888 3017 1126 3087 dextras,
1161 3018 1210 3074 id
1231 3029 1334 3086 est,
1361 3019 1474 3074 vias
1500 3017 1786 3088 justorum,
1825 3032 1945 3086 qua:
1969 3025 2093 3071 sunt
2115 3016 2297 3087 utique
2323 3031 2484 3086 opera
2523 3018 2658 3074 bona
2681 3061 2696 3086 ,
2730 3035 2845 3090 qua:
2892 3019 3196 3089 prwparavit
3231 3019 3385 3086 Deus,
3439 3023 3575 3077 sicut
3617 3025 3753 3081 dicit

451 3107 758 3181 Apostolus,
786 3117 839 3162 ut
866 3109 918 3164 in
944 3110 1048 3165 illis
1069 3110 1382 3166 ambulemus
1407 3109 1618 3182 (Epltes.
1647 3127 1703 3175 ιι,
1733 3109 1862 3180 l0)?
1893 3109 2018 3164 γε..
2041 3116 2216 3163 autem
2245 3110 2488 3164 sinistras
2507 3125 2805 3181 perversas,
2837 3111 2887 3167 id
2917 3121 3000 3169 est
3018 3111 3162 3176 ,vias
3185 3111 3485 3182 impiorum,
3513 3132 3619 3170 non
3645 3121 3753 3172 ιιιὶ-

453 3220 557 3274 que
588 3205 753 3272 novit,
783 3206 906 3276 quia
949 3219 1056 3260 non
1082 3218 1176 3260 eas
1217 3203 1332 3272 ipse
1361 3201 1484 3258 fecit
1504 3201 1726 3266 homini,
1755 3200 1849 3256 sed
1873 3200 2032 3256 honto
2055 3201 2156 3258 sibi
2181 3219 2194 3256 :
2220 3213 2437 3272 pr0pter
2457 3201 2598 3272 quod
2618 3202 2766 3271 dicit,
2800 3202 2950 3259 0divi
2996 3217 3162 3263 autem
3208 3225 3301 3282 ego
3336 3226 3595 3280 perversos
3638 3213 3752 3265 eius

455 3298 728 3367 malorum,
751 3299 876 3371 ipse
892 3307 1010 3354 sunt
1029 3314 1062 3351 a
1079 3297 1314 3352 sinistris.
3044 3369 3052 3376 _

522 3395 579 3451 7.
617 3395 723 3451 Sed
755 3394 1108 3465 respondetur
1131 3390 1288 3448 nobis
1307 3433 1320 3456 ,
1347 3388 1456 3446 Cur
1481 3403 1608 3462 ergo
1635 3389 1788 3456 dixit,
1825 3388 1907 3445 Ne
1937 3389 2156 3447 declines
2184 3391 2236 3445 in
2262 3391 2540 3457 dexteram,
2577 3406 2734 3462 neque
2772 3393 2824 3446 in
2851 3393 3141 3460 sinistram;
3171 3412 3291 3452 cum
3332 3398 3508 3466 potius
3556 3397 3750 3454 dicere

455 3488 707 3545 debuisse
729 3489 988 3548 videatur.
1015 3487 1163 3542 Tene
1188 3485 1483 3549 dexteram,
1512 3493 1568 3541 ct
1595 3499 1665 3540 ne
1687 3483 1924 3540 declines
1949 3484 2001 3539 in
2029 3484 2337 3549 sinistram;
2363 3484 2407 3540 si
2439 3483 2594 3541 bona:
2621 3495 2746 3541 sunt
2773 3487 2872 3542 vise
2908 3504 3026 3558 qua:
3062 3505 3096 3544 a
3140 3489 3341 3546 dextris
3394 3492 3563 3546 sunt?
3612 3490 3748 3556 Cur,

455 3590 723 3650 putamus,
774 3579 876 3637 nisi
921 3579 1041 3650 quia
1072 3579 1141 3633 ita
1168 3581 1268 3634 vite
1302 3585 1429 3632 sunt
1449 3576 1600 3632 home
1623 3591 1743 3648 qua:
1773 3591 1802 3630 a
1831 3577 2035 3632 dextris
2068 3587 2213 3643 sunt,
2245 3587 2301 3631 ut
2333 3577 2387 3632 in
2421 3576 2694 3633 dexteram
2729 3587 2903 3636 tamen
2942 3580 3213 3638 declinare
3243 3600 3348 3640 non
3378 3586 3449 3640 sit
3497 3586 3750 3641 bonum?

455 3670 730 3726 Decliuare
758 3671 954 3742 quippe
993 3671 1081 3735 ille
1109 3679 1190 3725 est
1221 3668 1598 3739 intelligendus
1631 3667 1685 3722 in
1727 3666 2024 3734 dexteram,
2057 3667 2147 3738 qui
2188 3667 2324 3723 bona
2351 3667 2463 3736 ipsa
2488 3681 2648 3738 opera
2676 3684 2796 3739 qua:
2822 3670 2886 3726 ad
2911 3671 3021 3727 vias
3048 3672 3294 3730 dexteras
3325 3677 3611 3744 pertinent,
3642 3679 3748 3733 sibi

451 3763 564 3819 vult
587 3762 880 3834 assignare,
911 3779 1014 3817 non
1046 3762 1173 3818 Deo.
1197 3761 1266 3815 Et
1290 3759 1410 3816 ideo
1430 3773 1552 3815 cum
1579 3757 1819 3822 dixisset,
1863 3757 1983 3812 Vias
2002 3757 2134 3813 enim
2172 3773 2285 3828 quis
2308 3775 2340 3810 a
2367 3757 2560 3813 dextris
2588 3769 2706 3814 sunt
2731 3761 2867 3815 novit
2889 3761 3154 3832 Dominus,
3179 3781 3425 3834 peruersa:
3442 3777 3608 3822 autem
3625 3779 3748 3822 sunt

450 3868 564 3921 aute
581 3869 612 3906 a
634 3852 850 3908 sinistris
870 3862 1028 3916 sunt;
1054 3860 1302 3921 tanquam
1330 3849 1600 3905 diceretur
1617 3847 1668 3903 ei
1687 3888 1703 3914 ,
1726 3846 2008 3916 Quomodo
2029 3861 2158 3919 ergo
2186 3863 2291 3902 non
2329 3848 2410 3903 vis
2436 3862 2498 3905 ut
2519 3841 2849 3907 declinemus
2872 3853 2938 3908 ad
2965 3852 3242 3911 dexteram
3258 3859 3282 3908 ‘t
3302 3868 3518 3914 secutus
3551 3859 3748 3929 adjun-

455 3947 548 4008 λιι.
573 3943 694 4016 Ipse
714 3953 882 4000 autem
912 3953 1075 3998 rectos
1104 3941 1254 4012 faciet
1274 3956 1448 3994 cursus
1468 3947 1614 4005 tuos;
1639 3939 1825 3993 itinera
1849 3947 2018 3992 autem
2053 3949 2139 3992 tua
2165 3939 2219 3992 in
2251 3955 2374 4007 pace
2401 3940 2658 4011 producet.
2686 3940 2774 3997 Sic
2803 3957 2932 4013 ergo
2969 3944 3200 4015 intelligo
3229 3947 3370 4016 quod
3407 3948 3498 4003 tibi
3528 3965 3737 4018 prtcce-

456 4045 600 4102 ptum
637 4043 739 4098 est,
771 4031 956 4089 Rectos
995 4046 1176 4085 cursus
1204 4031 1286 4101 fac
1312 4027 1521 4100 pedibus
1549 4028 1670 4092 tuis,
1696 4037 1743 4082 et
1771 4028 1877 4082 eius
1909 4037 2022 4083 tuas
2046 4029 2228 4101 dirige,
2255 4032 2564 4096 utnoveris,
2595 4046 2715 4086 cum
2745 4033 2846 4089 hoc
2869 4035 3016 4099 facis,
3044 4051 3074 4088 a
3101 4037 3327 4093 Domino
3352 4039 3462 4095 Deo
3489 4040 3582 4095 tibi
3606 4057 3747 4112 prm-

453 4125 583 4180 stari
612 4133 668 4179 ut
692 4124 798 4180 hoc
825 4121 1026 4188 facias;
1052 4129 1108 4177 ct
1137 4134 1241 4176 non
1265 4117 1561 4176 declinabis
1586 4118 1652 4172 ad
1671 4118 1968 4182 dexteram,
1995 4121 2239 4189 quamvis
2269 4119 2510 4175 ambules
2544 4121 2596 4175 in
2623 4121 2723 4176 viis
2749 4121 2972 4190 dextris,
3006 4141 3113 4180 non
3154 4126 3428 4184 conlidens
3461 4129 3518 4183 in
3545 4133 3748 4187 virtute

455 4231 542 4269 tua
570 4224 672 4270 :-ct
692 4215 807 4286 ipse
825 4213 928 4270 erit
949 4212 1120 4268 virtus
1145 4219 1254 4276 tua,
1285 4209 1376 4282 qui
1401 4217 1560 4266 rectos
1585 4208 1735 4283 faciet
1753 4223 1930 4265 cursus
1946 4217 2080 4276 tuos,
2103 4219 2150 4264 et
2179 4209 2363 4264 itinera
2393 4219 2480 4264 tua
2498 4210 2551 4266 in
2575 4227 2697 4281 pace
2725 4215 2988 4284 producet.

525 4307 583 4362 8.
621 4307 981 4376 Quapropter,
999 4301 1354 4371 dilectissimi,
1379 4302 1702 4376 quicumque
1723 4299 1874 4370 dicit,
1900 4299 2158 4356 Voluntas
2186 4316 2302 4356 mea
2325 4300 2453 4357 mibi
2479 4302 2672 4358 suflicit
2694 4304 2759 4359 ad
2787 4302 3024 4362 facienda
3048 4323 3207 4376 opera
3245 4311 3402 4376 bona,
3425 4313 3655 4369 declinat
3694 4318 3748 4371 in

451 4398 746 4454 dexteram.
796 4396 901 4452 Sed
929 4409 1114 4450 rursus
1143 4393 1252 4462 illi,
1283 4393 1374 4464 qui
1405 4401 1592 4464 putant
1613 4392 1812 4449 bonam
1837 4391 2002 4447 vitam
2027 4406 2147 4448 esse
2171 4391 2542 4462 deserendum,
2571 4395 2787 4466 quando
2815 4398 3036 4454 audiunt
3064 4381 3141 4455 sic
3172 4401 3264 4457 Dei
3290 4405 3513 4474 gratiam
3543 4409 3747 4476 praedi-

455 4490 586 4553 rari,
641 4501 696 4543 ut
744 4487 994 4548 credatur
1029 4495 1085 4544 et
1133 4487 1463 4556 intelligatur
1487 4485 1791 4542 voluntates
1815 4484 2090 4541 hominum
2119 4484 2232 4554 ipsa
2261 4501 2328 4541 ex
2357 4487 2513 4542 malis
2533 4487 2702 4544 bonas
2728 4490 2923 4562 facere,
2953 4495 3066 4562 ipsa
3087 4495 3247 4550 etiam
3275 4514 3407 4568 quas
3432 4501 3614 4556 fecerit
3641 4518 3747 4556 cu-

456 4583 677 4645 stodire,
701 4591 759 4636 et
786 4593 1069 4649 prepterea
1096 4578 1304 4644 dicunt,
1329 4577 1602 4633 Faciamus
1620 4577 1774 4641 mala,
1808 4587 1864 4632 ut
1883 4577 2082 4632 veniant
2105 4577 2236 4632 bona
2261 4576 2439 4647 (Rom.
2469 4595 2547 4646 ιιι,
2590 4579 2648 4648 8)
2673 4597 2688 4645 ;
2726 4581 2782 4635 in
2806 4581 3396 4649 sinistram-declinem.
3431 4590 3555 4645 ideo
3590 4594 3746 4650 vobis

459 4673 612 4739 dixit,
639 4671 760 4727 Non
785 4671 1045 4747 decliuetis
1070 4671 1123 4724 in
1144 4670 1422 4734 dexteram,
1445 4685 1604 4739 neque
1621 4668 1678 4722 in
1697 4668 1974 4732 sinistram,
2003 4667 2106 4723 hoc
2130 4677 2230 4733 est,
2258 4684 2362 4725 non
2393 4669 2471 4724 sic
2495 4669 2794 4727 defendat-is
2824 4673 3066 4730 liberum‘
3093 4677 3372 4734 arbitrium
3398 4724 3413 4745 ,
3435 4691 3492 4736 ut
3515 4685 3563 4738 ei
3604 4686 3738 4740 bona

453 4778 617 4835 opera
643 4766 759 4820 sine
780 4757 872 4818 Dei
901 4761 1068 4831 gratia
1100 4761 1380 4826 tribuatis;
1409 4773 1508 4814 nec
1535 4757 1614 4814 sic
1647 4757 1943 4813 defendatis
1966 4757 2210 4828 gratiam,
2239 4769 2296 4814 ut
2319 4762 2470 4830 quasi
2497 4760 2566 4818 de
2602 4761 2688 4816 illa
2709 4765 2904 4832 securi,
2935 4765 3074 4820 mala
3103 4782 3266 4837 opera
3293 4769 3523 4842 diligatis
3554 4787 3570 4826 :
3594 4777 3746 4843 quod

455 4859 570 4924 ipsa
595 4851 764 4928 gratia
796 4854 888 4909 Dei
915 4862 1121 4909 avertat
1148 4867 1179 4906 a
1210 4851 1383 4906 vobis.
1411 4851 1622 4907 Talium
1641 4851 1840 4921 quippe
1865 4851 2028 4906 verba
2069 4849 2170 4904 sibi
2195 4865 2498 4920 proponens
2524 4853 2812 4924 Apostolus
2837 4898 2854 4923 ,
2885 4855 2959 4913 ait
2989 4875 3002 4914 :
3033 4858 3171 4926 Quid
3196 4876 3316 4933 ergo
3340 4864 3559 4919 dicemus
3577 4868 3603 4921 .’
3630 4884 3723 4932 per

401 4991 408 4996 .
455 4948 763 5002 manebimus
787 4945 839 4998 in
861 4955 1085 5014 peccato,
1116 4953 1172 4997 ut
1201 4943 1368 5014 gratia
1391 4943 1659 4996 abundet?
1689 4945 1860 5012 Atque
1894 4941 1977 4996 his
2001 4940 2180 5027 verbis
2211 4941 2486 5006 hominum
2522 4947 2816 5001 errantium
2841 4959 2894 5003 et
2925 4949 3015 5004 Dei
3043 4952 3266 5020 gratiam
3297 4970 3400 5008 non
3433 4955 3729 5027 intelligen-

459 5039 588 5092 tium
620 5037 898 5107 respondit
923 5044 981 5108 ¹ιιι
1004 5035 1207 5101 debuit,
1236 5033 1454 5088 dicens:
1479 5034 1636 5088 Absit.
1665 5033 1725 5088 Si
1749 5034 1882 5087 enim
1909 5033 2092 5085 mortui
2117 5026 2290 5088 sumus
2315 5045 2535 5103 peccato,
2562 5040 2810 5106 quomodo
2845 5041 3063 5095 vivemus
3101 5043 3155 5096 in
3186 5059 3244 5096 eo
3290 5043 3398 5113 (Id.
3429 5061 3501 5111 VI,
3552 5026 3620 5112 Ι,
3645 5050 3739 5120 2γῖ

459 5131 598 5184 Nihil
622 5130 790 5200 potuit
810 5129 915 5183 dici
937 5128 1150 5183 brevius
1169 5134 1224 5181 et
1245 5125 1454 5180 melius.
1482 5125 1618 5192 Quid
1645 5125 1787 5180 enim
1806 5125 1959 5178 nobis
1983 5123 2150 5193 gratia
2176 5123 2273 5179 Dei
2303 5127 2481 5181 utilius
2509 5127 2716 5183 confert
2738 5132 2789 5184 in
2819 5131 2923 5186 hoc
2951 5135 3197 5200 praesenti
3228 5138 3425 5192 seculo
3466 5141 3702 5210 maligno
3728 5161 3742 5206 ;

458 5223 557 5278 nisi
580 5232 636 5277 ut
665 5222 955 5277 moriamur
979 5219 1232 5291 peccato?
1270 5219 1349 5272 Ac
1379 5235 1471 5288 per
1493 5219 1596 5272 hoc
1623 5218 1721 5289 ipsi
1751 5217 1936 5288 gratia:
1977 5217 2244 5271 invenitur
2275 5219 2532 5290 ingratus,
2556 5223 2644 5292 qui
2676 5235 2893 5292 propter
2919 5226 3060 5279 illam
3084 5228 3196 5282 vult
3223 5231 3403 5286 vivere
3426 5233 3473 5285 in
3499 5245 3741 5302 peccatu,

457 5331 552 5382 per
577 5331 735 5386 quam
765 5315 1024 5370 morimur
1049 5320 1287 5383 peccato.
1315 5311 1458 5366 Deus
1479 5320 1655 5365 autem
1683 5312 1770 5380 qui
1800 5310 1947 5364 dives
1973 5317 2058 5365 est
2092 5309 2143 5361 in
2174 5311 2532 5367 misericordia
2555 5354 2568 5376 ,
2596 5314 2686 5368 det
2707 5316 2858 5369 vobis
2885 5327 2938 5372 et
2964 5334 3150 5374 samun
3181 5336 3389 5391 sapere,
3413 5333 3468 5378 et
3489 5341 3656 5394 usque
3691 5329 3742 5382 in

461 5414 616 5458 intem
646 5405 984 5476 prolicienter
1013 5404 1066 5458 in
1095 5403 1233 5458 bono
1265 5403 1535 5472 proposito
1555 5417 1888 5474 permanere.
1924 5401 2036 5456 lloc
2062 5415 2157 5469 pro
2186 5402 2355 5470 vobis,
2401 5405 2498 5457 hoc
2536 5420 2633 5476 pro
2653 5409 2833 5474 nobis,
2865 5410 2964 5464 hoc
3001 5427 3096 5480 pro
3135 5415 3382 5468 omnibus
3413 5417 3502 5487 qui
3533 5435 3628 5472 vos
3656 5422 3739 5472 di-

463 5497 647 5561 ligunt,
672 5508 723 5549 et
753 5512 846 5565 pro
873 5497 951 5550 eis
979 5495 1067 5565 qui
1098 5509 1192 5547 vos
1221 5495 1466 5555 ederunt,
1497 5494 1754 5548 instanter
1777 5494 1825 5546 in
1860 5507 1987 5562 pace
2014 5491 2243 5549 fraterna
2269 5505 2320 5547 et
2347 5495 2622 5566 vigilanter
2649 5509 2814 5554 orate.
2845 5501 2952 5555 Deo
2994 5505 3196 5558 vivatis.
3242 5507 3292 5560 Si
3321 5508 3446 5579 quid
3478 5510 3543 5565 de
3593 5516 3743 5570 vobis

461 5603 697 5658 tuereor,
730 5591 904 5644 veniat
934 5587 998 5641 ad
1029 5603 1111 5641 me
1139 5586 1301 5641 frater
1334 5587 1544 5644 Florus.
