4014 6186
417 258 522 312 383
591 309 594 313 .

413 373 692 442 Quomodo
715 369 846 428 dicit
868 363 1253 426 inexcusabiles
1272 404 1289 429 ,
1320 360 1422 416 nisi
1444 357 1514 414 de
1539 355 1628 411 illa
1653 349 1994 408 excusatione

413 438 516 542 qua
556 467 694 524 solet
732 464 912 520 dicere
955 459 1185 516 humana
1223 451 1471 542 superbia
1496 491 1511 516 ,
1538 448 1594 505 Si
1623 445 1841 542 scissem
1865 481 1886 506 τ
1915 438 1996 496 fe-

413 534 610 616 cissem
635 573 650 621 ;
681 555 801 611 ideo
825 567 929 608 non
957 549 1056 606 feci
1079 589 1094 614 ,
1121 547 1244 620 quia
1275 541 1514 600 nescivi?
1537 548 1628 596 aut
1651 580 1666 604 ,
1687 535 1744 593 Si
1764 534 1958 591 scirem
1975 570 1992 598 ,

415 653 642 707 facerem
667 662 683 710 ;
713 645 833 700 ideo
861 657 966 698 non
995 639 1132 696 facio
1150 680 1165 704 ,
1192 636 1314 708 quia
1340 631 1559 690 nescio?
1581 629 1706 686 Haec
1729 627 1808 682 eis
1835 637 1996 679 excu-

415 742 550 800 satio
577 737 780 794 tollitur
805 777 825 802 ,
851 730 1062 804 quando
1085 733 1410 800 praeceptum
1435 721 1591 778 datur
1613 761 1630 788 ,
1663 717 1743 774 vel
1773 712 1996 772 scientia

415 849 518 889 non
547 825 804 903 peccandi
829 821 1216 880 manifestatur.
1561 817 1572 828 '
1755 881 1761 887 ἢ

483 899 676 978 δίεθά
701 922 826 973 sunt
845 913 1090 970 homines
1117 907 1396 982 quietiam
1431 903 1500 960 de
1533 902 1650 974 ipso
1673 899 1786 956 Deo
1813 911 1872 952 se
1899 909 1999 952 ex-

413 1027 604 1070 cusare
644 1018 942 1072 conantur,
992 1003 1186 1076 quibus
1233 999 1365 1056 dicit
1407 995 1678 1069 apostolus
1725 989 1996 1048 Jacobus:

418 1103 588 1161 Nemo
609 1119 726 1160 cum
749 1108 972 1156 tentatur
993 1138 1008 1163 ,
1049 1097 1224 1160 dicat,
1263 1091 1518 1160 Quoniam
1551 1104 1585 1143 a
1622 1085 1730 1141 Deo
1772 1091 1934 1138 tenter
1957 1079 1998 1133 ⁸.

332 1249 340 1257 .
417 1194 560 1250 Deus
583 1192 716 1248 enim
740 1190 1012 1244 intentator
1039 1185 1290 1240 malorum
1332 1191 1454 1236 est:
1493 1179 1603 1248 ipse
1633 1185 1801 1230 autem
1839 1170 2000 1226 nemi-

420 1303 536 1342 nem
565 1292 740 1340 tentat.
774 1279 1125 1350 Unusquisque
1149 1291 1265 1330 vero
1291 1281 1512 1328 tentatur
1539 1286 1572 1324 a
1597 1261 2002 1337 concupiscentia

415 1395 512 1435 sua
536 1375 814 1449 abstractus
853 1382 900 1428 et
935 1371 1138 1426 illectus
1161 1384 1182 1423 :
1225 1364 1407 1421 deinde
1440 1356 1842 1430 concupiscentia
1887 1369 2002 1408 cum

419 1467 738 1538 conceperit,
771 1463 905 1533 parit
933 1469 1237 1532 peccatum;
1271 1462 1530 1528 peccatum
1572 1465 1688 1504 vero
1733 1461 1852 1501 cum
1881 1459 2000 1498 eon-

421 1536 728 1616 samniatum
754 1555 907 1628 fuerit
929 1595 943 1619 ,
967 1559 1174 1625 generat
1213 1556 1422 1603 mortem
1453 1543 1672 1618 (Jacobi
1694 1557 1748 1608 ι,
1775 1539 1937 1596 15-15
1958 1536 2000 1609 ).

421 1651 552 1708 Item
581 1649 650 1706 de
675 1649 791 1719 ipso
821 1647 930 1702 Deo
953 1660 1014 1699 se
1036 1654 1295 1698 excusare
1323 1636 1623 1694 volentibus
1648 1674 1664 1700 ,
1712 1629 2007 1701 respondet-

423 1743 556 1798 liber
583 1737 997 1797 Proverbiorum
1019 1729 1320 1791 Salomonis
1345 1746 1359 1783 :
1403 1724 1704 1798 [nsipientia
1730 1722 1825 1777 viri
1851 1720 2004 1780 violat

422 1833 528 1887 vias
551 1831 662 1902 ejus
685 1871 700 1894 ,
727 1826 894 1883 Deum
921 1834 1090 1880 autem
1113 1829 1350 1876 causatur
1377 1819 1431 1872 in
1457 1815 1610 1872 corde
1643 1829 1754 1869 suo.
1798 1808 1820 1884 (
1846 1809 2002 1864 Prov.

423 1940 516 1980 ιιι
540 1899 621 1988 ,s
646 1919 691 1992 ).
723 1920 789 1974 Et
813 1918 949 1974 liber
984 1911 1386 1971 Ecelesiasticus
1432 1907 1603 1963 dicit:
1653 1902 1739 1958 Ne
1773 1899 2002 1964 dixeris,

426 2015 560 2084 Quia
601 2022 806 2084 prapter
853 2007 1130 2064 Dominum
1165 2001 1390 2058 recessi:
1423 2013 1538 2069 qua
1573 1996 1706 2051 enim
1751 1993 1857 2048 odit
1903 2005 2006 2044 non

425 2106 604 2177 facias.
641 2101 722 2158 Ne
743 2100 932 2156 dixeris
955 2139 972 2165 ,
1003 2095 1135 2164 Quia
1171 2095 1280 2166 ipse
1321 2106 1401 2146 me
1440 2085 1638 2143 induxit
1667 2100 1686 2139 :
1729 2100 1831 2138 non
1873 2079 2007 2136 enim

429 2169 556 2266 opus
581 2192 725 2247 habet
751 2191 858 2244 viro
907 2195 1184 2258 peccatore.
1231 2180 1391 2237 Omne
1433 2182 1858 2234 exsccramentum
1901 2169 2007 2224 odit

429 2257 680 2340 Dominus
699 2323 714 2348 ,
741 2289 790 2336 et
818 2257 918 2334 non
943 2285 1016 2333 est
1043 2271 1262 2330 amabile
1288 2266 1574 2325 timentibus
1601 2264 1769 2319 illum.
1797 2261 1824 2315 1
1834 2275 1921 2330 pse
1947 2257 2007 2311 ab

428 2377 573 2431 initio
616 2373 734 2446 fecit
758 2373 1010 2426 hominem
1033 2407 1048 2432 ,
1082 2374 1132 2422 et
1157 2362 1356 2433 reliquit
1381 2375 1492 2415 eum
1537 2358 1590 2410 in
1633 2370 1786 2409 manu
1811 2349 2009 2405 consilii

427 2466 527 2522 sui.
557 2439 628 2520 Si
646 2461 862 2517 volueris
887 2501 902 2526 ,
927 2453 1241 2512 conservabis
1263 2448 1504 2504 mandata
1527 2487 1542 2510 ,
1573 2455 1618 2500 et
1643 2442 1796 2514 [idem
1825 2439 2009 2494 bonam

431 2554 622 2624 placiti.
649 2549 874 2622 Apponit
902 2546 990 2600 tibi
1017 2546 1187 2616 ignem
1207 2549 1255 2596 et
1279 2552 1504 2611 aquam;
1550 2535 1618 2588 ad
1663 2531 2012 2603 quodcumque

427 2617 641 2700 volueris
681 2617 890 2698 adtende
928 2649 1139 2690 manum
1175 2641 1335 2684 tuam.
1377 2625 1446 2681 In
1483 2629 1752 2692 conspectu
1793 2617 2010 2673 hominis

429 2736 530 2792 vita
581 2742 628 2788 et
677 2745 812 2785 mors
834 2768 850 2794 ,
921 2735 970 2782 et
1017 2721 1363 2796 quodcumque
1415 2713 1658 2787 placuerit
1713 2709 1916 2764 dabitur
1967 2705 2012 2761 ei

431 2825 450 2895 (
482 2823 640 2878 Eccli.
673 2835 766 2887 sv,
799 2817 965 2875 11-18
984 2813 1030 2889 ).
1070 2813 1211 2868 Ecce
1255 2806 1608 2880 apertissime-
1629 2801 1873 2856 videmus
1918 2812 2011 2852 ex-

433 2929 674 2986 pressum
704 2912 928 2969 liberum
961 2907 1207 2962 humanae
1233 2897 1520 2955 voluntatis
1545 2893 1845 2949 arbitrium.
1979 2889 1986 2898 '

499 3007 556 3064 4.
585 3003 724 3074 Quid
750 3000 910 3066 illud,
936 2997 1077 3070 quod
1103 3005 1212 3050 tam
1249 2990 1435 3048 multis
1480 2987 1612 3043 locis
1645 2982 1824 3038 omnia
1866 2994 2014 3034 man-

431 3100 564 3155 data-
582 3073 676 3152 sua
703 3092 959 3152 custodiri
989 3098 1050 3145 et
1069 3087 1182 3144 fieri
1218 3084 1371 3154 jubet
1409 3078 1592 3136 Deus?
1631 3073 1901 3148 quomodo
1922 3073 2014 3143 ju-

437 3190 530 3244 bet:
547 3229 564 3250 .
595 3187 642 3242 si
667 3200 773 3240 non
801 3193 882 3239 est
910 3181 1138 3240 liberum
1163 3171 1483 3230 arbitrium?
1509 3168 1644 3236 Quid
1676 3169 1862 3222 beatus
1888 3163 1977 3218 ille
1997 3203 2012 3224 ,

436 3281 504 3334 de
530 3291 636 3348 quo
657 3273 902 3330 Psalmus
921 3269 1082 3334 dicit,
1111 3263 1256 3337 quod
1276 3264 1329 3317 iu
1353 3261 1462 3332 lege
1484 3257 1688 3312 Domini
1712 3255 1812 3326 fuit
1837 3251 2018 3307 volun-

437 3381 522 3424 tas
535 3345 645 3437 ejus
673 3362 862 3435 (Psal.
891 3377 948 3429 l‘,
971 3359 1012 3414 Ξ
1029 3355 1077 3432 )‘l
1113 3369 1293 3412 nonne
1326 3352 1458 3410 satis
1506 3347 1704 3404 iudicat
1745 3345 2018 3398 voluntate

438 3473 534 3516 sua
554 3433 840 3511 hominem
879 3451 932 3506 in
979 3449 1099 3520 lege
1146 3445 1241 3502 Dei
1289 3437 1626 3498 consistere?
1670 3433 1868 3491 Deinde
1910 3441 2018 3488 tam

442 3551 608 3608 multa
636 3545 882 3604 mandata
908 3583 925 3610 ,
947 3555 1067 3614 quae
1085 3540 1256 3610 ipsam
1275 3533 1504 3607 quodam
1523 3528 1686 3586 modo
1707 3523 2028 3614 nominatim

441 3639 766 3696 conveniunt
789 3635 1115 3690 voluntatem
1140 3669 1158 3697 ,
1187 3629 1325 3684 sicut
1351 3633 1434 3682 est
1455 3641 1492 3690 ,·
1517 3620 1646 3676 Noli
1671 3619 1802 3674 vinci
1827 3633 1860 3672 a
1882 3613 2020 3670 malo

442 3731 463 3804 (
487 3730 639 3786 Bent.
665 3743 739 3784 xu
765 3767 780 3794 ,
809 3725 874 3780 21
905 3722 926 3795 )
953 3741 968 3780 :
995 3730 1052 3779 et
1075 3719 1180 3775 alia
1215 3715 1408 3774 similia
1433 3755 1450 3779 ,
1493 3714 1632 3769 sicut
1649 3717 1807 3773 sunt,
1847 3705 2023 3760 Nolite

443 3797 556 3894 fieri
578 3823 710 3877 sicut
735 3833 892 3890 equus
929 3823 977 3869 et
1015 3812 1184 3867 mulus
1206 3851 1224 3876 ,
1265 3805 1442 3878 quibus
1485 3819 1588 3858 non
1627 3811 1701 3856 est
1739 3797 2022 3854 intellectus

445 3885 635 3986 (Psal.
681 3885 846 3974 xxxi,
873 3903 1102 3976 9);et,
1148 3899 1273 3955 Noli
1315 3893 1558 3968 repellere
1599 3890 1812 3946 consilia
1845 3885 2024 3942 matris

441 3979 542 4061 tum
565 4005 584 4076 (
610 4001 762 4056 Prov.
788 4015 843 4064 ι,
865 3997 900 4054 8
923 3997 964 4068 );
988 4001 1044 4050 et
1066 4033 1081 4057 ,
1104 3989 1234 4047 Noli
1256 4004 1362 4044 esse
1379 3979 1739 4056 sapiensapud
1758 3989 1805 4034 te
1822 3979 2024 4048 ipsum;

441 4104 535 4161 et',
565 4067 691 4148 Noli
717 4067 931 4159 deﬁcere
953 4104 986 4140 a
1007 4081 1278 4154 disciplina
1312 4075 1518 4132 Domini
1539 4090 1559 4140 ;
1587 4081 1677 4138 et,
1711 4070 1836 4126 Noli
1859 4067 2024 4138 negli-

441 4203 558 4260 gere
586 4187 785 4258 legem;
815 4189 908 4245 et,
945 4175 1066 4233 Noli
1093 4173 1342 4230 abstinere
1362 4171 1484 4226 bene
1508 4169 1674 4240 facere
1699 4162 1858 4235 egenti
1881 4175 1904 4226 ;
1930 4169 1984 4214 ct
2006 4199 2021 4224 ,

445 4253 568 4334 Noli
599 4253 848 4349 fabricare
873 4272 926 4325 in
953 4269 1174 4324 amicum
1203 4277 1342 4320 tuum
1365 4261 1502 4317 mala
1543 4258 1562 4331 (
1587 4256 1675 4313 Μ.
1707 4272 1804 4322 ιιι,
1835 4255 1890 4320 7,
1918 4253 1975 4306 11
2006 4293 2022 4317 ,

440 4371 535 4436 9.7,
555 4341 628 4422 ab
649 4365 692 4438 );
719 4374 774 4420 et
793 4407 809 4430 ,
839 4361 964 4416 Noli
987 4357 1244 4415 intendere
1264 4351 1439 4426 fallaci
1461 4348 1664 4405 mulieri
1686 4345 1706 4419 (
1725 4345 1812 4400 ιιι.
1844 4359 1901 4408 v,
1927 4341 1966 4396 ε
1982 4341 2023 4410 );

441 4471 497 4516 et
567 4434 746 4512 Noluit
771 4453 1048 4522 intelligere
1070 4458 1123 4504 ut
1148 4448 1270 4503 bene
1296 4453 1464 4518 ageret
1501 4440 1522 4514 (
1546 4438 1695 4496 Psal.
1727 4451 1894 4497 xxxv.
1921 4435 1954 4491 4
1983 4434 2024 4503 );

446 4560 497 4605 et
523 4589 545 4614 ν
583 4545 868 4602 Nolueram
906 4541 1140 4610 accipere
1183 4535 1504 4606 disciplinam
1550 4531 1569 4602 (
1597 4529 1752 4584 Prov.
1783 4543 1835 4590 ι,
1863 4525 1934 4578 29
1961 4523 1978 4594 )
2008 4541 2024 4579 :

447 4648 504 4693 et
531 4632 934 4691 innmnerabilia
965 4630 1083 4684 talia
1114 4629 1170 4683 in
1201 4626 1470 4683 veteribus
1513 4620 1687 4676 Libris
1725 4616 2026 4672 divinorum

447 4727 778 4798 eloquiorum
818 4720 944 4793 quid
978 4718 1265 4774 ostendunt
1288 4757 1304 4782 ,
1345 4713 1448 4768 nisi
1489 4711 1713 4766 liberum
1752 4705 2029 4762 arbitrium

446 4796 735 4873 voluntatis
763 4809 1048 4869 humanae?
1075 4809 1128 4864 In
1155 4806 1330 4863 Libris
1349 4804 1508 4859 etiam
1535 4801 1686 4855 novis
1710 4796 2038 4864 tax-angelicis-

447 4919 502 4964 et
551 4905 861 4978 apostolicis
907 4901 1035 4974 quid
1083 4897 1228 4954 aliud
1275 4893 1610 4956 ostenditur,
1661 4889 1746 4943 ubi
1799 4889 2028 4950 dicitur,

451 4975 624 5058 Nolite
652 4998 785 5054 vobis
821 4996 1033 5051 condere
1053 4993 1311 5047 thesauros
1333 4989 1384 5042 in
1405 4996 1538 5040 terra
1557 4982 1775 5055 (Matth.
1801 4996 1874 5042 vt,
1901 4975 2029 5046 l9);

448 5103 499 5148 et
527 5134 540 5156 ,
575 5089 750 5146 Nolite
777 5089 949 5142 timere
971 5101 1056 5139 eos
1079 5083 1166 5154 qui
1189 5081 1418 5136 occidunt
1439 5093 1624 5146 corpus
1645 5072 1663 5146 (
1685 5071 1773 5124 id.
1804 5086 1836 5124 ιι
1860 5109 1874 5131 ,
1905 5066 2028 5135 9.8);

449 5195 500 5238 et
526 5227 541 5250 ,
573 5183 672 5248 Qui
699 5181 806 5236 vult
830 5178 996 5234 venire
1023 5185 1133 5245 post
1163 5190 1241 5227 me
1265 5214 1280 5239 ,
1321 5176 1528 5239 abneget
1554 5165 1873 5234 semetipsum
1897 5159 1913 5228 (
1942 5157 2028 5210 Id.

451 5249 540 5330 χιι
564 5313 581 5340 ,
610 5274 680 5327 Ἡ
701 5271 746 5342 );
773 5281 826 5326 et
849 5309 866 5337 ,
901 5267 1019 5322 Paa:
1047 5267 1098 5320 in
1127 5275 1258 5318 terra
1284 5260 1570 5315 hominibus
1594 5255 1738 5310 bona:
1765 5249 2034 5306 uoluntatis

453 5367 620 5435 (Luc.
665 5341 746 5428 ιι,
804 5360 952 5432 ll):
1003 5366 1057 5413 et
1103 5355 1244 5426 quod
1297 5352 1425 5406 dicit
1474 5347 1746 5418 apostolus
1781 5341 2031 5433 Paulus,

456 5453 604 5521 Quod
631 5455 732 5508 vult
762 5425 918 5524 reiciat
939 5491 951 5515 ,
981 5465 1083 5503 non
1110 5425 1278 5518 peccat
1305 5442 1348 5496 si
1375 5439 1526 5494 nubat
1551 5441 1572 5471 ‘
1598 5455 1610 5491 :
1633 5437 1718 5504 qui
1740 5425 2034 5487 autcm'sta-

519 5589 532 5618 ¹
560 5586 729 5632 Plures
746 5589 874 5640 uss,
893 5584 1112 5630 tentatur.
1133 5585 1295 5625 (:rteee
1313 5580 1406 5626 est.
1432 5566 1738 5640 peirazomei:

515 5658 535 5679 ’ν
564 5653 666 5695 Mss.
690 5645 768 5692 hic
790 5624 841 5692 Ei
862 5624 912 5691 in
932 5624 1301 5690 diaetam.
1327 5624 1416 5683 non
1435 5624 1623 5696 pereat,
1649 5629 1788 5678 nubat
1810 5642 1824 5686 ;
1859 5624 2032 5671 omissa

449 5707 706 5770 pertimui,
725 5707 785 5766 si,
805 5717 910 5764 qur
931 5715 1019 5751 nec
1039 5711 1109 5748 est
1135 5703 1179 5747 in
1204 5709 1379 5758 glauco.

1199 245 1288 303 DE
1323 241 1580 304 GRATIA
1613 236 1704 296 ΕΤ
1741 230 1994 292 LIBERO
2032 227 2372 297 ARBITRIO,
2413 227 2470 285 S.
2510 223 2880 286 AUGUSTINI

3564 221 3689 278 88b

2102 364 2194 419 tuit
2223 365 2274 419 in
2303 363 2454 419 corde
2491 379 2583 419 suo
2606 403 2622 430 ,
2660 378 2766 417 non
2805 359 2994 415 habens
3035 358 3378 415 necessitatem
3401 399 3417 424 ,
3459 365 3687 428 potesta-

2102 468 2200 512 tem
2243 466 2414 511 autem
2449 455 2636 510 habens
2681 469 2788 510 sua
2831 452 3100 508 voluntatis
3118 494 3134 519 ,
3185 461 3232 505 et
3275 451 3373 505 hoc
3409 451 3586 504 statuit
3633 449 3688 503 in

2101 551 2252 605 corde
2272 565 2366 604 suo
2391 591 2408 616 ,
2437 563 2635 604 servare
2659 545 2899 617 virginem
2919 561 3066 624 suam
3087 586 3104 612 ,
3133 543 3258 598 bene
3311 541 3432 612 facit
3473 542 3493 613 (
3518 541 3537 596 l
3562 541 3686 596 Cor.

2101 657 2170 695 vn
2195 682 2210 705 ,
2237 641 2306 696 '56
2323 681 2340 705 ,
2369 640 2436 694 57
2462 639 2504 710 ).
2536 639 2662 693 Item
2690 637 2820 692 dicit
2845 677 2859 702 ,
2884 634 2946 691 Si
2969 645 3138 690 autem
3157 633 3328 689 volens
3353 674 3370 699 ,
3393 633 3486 686 hoc
3515 632 3689 702 facio.

2102 734 2380 789 mercedem
2406 733 2564 786 habeo
2589 731 2608 801 (
2636 729 2722 784 Id.
2754 745 2808 784 ix
2837 770 2854 798 ,
2886 728 2992 800 17)
3021 744 3036 781 :
3078 737 3133 782 et
3168 726 3277 780 alio
3313 725 3466 787 loco,
3515 722 3690 778 Sobru

2101 838 2252 883 estote
2267 829 2446 899 justc,
2468 833 2520 880 et
2537 824 2692 878 nolite
2712 837 2918 894 peccare
2933 819 2961 899 ν(
2981 817 3068 873 Id.
3091 835 3178 884 xv,
3205 815 3310 887 3i)
3341 835 3355 871 :
3383 825 3438 870 et
3457 816 3649 870 iterum
3669 855 3688 878 ,

2107 917 2152 974 Π
2157 927 2175 973 ι
2197 915 2620 988 quemadmodum
2643 921 2907 983 promptus
2933 898 3014 966 est
3049 909 3251 964 animus
3277 905 3548 961 voluntatis
3571 944 3588 969 ,
3613 905 3694 958 ita

2101 1011 2166 1064 sit
2187 1019 2232 1064 et
2259 1006 2552 1080 perﬁciendi
2577 1003 2659 1077 (ll
2691 1001 2812 1059 Cor.
2839 1017 2929 1056 vnt
2955 1041 2972 1068 ,
3013 1001 3076 1056 11
3107 998 3151 1069 ).
3177 997 3325 1054 Etad
3346 995 3692 1052 Timotheum

2103 1101 2265 1166 dicit,
2317 1098 2445 1154 Cum
2483 1098 2617 1152 enim
2643 1096 2696 1150 in
2726 1093 2920 1148 deliciis
2945 1091 3136 1162 egerint
3162 1091 3215 1143 in
3241 1087 3440 1144 Christo
3458 1127 3472 1149 ,
3505 1083 3694 1140 nubere

2102 1195 2276 1248 volunt
2304 1189 2366 1264 (1
2394 1189 2524 1244 Tim.
2555 1203 2612 1254 v,
2647 1188 2704 1242 11
2734 1186 2754 1260 )
2786 1193 2880 1240 :et
2901 1182 3025 1237 alibi
3050 1222 3066 1248 ,
3099 1179 3204 1264 Sed
3227 1187 3276 1234 et
3299 1175 3583 1246 omnes'qui
3609 1176 3694 1246 pie

2101 1284 2276 1338 volunt
2302 1263 2463 1335 vivere
2489 1280 2544 1333 in
2572 1276 2774 1332 Christo
2799 1271 2926 1328 Iesu
2948 1311 2965 1336 ,
3003 1263 3398 1342 persecutionem
3432 1267 3695 1338 patientur

2107 1374 2126 1446 (
2154 1373 2196 1428 11
2227 1371 2359 1438 Tim,
2388 1387 2484 1437 ιιι,
2516 1368 2584 1424 12
2610 1367 2668 1439 ):
2700 1375 2754 1421 et
2783 1365 2882 1434 ipsi
2913 1362 3194 1418 Timotheo
3217 1401 3232 1425 ,
3273 1358 3401 1413 Noli
3437 1357 3695 1429 negligere

2104 1465 2328 1536 gratiam
2350 1477 2464 1533 qua:
2489 1461 2542 1514 in
2573 1468 2621 1513 te
2660 1466 2732 1513 est
2771 1455 2990 1529 (lTim.
3021 1469 3093 1516 tv,
3125 1453 3193 1508 14
3213 1452 3257 1523 ).
3309 1449 3378 1504 Et
3418 1447 3486 1504 ad
3515 1447 3696 1502 Phile-

2103 1571 2317 1612 monem
2347 1572 2361 1608 :
2391 1551 2446 1606 Ν
2449 1569 2476 1607 e
2504 1553 2688 1607 bonum
2715 1559 2856 1602 tuum
2875 1546 3007 1602 velut
3030 1542 3399 1599 exnecessitate
3414 1549 3541 1592 esset
3562 1579 3580 1606 ,
3600 1537 3699 1592 sed

2103 1665 2168 1704 ea:
2191 1647 2444 1702 voluntate
2497 1643 2517 1714 (
2548 1643 2764 1697 Philem.
2793 1641 2860 1695 14
2883 1637 2926 1712 ).
2955 1637 3158 1694 Servos
3189 1634 3350 1689 etiam
3389 1632 3534 1704 ipsos
3578 1646 3696 1686 mo-

2105 1747 2235 1802 net,
2275 1743 2336 1792 ut
2358 1733 2588 1790 dominis
2615 1733 2727 1788 suis
2751 1745 2818 1785 ea:
2843 1728 3014 1782 animo
3049 1725 3267 1782 serviant
3305 1738 3419 1776 cum
3451 1723 3583 1775 bona
3604 1736 3698 1774 eo-

2105 1829 2298 1884 luntate
2325 1825 2556 1900 (Ephes.
2587 1839 2640 1878 vr
2663 1862 2680 1890 ,
2725 1819 2820 1892 6).
2851 1819 2982 1874 ltem
3015 1815 3243 1872 Jacobus
3269 1853 3286 1879 ,
3325 1811 3498 1866 Nolite
3525 1811 3700 1880 itaque

2105 1933 2276 1972 errare
2297 1957 2311 1982 ,
2346 1919 2530 1986 fratres
2558 1911 2654 1966 mei
2675 1950 2692 1975 ,
2718 1917 2764 1964 et
2789 1907 2944 1963 nolite
2966 1907 3019 1960 in
3051 1918 3376 1972 personarum
3404 1900 3702 1969 acceptione

2107 2008 2288 2063 habere
2302 2005 2456 2076 ﬁdem
2477 2002 2684 2058 Domini
2708 1998 2868 2054 nostri
2888 1995 2926 2050 Ι
2929 2013 3014 2052 esu
3035 1993 3223 2048 Christi
3250 1990 3470 2065 (Jacobi
3494 2005 3531 2044 ιι
3549 2031 3566 2055 ,
3597 1989 3624 2043 1
3646 1987 3698 2058 ):

2107 2108 2162 2154 et
2182 2140 2198 2165 ,
2230 2095 2406 2152 Nolite
2431 2091 2690 2148 detrahere
2735 2089 2798 2144 de
2835 2089 3078 2142 alterutro
3128 2083 3147 2152 (
3178 2081 3262 2136 Id.
3291 2096 3366 2146 tv,
3399 2080 3460 2134 11
3491 2079 3531 2147 ).
3561 2077 3707 2132 Item

2106 2189 2338 2244 Joannes
2367 2185 2421 2240 in
2452 2181 2688 2254 Epistola
2730 2192 2824 2236 sua
2849 2218 2866 2244 ,
2913 2175 3086 2230 Nolite
3121 2172 3330 2244 diligere
3363 2168 3606 2223 mundum
3629 2165 3698 2236 (l

2107 2281 2264 2335 Joan.
2299 2294 2334 2333 ιι
2359 2317 2376 2344 ,
2409 2277 2476 2332 13
2499 2275 2519 2346 )
2544 2293 2559 2330 :
2585 2283 2638 2328 et
2665 2279 2857 2327 cratera
2883 2265 3206 2338 huiusmodi.
3229 2263 3432 2332 Nempe
3455 2259 3542 2315 ubi
3567 2258 3697 2314 dici-

2110 2378 2198 2424 tur
2217 2409 2233 2434 ,
2265 2366 2386 2422 Noli
2412 2365 2514 2420 hoc
2537 2405 2554 2430 ,
2583 2371 2640 2418 et
2665 2362 2771 2416 noli
2803 2357 2930 2414 illud
2955 2399 2971 2423 ,
3015 2366 3068 2412 et
3103 2353 3197 2411 ubi
3232 2353 3298 2408 ad
3343 2350 3542 2422 aliquid
3571 2350 3588 2381 ¹
3619 2349 3696 2403 fa-

2108 2457 2356 2514 ciendum
2384 2454 2469 2510 vel
2499 2468 2602 2508 non
2635 2449 2930 2506 faciendum
2976 2447 3028 2500 in
3075 2444 3268 2500 divinis
3309 2440 3522 2496 monitis
3562 2453 3699 2510 opus

2109 2545 2399 2602 voluntatis
2427 2543 2654 2615 exigitur
2675 2583 2689 2608 ,
2717 2544 2848 2596 satis
2877 2538 3104 2592 liberum
3134 2535 3531 2590 demonstratur
3555 2529 3706 2584 arbi«

2112 2639 2293 2693 trium.
2323 2635 2490 2691 Nemo
2515 2647 2642 2703 ergo
2669 2632 2836 2686 Deum
2865 2635 3110 2683 causetur
3157 2625 3209 2679 in
3245 2621 3408 2678 corde
3432 2635 3532 2675 suo
3558 2661 3571 2686 ,
3599 2617 3699 2674 sed

2113 2729 2212 2785 sibi
2239 2727 2461 2797 imputet
2487 2725 2708 2796 quisque
2727 2761 2744 2788 ,
2769 2736 2890 2776 cum
2917 2725 3122 2790 peccat.
3149 2715 3334 2786 Neque
3352 2728 3474 2768 cum
3497 2710 3699 2782 aliquid

2113 2817 2405 2874 secundum
2436 2815 2599 2870 Deum
2625 2819 2874 2882 operatur
2897 2851 2912 2876 ,
2941 2807 3140 2862 alienet
3177 2805 3280 2860 hoc
3307 2820 3336 2858 a
3364 2803 3576 2874 pr0pria
3601 2816 3698 2856 vo-

2113 2907 2334 2962 luntate.
2364 2903 2590 2974 Quando
2609 2901 2750 2959 enim
2771 2901 2955 2956 volens
2983 2896 3138 2963 facit,
3163 2904 3288 2950 tunc
3311 2893 3596 2950 dicendum
3618 2899 3705 2947 est

2115 3012 2248 3068 opus
2277 2999 2473 3054 bonum
2499 3037 2515 3062 ,
2545 3002 2674 3049 tunc
2701 2989 2962 3062 speranda
2999 2997 3080 3043 est
3118 2985 3245 3042 boni
3280 2984 3457 3056 operis
3491 2995 3705 3038 merces

2115 3089 2182 3144 ab
2219 3103 2286 3146 eo
2309 3129 2326 3155 ,
2355 3087 2421 3144 de
2447 3101 2552 3157 quo
2579 3084 2778 3141 dictum
2808 3088 2928 3146 est,
2973 3078 3074 3144 Qui
3103 3075 3276 3131 reddet
3313 3073 3582 3144 unicuique
3617 3087 3704 3127 ss-

2117 3181 2336 3236 cundum
2363 3193 2518 3249 opera
2543 3192 2638 3230 sua
2663 3174 2682 3246 (
2707 3172 2894 3226 Matth.
2929 3185 3017 3224 xvr
3043 3209 3058 3234 ,
3084 3167 3154 3223 9.7
3171 3164 3215 3236 ).

2117 3263 2120 3266 ’
2187 3267 2411 3325 CAPUT
2439 3265 2528 3322 Ill.
2555 3293 2627 3306 —
2662 3265 2716 3320 5.
2743 3262 2844 3330 Qui
2883 3275 3008 3330 ergo
3047 3265 3314 3312 noverunt
3341 3253 3518 3309 divina
3545 3267 3710 3307 man-

2117 3361 2260 3430 data,
2299 3359 2539 3416 aufertur
2578 3357 2658 3412 eis
2699 3352 2993 3418 excusatio,
3033 3365 3192 3421 quam
3235 3349 3410 3404 solent
3455 3345 3710 3401 homines

2122 3453 2318 3508 habere
2346 3451 2415 3507 de
2443 3448 2758 3522 ignorantia.
2786 3445 2892 3503 Sed
2933 3459 3030 3500 nec
3059 3443 3158 3512 ipsi
3187 3443 3303 3496 sine
3338 3454 3495 3510 poma
3520 3447 3706 3504 erunt,

2121 3544 2209 3614 qui
2241 3543 2411 3614 legem
2442 3541 2535 3596 Dei
2573 3539 2836 3594 nesciunt.
2887 3535 2985 3602 Qui
3023 3534 3160 3588 enim
3183 3533 3291 3587 sine
3330 3530 3436 3603 lege
3471 3545 3712 3600 peccave-

2121 3645 2260 3700 runt,
2282 3635 2391 3690 sine
2409 3634 2518 3704 lege
2540 3631 2772 3702 peribunt
2799 3645 2818 3682 :
2843 3628 2930 3699 qui
2953 3637 3120 3680 autent
3144 3625 3196 3679 in
3219 3623 3327 3696 lege
3351 3629 3708 3700 peccaverunt,

2123 3746 2213 3800 per
2236 3728 2392 3799 legem
2409 3723 2776 3798 judicabuntur
2803 3719 2992 3791 (Rom.
3017 3733 3072 3783 tt,
3105 3715 3174 3770 l2
3194 3713 3237 3787 ).
3271 3712 3423 3780 Quod
3447 3711 3576 3766 mihi
3599 3725 3711 3764 non

2122 3819 2334 3898 videtur
2361 3815 2646 3886 Apostolus
2672 3812 2744 3866 ita
2769 3809 3000 3874 dixisse,
3032 3817 3281 3876 tanquam
3325 3803 3478 3874 pejus
3506 3801 3710 3871 aliquid

2123 3891 2495 3980 significaverit
2530 3919 2652 3960 esse
2679 3915 2931 3973 passuros
2953 3941 2970 3966 ,
3010 3898 3102 3969 qui
3157 3897 3327 3966 legem
3369 3893 3618 3949 nesciunt
3654 3891 3709 3946 in

2126 4000 2358 4070 peccatis
2385 3998 2495 4053 suis
2519 4038 2536 4064 ,
2567 4010 2725 4064 quam
2755 3993 2874 4048 illos
2899 3991 2988 4062 qui
3029 3990 3223 4046 sciunt.
3274 3986 3432 4057 Pejus
3453 3985 3600 4041 enim
3633 3984 3716 4038 vi-

2125 4090 2281 4146 detur
2318 4103 2438 4144 esse
2465 4087 2642 4158 perire
2664 4125 2678 4148 ,
2705 4098 2862 4152 quam
2901 4079 3130 4151 judicari
3163 4095 3176 4132 :
3208 4077 3302 4131 sed
3341 4091 3464 4130 cum
3495 4074 3596 4129 hoc
3643 4073 3713 4128 de

2126 4162 2383 4237 Gentibus
2411 4187 2466 4232 ct
2488 4175 2556 4231 de
2583 4173 2782 4230 ludatis
2811 4171 3118 4241 loqueretur
3136 4209 3152 4235 ,
3183 4167 3306 4237 quia
3345 4165 3420 4219 illi
3450 4164 3567 4218 sine
3597 4163 3713 4232 lege

2130 4281 2270 4336 sunt,
2297 4269 2381 4324 isti
2409 4275 2586 4322 autem
2613 4265 2784 4334 legem
2804 4265 3154 4330 acceperunt;
3182 4256 3302 4328 quis
3316 4253 3511 4310 audeat
3529 4252 3712 4307 dicere

2127 4360 2339 4418 Judzeos
2363 4359 2453 4430 qui
2485 4357 2535 4411 in
2565 4356 2682 4425 lege
2712 4359 2954 4422 peccant,
2988 4364 3092 4403 non
3124 4361 3244 4402 esse
3271 4344 3568 4416 perituros,
3589 4355 3720 4395 eum.

2129 4453 2180 4506 in
2199 4451 2468 4506 Christum
2496 4461 2602 4500 non
2621 4441 2944 4498 crediderint
2971 4448 3022 4503 ις
3055 4433 3481 4508 quandoquidem
3505 4431 3573 4486 de
3605 4431 3710 4485 illis

2129 4543 2330 4598 dictum
2376 4548 2492 4604 est,
2524 4553 2614 4610 per
2642 4538 2798 4606 legem
2831 4529 3245 4604 judicabantur?
3281 4526 3408 4583 Siue
3435 4525 3542 4580 fide
3567 4524 3712 4578 enim

2129 4632 2324 4690 Christi
2365 4644 2520 4684 nemo
2547 4626 2756 4682 liberari
2799 4631 3002 4692 potest;
3044 4635 3108 4675 ac
3136 4633 3230 4689 per
3256 4617 3356 4671 hoc
3387 4616 3458 4670 ita
3498 4615 3712 4684 judicao

2131 4727 2325 4782 buntur
2352 4731 2407 4778 ut
2434 4729 2674 4792 pereant.
2697 4716 2829 4772 Nam
2855 4715 2898 4770 si
2927 4712 3076 4784 pejor
3091 4719 3176 4766 est
3193 4708 3428 4766 conditio
3461 4699 3708 4761 tieseien-

2132 4821 2260 4873 tium
2300 4831 2457 4886 quam
2503 4811 2781 4868 scientiam
2833 4807 3024 4878 legem!
3049 4804 3178 4870 Dei,
3225 4800 3492 4872 quomodo
3529 4815 3719 4853 verum

2132 4911 2233 4966 erit
2261 4906 2400 4978 quod
2446 4903 2700 4958 Dominus
2727 4900 2778 4954 in
2823 4896 3106 4968 Evangelio
3133 4895 3244 4960 ait,
3295 4891 3482 4947 Servus
3515 4890 3602 4960 qui
3629 4905 3718 4942 ne-

2133 5001 2226 5056 scit
2251 5000 2549 5054 voluntatem
2576 4991 2766 5046 demitti
2789 4989 2885 5052 sui,
2918 4997 2966 5042 et
2991 4986 3112 5058 facit
3134 4985 3289 5054 digna
3318 4981 3482 5052 plagis
3506 5022 3521 5045 ,
3547 4996 3718 5048 vapu-

2137 5091 2256 5146 labit
2282 5105 2443 5158 pauca
2473 5102 2490 5140 :
2518 5099 2687 5138 servus
2729 5089 2893 5134 autem
2931 5077 3018 5148 qui
3045 5075 3138 5131 scit
3182 5072 3490 5127 voluntatem
3522 5069 3718 5122 domini

2135 5183 2236 5247 sui,
2261 5157 2305 5234 et
2333 5177 2452 5250 facit
2475 5175 2626 5246 digna
2645 5171 2826 5243 plagis,
2848 5165 3100 5238 vapulabit
3128 5163 3289 5216 multa
3319 5159 3468 5232 (Luc.
3503 5173 3596 5220 xu,
3623 5157 3716 5222 48,

2137 5275 2204 5328 47
2234 5272 2289 5339 )Ὶ
2335 5249 2476 5322 (Ecce
2523 5265 2610 5318 ubi
2661 5260 2892 5314 ostendit
2935 5257 3147 5326 gravius
3178 5265 3398 5323 peccare
3444 5249 3721 5302 hominem

2139 5363 2392 5420 scientem
2440 5372 2598 5426 quam
2631 5351 2978 5408 nescientem.
3005 5346 3114 5401 Nec
3159 5355 3334 5398 tamen
3365 5340 3482 5394 ideo
3525 5335 3716 5392 confu-

2206 5498 2218 5527 ι
2244 5503 2370 5549 λιες..
2412 5489 2489 5538 ubi
2525 5485 2740 5550 aliquid;
2771 5483 2966 5550 omisso,
2985 5479 3068 5530 ad.
3088 5477 3180 5528 Sed
3199 5492 3259 5528 ex
3283 5475 3361 5524 his
3375 5469 3593 5523 nonnulli
3613 5480 3719 5530 tre,

2140 5558 2236 5614 alat
2273 5560 2284 5603 ἰ
2309 5545 2576 5610 ἔξῑιξιθνρλῐ,
2603 5545 2812 5614 aliquoi

2206 5608 2227 5650 ³’
2247 5594 2380 5668 ιᾙίιί,
2405 5594 2576 5662 moniti
2595 5594 2831 5658 till/utam
2858 5618 2947 5654 non
2989 5601 3315 5652 rmildcrmtt.
3349 5594 3568 5644 utiliores
3593 5600 3711 5640 διεδ..

2145 5694 2234 5731 nm
2262 5673 2573 5727 crediderint.
