  <div class='ocr_page' id='page_1' title='image "/cluster/home/n/w/nwhite01/storage/ocr_20150623/44/hvd.32044069687945/448.png"; bbox 0 0 3972 6178; ppageno 0'>
   <div class='ocr_carea' id='block_1_1' title="bbox 298 228 403 284">
    <p class='ocr_par' dir='ltr' id='par_1_1' title="bbox 298 228 403 284">
     <span class='ocr_line' id='line_1_1' title="bbox 298 228 403 284; baseline -0.01 0"><span class='ocrx_word' id='word_1_1' title='bbox 298 228 403 284; x_wconf 83' lang='grc'><strong>885</strong></span> 
     </span>
    </p>
   </div>
   <div class='ocr_carea' id='block_1_2' title="bbox 296 337 1871 409">
    <p class='ocr_par' dir='ltr' id='par_1_2' title="bbox 296 337 1871 409">
     <span class='ocr_line' id='line_1_2' title="bbox 296 337 1871 409; baseline 0 -17"><span class='ocrx_word' id='word_1_2' title='bbox 296 337 544 408; x_wconf 82' lang='lat' dir='ltr'><strong>gicudum</strong></span> <span class='ocrx_word' id='word_1_3' title='bbox 584 347 664 393; x_wconf 93' lang='lat' dir='ltr'><strong>cst</strong></span> <span class='ocrx_word' id='word_1_4' title='bbox 692 341 757 393; x_wconf 85' lang='lat' dir='ltr'><strong>ad</strong></span> <span class='ocrx_word' id='word_1_5' title='bbox 796 339 1104 409; x_wconf 70' lang='lat' dir='ltr'><strong>ignorantia:</strong></span> <span class='ocrx_word' id='word_1_6' title='bbox 1149 339 1393 394; x_wconf 74' lang='lat' dir='ltr'><strong>tenebras</strong></span> <span class='ocrx_word' id='word_1_7' title='bbox 1414 382 1428 405; x_wconf 95' lang='lat'><strong>,</strong></span> <span class='ocrx_word' id='word_1_8' title='bbox 1458 347 1512 392; x_wconf 93' lang='lat' dir='ltr'><strong>ut</strong></span> <span class='ocrx_word' id='word_1_9' title='bbox 1542 338 1592 393; x_wconf 90' lang='lat' dir='ltr'><strong>iu</strong></span> <span class='ocrx_word' id='word_1_10' title='bbox 1622 337 1701 393; x_wconf 87' lang='lat' dir='ltr'><strong>eis</strong></span> <span class='ocrx_word' id='word_1_11' title='bbox 1728 339 1871 406; x_wconf 47' lang='lat' dir='ltr'><strong>quis.</strong></span> 
     </span>
    </p>
   </div>
   <div class='ocr_carea' id='block_1_3' title="bbox 294 428 1867 500">
    <p class='ocr_par' dir='ltr' id='par_1_3' title="bbox 294 428 1867 500">
     <span class='ocr_line' id='line_1_3' title="bbox 294 428 1867 500; baseline 0.003 -22"><span class='ocrx_word' id='word_1_12' title='bbox 294 445 398 497; x_wconf 83' lang='lat' dir='ltr'><strong>que</strong></span> <span class='ocrx_word' id='word_1_13' title='bbox 421 428 651 500; x_wconf 89' lang='lat' dir='ltr'><strong>requirat</strong></span> <span class='ocrx_word' id='word_1_14' title='bbox 680 431 1097 485; x_wconf 71' lang='lat' dir='ltr'><strong>excusationem.</strong></span> <span class='ocrx_word' id='word_1_15' title='bbox 1143 431 1298 485; x_wconf 80' lang='lat' dir='ltr'><strong>Aliud</strong></span> <span class='ocrx_word' id='word_1_16' title='bbox 1320 439 1402 485; x_wconf 92' lang='lat' dir='ltr'><strong>est</strong></span> <span class='ocrx_word' id='word_1_17' title='bbox 1440 430 1579 484; x_wconf 90' lang='lat' dir='ltr'><strong>enim</strong></span> <span class='ocrx_word' id='word_1_18' title='bbox 1611 430 1867 494; x_wconf 86' lang='lat' dir='ltr'><strong>nescisse,</strong></span> 
     </span>
    </p>
   </div>
   <div class='ocr_carea' id='block_1_4' title="bbox 295 519 1869 591">
    <p class='ocr_par' dir='ltr' id='par_1_4' title="bbox 295 519 1869 591">
     <span class='ocr_line' id='line_1_4' title="bbox 295 519 1869 591; baseline 0 -18"><span class='ocrx_word' id='word_1_19' title='bbox 295 519 437 574; x_wconf 85' lang='lat' dir='ltr'><strong>aliud</strong></span> <span class='ocrx_word' id='word_1_20' title='bbox 481 519 617 575; x_wconf 85' lang='lat' dir='ltr'><strong>scire</strong></span> <span class='ocrx_word' id='word_1_21' title='bbox 642 520 893 575; x_wconf 74' lang='lat' dir='ltr'><strong>noluisse.</strong></span> <span class='ocrx_word' id='word_1_22' title='bbox 922 521 1177 576; x_wconf 81' lang='lat' dir='ltr'><strong>Voluntas</strong></span> <span class='ocrx_word' id='word_1_23' title='bbox 1197 522 1391 591; x_wconf 83' lang='lat' dir='ltr'><strong>quippe</strong></span> <span class='ocrx_word' id='word_1_24' title='bbox 1418 521 1469 574; x_wconf 93' lang='lat' dir='ltr'><strong>in</strong></span> <span class='ocrx_word' id='word_1_25' title='bbox 1504 536 1569 576; x_wconf 91' lang='lat' dir='ltr'><strong>eo</strong></span> <span class='ocrx_word' id='word_1_26' title='bbox 1608 520 1869 590; x_wconf 76' lang='lat' dir='ltr'><strong>arguitur,</strong></span> 
     </span>
    </p>
   </div>
   <div class='ocr_carea' id='block_1_5' title="bbox 296 608 1873 683">
    <p class='ocr_par' dir='ltr' id='par_1_5' title="bbox 296 608 1873 683">
     <span class='ocr_line' id='line_1_5' title="bbox 296 608 1873 683; baseline -0.002 -19"><span class='ocrx_word' id='word_1_27' title='bbox 296 612 362 666; x_wconf 89' lang='lat' dir='ltr'><strong>de</strong></span> <span class='ocrx_word' id='word_1_28' title='bbox 386 626 495 682; x_wconf 91' lang='lat' dir='ltr'><strong>quo</strong></span> <span class='ocrx_word' id='word_1_29' title='bbox 520 610 734 677; x_wconf 90' lang='lat' dir='ltr'><strong>dicitur,</strong></span> <span class='ocrx_word' id='word_1_30' title='bbox 764 610 943 666; x_wconf 89' lang='lat' dir='ltr'><strong>Noluit</strong></span> <span class='ocrx_word' id='word_1_31' title='bbox 965 612 1244 683; x_wconf 77' lang='lat' dir='ltr'><strong>intelligere</strong></span> <span class='ocrx_word' id='word_1_32' title='bbox 1270 620 1321 666; x_wconf 91' lang='lat' dir='ltr'><strong>ut</strong></span> <span class='ocrx_word' id='word_1_33' title='bbox 1348 612 1469 666; x_wconf 83' lang='lat' dir='ltr'><strong>bene</strong></span> <span class='ocrx_word' id='word_1_34' title='bbox 1492 620 1658 681; x_wconf 82' lang='lat' dir='ltr'><strong>ageret</strong></span> <span class='ocrx_word' id='word_1_35' title='bbox 1688 608 1873 680; x_wconf 87' lang='lat' dir='ltr'><strong>(Psal.</strong></span> 
     </span>
    </p>
   </div>
   <div class='ocr_carea' id='block_1_6' title="bbox 297 702 1874 773">
    <p class='ocr_par' dir='ltr' id='par_1_6' title="bbox 297 702 1874 773">
     <span class='ocr_line' id='line_1_6' title="bbox 297 702 1874 773; baseline -0.001 -19"><span class='ocrx_word' id='word_1_36' title='bbox 297 718 464 768; x_wconf 77' lang='lat' dir='ltr'><strong>xxxv,</strong></span> <span class='ocrx_word' id='word_1_37' title='bbox 510 702 596 773; x_wconf 59' lang='grc' dir='ltr'><strong>ὁ).</strong></span> <span class='ocrx_word' id='word_1_38' title='bbox 641 703 744 758; x_wconf 89' lang='lat' dir='ltr'><strong>Sed</strong></span> <span class='ocrx_word' id='word_1_39' title='bbox 786 713 839 758; x_wconf 87' lang='lat' dir='ltr'><strong>et</strong></span> <span class='ocrx_word' id='word_1_40' title='bbox 866 703 952 757; x_wconf 87' lang='lat' dir='ltr'><strong>illa</strong></span> <span class='ocrx_word' id='word_1_41' title='bbox 981 703 1274 773; x_wconf 85' lang='lat' dir='ltr'><strong>ignorantia</strong></span> <span class='ocrx_word' id='word_1_42' title='bbox 1302 719 1420 773; x_wconf 71' lang='lat' dir='ltr'><strong>qua:</strong></span> <span class='ocrx_word' id='word_1_43' title='bbox 1446 716 1552 755; x_wconf 89' lang='lat' dir='ltr'><strong>non</strong></span> <span class='ocrx_word' id='word_1_44' title='bbox 1577 709 1659 755; x_wconf 79' lang='lat' dir='ltr'><strong>est</strong></span> <span class='ocrx_word' id='word_1_45' title='bbox 1683 714 1874 755; x_wconf 90' lang='lat' dir='ltr'><strong>eorum</strong></span> 
     </span>
    </p>
   </div>
   <div class='ocr_carea' id='block_1_7' title="bbox 296 792 1878 865">
    <p class='ocr_par' dir='ltr' id='par_1_7' title="bbox 296 792 1878 865">
     <span class='ocr_line' id='line_1_7' title="bbox 296 792 1878 865; baseline 0 -18"><span class='ocrx_word' id='word_1_46' title='bbox 296 794 385 864; x_wconf 89' lang='lat' dir='ltr'><strong>qui</strong></span> <span class='ocrx_word' id='word_1_47' title='bbox 407 794 545 850; x_wconf 88' lang='lat' dir='ltr'><strong>scire</strong></span> <span class='ocrx_word' id='word_1_48' title='bbox 575 794 782 861; x_wconf 88' lang='lat' dir='ltr'><strong>nolunt,</strong></span> <span class='ocrx_word' id='word_1_49' title='bbox 828 794 922 851; x_wconf 88' lang='lat' dir='ltr'><strong>sed</strong></span> <span class='ocrx_word' id='word_1_50' title='bbox 957 810 1141 851; x_wconf 90' lang='lat' dir='ltr'><strong>eorum</strong></span> <span class='ocrx_word' id='word_1_51' title='bbox 1168 796 1256 865; x_wconf 91' lang='lat' dir='ltr'><strong>qui</strong></span> <span class='ocrx_word' id='word_1_52' title='bbox 1287 805 1534 864; x_wconf 90' lang='lat' dir='ltr'><strong>tanquam</strong></span> <span class='ocrx_word' id='word_1_53' title='bbox 1563 792 1878 864; x_wconf 74' lang='lat' dir='ltr'><strong>simpliciter</strong></span> 
     </span>
    </p>
   </div>
   <div class='ocr_carea' id='block_1_8' title="bbox 298 884 1875 962">
    <p class='ocr_par' dir='ltr' id='par_1_8' title="bbox 298 884 1875 962">
     <span class='ocr_line' id='line_1_8' title="bbox 298 884 1875 962; baseline 0.001 -23"><span class='ocrx_word' id='word_1_54' title='bbox 298 886 577 948; x_wconf 90' lang='lat' dir='ltr'><strong>nesciunt,</strong></span> <span class='ocrx_word' id='word_1_55' title='bbox 631 886 896 941; x_wconf 87' lang='lat' dir='ltr'><strong>neminem</strong></span> <span class='ocrx_word' id='word_1_56' title='bbox 926 887 1005 941; x_wconf 91' lang='lat' dir='ltr'><strong>sic</strong></span> <span class='ocrx_word' id='word_1_57' title='bbox 1038 894 1276 949; x_wconf 80' lang='lat' dir='ltr'><strong>excusat,</strong></span> <span class='ocrx_word' id='word_1_58' title='bbox 1305 894 1363 938; x_wconf 94' lang='lat' dir='ltr'><strong>ut</strong></span> <span class='ocrx_word' id='word_1_59' title='bbox 1391 884 1875 962; x_wconf 81' lang='lat' dir='ltr'><strong>sempiternoigne</strong></span> 
     </span>
    </p>
   </div>
   <div class='ocr_carea' id='block_1_9' title="bbox 294 974 1876 1046">
    <p class='ocr_par' dir='ltr' id='par_1_9' title="bbox 294 974 1876 1046">
     <span class='ocr_line' id='line_1_9' title="bbox 294 974 1876 1046; baseline -0.001 -17"><span class='ocrx_word' id='word_1_60' title='bbox 294 990 398 1029; x_wconf 92' lang='lat' dir='ltr'><strong>non</strong></span> <span class='ocrx_word' id='word_1_61' title='bbox 425 974 629 1040; x_wconf 82' lang='lat' dir='ltr'><strong>ardeat,</strong></span> <span class='ocrx_word' id='word_1_62' title='bbox 659 975 704 1030; x_wconf 87' lang='lat' dir='ltr'><strong>si</strong></span> <span class='ocrx_word' id='word_1_63' title='bbox 733 986 1013 1046; x_wconf 78' lang='lat' dir='ltr'><strong>propterea</strong></span> <span class='ocrx_word' id='word_1_64' title='bbox 1060 990 1166 1029; x_wconf 92' lang='lat' dir='ltr'><strong>non</strong></span> <span class='ocrx_word' id='word_1_65' title='bbox 1190 974 1455 1039; x_wconf 89' lang='lat' dir='ltr'><strong>credidit,</strong></span> <span class='ocrx_word' id='word_1_66' title='bbox 1497 974 1620 1044; x_wconf 87' lang='lat' dir='ltr'><strong>quia</strong></span> <span class='ocrx_word' id='word_1_67' title='bbox 1646 988 1751 1028; x_wconf 93' lang='lat' dir='ltr'><strong>non</strong></span> <span class='ocrx_word' id='word_1_68' title='bbox 1781 988 1876 1028; x_wconf 86' lang='lat' dir='ltr'><strong>au-</strong></span> 
     </span>
    </p>
   </div>
   <div class='ocr_carea' id='block_1_10' title="bbox 290 1066 1876 1138">
    <p class='ocr_par' dir='ltr' id='par_1_10' title="bbox 290 1066 1876 1138">
     <span class='ocr_line' id='line_1_10' title="bbox 290 1066 1876 1138; baseline 0.001 -18"><span class='ocrx_word' id='word_1_69' title='bbox 290 1066 422 1121; x_wconf 85' lang='lat' dir='ltr'><strong>divit</strong></span> <span class='ocrx_word' id='word_1_70' title='bbox 466 1068 684 1122; x_wconf 92' lang='lat' dir='ltr'><strong>omniuo</strong></span> <span class='ocrx_word' id='word_1_71' title='bbox 722 1068 849 1138; x_wconf 92' lang='lat' dir='ltr'><strong>quid</strong></span> <span class='ocrx_word' id='word_1_72' title='bbox 880 1070 896 1101; x_wconf 84' lang='grc'>¹</span> <span class='ocrx_word' id='word_1_73' title='bbox 920 1066 1193 1133; x_wconf 84' lang='lat' dir='ltr'><strong>crederet;</strong></span> <span class='ocrx_word' id='word_1_74' title='bbox 1224 1067 1318 1136; x_wconf 86' lang='lat' dir='ltr'><strong>sed</strong></span> <span class='ocrx_word' id='word_1_75' title='bbox 1350 1066 1573 1121; x_wconf 76' lang='lat' dir='ltr'><strong>fortasse</strong></span> <span class='ocrx_word' id='word_1_76' title='bbox 1600 1074 1656 1120; x_wconf 93' lang='lat' dir='ltr'><strong>nt</strong></span> <span class='ocrx_word' id='word_1_77' title='bbox 1694 1066 1876 1121; x_wconf 89' lang='lat' dir='ltr'><strong>mitius</strong></span> 
     </span>
    </p>
   </div>
   <div class='ocr_carea' id='block_1_11' title="bbox 288 1154 1878 1224">
    <p class='ocr_par' dir='ltr' id='par_1_11' title="bbox 288 1154 1878 1224">
     <span class='ocr_line' id='line_1_11' title="bbox 288 1154 1878 1224; baseline 0.001 -14"><span class='ocrx_word' id='word_1_78' title='bbox 288 1156 495 1212; x_wconf 88' lang='lat' dir='ltr'><strong>ardeat.</strong></span> <span class='ocrx_word' id='word_1_79' title='bbox 550 1156 667 1212; x_wconf 86' lang='lat' dir='ltr'><strong>Non</strong></span> <span class='ocrx_word' id='word_1_80' title='bbox 708 1159 850 1213; x_wconf 92' lang='lat' dir='ltr'><strong>enim</strong></span> <span class='ocrx_word' id='word_1_81' title='bbox 894 1159 1011 1213; x_wconf 89' lang='lat' dir='ltr'><strong>sine</strong></span> <span class='ocrx_word' id='word_1_82' title='bbox 1056 1173 1213 1214; x_wconf 89' lang='lat' dir='ltr'><strong>causa</strong></span> <span class='ocrx_word' id='word_1_83' title='bbox 1260 1156 1460 1212; x_wconf 92' lang='lat' dir='ltr'><strong>dictum</strong></span> <span class='ocrx_word' id='word_1_84' title='bbox 1504 1164 1605 1219; x_wconf 86' lang='lat' dir='ltr'><strong>est,</strong></span> <span class='ocrx_word' id='word_1_85' title='bbox 1648 1154 1878 1224; x_wconf 73' lang='lat' dir='ltr'><strong>Effunde</strong></span> 
     </span>
    </p>
   </div>
   <div class='ocr_carea' id='block_1_12' title="bbox 290 1241 1871 1319">
    <p class='ocr_par' dir='ltr' id='par_1_12' title="bbox 290 1241 1871 1319">
     <span class='ocr_line' id='line_1_12' title="bbox 290 1241 1871 1319; baseline -0.001 -19"><span class='ocrx_word' id='word_1_86' title='bbox 290 1247 421 1300; x_wconf 90' lang='lat' dir='ltr'><strong>iram</strong></span> <span class='ocrx_word' id='word_1_87' title='bbox 448 1241 586 1302; x_wconf 86' lang='lat' dir='ltr'><strong>tuam</strong></span> <span class='ocrx_word' id='word_1_88' title='bbox 606 1248 658 1301; x_wconf 87' lang='lat' dir='ltr'><strong>in</strong></span> <span class='ocrx_word' id='word_1_89' title='bbox 682 1258 853 1319; x_wconf 85' lang='lat' dir='ltr'><strong>gentes</strong></span> <span class='ocrx_word' id='word_1_90' title='bbox 868 1264 981 1318; x_wconf 74' lang='lat' dir='ltr'><strong>qua:</strong></span> <span class='ocrx_word' id='word_1_91' title='bbox 1002 1257 1050 1303; x_wconf 87' lang='lat' dir='ltr'><strong>te</strong></span> <span class='ocrx_word' id='word_1_92' title='bbox 1065 1265 1164 1302; x_wconf 90' lang='lat' dir='ltr'><strong>non</strong></span> <span class='ocrx_word' id='word_1_93' title='bbox 1180 1257 1423 1302; x_wconf 87' lang='lat' dir='ltr'><strong>noverunt</strong></span> <span class='ocrx_word' id='word_1_94' title='bbox 1447 1245 1619 1318; x_wconf 86' lang='lat' dir='ltr'><strong>(Psal.</strong></span> <span class='ocrx_word' id='word_1_95' title='bbox 1647 1261 1871 1311; x_wconf 78' lang='lat' dir='ltr'><strong>Lxxvtu,</strong></span> 
     </span>
    </p>
   </div>
   <div class='ocr_carea' id='block_1_13' title="bbox 294 1334 1874 1410">
    <p class='ocr_par' dir='ltr' id='par_1_13' title="bbox 294 1334 1874 1410">
     <span class='ocr_line' id='line_1_13' title="bbox 294 1334 1874 1410; baseline -0.001 -20"><span class='ocrx_word' id='word_1_96' title='bbox 294 1335 371 1405; x_wconf 86' lang='lat'><strong>6)</strong></span> <span class='ocrx_word' id='word_1_97' title='bbox 405 1344 504 1392; x_wconf 88' lang='lat' dir='ltr'><strong>:et</strong></span> <span class='ocrx_word' id='word_1_98' title='bbox 546 1336 675 1392; x_wconf 93' lang='lat' dir='ltr'><strong>illud</strong></span> <span class='ocrx_word' id='word_1_99' title='bbox 733 1337 877 1410; x_wconf 82' lang='lat' dir='ltr'><strong>quod</strong></span> <span class='ocrx_word' id='word_1_100' title='bbox 927 1337 1001 1392; x_wconf 86' lang='lat' dir='ltr'><strong>ait</strong></span> <span class='ocrx_word' id='word_1_101' title='bbox 1046 1337 1358 1407; x_wconf 82' lang='lat' dir='ltr'><strong>Apostolus,</strong></span> <span class='ocrx_word' id='word_1_102' title='bbox 1414 1334 1542 1391; x_wconf 85' lang='lat' dir='ltr'><strong>Cum</strong></span> <span class='ocrx_word' id='word_1_103' title='bbox 1591 1336 1783 1390; x_wconf 86' lang='lat' dir='ltr'><strong>venerit</strong></span> <span class='ocrx_word' id='word_1_104' title='bbox 1822 1336 1874 1389; x_wconf 92' lang='lat' dir='ltr'><strong>in</strong></span> 
     </span>
    </p>
   </div>
   <div class='ocr_carea' id='block_1_14' title="bbox 290 1427 1873 1498">
    <p class='ocr_par' dir='ltr' id='par_1_14' title="bbox 290 1427 1873 1498">
     <span class='ocr_line' id='line_1_14' title="bbox 290 1427 1873 1498; baseline -0.001 -19"><span class='ocrx_word' id='word_1_105' title='bbox 290 1428 500 1495; x_wconf 78' lang='lat' dir='ltr'><strong>ﬂamma</strong></span> <span class='ocrx_word' id='word_1_106' title='bbox 550 1427 680 1498; x_wconf 87' lang='lat' dir='ltr'><strong>ignis</strong></span> <span class='ocrx_word' id='word_1_107' title='bbox 752 1428 874 1482; x_wconf 87' lang='lat' dir='ltr'><strong>dare</strong></span> <span class='ocrx_word' id='word_1_108' title='bbox 939 1427 1210 1481; x_wconf 86' lang='lat' dir='ltr'><strong>vindictam</strong></span> <span class='ocrx_word' id='word_1_109' title='bbox 1258 1427 1314 1481; x_wconf 88' lang='lat' dir='ltr'><strong>in</strong></span> <span class='ocrx_word' id='word_1_110' title='bbox 1370 1443 1454 1481; x_wconf 91' lang='lat' dir='ltr'><strong>eos</strong></span> <span class='ocrx_word' id='word_1_111' title='bbox 1502 1427 1590 1497; x_wconf 87' lang='lat' dir='ltr'><strong>qui</strong></span> <span class='ocrx_word' id='word_1_112' title='bbox 1636 1428 1873 1497; x_wconf 87' lang='lat' dir='ltr'><strong>ignorant</strong></span> 
     </span>
    </p>
   </div>
   <div class='ocr_carea' id='block_1_15' title="bbox 290 1515 1875 1584">
    <p class='ocr_par' dir='ltr' id='par_1_15' title="bbox 290 1515 1875 1584">
     <span class='ocr_line' id='line_1_15' title="bbox 290 1515 1875 1584; baseline 0.001 -16"><span class='ocrx_word' id='word_1_113' title='bbox 290 1515 457 1569; x_wconf 86' lang='lat' dir='ltr'><strong>Deum</strong></span> <span class='ocrx_word' id='word_1_114' title='bbox 479 1515 498 1584; x_wconf 95' lang='lat'><strong>(</strong></span> <span class='ocrx_word' id='word_1_115' title='bbox 519 1515 559 1570; x_wconf 91' lang='lat' dir='ltr'><strong>ll</strong></span> <span class='ocrx_word' id='word_1_116' title='bbox 592 1515 768 1572; x_wconf 87' lang='lat' dir='ltr'><strong>Thess.</strong></span> <span class='ocrx_word' id='word_1_117' title='bbox 795 1533 834 1584; x_wconf 85' lang='grc' dir='ltr'><strong>ι,</strong></span> <span class='ocrx_word' id='word_1_118' title='bbox 866 1518 966 1581; x_wconf 90' lang='lat'><strong>8).</strong></span> <span class='ocrx_word' id='word_1_119' title='bbox 1006 1516 1385 1572; x_wconf 84' lang='lat' dir='ltr'><strong>Verumtamen</strong></span> <span class='ocrx_word' id='word_1_120' title='bbox 1416 1527 1474 1573; x_wconf 91' lang='lat' dir='ltr'><strong>ut</strong></span> <span class='ocrx_word' id='word_1_121' title='bbox 1502 1517 1792 1572; x_wconf 86' lang='lat' dir='ltr'><strong>habeamus</strong></span> <span class='ocrx_word' id='word_1_122' title='bbox 1816 1522 1875 1571; x_wconf 90' lang='lat' dir='ltr'><strong>et</strong></span> 
     </span>
    </p>
   </div>
   <div class='ocr_carea' id='block_1_16' title="bbox 294 1606 1869 1679">
    <p class='ocr_par' dir='ltr' id='par_1_16' title="bbox 294 1606 1869 1679">
     <span class='ocr_line' id='line_1_16' title="bbox 294 1606 1869 1679; baseline 0.001 -18"><span class='ocrx_word' id='word_1_123' title='bbox 294 1606 465 1677; x_wconf 83' lang='lat' dir='ltr'><strong>ipsam</strong></span> <span class='ocrx_word' id='word_1_124' title='bbox 486 1607 782 1670; x_wconf 86' lang='lat' dir='ltr'><strong>scientiam.</strong></span> <span class='ocrx_word' id='word_1_125' title='bbox 814 1624 880 1663; x_wconf 91' lang='lat' dir='ltr'><strong>ne</strong></span> <span class='ocrx_word' id='word_1_126' title='bbox 904 1608 1046 1663; x_wconf 87' lang='lat' dir='ltr'><strong>dicat</strong></span> <span class='ocrx_word' id='word_1_127' title='bbox 1076 1610 1438 1679; x_wconf 82' lang='lat' dir='ltr'><strong>unusquisque</strong></span> <span class='ocrx_word' id='word_1_128' title='bbox 1460 1650 1475 1675; x_wconf 93' lang='lat'><strong>,</strong></span> <span class='ocrx_word' id='word_1_129' title='bbox 1497 1608 1732 1673; x_wconf 87' lang='lat' dir='ltr'><strong>Nescivi,</strong></span> <span class='ocrx_word' id='word_1_130' title='bbox 1763 1623 1869 1662; x_wconf 91' lang='lat' dir='ltr'><strong>non</strong></span> 
     </span>
    </p>
   </div>
   <div class='ocr_carea' id='block_1_17' title="bbox 291 1693 1867 1766">
    <p class='ocr_par' dir='ltr' id='par_1_17' title="bbox 291 1693 1867 1766">
     <span class='ocr_line' id='line_1_17' title="bbox 291 1693 1867 1766; baseline -0.001 -15"><span class='ocrx_word' id='word_1_131' title='bbox 291 1693 495 1762; x_wconf 88' lang='lat' dir='ltr'><strong>audivi,</strong></span> <span class='ocrx_word' id='word_1_132' title='bbox 545 1713 648 1751; x_wconf 89' lang='lat' dir='ltr'><strong>non</strong></span> <span class='ocrx_word' id='word_1_133' title='bbox 678 1698 945 1764; x_wconf 77' lang='lat' dir='ltr'><strong>intellexi;</strong></span> <span class='ocrx_word' id='word_1_134' title='bbox 979 1698 1223 1753; x_wconf 86' lang='lat' dir='ltr'><strong>voluntas</strong></span> <span class='ocrx_word' id='word_1_135' title='bbox 1262 1698 1575 1753; x_wconf 86' lang='lat' dir='ltr'><strong>convenitur</strong></span> <span class='ocrx_word' id='word_1_136' title='bbox 1616 1697 1867 1766; x_wconf 88' lang='lat' dir='ltr'><strong>humana,</strong></span> 
     </span>
    </p>
   </div>
   <div class='ocr_carea' id='block_1_18' title="bbox 287 1785 1870 1861">
    <p class='ocr_par' dir='ltr' id='par_1_18' title="bbox 287 1785 1870 1861">
     <span class='ocr_line' id='line_1_18' title="bbox 287 1785 1870 1861; baseline 0.002 -20"><span class='ocrx_word' id='word_1_137' title='bbox 287 1788 376 1841; x_wconf 90' lang='lat' dir='ltr'><strong>ubi</strong></span> <span class='ocrx_word' id='word_1_138' title='bbox 404 1785 628 1852; x_wconf 88' lang='lat' dir='ltr'><strong>dicitur,</strong></span> <span class='ocrx_word' id='word_1_139' title='bbox 660 1787 833 1842; x_wconf 82' lang='lat' dir='ltr'><strong>Nolite</strong></span> <span class='ocrx_word' id='word_1_140' title='bbox 872 1804 977 1843; x_wconf 87' lang='lat' dir='ltr'><strong>esse</strong></span> <span class='ocrx_word' id='word_1_141' title='bbox 1019 1789 1147 1843; x_wconf 87' lang='lat' dir='ltr'><strong>sicut</strong></span> <span class='ocrx_word' id='word_1_142' title='bbox 1169 1805 1326 1861; x_wconf 88' lang='lat' dir='ltr'><strong>equus</strong></span> <span class='ocrx_word' id='word_1_143' title='bbox 1363 1799 1409 1843; x_wconf 88' lang='lat' dir='ltr'><strong>et</strong></span> <span class='ocrx_word' id='word_1_144' title='bbox 1449 1790 1637 1856; x_wconf 82' lang='lat' dir='ltr'><strong>mulus,</strong></span> <span class='ocrx_word' id='word_1_145' title='bbox 1689 1788 1870 1860; x_wconf 85' lang='lat' dir='ltr'><strong>quibus</strong></span> 
     </span>
    </p>
   </div>
   <div class='ocr_carea' id='block_1_19' title="bbox 288 1870 1871 1950">
    <p class='ocr_par' dir='ltr' id='par_1_19' title="bbox 288 1870 1871 1950">
     <span class='ocr_line' id='line_1_19' title="bbox 288 1870 1871 1950; baseline 0.004 -22"><span class='ocrx_word' id='word_1_146' title='bbox 288 1893 388 1930; x_wconf 89' lang='lat' dir='ltr'><strong>non</strong></span> <span class='ocrx_word' id='word_1_147' title='bbox 434 1887 506 1931; x_wconf 87' lang='lat' dir='ltr'><strong>est</strong></span> <span class='ocrx_word' id='word_1_148' title='bbox 549 1878 827 1932; x_wconf 83' lang='lat' dir='ltr'><strong>intellectus</strong></span> <span class='ocrx_word' id='word_1_149' title='bbox 862 1877 1050 1950; x_wconf 88' lang='lat' dir='ltr'><strong>(Psal.</strong></span> <span class='ocrx_word' id='word_1_150' title='bbox 1105 1895 1226 1934; x_wconf 60' lang='grc' dir='ltr'>χχχι</span> <span class='ocrx_word' id='word_1_151' title='bbox 1248 1921 1263 1944; x_wconf 91' lang='grc'><em>,</em></span> <span class='ocrx_word' id='word_1_152' title='bbox 1292 1877 1368 1949; x_wconf 88' lang='lat'><strong>9)</strong></span> <span class='ocrx_word' id='word_1_153' title='bbox 1398 1898 1411 1933; x_wconf 91' lang='lat'><strong>:</strong></span> <span class='ocrx_word' id='word_1_154' title='bbox 1448 1880 1693 1949; x_wconf 75' lang='lat' dir='ltr'><strong>quamvis</strong></span> <span class='ocrx_word' id='word_1_155' title='bbox 1716 1870 1871 1949; x_wconf 81' lang='lat' dir='ltr'><strong>pejor</strong></span> 
     </span>
    </p>
   </div>
   <div class='ocr_carea' id='block_1_20' title="bbox 286 1967 1865 2038">
    <p class='ocr_par' dir='ltr' id='par_1_20' title="bbox 286 1967 1865 2038">
     <span class='ocr_line' id='line_1_20' title="bbox 286 1967 1865 2038; baseline 0.003 -18"><span class='ocrx_word' id='word_1_156' title='bbox 286 1976 557 2036; x_wconf 86' lang='lat' dir='ltr'><strong>appareat,</strong></span> <span class='ocrx_word' id='word_1_157' title='bbox 586 1967 653 2022; x_wconf 91' lang='lat' dir='ltr'><strong>de</strong></span> <span class='ocrx_word' id='word_1_158' title='bbox 672 1984 777 2038; x_wconf 91' lang='lat' dir='ltr'><strong>quo</strong></span> <span class='ocrx_word' id='word_1_159' title='bbox 802 1969 998 2024; x_wconf 88' lang='lat' dir='ltr'><strong>dictum</strong></span> <span class='ocrx_word' id='word_1_160' title='bbox 1030 1977 1133 2035; x_wconf 91' lang='lat' dir='ltr'><strong>est,</strong></span> <span class='ocrx_word' id='word_1_161' title='bbox 1178 1969 1349 2023; x_wconf 78' lang='lat' dir='ltr'><strong>Verbis</strong></span> <span class='ocrx_word' id='word_1_162' title='bbox 1378 1986 1478 2024; x_wconf 92' lang='lat' dir='ltr'><strong>non</strong></span> <span class='ocrx_word' id='word_1_163' title='bbox 1509 1970 1865 2025; x_wconf 74' lang='lat' dir='ltr'><strong>mandabitur</strong></span> 
     </span>
    </p>
   </div>
   <div class='ocr_carea' id='block_1_21' title="bbox 285 2057 1865 2130">
    <p class='ocr_par' dir='ltr' id='par_1_21' title="bbox 285 2057 1865 2130">
     <span class='ocr_line' id='line_1_21' title="bbox 285 2057 1865 2130; baseline 0.004 -21"><span class='ocrx_word' id='word_1_164' title='bbox 285 2072 454 2110; x_wconf 86' lang='lat' dir='ltr'><strong>servus</strong></span> <span class='ocrx_word' id='word_1_165' title='bbox 493 2057 651 2112; x_wconf 83' lang='lat' dir='ltr'><strong>durus</strong></span> <span class='ocrx_word' id='word_1_166' title='bbox 667 2075 689 2122; x_wconf 88' lang='lat'><strong>;</strong></span> <span class='ocrx_word' id='word_1_167' title='bbox 717 2059 760 2113; x_wconf 90' lang='lat' dir='ltr'><strong>si</strong></span> <span class='ocrx_word' id='word_1_168' title='bbox 786 2060 917 2113; x_wconf 90' lang='lat' dir='ltr'><strong>enim</strong></span> <span class='ocrx_word' id='word_1_169' title='bbox 948 2059 1269 2124; x_wconf 74' lang='lat' dir='ltr'><strong>intellexerit,</strong></span> <span class='ocrx_word' id='word_1_170' title='bbox 1297 2076 1398 2114; x_wconf 90' lang='lat' dir='ltr'><strong>non</strong></span> <span class='ocrx_word' id='word_1_171' title='bbox 1423 2060 1657 2114; x_wconf 90' lang='lat' dir='ltr'><strong>obaudiet</strong></span> <span class='ocrx_word' id='word_1_172' title='bbox 1684 2058 1865 2130; x_wconf 86' lang='lat' dir='ltr'><strong>(Prov.</strong></span> 
     </span>
    </p>
   </div>
   <div class='ocr_carea' id='block_1_22' title="bbox 286 2148 1869 2223">
    <p class='ocr_par' dir='ltr' id='par_1_22' title="bbox 286 2148 1869 2223">
     <span class='ocr_line' id='line_1_22' title="bbox 286 2148 1869 2223; baseline 0.003 -19"><span class='ocrx_word' id='word_1_173' title='bbox 286 2151 461 2216; x_wconf 78' lang='lat' dir='ltr'><strong>xxix,l</strong></span> <span class='ocrx_word' id='word_1_174' title='bbox 474 2148 783 2223; x_wconf 87' lang='lat' dir='ltr'><strong>9).Quando</strong></span> <span class='ocrx_word' id='word_1_175' title='bbox 797 2161 973 2206; x_wconf 87' lang='lat' dir='ltr'><strong>autem</strong></span> <span class='ocrx_word' id='word_1_176' title='bbox 990 2151 1119 2207; x_wconf 90' lang='lat' dir='ltr'><strong>dicit</strong></span> <span class='ocrx_word' id='word_1_177' title='bbox 1132 2151 1312 2217; x_wconf 89' lang='lat' dir='ltr'><strong>homo,</strong></span> <span class='ocrx_word' id='word_1_178' title='bbox 1327 2151 1442 2207; x_wconf 89' lang='lat' dir='ltr'><strong>Non</strong></span> <span class='ocrx_word' id='word_1_179' title='bbox 1461 2168 1674 2222; x_wconf 89' lang='lat' dir='ltr'><strong>possum</strong></span> <span class='ocrx_word' id='word_1_180' title='bbox 1694 2151 1869 2208; x_wconf 83' lang='lat' dir='ltr'><strong>facere</strong></span> 
     </span>
    </p>
   </div>
   <div class='ocr_carea' id='block_1_23' title="bbox 284 2242 1867 2312">
    <p class='ocr_par' dir='ltr' id='par_1_23' title="bbox 284 2242 1867 2312">
     <span class='ocr_line' id='line_1_23' title="bbox 284 2242 1867 2312; baseline 0.004 -20"><span class='ocrx_word' id='word_1_181' title='bbox 284 2242 426 2310; x_wconf 89' lang='lat' dir='ltr'><strong>quod</strong></span> <span class='ocrx_word' id='word_1_182' title='bbox 456 2242 795 2312; x_wconf 70' lang='lat' dir='ltr'><strong>praecipitur,</strong></span> <span class='ocrx_word' id='word_1_183' title='bbox 841 2243 1089 2312; x_wconf 90' lang='lat' dir='ltr'><strong>quoniam</strong></span> <span class='ocrx_word' id='word_1_184' title='bbox 1120 2242 1549 2312; x_wconf 88' lang='lat' dir='ltr'><strong>concupiscentia</strong></span> <span class='ocrx_word' id='word_1_185' title='bbox 1593 2258 1711 2298; x_wconf 83' lang='lat' dir='ltr'><strong>mea</strong></span> <span class='ocrx_word' id='word_1_186' title='bbox 1753 2244 1867 2298; x_wconf 83' lang='lat' dir='ltr'><strong>vin-</strong></span> 
     </span>
    </p>
   </div>
   <div class='ocr_carea' id='block_1_24' title="bbox 285 2332 1865 2404">
    <p class='ocr_par' dir='ltr' id='par_1_24' title="bbox 285 2332 1865 2404">
     <span class='ocr_line' id='line_1_24' title="bbox 285 2332 1865 2404; baseline 0.003 -18"><span class='ocrx_word' id='word_1_187' title='bbox 285 2347 381 2386; x_wconf 92' lang='lat' dir='ltr'><strong>cor</strong></span> <span class='ocrx_word' id='word_1_188' title='bbox 409 2350 422 2385; x_wconf 91' lang='lat'>:</span> <span class='ocrx_word' id='word_1_189' title='bbox 450 2332 560 2402; x_wconf 88' lang='lat' dir='ltr'><strong>jam</strong></span> <span class='ocrx_word' id='word_1_190' title='bbox 580 2333 792 2403; x_wconf 90' lang='lat' dir='ltr'><strong>quidem</strong></span> <span class='ocrx_word' id='word_1_191' title='bbox 824 2334 890 2388; x_wconf 90' lang='lat' dir='ltr'><strong>de</strong></span> <span class='ocrx_word' id='word_1_192' title='bbox 918 2335 1210 2404; x_wconf 80' lang='lat' dir='ltr'><strong>ignorantia</strong></span> <span class='ocrx_word' id='word_1_193' title='bbox 1241 2349 1344 2389; x_wconf 91' lang='lat' dir='ltr'><strong>non</strong></span> <span class='ocrx_word' id='word_1_194' title='bbox 1381 2334 1541 2389; x_wconf 83' lang='lat' dir='ltr'><strong>habet</strong></span> <span class='ocrx_word' id='word_1_195' title='bbox 1561 2336 1865 2390; x_wconf 82' lang='lat' dir='ltr'><strong>excusatio-</strong></span> 
     </span>
    </p>
   </div>
   <div class='ocr_carea' id='block_1_25' title="bbox 286 2426 1864 2493">
    <p class='ocr_par' dir='ltr' id='par_1_25' title="bbox 286 2426 1864 2493">
     <span class='ocr_line' id='line_1_25' title="bbox 286 2426 1864 2493; baseline 0.004 -17"><span class='ocrx_word' id='word_1_196' title='bbox 286 2438 428 2487; x_wconf 89' lang='lat' dir='ltr'><strong>nem,</strong></span> <span class='ocrx_word' id='word_1_197' title='bbox 484 2439 580 2479; x_wconf 89' lang='lat' dir='ltr'><strong>nec</strong></span> <span class='ocrx_word' id='word_1_198' title='bbox 618 2426 782 2481; x_wconf 91' lang='lat' dir='ltr'><strong>Deum</strong></span> <span class='ocrx_word' id='word_1_199' title='bbox 819 2436 1069 2482; x_wconf 84' lang='lat' dir='ltr'><strong>causatur</strong></span> <span class='ocrx_word' id='word_1_200' title='bbox 1106 2427 1158 2481; x_wconf 91' lang='lat' dir='ltr'><strong>in</strong></span> <span class='ocrx_word' id='word_1_201' title='bbox 1196 2426 1359 2482; x_wconf 86' lang='lat' dir='ltr'><strong>corde</strong></span> <span class='ocrx_word' id='word_1_202' title='bbox 1380 2440 1515 2493; x_wconf 89' lang='lat' dir='ltr'><strong>suo,</strong></span> <span class='ocrx_word' id='word_1_203' title='bbox 1544 2426 1640 2481; x_wconf 89' lang='lat' dir='ltr'><strong>sed</strong></span> <span class='ocrx_word' id='word_1_204' title='bbox 1668 2427 1864 2482; x_wconf 86' lang='lat' dir='ltr'><strong>malum</strong></span> 
     </span>
    </p>
   </div>
   <div class='ocr_carea' id='block_1_26' title="bbox 282 2515 1864 2587">
    <p class='ocr_par' dir='ltr' id='par_1_26' title="bbox 282 2515 1864 2587">
     <span class='ocr_line' id='line_1_26' title="bbox 282 2515 1864 2587; baseline 0.003 -21"><span class='ocrx_word' id='word_1_205' title='bbox 282 2528 436 2568; x_wconf 87' lang='lat' dir='ltr'><strong>suum</strong></span> <span class='ocrx_word' id='word_1_206' title='bbox 468 2515 518 2569; x_wconf 91' lang='lat' dir='ltr'><strong>in</strong></span> <span class='ocrx_word' id='word_1_207' title='bbox 546 2530 605 2570; x_wconf 90' lang='lat' dir='ltr'><strong>se</strong></span> <span class='ocrx_word' id='word_1_208' title='bbox 642 2518 912 2586; x_wconf 79' lang='lat' dir='ltr'><strong>cognoscit</strong></span> <span class='ocrx_word' id='word_1_209' title='bbox 939 2526 991 2571; x_wconf 91' lang='lat' dir='ltr'><strong>et</strong></span> <span class='ocrx_word' id='word_1_210' title='bbox 1017 2516 1194 2582; x_wconf 85' lang='lat' dir='ltr'><strong>dolet;</strong></span> <span class='ocrx_word' id='word_1_211' title='bbox 1230 2516 1317 2571; x_wconf 91' lang='lat' dir='ltr'><strong>cui</strong></span> <span class='ocrx_word' id='word_1_212' title='bbox 1349 2525 1526 2571; x_wconf 88' lang='lat' dir='ltr'><strong>tamen</strong></span> <span class='ocrx_word' id='word_1_213' title='bbox 1554 2516 1681 2571; x_wconf 88' lang='lat' dir='ltr'><strong>dicit</strong></span> <span class='ocrx_word' id='word_1_214' title='bbox 1717 2518 1864 2587; x_wconf 83' lang='lat' dir='ltr'><strong>Apo-</strong></span> 
     </span>
    </p>
   </div>
   <div class='ocr_carea' id='block_1_27' title="bbox 283 2602 1865 2671">
    <p class='ocr_par' dir='ltr' id='par_1_27' title="bbox 283 2602 1865 2671">
     <span class='ocr_line' id='line_1_27' title="bbox 283 2602 1865 2671; baseline 0.003 -16"><span class='ocrx_word' id='word_1_215' title='bbox 283 2604 471 2667; x_wconf 73' lang='lat' dir='ltr'><strong>stolus,</strong></span> <span class='ocrx_word' id='word_1_216' title='bbox 505 2602 627 2658; x_wconf 85' lang='lat' dir='ltr'><strong>Noli</strong></span> <span class='ocrx_word' id='word_1_217' title='bbox 655 2605 783 2658; x_wconf 90' lang='lat' dir='ltr'><strong>vinci</strong></span> <span class='ocrx_word' id='word_1_218' title='bbox 821 2622 852 2657; x_wconf 91' lang='lat' dir='ltr'><strong>a</strong></span> <span class='ocrx_word' id='word_1_219' title='bbox 888 2605 1042 2671; x_wconf 83' lang='lat' dir='ltr'><strong>malo,</strong></span> <span class='ocrx_word' id='word_1_220' title='bbox 1093 2606 1183 2659; x_wconf 87' lang='lat' dir='ltr'><strong>sed</strong></span> <span class='ocrx_word' id='word_1_221' title='bbox 1226 2606 1367 2659; x_wconf 85' lang='lat' dir='ltr'><strong>vince</strong></span> <span class='ocrx_word' id='word_1_222' title='bbox 1409 2606 1461 2658; x_wconf 91' lang='lat' dir='ltr'><strong>in</strong></span> <span class='ocrx_word' id='word_1_223' title='bbox 1506 2606 1634 2660; x_wconf 92' lang='lat' dir='ltr'><strong>bono</strong></span> <span class='ocrx_word' id='word_1_224' title='bbox 1674 2608 1865 2660; x_wconf 87' lang='lat' dir='ltr'><strong>malum</strong></span> 
     </span>
    </p>
   </div>
   <div class='ocr_carea' id='block_1_28' title="bbox 283 2689 1866 2764">
    <p class='ocr_par' dir='ltr' id='par_1_28' title="bbox 283 2689 1866 2764">
     <span class='ocr_line' id='line_1_28' title="bbox 283 2689 1866 2764; baseline 0.004 -20"><span class='ocrx_word' id='word_1_225' title='bbox 283 2689 467 2761; x_wconf 81' lang='lat' dir='ltr'><strong>(Rom.</strong></span> <span class='ocrx_word' id='word_1_226' title='bbox 501 2709 598 2759; x_wconf 77' lang='lat' dir='ltr'><strong>xu,</strong></span> <span class='ocrx_word' id='word_1_227' title='bbox 626 2692 688 2747; x_wconf 70' lang='lat'><strong>2|</strong></span> <span class='ocrx_word' id='word_1_228' title='bbox 715 2692 757 2764; x_wconf 95' lang='lat'><strong>).</strong></span> <span class='ocrx_word' id='word_1_229' title='bbox 788 2694 854 2746; x_wconf 84' lang='lat' dir='ltr'><strong>Et</strong></span> <span class='ocrx_word' id='word_1_230' title='bbox 875 2694 1053 2763; x_wconf 83' lang='lat' dir='ltr'><strong>utique</strong></span> <span class='ocrx_word' id='word_1_231' title='bbox 1074 2695 1158 2747; x_wconf 89' lang='lat' dir='ltr'><strong>cui</strong></span> <span class='ocrx_word' id='word_1_232' title='bbox 1190 2694 1383 2747; x_wconf 88' lang='lat' dir='ltr'><strong>dicitur</strong></span> <span class='ocrx_word' id='word_1_233' title='bbox 1403 2736 1417 2759; x_wconf 92' lang='lat'><strong>,</strong></span> <span class='ocrx_word' id='word_1_234' title='bbox 1443 2692 1568 2748; x_wconf 84' lang='lat' dir='ltr'><strong>Noli</strong></span> <span class='ocrx_word' id='word_1_235' title='bbox 1593 2695 1752 2758; x_wconf 86' lang='lat' dir='ltr'><strong>vinci,</strong></span> <span class='ocrx_word' id='word_1_236' title='bbox 1778 2712 1866 2750; x_wconf 82' lang='lat' dir='ltr'><strong>ar-</strong></span> 
     </span>
    </p>
   </div>
   <div class='ocr_carea' id='block_1_29' title="bbox 280 2782 1865 2851">
    <p class='ocr_par' dir='ltr' id='par_1_29' title="bbox 280 2782 1865 2851">
     <span class='ocr_line' id='line_1_29' title="bbox 280 2782 1865 2851; baseline 0.006 -16"><span class='ocrx_word' id='word_1_237' title='bbox 280 2782 497 2836; x_wconf 90' lang='lat' dir='ltr'><strong>bitrium</strong></span> <span class='ocrx_word' id='word_1_238' title='bbox 531 2784 811 2837; x_wconf 74' lang='lat' dir='ltr'><strong>voluntatis</strong></span> <span class='ocrx_word' id='word_1_239' title='bbox 840 2784 956 2851; x_wconf 87' lang='lat' dir='ltr'><strong>ejus</strong></span> <span class='ocrx_word' id='word_1_240' title='bbox 996 2784 1110 2838; x_wconf 88' lang='lat' dir='ltr'><strong>sine</strong></span> <span class='ocrx_word' id='word_1_241' title='bbox 1152 2784 1315 2838; x_wconf 89' lang='lat' dir='ltr'><strong>dubio</strong></span> <span class='ocrx_word' id='word_1_242' title='bbox 1345 2786 1681 2841; x_wconf 77' lang='lat' dir='ltr'><strong>convenitur.</strong></span> <span class='ocrx_word' id='word_1_243' title='bbox 1718 2786 1865 2844; x_wconf 73' lang='lat' dir='ltr'><strong>Velle</strong></span> 
     </span>
    </p>
   </div>
   <div class='ocr_carea' id='block_1_30' title="bbox 279 2872 1364 2944">
    <p class='ocr_par' dir='ltr' id='par_1_30' title="bbox 279 2872 1364 2944">
     <span class='ocr_line' id='line_1_30' title="bbox 279 2872 1364 2944; baseline 0.002 -18"><span class='ocrx_word' id='word_1_244' title='bbox 279 2874 423 2926; x_wconf 89' lang='lat' dir='ltr'><strong>enim</strong></span> <span class='ocrx_word' id='word_1_245' title='bbox 452 2881 506 2927; x_wconf 92' lang='lat' dir='ltr'><strong>et</strong></span> <span class='ocrx_word' id='word_1_246' title='bbox 527 2872 666 2927; x_wconf 89' lang='lat' dir='ltr'><strong>nolle</strong></span> <span class='ocrx_word' id='word_1_247' title='bbox 695 2873 923 2944; x_wconf 77' lang='lat' dir='ltr'><strong>propria:</strong></span> <span class='ocrx_word' id='word_1_248' title='bbox 951 2873 1234 2929; x_wconf 82' lang='lat' dir='ltr'><strong>voluntatis</strong></span> <span class='ocrx_word' id='word_1_249' title='bbox 1262 2883 1364 2929; x_wconf 89' lang='lat' dir='ltr'><strong>est.</strong></span> 
     </span>
    </p>
   </div>
   <div class='ocr_carea' id='block_1_31' title="bbox 351 3002 1858 3065">
    <p class='ocr_par' dir='ltr' id='par_1_31' title="bbox 351 3002 1858 3065">
     <span class='ocr_line' id='line_1_31' title="bbox 351 3002 1858 3065; baseline 0.005 -8"><span class='ocrx_word' id='word_1_250' title='bbox 351 3002 576 3058; x_wconf 72' lang='lat' dir='ltr'><strong>CAPUT</strong></span> <span class='ocrx_word' id='word_1_251' title='bbox 614 3002 704 3057; x_wconf 88' lang='lat' dir='ltr'><strong>IV.</strong></span> <span class='ocrx_word' id='word_1_252' title='bbox 758 3032 833 3048; x_wconf 84' lang='lat'><strong>-—</strong></span> <span class='ocrx_word' id='word_1_253' title='bbox 864 3004 920 3061; x_wconf 88' lang='lat'><strong>6.</strong></span> <span class='ocrx_word' id='word_1_254' title='bbox 966 3006 1069 3062; x_wconf 88' lang='lat' dir='ltr'><strong>Sed</strong></span> <span class='ocrx_word' id='word_1_255' title='bbox 1125 3006 1471 3063; x_wconf 84' lang='lat' dir='ltr'><strong>metuendum</strong></span> <span class='ocrx_word' id='word_1_256' title='bbox 1514 3016 1599 3065; x_wconf 83' lang='lat' dir='ltr'><strong>est</strong></span> <span class='ocrx_word' id='word_1_257' title='bbox 1641 3023 1710 3064; x_wconf 92' lang='lat' dir='ltr'><strong>ne</strong></span> <span class='ocrx_word' id='word_1_258' title='bbox 1758 3008 1858 3065; x_wconf 90' lang='lat' dir='ltr'><strong>ista</strong></span> 
     </span>
    </p>
   </div>
   <div class='ocr_carea' id='block_1_32' title="bbox 282 3094 1858 3171">
    <p class='ocr_par' dir='ltr' id='par_1_32' title="bbox 282 3094 1858 3171">
     <span class='ocr_line' id='line_1_32' title="bbox 282 3094 1858 3171; baseline 0.004 -22"><span class='ocrx_word' id='word_1_259' title='bbox 282 3096 457 3149; x_wconf 87' lang='lat' dir='ltr'><strong>omnia</strong></span> <span class='ocrx_word' id='word_1_260' title='bbox 484 3094 662 3151; x_wconf 86' lang='lat' dir='ltr'><strong>divina</strong></span> <span class='ocrx_word' id='word_1_261' title='bbox 708 3098 1005 3153; x_wconf 87' lang='lat' dir='ltr'><strong>testimonia</strong></span> <span class='ocrx_word' id='word_1_262' title='bbox 1028 3140 1042 3164; x_wconf 92' lang='lat'><strong>,</strong></span> <span class='ocrx_word' id='word_1_263' title='bbox 1071 3109 1125 3155; x_wconf 90' lang='lat' dir='ltr'><strong>et</strong></span> <span class='ocrx_word' id='word_1_264' title='bbox 1162 3116 1511 3171; x_wconf 79' lang='lat' dir='ltr'><strong>quaecumque</strong></span> <span class='ocrx_word' id='word_1_265' title='bbox 1557 3101 1660 3155; x_wconf 90' lang='lat' dir='ltr'><strong>alia</strong></span> <span class='ocrx_word' id='word_1_266' title='bbox 1701 3112 1820 3156; x_wconf 90' lang='lat' dir='ltr'><strong>sunt</strong></span> <span class='ocrx_word' id='word_1_267' title='bbox 1842 3144 1858 3169; x_wconf 92' lang='lat'><strong>,</strong></span> 
     </span>
    </p>
   </div>
   <div class='ocr_carea' id='block_1_33' title="bbox 280 3185 1861 3259">
    <p class='ocr_par' dir='ltr' id='par_1_33' title="bbox 280 3185 1861 3259">
     <span class='ocr_line' id='line_1_33' title="bbox 280 3185 1861 3259; baseline 0.008 -24"><span class='ocrx_word' id='word_1_268' title='bbox 280 3200 400 3252; x_wconf 74' lang='lat' dir='ltr'><strong>qua:</strong></span> <span class='ocrx_word' id='word_1_269' title='bbox 444 3185 561 3240; x_wconf 87' lang='lat' dir='ltr'><strong>sine</strong></span> <span class='ocrx_word' id='word_1_270' title='bbox 610 3186 941 3243; x_wconf 88' lang='lat' dir='ltr'><strong>dubitatione</strong></span> <span class='ocrx_word' id='word_1_271' title='bbox 984 3199 1111 3244; x_wconf 92' lang='lat' dir='ltr'><strong>sunt</strong></span> <span class='ocrx_word' id='word_1_272' title='bbox 1157 3190 1407 3259; x_wconf 87' lang='lat' dir='ltr'><strong>plurima,</strong></span> <span class='ocrx_word' id='word_1_273' title='bbox 1455 3191 1509 3245; x_wconf 92' lang='lat' dir='ltr'><strong>in</strong></span> <span class='ocrx_word' id='word_1_274' title='bbox 1552 3190 1861 3247; x_wconf 88' lang='lat' dir='ltr'><strong>defensione</strong></span> 
     </span>
    </p>
   </div>
   <div class='ocr_carea' id='block_1_34' title="bbox 289 3273 1860 3351">
    <p class='ocr_par' dir='ltr' id='par_1_34' title="bbox 289 3273 1860 3351">
     <span class='ocr_line' id='line_1_34' title="bbox 289 3273 1860 3351; baseline 0.006 -24"><span class='ocrx_word' id='word_1_275' title='bbox 289 3273 442 3328; x_wconf 82' lang='lat' dir='ltr'><strong>liberi</strong></span> <span class='ocrx_word' id='word_1_276' title='bbox 469 3277 694 3338; x_wconf 89' lang='lat' dir='ltr'><strong>arbitrii.</strong></span> <span class='ocrx_word' id='word_1_277' title='bbox 721 3278 798 3333; x_wconf 94' lang='lat' dir='ltr'><strong>sic</strong></span> <span class='ocrx_word' id='word_1_278' title='bbox 838 3280 1198 3350; x_wconf 89' lang='lat' dir='ltr'><strong>intelligantur</strong></span> <span class='ocrx_word' id='word_1_279' title='bbox 1217 3322 1231 3345; x_wconf 89' lang='lat'><strong>,</strong></span> <span class='ocrx_word' id='word_1_280' title='bbox 1259 3289 1320 3336; x_wconf 89' lang='lat' dir='ltr'><strong>ut</strong></span> <span class='ocrx_word' id='word_1_281' title='bbox 1343 3281 1408 3335; x_wconf 90' lang='lat' dir='ltr'><strong>ad</strong></span> <span class='ocrx_word' id='word_1_282' title='bbox 1434 3283 1595 3335; x_wconf 84' lang='lat' dir='ltr'><strong>vitam</strong></span> <span class='ocrx_word' id='word_1_283' title='bbox 1638 3283 1777 3351; x_wconf 87' lang='lat' dir='ltr'><strong>piam</strong></span> <span class='ocrx_word' id='word_1_284' title='bbox 1806 3293 1860 3337; x_wconf 92' lang='lat' dir='ltr'><strong>ct</strong></span> 
     </span>
    </p>
   </div>
   <div class='ocr_carea' id='block_1_35' title="bbox 288 3365 1855 3437">
    <p class='ocr_par' dir='ltr' id='par_1_35' title="bbox 288 3365 1855 3437">
     <span class='ocr_line' id='line_1_35' title="bbox 288 3365 1855 3437; baseline 0.005 -20"><span class='ocrx_word' id='word_1_285' title='bbox 288 3365 480 3419; x_wconf 61' lang='lat' dir='ltr'><strong>bonam</strong></span> <span class='ocrx_word' id='word_1_286' title='bbox 502 3369 961 3424; x_wconf 86' lang='lat' dir='ltr'><strong>conversationem</strong></span> <span class='ocrx_word' id='word_1_287' title='bbox 991 3412 1004 3434; x_wconf 93' lang='lat'><strong>,</strong></span> <span class='ocrx_word' id='word_1_288' title='bbox 1040 3371 1125 3425; x_wconf 87' lang='lat' dir='ltr'><strong>cui</strong></span> <span class='ocrx_word' id='word_1_289' title='bbox 1154 3385 1362 3426; x_wconf 86' lang='lat' dir='ltr'><strong>merces</strong></span> <span class='ocrx_word' id='word_1_290' title='bbox 1388 3381 1586 3426; x_wconf 61' lang='lat' dir='ltr'><strong>acterna</strong></span> <span class='ocrx_word' id='word_1_291' title='bbox 1614 3371 1855 3437; x_wconf 88' lang='lat' dir='ltr'><strong>debetur,</strong></span> 
     </span>
    </p>
   </div>
   <div class='ocr_carea' id='block_1_36' title="bbox 283 3455 1861 3531">
    <p class='ocr_par' dir='ltr' id='par_1_36' title="bbox 283 3455 1861 3531">
     <span class='ocr_line' id='line_1_36' title="bbox 283 3455 1861 3531; baseline 0.004 -22"><span class='ocrx_word' id='word_1_292' title='bbox 283 3455 550 3525; x_wconf 89' lang='lat' dir='ltr'><strong>adjutorio</strong></span> <span class='ocrx_word' id='word_1_293' title='bbox 580 3466 634 3512; x_wconf 91' lang='lat' dir='ltr'><strong>et</strong></span> <span class='ocrx_word' id='word_1_294' title='bbox 677 3460 861 3528; x_wconf 83' lang='lat' dir='ltr'><strong>gratiae</strong></span> <span class='ocrx_word' id='word_1_295' title='bbox 910 3460 1001 3515; x_wconf 91' lang='lat' dir='ltr'><strong>Dei</strong></span> <span class='ocrx_word' id='word_1_296' title='bbox 1041 3462 1187 3514; x_wconf 87' lang='lat' dir='ltr'><strong>locus</strong></span> <span class='ocrx_word' id='word_1_297' title='bbox 1228 3476 1333 3515; x_wconf 92' lang='lat' dir='ltr'><strong>non</strong></span> <span class='ocrx_word' id='word_1_298' title='bbox 1387 3461 1749 3531; x_wconf 89' lang='lat' dir='ltr'><strong>relinquatur;</strong></span> <span class='ocrx_word' id='word_1_299' title='bbox 1805 3471 1861 3516; x_wconf 88' lang='lat' dir='ltr'><strong>et</strong></span> 
     </span>
    </p>
   </div>
   <div class='ocr_carea' id='block_1_37' title="bbox 225 3544 1857 3621">
    <p class='ocr_par' dir='ltr' id='par_1_37' title="bbox 225 3544 1857 3621">
     <span class='ocr_line' id='line_1_37' title="bbox 225 3544 1857 3621; baseline 0.004 -21"><span class='ocrx_word' id='word_1_300' title='bbox 225 3544 243 3556; x_wconf 80' lang='lat'><strong>&#39;</strong></span> <span class='ocrx_word' id='word_1_301' title='bbox 289 3547 481 3602; x_wconf 84' lang='lat' dir='ltr'><strong>audeat</strong></span> <span class='ocrx_word' id='word_1_302' title='bbox 511 3549 675 3603; x_wconf 89' lang='lat' dir='ltr'><strong>miser</strong></span> <span class='ocrx_word' id='word_1_303' title='bbox 699 3549 887 3616; x_wconf 84' lang='lat' dir='ltr'><strong>homo,</strong></span> <span class='ocrx_word' id='word_1_304' title='bbox 920 3550 1131 3620; x_wconf 89' lang='lat' dir='ltr'><strong>quando</strong></span> <span class='ocrx_word' id='word_1_305' title='bbox 1160 3551 1295 3606; x_wconf 89' lang='lat' dir='ltr'><strong>bene</strong></span> <span class='ocrx_word' id='word_1_306' title='bbox 1322 3552 1449 3605; x_wconf 90' lang='lat' dir='ltr'><strong>vivit</strong></span> <span class='ocrx_word' id='word_1_307' title='bbox 1476 3561 1531 3606; x_wconf 92' lang='lat' dir='ltr'><strong>et</strong></span> <span class='ocrx_word' id='word_1_308' title='bbox 1567 3552 1703 3606; x_wconf 90' lang='lat' dir='ltr'><strong>bene</strong></span> <span class='ocrx_word' id='word_1_309' title='bbox 1727 3565 1857 3621; x_wconf 91' lang='lat' dir='ltr'><strong>ope-</strong></span> 
     </span>
    </p>
   </div>
   <div class='ocr_carea' id='block_1_38' title="bbox 280 3640 1858 3712">
    <p class='ocr_par' dir='ltr' id='par_1_38' title="bbox 280 3640 1858 3712">
     <span class='ocr_line' id='line_1_38' title="bbox 280 3640 1858 3712; baseline 0.004 -23"><span class='ocrx_word' id='word_1_310' title='bbox 280 3646 462 3702; x_wconf 89' lang='lat' dir='ltr'><strong>ratur,</strong></span> <span class='ocrx_word' id='word_1_311' title='bbox 498 3640 577 3693; x_wconf 87' lang='lat' dir='ltr'><strong>vel</strong></span> <span class='ocrx_word' id='word_1_312' title='bbox 617 3641 790 3709; x_wconf 87' lang='lat' dir='ltr'><strong>potius</strong></span> <span class='ocrx_word' id='word_1_313' title='bbox 818 3641 954 3696; x_wconf 88' lang='lat' dir='ltr'><strong>bene</strong></span> <span class='ocrx_word' id='word_1_314' title='bbox 1001 3643 1181 3696; x_wconf 88' lang='lat' dir='ltr'><strong>vivere</strong></span> <span class='ocrx_word' id='word_1_315' title='bbox 1221 3651 1272 3696; x_wconf 91' lang='lat' dir='ltr'><strong>et</strong></span> <span class='ocrx_word' id='word_1_316' title='bbox 1316 3642 1453 3697; x_wconf 86' lang='lat' dir='ltr'><strong>bene</strong></span> <span class='ocrx_word' id='word_1_317' title='bbox 1505 3642 1714 3712; x_wconf 89' lang='lat' dir='ltr'><strong>operari</strong></span> <span class='ocrx_word' id='word_1_318' title='bbox 1757 3642 1858 3697; x_wconf 91' lang='lat' dir='ltr'><strong>sibi</strong></span> 
     </span>
    </p>
   </div>
   <div class='ocr_carea' id='block_1_39' title="bbox 278 3731 1856 3805">
    <p class='ocr_par' dir='ltr' id='par_1_39' title="bbox 278 3731 1856 3805">
     <span class='ocr_line' id='line_1_39' title="bbox 278 3731 1856 3805; baseline 0.003 -22"><span class='ocrx_word' id='word_1_319' title='bbox 278 3731 507 3797; x_wconf 90' lang='lat' dir='ltr'><strong>videtur,</strong></span> <span class='ocrx_word' id='word_1_320' title='bbox 537 3733 588 3786; x_wconf 88' lang='lat' dir='ltr'><strong>in</strong></span> <span class='ocrx_word' id='word_1_321' title='bbox 612 3748 671 3789; x_wconf 88' lang='lat' dir='ltr'><strong>se</strong></span> <span class='ocrx_word' id='word_1_322' title='bbox 698 3733 813 3802; x_wconf 84' lang='lat' dir='ltr'><strong>ipso</strong></span> <span class='ocrx_word' id='word_1_323' title='bbox 832 3776 846 3800; x_wconf 95' lang='lat'><strong>,</strong></span> <span class='ocrx_word' id='word_1_324' title='bbox 882 3749 987 3787; x_wconf 91' lang='lat' dir='ltr'><strong>non</strong></span> <span class='ocrx_word' id='word_1_325' title='bbox 1015 3734 1065 3788; x_wconf 92' lang='lat' dir='ltr'><strong>iu</strong></span> <span class='ocrx_word' id='word_1_326' title='bbox 1095 3734 1321 3788; x_wconf 85' lang='lat' dir='ltr'><strong>Domino</strong></span> <span class='ocrx_word' id='word_1_327' title='bbox 1350 3735 1594 3805; x_wconf 89' lang='lat' dir='ltr'><strong>gloriari,</strong></span> <span class='ocrx_word' id='word_1_328' title='bbox 1627 3742 1680 3787; x_wconf 90' lang='lat' dir='ltr'><strong>et</strong></span> <span class='ocrx_word' id='word_1_329' title='bbox 1706 3748 1856 3803; x_wconf 89' lang='lat' dir='ltr'><strong>spem</strong></span> 
     </span>
    </p>
   </div>
   <div class='ocr_carea' id='block_1_40' title="bbox 277 3823 1853 3894">
    <p class='ocr_par' dir='ltr' id='par_1_40' title="bbox 277 3823 1853 3894">
     <span class='ocr_line' id='line_1_40' title="bbox 277 3823 1853 3894; baseline 0.001 -19"><span class='ocrx_word' id='word_1_330' title='bbox 277 3832 425 3876; x_wconf 87' lang='lat' dir='ltr'><strong>recte</strong></span> <span class='ocrx_word' id='word_1_331' title='bbox 468 3823 674 3878; x_wconf 83' lang='lat' dir='ltr'><strong>vivendi</strong></span> <span class='ocrx_word' id='word_1_332' title='bbox 718 3826 771 3878; x_wconf 91' lang='lat' dir='ltr'><strong>in</strong></span> <span class='ocrx_word' id='word_1_333' title='bbox 819 3840 878 3880; x_wconf 87' lang='lat' dir='ltr'><strong>se</strong></span> <span class='ocrx_word' id='word_1_334' title='bbox 921 3825 1036 3893; x_wconf 91' lang='lat' dir='ltr'><strong>ipso</strong></span> <span class='ocrx_word' id='word_1_335' title='bbox 1067 3840 1285 3892; x_wconf 89' lang='lat' dir='ltr'><strong>ponere,</strong></span> <span class='ocrx_word' id='word_1_336' title='bbox 1320 3835 1393 3878; x_wconf 87' lang='lat' dir='ltr'><strong>&#39;ut</strong></span> <span class='ocrx_word' id='word_1_337' title='bbox 1435 3836 1690 3894; x_wconf 79' lang='lat' dir='ltr'><strong>sequatur</strong></span> <span class='ocrx_word' id='word_1_338' title='bbox 1732 3838 1853 3877; x_wconf 90' lang='lat' dir='ltr'><strong>eum</strong></span> 
     </span>
    </p>
   </div>
   <div class='ocr_carea' id='block_1_41' title="bbox 278 3912 1855 3984">
    <p class='ocr_par' dir='ltr' id='par_1_41' title="bbox 278 3912 1855 3984">
     <span class='ocr_line' id='line_1_41' title="bbox 278 3912 1855 3984; baseline 0.001 -18"><span class='ocrx_word' id='word_1_339' title='bbox 278 3912 619 3968; x_wconf 85' lang='lat' dir='ltr'><strong>maledictum</strong></span> <span class='ocrx_word' id='word_1_340' title='bbox 647 3914 893 3970; x_wconf 70' lang='lat' dir='ltr'><strong>Jeremize.</strong></span> <span class='ocrx_word' id='word_1_341' title='bbox 939 3914 1211 3984; x_wconf 74' lang='lat' dir='ltr'><strong>propheta:</strong></span> <span class='ocrx_word' id='word_1_342' title='bbox 1239 3913 1500 3979; x_wconf 88' lang='lat' dir='ltr'><strong>dicentis,</strong></span> <span class='ocrx_word' id='word_1_343' title='bbox 1552 3913 1855 3967; x_wconf 78' lang='lat' dir='ltr'><strong>Maledictus</strong></span> 
     </span>
    </p>
   </div>
   <div class='ocr_carea' id='block_1_42' title="bbox 276 4003 1854 4076">
    <p class='ocr_par' dir='ltr' id='par_1_42' title="bbox 276 4003 1854 4076">
     <span class='ocr_line' id='line_1_42' title="bbox 276 4003 1854 4076; baseline 0 -20"><span class='ocrx_word' id='word_1_344' title='bbox 276 4004 430 4057; x_wconf 87' lang='lat' dir='ltr'><strong>homo</strong></span> <span class='ocrx_word' id='word_1_345' title='bbox 457 4006 543 4075; x_wconf 89' lang='lat' dir='ltr'><strong>qui</strong></span> <span class='ocrx_word' id='word_1_346' title='bbox 561 4022 703 4076; x_wconf 82' lang='lat' dir='ltr'><strong>spent</strong></span> <span class='ocrx_word' id='word_1_347' title='bbox 730 4005 878 4059; x_wconf 82' lang='lat' dir='ltr'><strong>habet</strong></span> <span class='ocrx_word' id='word_1_348' title='bbox 906 4007 958 4059; x_wconf 90' lang='lat' dir='ltr'><strong>in</strong></span> <span class='ocrx_word' id='word_1_349' title='bbox 978 4006 1207 4072; x_wconf 86' lang='lat' dir='ltr'><strong>homine,</strong></span> <span class='ocrx_word' id='word_1_350' title='bbox 1235 4015 1281 4058; x_wconf 89' lang='lat' dir='ltr'><strong>et</strong></span> <span class='ocrx_word' id='word_1_351' title='bbox 1303 4005 1475 4073; x_wconf 78' lang='lat' dir='ltr'><strong>ﬁrmat</strong></span> <span class='ocrx_word' id='word_1_352' title='bbox 1502 4019 1706 4056; x_wconf 88' lang='lat' dir='ltr'><strong>carnem</strong></span> <span class='ocrx_word' id='word_1_353' title='bbox 1733 4003 1854 4056; x_wconf 85' lang='lat' dir='ltr'><strong>bra-</strong></span> 
     </span>
    </p>
   </div>
   <div class='ocr_carea' id='block_1_43' title="bbox 273 4091 1850 4167">
    <p class='ocr_par' dir='ltr' id='par_1_43' title="bbox 273 4091 1850 4167">
     <span class='ocr_line' id='line_1_43' title="bbox 273 4091 1850 4167; baseline -0.001 -19"><span class='ocrx_word' id='word_1_354' title='bbox 273 4095 377 4148; x_wconf 84' lang='lat' dir='ltr'><strong>chii</strong></span> <span class='ocrx_word' id='word_1_355' title='bbox 398 4096 497 4159; x_wconf 85' lang='lat' dir='ltr'><strong>sui,</strong></span> <span class='ocrx_word' id='word_1_356' title='bbox 526 4106 573 4149; x_wconf 91' lang='lat' dir='ltr'><strong>et</strong></span> <span class='ocrx_word' id='word_1_357' title='bbox 612 4112 645 4148; x_wconf 92' lang='lat' dir='ltr'><strong>a</strong></span> <span class='ocrx_word' id='word_1_358' title='bbox 685 4095 905 4151; x_wconf 89' lang='lat' dir='ltr'><strong>Domino</strong></span> <span class='ocrx_word' id='word_1_359' title='bbox 945 4095 1152 4149; x_wconf 81' lang='lat' dir='ltr'><strong>discedit</strong></span> <span class='ocrx_word' id='word_1_360' title='bbox 1194 4111 1289 4167; x_wconf 84' lang='lat' dir='ltr'><strong>cor</strong></span> <span class='ocrx_word' id='word_1_361' title='bbox 1314 4097 1423 4166; x_wconf 82' lang='lat' dir='ltr'><strong>ejus</strong></span> <span class='ocrx_word' id='word_1_362' title='bbox 1453 4091 1675 4167; x_wconf 85' lang='lat' dir='ltr'><strong>(Jerem.</strong></span> <span class='ocrx_word' id='word_1_363' title='bbox 1707 4109 1850 4157; x_wconf 77' lang='lat' dir='ltr'><strong>xvu,</strong></span> 
     </span>
    </p>
   </div>
   <div class='ocr_carea' id='block_1_44' title="bbox 273 4184 1847 4257">
    <p class='ocr_par' dir='ltr' id='par_1_44' title="bbox 273 4184 1847 4257">
     <span class='ocr_line' id='line_1_44' title="bbox 273 4184 1847 4257; baseline -0.002 -18"><span class='ocrx_word' id='word_1_364' title='bbox 273 4185 308 4239; x_wconf 81' lang='grc'><strong>5</strong></span> <span class='ocrx_word' id='word_1_365' title='bbox 326 4190 369 4254; x_wconf 84' lang='grc'><strong>).</strong></span> <span class='ocrx_word' id='word_1_366' title='bbox 395 4185 695 4257; x_wconf 87' lang='lat' dir='ltr'><strong>lutelligite,</strong></span> <span class='ocrx_word' id='word_1_367' title='bbox 725 4186 934 4254; x_wconf 84' lang='lat' dir='ltr'><strong>fratres,</strong></span> <span class='ocrx_word' id='word_1_368' title='bbox 956 4186 1057 4241; x_wconf 92' lang='lat' dir='ltr'><strong>hoc</strong></span> <span class='ocrx_word' id='word_1_369' title='bbox 1075 4185 1442 4256; x_wconf 90' lang='lat' dir='ltr'><strong>propheticum</strong></span> <span class='ocrx_word' id='word_1_370' title='bbox 1463 4184 1847 4239; x_wconf 84' lang='lat' dir='ltr'><strong>testimonium.</strong></span> 
     </span>
    </p>
   </div>
   <div class='ocr_carea' id='block_1_45' title="bbox 281 4273 1851 4346">
    <p class='ocr_par' dir='ltr' id='par_1_45' title="bbox 281 4273 1851 4346">
     <span class='ocr_line' id='line_1_45' title="bbox 281 4273 1851 4346; baseline -0.001 -19"><span class='ocrx_word' id='word_1_371' title='bbox 281 4275 413 4343; x_wconf 88' lang='lat' dir='ltr'><strong>Quia</strong></span> <span class='ocrx_word' id='word_1_372' title='bbox 446 4277 588 4330; x_wconf 90' lang='lat' dir='ltr'><strong>enim</strong></span> <span class='ocrx_word' id='word_1_373' title='bbox 617 4292 725 4331; x_wconf 88' lang='lat' dir='ltr'><strong>non</strong></span> <span class='ocrx_word' id='word_1_374' title='bbox 754 4277 884 4330; x_wconf 85' lang='lat' dir='ltr'><strong>dixit</strong></span> <span class='ocrx_word' id='word_1_375' title='bbox 917 4276 1206 4346; x_wconf 87' lang='lat' dir='ltr'><strong>propheta,</strong></span> <span class='ocrx_word' id='word_1_376' title='bbox 1237 4274 1543 4330; x_wconf 81' lang='lat' dir='ltr'><strong>Malcdictus</strong></span> <span class='ocrx_word' id='word_1_377' title='bbox 1573 4273 1733 4327; x_wconf 92' lang='lat' dir='ltr'><strong>homo</strong></span> <span class='ocrx_word' id='word_1_378' title='bbox 1762 4274 1851 4341; x_wconf 89' lang='lat' dir='ltr'><strong>qui</strong></span> 
     </span>
    </p>
   </div>
   <div class='ocr_carea' id='block_1_46' title="bbox 272 4362 1850 4436">
    <p class='ocr_par' dir='ltr' id='par_1_46' title="bbox 272 4362 1850 4436">
     <span class='ocr_line' id='line_1_46' title="bbox 272 4362 1850 4436; baseline -0.003 -16"><span class='ocrx_word' id='word_1_379' title='bbox 272 4380 426 4435; x_wconf 84' lang='lat' dir='ltr'><strong>spent</strong></span> <span class='ocrx_word' id='word_1_380' title='bbox 455 4365 619 4421; x_wconf 84' lang='lat' dir='ltr'><strong>habet</strong></span> <span class='ocrx_word' id='word_1_381' title='bbox 650 4367 700 4420; x_wconf 89' lang='lat' dir='ltr'><strong>in</strong></span> <span class='ocrx_word' id='word_1_382' title='bbox 738 4381 797 4421; x_wconf 89' lang='lat' dir='ltr'><strong>se</strong></span> <span class='ocrx_word' id='word_1_383' title='bbox 824 4367 970 4435; x_wconf 91' lang='lat' dir='ltr'><strong>ipso;</strong></span> <span class='ocrx_word' id='word_1_384' title='bbox 1022 4376 1203 4436; x_wconf 84' lang='lat' dir='ltr'><strong>posset</strong></span> <span class='ocrx_word' id='word_1_385' title='bbox 1230 4365 1384 4419; x_wconf 86' lang='lat' dir='ltr'><strong>alicui</strong></span> <span class='ocrx_word' id='word_1_386' title='bbox 1425 4364 1589 4418; x_wconf 81' lang='lat' dir='ltr'><strong>videri</strong></span> <span class='ocrx_word' id='word_1_387' title='bbox 1624 4363 1742 4416; x_wconf 81' lang='lat' dir='ltr'><strong>ideo</strong></span> <span class='ocrx_word' id='word_1_388' title='bbox 1762 4362 1850 4416; x_wconf 78' lang='grc' dir='ltr'><strong>(ὶί-</strong></span> 
     </span>
    </p>
   </div>
   <div class='ocr_carea' id='block_1_47' title="bbox 268 4452 1843 4526">
    <p class='ocr_par' dir='ltr' id='par_1_47' title="bbox 268 4452 1843 4526">
     <span class='ocr_line' id='line_1_47' title="bbox 268 4452 1843 4526; baseline -0.004 -15"><span class='ocrx_word' id='word_1_389' title='bbox 268 4466 415 4511; x_wconf 84' lang='lat' dir='ltr'><strong>ctum</strong></span> <span class='ocrx_word' id='word_1_390' title='bbox 441 4472 579 4522; x_wconf 90' lang='lat' dir='ltr'><strong>esse,</strong></span> <span class='ocrx_word' id='word_1_391' title='bbox 605 4457 908 4511; x_wconf 81' lang='lat' dir='ltr'><strong>Maledictus</strong></span> <span class='ocrx_word' id='word_1_392' title='bbox 924 4458 1072 4510; x_wconf 87' lang='lat' dir='ltr'><strong>homo</strong></span> <span class='ocrx_word' id='word_1_393' title='bbox 1094 4456 1180 4526; x_wconf 88' lang='lat' dir='ltr'><strong>qui</strong></span> <span class='ocrx_word' id='word_1_394' title='bbox 1206 4471 1347 4526; x_wconf 80' lang='lat' dir='ltr'><strong>spem</strong></span> <span class='ocrx_word' id='word_1_395' title='bbox 1362 4452 1512 4507; x_wconf 85' lang='lat' dir='ltr'><strong>habet</strong></span> <span class='ocrx_word' id='word_1_396' title='bbox 1539 4453 1592 4506; x_wconf 87' lang='lat' dir='ltr'><strong>in</strong></span> <span class='ocrx_word' id='word_1_397' title='bbox 1622 4452 1843 4516; x_wconf 81' lang='lat' dir='ltr'><strong>homine,</strong></span> 
     </span>
    </p>
   </div>
   <div class='ocr_carea' id='block_1_48' title="bbox 271 4540 1847 4613">
    <p class='ocr_par' dir='ltr' id='par_1_48' title="bbox 271 4540 1847 4613">
     <span class='ocr_line' id='line_1_48' title="bbox 271 4540 1847 4613; baseline -0.004 -12"><span class='ocrx_word' id='word_1_398' title='bbox 271 4557 332 4601; x_wconf 89' lang='lat' dir='ltr'><strong>ut</strong></span> <span class='ocrx_word' id='word_1_399' title='bbox 380 4562 540 4600; x_wconf 83' lang='lat' dir='ltr'><strong>nemo</strong></span> <span class='ocrx_word' id='word_1_400' title='bbox 584 4546 775 4601; x_wconf 85' lang='lat' dir='ltr'><strong>habeat</strong></span> <span class='ocrx_word' id='word_1_401' title='bbox 812 4560 961 4613; x_wconf 78' lang='lat' dir='ltr'><strong>Spem</strong></span> <span class='ocrx_word' id='word_1_402' title='bbox 993 4546 1045 4599; x_wconf 94' lang='lat' dir='ltr'><strong>in</strong></span> <span class='ocrx_word' id='word_1_403' title='bbox 1074 4545 1244 4599; x_wconf 88' lang='lat' dir='ltr'><strong>altero</strong></span> <span class='ocrx_word' id='word_1_404' title='bbox 1269 4543 1485 4598; x_wconf 84' lang='lat' dir='ltr'><strong>homine</strong></span> <span class='ocrx_word' id='word_1_405' title='bbox 1508 4584 1523 4607; x_wconf 91' lang='lat'><strong>,</strong></span> <span class='ocrx_word' id='word_1_406' title='bbox 1555 4540 1648 4597; x_wconf 90' lang='lat' dir='ltr'><strong>sed</strong></span> <span class='ocrx_word' id='word_1_407' title='bbox 1689 4543 1740 4596; x_wconf 91' lang='lat' dir='ltr'><strong>in</strong></span> <span class='ocrx_word' id='word_1_408' title='bbox 1766 4556 1847 4596; x_wconf 87' lang='lat' dir='ltr'><strong>se.</strong></span> 
     </span>
    </p>
   </div>
   <div class='ocr_carea' id='block_1_49' title="bbox 274 4631 1851 4705">
    <p class='ocr_par' dir='ltr' id='par_1_49' title="bbox 274 4631 1851 4705">
     <span class='ocr_line' id='line_1_49' title="bbox 274 4631 1851 4705; baseline -0.004 -14"><span class='ocrx_word' id='word_1_409' title='bbox 274 4636 347 4692; x_wconf 88' lang='lat' dir='ltr'><strong>Ut</strong></span> <span class='ocrx_word' id='word_1_410' title='bbox 388 4651 517 4705; x_wconf 78' lang='lat' dir='ltr'><strong>ergo</strong></span> <span class='ocrx_word' id='word_1_411' title='bbox 544 4636 850 4690; x_wconf 85' lang='lat' dir='ltr'><strong>ostenderet</strong></span> <span class='ocrx_word' id='word_1_412' title='bbox 887 4635 966 4689; x_wconf 88' lang='lat' dir='ltr'><strong>sic</strong></span> <span class='ocrx_word' id='word_1_413' title='bbox 1003 4649 1062 4689; x_wconf 90' lang='lat' dir='ltr'><strong>se</strong></span> <span class='ocrx_word' id='word_1_414' title='bbox 1090 4632 1430 4688; x_wconf 84' lang='lat' dir='ltr'><strong>admonuisse</strong></span> <span class='ocrx_word' id='word_1_415' title='bbox 1458 4631 1728 4686; x_wconf 86' lang='lat' dir='ltr'><strong>hominem</strong></span> <span class='ocrx_word' id='word_1_416' title='bbox 1751 4672 1765 4696; x_wconf 89' lang='lat'><strong>,</strong></span> <span class='ocrx_word' id='word_1_417' title='bbox 1795 4640 1851 4685; x_wconf 91' lang='lat' dir='ltr'><strong>ut</strong></span> 
     </span>
    </p>
   </div>
   <div class='ocr_carea' id='block_1_50' title="bbox 268 4722 1846 4796">
    <p class='ocr_par' dir='ltr' id='par_1_50' title="bbox 268 4722 1846 4796">
     <span class='ocr_line' id='line_1_50' title="bbox 268 4722 1846 4796; baseline -0.003 -15"><span class='ocrx_word' id='word_1_418' title='bbox 268 4741 371 4781; x_wconf 89' lang='lat' dir='ltr'><strong>nec</strong></span> <span class='ocrx_word' id='word_1_419' title='bbox 400 4727 529 4781; x_wconf 88' lang='lat' dir='ltr'><strong>inse</strong></span> <span class='ocrx_word' id='word_1_420' title='bbox 554 4731 668 4796; x_wconf 89' lang='lat' dir='ltr'><strong>Ipso</strong></span> <span class='ocrx_word' id='word_1_421' title='bbox 687 4727 905 4780; x_wconf 88' lang='lat' dir='ltr'><strong>haberet</strong></span> <span class='ocrx_word' id='word_1_422' title='bbox 945 4740 1125 4794; x_wconf 84' lang='lat' dir='ltr'><strong>spem;</strong></span> <span class='ocrx_word' id='word_1_423' title='bbox 1151 4733 1432 4794; x_wconf 88' lang='lat' dir='ltr'><strong>propterea</strong></span> <span class='ocrx_word' id='word_1_424' title='bbox 1452 4738 1575 4778; x_wconf 92' lang='lat' dir='ltr'><strong>cum</strong></span> <span class='ocrx_word' id='word_1_425' title='bbox 1604 4722 1846 4788; x_wconf 80' lang='lat' dir='ltr'><strong>dixisset,</strong></span> 
     </span>
    </p>
   </div>
   <div class='ocr_carea' id='block_1_51' title="bbox 268 4814 1867 4887">
    <p class='ocr_par' dir='ltr' id='par_1_51' title="bbox 268 4814 1867 4887">
     <span class='ocr_line' id='line_1_51' title="bbox 268 4814 1867 4887; baseline -0.001 -17"><span class='ocrx_word' id='word_1_426' title='bbox 268 4815 575 4870; x_wconf 71' lang='lat' dir='ltr'><strong>Maledicta:</strong></span> <span class='ocrx_word' id='word_1_427' title='bbox 629 4817 776 4870; x_wconf 85' lang='lat' dir='ltr'><strong>homo</strong></span> <span class='ocrx_word' id='word_1_428' title='bbox 824 4816 911 4887; x_wconf 91' lang='lat' dir='ltr'><strong>qui</strong></span> <span class='ocrx_word' id='word_1_429' title='bbox 957 4831 1100 4886; x_wconf 81' lang='lat' dir='ltr'><strong>spem</strong></span> <span class='ocrx_word' id='word_1_430' title='bbox 1152 4815 1297 4869; x_wconf 83' lang='lat' dir='ltr'><strong>habet</strong></span> <span class='ocrx_word' id='word_1_431' title='bbox 1351 4815 1405 4867; x_wconf 88' lang='lat' dir='ltr'><strong>in</strong></span> <span class='ocrx_word' id='word_1_432' title='bbox 1460 4814 1679 4877; x_wconf 86' lang='lat' dir='ltr'><strong>homine,</strong></span> <span class='ocrx_word' id='word_1_433' title='bbox 1724 4827 1867 4868; x_wconf 70' lang='lat' dir='ltr'><strong>mor</strong></span> 
     </span>
    </p>
   </div>
   <div class='ocr_carea' id='block_1_52' title="bbox 266 4903 1846 4978">
    <p class='ocr_par' dir='ltr' id='par_1_52' title="bbox 266 4903 1846 4978">
     <span class='ocr_line' id='line_1_52' title="bbox 266 4903 1846 4978; baseline -0.003 -15"><span class='ocrx_word' id='word_1_434' title='bbox 266 4909 493 4975; x_wconf 83' lang='lat' dir='ltr'><strong>addidit,</strong></span> <span class='ocrx_word' id='word_1_435' title='bbox 518 4917 566 4963; x_wconf 86' lang='lat' dir='ltr'><strong>et</strong></span> <span class='ocrx_word' id='word_1_436' title='bbox 591 4910 762 4978; x_wconf 82' lang='lat' dir='ltr'><strong>ﬁrmat</strong></span> <span class='ocrx_word' id='word_1_437' title='bbox 811 4924 1016 4962; x_wconf 87' lang='lat' dir='ltr'><strong>carnem</strong></span> <span class='ocrx_word' id='word_1_438' title='bbox 1055 4907 1247 4961; x_wconf 86' lang='lat' dir='ltr'><strong>brachii</strong></span> <span class='ocrx_word' id='word_1_439' title='bbox 1292 4906 1390 4960; x_wconf 87' lang='lat' dir='ltr'><strong>sui.</strong></span> <span class='ocrx_word' id='word_1_440' title='bbox 1442 4903 1723 4960; x_wconf 87' lang='lat' dir='ltr'><strong>Brachiutu</strong></span> <span class='ocrx_word' id='word_1_441' title='bbox 1750 4920 1846 4974; x_wconf 90' lang='lat' dir='ltr'><strong>pro</strong></span> 
     </span>
    </p>
   </div>
   <div class='ocr_carea' id='block_1_53' title="bbox 271 5000 1847 5073">
    <p class='ocr_par' dir='ltr' id='par_1_53' title="bbox 271 5000 1847 5073">
     <span class='ocr_line' id='line_1_53' title="bbox 271 5000 1847 5073; baseline -0.001 -18"><span class='ocrx_word' id='word_1_442' title='bbox 271 5003 506 5072; x_wconf 81' lang='lat' dir='ltr'><strong>potentia</strong></span> <span class='ocrx_word' id='word_1_443' title='bbox 544 5005 720 5073; x_wconf 92' lang='lat' dir='ltr'><strong>posuit</strong></span> <span class='ocrx_word' id='word_1_444' title='bbox 765 5002 1041 5072; x_wconf 88' lang='lat' dir='ltr'><strong>operandi.</strong></span> <span class='ocrx_word' id='word_1_445' title='bbox 1080 5001 1136 5057; x_wconf 92' lang='lat' dir='ltr'><strong>ln</strong></span> <span class='ocrx_word' id='word_1_446' title='bbox 1181 5002 1397 5057; x_wconf 87' lang='lat' dir='ltr'><strong>nomine</strong></span> <span class='ocrx_word' id='word_1_447' title='bbox 1439 5010 1615 5055; x_wconf 90' lang='lat' dir='ltr'><strong>autem</strong></span> <span class='ocrx_word' id='word_1_448' title='bbox 1668 5000 1847 5055; x_wconf 89' lang='lat' dir='ltr'><strong>carnis</strong></span> 
     </span>
    </p>
   </div>
   <div class='ocr_carea' id='block_1_54' title="bbox 277 5090 1845 5163">
    <p class='ocr_par' dir='ltr' id='par_1_54' title="bbox 277 5090 1845 5163">
     <span class='ocr_line' id='line_1_54' title="bbox 277 5090 1845 5163; baseline -0.001 -18"><span class='ocrx_word' id='word_1_449' title='bbox 277 5090 625 5162; x_wconf 73' lang='lat' dir='ltr'><strong>intelligenda</strong></span> <span class='ocrx_word' id='word_1_450' title='bbox 647 5102 729 5146; x_wconf 88' lang='lat' dir='ltr'><strong>est</strong></span> <span class='ocrx_word' id='word_1_451' title='bbox 756 5091 985 5146; x_wconf 89' lang='lat' dir='ltr'><strong>humana</strong></span> <span class='ocrx_word' id='word_1_452' title='bbox 1015 5091 1289 5163; x_wconf 79' lang='lat' dir='ltr'><strong>fragilitas.</strong></span> <span class='ocrx_word' id='word_1_453' title='bbox 1315 5093 1392 5146; x_wconf 84' lang='lat' dir='ltr'><strong>Ac</strong></span> <span class='ocrx_word' id='word_1_454' title='bbox 1420 5106 1517 5161; x_wconf 88' lang='lat' dir='ltr'><strong>per</strong></span> <span class='ocrx_word' id='word_1_455' title='bbox 1540 5090 1641 5145; x_wconf 91' lang='lat' dir='ltr'><strong>hoc</strong></span> <span class='ocrx_word' id='word_1_456' title='bbox 1669 5090 1845 5144; x_wconf 83' lang='lat' dir='ltr'><strong>firmat</strong></span> 
     </span>
    </p>
   </div>
   <div class='ocr_carea' id='block_1_55' title="bbox 264 5182 1841 5253">
    <p class='ocr_par' dir='ltr' id='par_1_55' title="bbox 264 5182 1841 5253">
     <span class='ocr_line' id='line_1_55' title="bbox 264 5182 1841 5253; baseline 0 -17"><span class='ocrx_word' id='word_1_457' title='bbox 264 5198 484 5236; x_wconf 83' lang='lat' dir='ltr'><strong>carnem</strong></span> <span class='ocrx_word' id='word_1_458' title='bbox 513 5182 714 5237; x_wconf 89' lang='lat' dir='ltr'><strong>brachii</strong></span> <span class='ocrx_word' id='word_1_459' title='bbox 740 5184 844 5247; x_wconf 89' lang='lat' dir='ltr'><strong>sui,</strong></span> <span class='ocrx_word' id='word_1_460' title='bbox 874 5184 961 5252; x_wconf 90' lang='lat' dir='ltr'><strong>qui</strong></span> <span class='ocrx_word' id='word_1_461' title='bbox 986 5185 1273 5253; x_wconf 88' lang='lat' dir='ltr'><strong>potentiam</strong></span> <span class='ocrx_word' id='word_1_462' title='bbox 1297 5182 1533 5253; x_wconf 83' lang='lat' dir='ltr'><strong>fragilem</strong></span> <span class='ocrx_word' id='word_1_463' title='bbox 1561 5193 1722 5253; x_wconf 88' lang='lat' dir='ltr'><strong>atque</strong></span> <span class='ocrx_word' id='word_1_464' title='bbox 1750 5182 1841 5237; x_wconf 86' lang='lat' dir='ltr'><strong>in-</strong></span> 
     </span>
    </p>
   </div>
   <div class='ocr_carea' id='block_1_56' title="bbox 260 5274 1844 5344">
    <p class='ocr_par' dir='ltr' id='par_1_56' title="bbox 260 5274 1844 5344">
     <span class='ocr_line' id='line_1_56' title="bbox 260 5274 1844 5344; baseline 0.002 -19"><span class='ocrx_word' id='word_1_465' title='bbox 260 5274 518 5341; x_wconf 59' lang='lat' dir='ltr'><strong>validam,</strong></span> <span class='ocrx_word' id='word_1_466' title='bbox 547 5274 598 5329; x_wconf 89' lang='lat' dir='ltr'><strong>id</strong></span> <span class='ocrx_word' id='word_1_467' title='bbox 628 5285 711 5330; x_wconf 87' lang='lat' dir='ltr'><strong>cst</strong></span> <span class='ocrx_word' id='word_1_468' title='bbox 734 5276 1039 5339; x_wconf 85' lang='lat' dir='ltr'><strong>humanam,</strong></span> <span class='ocrx_word' id='word_1_469' title='bbox 1067 5275 1165 5330; x_wconf 86' lang='lat' dir='ltr'><strong>sibi</strong></span> <span class='ocrx_word' id='word_1_470' title='bbox 1193 5275 1439 5331; x_wconf 87' lang='lat' dir='ltr'><strong>sufficere</strong></span> <span class='ocrx_word' id='word_1_471' title='bbox 1460 5275 1525 5330; x_wconf 86' lang='lat' dir='ltr'><strong>ad</strong></span> <span class='ocrx_word' id='word_1_472' title='bbox 1558 5275 1695 5330; x_wconf 84' lang='lat' dir='ltr'><strong>bene</strong></span> <span class='ocrx_word' id='word_1_473' title='bbox 1716 5289 1844 5344; x_wconf 88' lang='lat' dir='ltr'><strong>ope-</strong></span> 
     </span>
    </p>
   </div>
   <div class='ocr_carea' id='block_1_57' title="bbox 264 5350 1838 5437">
    <p class='ocr_par' dir='ltr' id='par_1_57' title="bbox 264 5350 1838 5437">
     <span class='ocr_line' id='line_1_57' title="bbox 264 5350 1838 5437; baseline -0.001 -15"><span class='ocrx_word' id='word_1_474' title='bbox 264 5366 486 5422; x_wconf 75' lang='lat' dir='ltr'><strong>rantium</strong></span> <span class='ocrx_word' id='word_1_475' title='bbox 539 5374 725 5437; x_wconf 91' lang='lat' dir='ltr'><strong>putat,</strong></span> <span class='ocrx_word' id='word_1_476' title='bbox 779 5382 878 5422; x_wconf 91' lang='lat' dir='ltr'><strong>nec</strong></span> <span class='ocrx_word' id='word_1_477' title='bbox 923 5367 1243 5437; x_wconf 90' lang='lat' dir='ltr'><strong>adjutorium</strong></span> <span class='ocrx_word' id='word_1_478' title='bbox 1298 5378 1478 5437; x_wconf 89' lang='lat' dir='ltr'><strong>sperat</strong></span> <span class='ocrx_word' id='word_1_479' title='bbox 1523 5382 1552 5421; x_wconf 90' lang='lat' dir='ltr'><strong>a</strong></span> <span class='ocrx_word' id='word_1_480' title='bbox 1595 5350 1838 5422; x_wconf 59' lang='lat' dir='ltr'><strong>Domini).</strong></span> 
     </span>
    </p>
   </div>
   <div class='ocr_carea' id='block_1_58' title="bbox 326 5606 987 5669">
    <p class='ocr_par' dir='ltr' id='par_1_58' title="bbox 326 5606 987 5669">
     <span class='ocr_line' id='line_1_58' title="bbox 326 5606 987 5669; baseline 0.003 -17"><span class='ocrx_word' id='word_1_481' title='bbox 326 5608 339 5635; x_wconf 83' lang='lat'>&#39;</span> <span class='ocrx_word' id='word_1_482' title='bbox 367 5606 501 5664; x_wconf 72' lang='lat' dir='ltr'><strong>riditi,</strong></span> <span class='ocrx_word' id='word_1_483' title='bbox 521 5606 665 5669; x_wconf 78' lang='lat' dir='ltr'><strong>quod.</strong></span> <span class='ocrx_word' id='word_1_484' title='bbox 693 5616 817 5668; x_wconf 65' lang='lat'><strong>“55.,</strong></span> <span class='ocrx_word' id='word_1_485' title='bbox 852 5608 987 5669; x_wconf 76' lang='lat' dir='ltr'><strong>quid.</strong></span> 
     </span>
    </p>
   </div>
   <div class='ocr_carea' id='block_1_59' title="bbox 1709 223 2149 285">
    <p class='ocr_par' dir='ltr' id='par_1_59' title="bbox 1709 223 2149 285">
     <span class='ocr_line' id='line_1_59' title="bbox 1709 223 2149 285; baseline 0.002 -6"><span class='ocrx_word' id='word_1_486' title='bbox 1709 223 1906 281; x_wconf 68' lang='lat' dir='ltr'><strong>LIBER</strong></span> <span class='ocrx_word' id='word_1_487' title='bbox 1947 225 2149 285; x_wconf 73' lang='lat' dir='ltr'><strong>UNUS.</strong></span> 
     </span>
    </p>
   </div>
   <div class='ocr_carea' id='block_1_60' title="bbox 3468 234 3570 289">
    <p class='ocr_par' dir='ltr' id='par_1_60' title="bbox 3468 234 3570 289">
     <span class='ocr_line' id='line_1_60' title="bbox 3468 234 3570 289; baseline -0.01 0"><span class='ocrx_word' id='word_1_488' title='bbox 3468 234 3570 289; x_wconf 71' lang='lat'><strong>836</strong></span> 
     </span>
    </p>
   </div>
   <div class='ocr_carea' id='block_1_61' title="bbox 1994 338 3569 418">
    <p class='ocr_par' dir='ltr' id='par_1_61' title="bbox 1994 338 3569 418">
     <span class='ocr_line' id='line_1_61' title="bbox 1994 338 3569 418; baseline 0.007 -27"><span class='ocrx_word' id='word_1_489' title='bbox 1994 338 2278 408; x_wconf 86' lang='lat' dir='ltr'><strong>Propterea</strong></span> <span class='ocrx_word' id='word_1_490' title='bbox 2322 339 2552 413; x_wconf 85' lang='lat' dir='ltr'><strong>subjecit</strong></span> <span class='ocrx_word' id='word_1_491' title='bbox 2580 343 2619 410; x_wconf 81' lang='lat'><strong>&#39;,</strong></span> <span class='ocrx_word' id='word_1_492' title='bbox 2673 352 2718 396; x_wconf 90' lang='lat' dir='ltr'><strong>et</strong></span> <span class='ocrx_word' id='word_1_493' title='bbox 2753 359 2785 397; x_wconf 94' lang='lat' dir='ltr'><strong>a</strong></span> <span class='ocrx_word' id='word_1_494' title='bbox 2828 341 3044 398; x_wconf 90' lang='lat' dir='ltr'><strong>Domino</strong></span> <span class='ocrx_word' id='word_1_495' title='bbox 3079 344 3289 400; x_wconf 83' lang='lat' dir='ltr'><strong>discedit</strong></span> <span class='ocrx_word' id='word_1_496' title='bbox 3319 361 3408 400; x_wconf 78' lang='lat' dir='ltr'><strong>cor</strong></span> <span class='ocrx_word' id='word_1_497' title='bbox 3436 349 3569 418; x_wconf 86' lang='lat' dir='ltr'><strong>ejus.</strong></span> 
     </span>
    </p>
   </div>
   <div class='ocr_carea' id='block_1_62' title="bbox 1989 428 3572 504">
    <p class='ocr_par' dir='ltr' id='par_1_62' title="bbox 1989 428 3572 504">
     <span class='ocr_line' id='line_1_62' title="bbox 1989 428 3572 504; baseline 0.003 -19"><span class='ocrx_word' id='word_1_498' title='bbox 1989 428 2131 486; x_wconf 86' lang='lat' dir='ltr'><strong>Talis</strong></span> <span class='ocrx_word' id='word_1_499' title='bbox 2162 440 2243 486; x_wconf 85' lang='lat' dir='ltr'><strong>est</strong></span> <span class='ocrx_word' id='word_1_500' title='bbox 2291 432 2507 488; x_wconf 64' lang='lat' dir='ltr'><strong>haeresis</strong></span> <span class='ocrx_word' id='word_1_501' title='bbox 2554 433 2833 504; x_wconf 83' lang='lat' dir='ltr'><strong>Pelagiana</strong></span> <span class='ocrx_word' id='word_1_502' title='bbox 2860 475 2875 499; x_wconf 91' lang='lat'><strong>,</strong></span> <span class='ocrx_word' id='word_1_503' title='bbox 2909 449 3013 488; x_wconf 89' lang='lat' dir='ltr'><strong>non</strong></span> <span class='ocrx_word' id='word_1_504' title='bbox 3041 435 3253 504; x_wconf 91' lang='lat' dir='ltr'><strong>antiqua</strong></span> <span class='ocrx_word' id='word_1_505' title='bbox 3279 474 3296 502; x_wconf 92' lang='lat'><strong>,</strong></span> <span class='ocrx_word' id='word_1_506' title='bbox 3325 433 3419 490; x_wconf 92' lang='lat' dir='ltr'><strong>sed</strong></span> <span class='ocrx_word' id='word_1_507' title='bbox 3449 445 3572 491; x_wconf 88' lang='lat' dir='ltr'><strong>ante</strong></span> 
     </span>
    </p>
   </div>
   <div class='ocr_carea' id='block_1_63' title="bbox 1989 522 3570 593">
    <p class='ocr_par' dir='ltr' id='par_1_63' title="bbox 1989 522 3570 593">
     <span class='ocr_line' id='line_1_63' title="bbox 1989 522 3570 593; baseline 0.002 -19"><span class='ocrx_word' id='word_1_508' title='bbox 1989 536 2093 574; x_wconf 88' lang='lat' dir='ltr'><strong>nou</strong></span> <span class='ocrx_word' id='word_1_509' title='bbox 2130 522 2353 577; x_wconf 89' lang='lat' dir='ltr'><strong>multum</strong></span> <span class='ocrx_word' id='word_1_510' title='bbox 2402 530 2613 593; x_wconf 89' lang='lat' dir='ltr'><strong>tempus</strong></span> <span class='ocrx_word' id='word_1_511' title='bbox 2652 533 2834 579; x_wconf 86' lang='lat' dir='ltr'><strong>exorta</strong></span> <span class='ocrx_word' id='word_1_512' title='bbox 2870 540 2883 577; x_wconf 91' lang='lat'><strong>:</strong></span> <span class='ocrx_word' id='word_1_513' title='bbox 2925 534 3107 577; x_wconf 83' lang='lat' dir='ltr'><strong>contra</strong></span> <span class='ocrx_word' id='word_1_514' title='bbox 3135 539 3291 593; x_wconf 90' lang='lat' dir='ltr'><strong>quam</strong></span> <span class='ocrx_word' id='word_1_515' title='bbox 3322 522 3570 580; x_wconf 77' lang='lat' dir='ltr'><strong>haeresim</strong></span> 
     </span>
    </p>
   </div>
   <div class='ocr_carea' id='block_1_64' title="bbox 1986 610 3564 685">
    <p class='ocr_par' dir='ltr' id='par_1_64' title="bbox 1986 610 3564 685">
     <span class='ocr_line' id='line_1_64' title="bbox 1986 610 3564 685; baseline 0 -17"><span class='ocrx_word' id='word_1_516' title='bbox 1986 625 2105 668; x_wconf 83' lang='lat' dir='ltr'><strong>eum</strong></span> <span class='ocrx_word' id='word_1_517' title='bbox 2151 612 2335 669; x_wconf 90' lang='lat' dir='ltr'><strong>fuisset</strong></span> <span class='ocrx_word' id='word_1_518' title='bbox 2375 610 2574 669; x_wconf 91' lang='lat' dir='ltr'><strong>diutius</strong></span> <span class='ocrx_word' id='word_1_519' title='bbox 2621 613 2981 685; x_wconf 89' lang='lat' dir='ltr'><strong>disputatum,</strong></span> <span class='ocrx_word' id='word_1_520' title='bbox 3032 612 3191 668; x_wconf 91' lang='lat' dir='ltr'><strong>etiam</strong></span> <span class='ocrx_word' id='word_1_521' title='bbox 3233 613 3300 669; x_wconf 89' lang='lat' dir='ltr'><strong>ad</strong></span> <span class='ocrx_word' id='word_1_522' title='bbox 3342 616 3564 669; x_wconf 90' lang='lat' dir='ltr'><strong>concilia</strong></span> 
     </span>
    </p>
   </div>
   <div class='ocr_carea' id='block_1_65' title="bbox 1986 704 3569 775">
    <p class='ocr_par' dir='ltr' id='par_1_65' title="bbox 1986 704 3569 775">
     <span class='ocr_line' id='line_1_65' title="bbox 1986 704 3569 775; baseline 0 -17"><span class='ocrx_word' id='word_1_523' title='bbox 1986 704 2306 773; x_wconf 89' lang='lat' dir='ltr'><strong>episcopalia</strong></span> <span class='ocrx_word' id='word_1_524' title='bbox 2360 705 2647 760; x_wconf 90' lang='lat' dir='ltr'><strong>novissima</strong></span> <span class='ocrx_word' id='word_1_525' title='bbox 2704 705 3023 760; x_wconf 85' lang='lat' dir='ltr'><strong>necessitate</strong></span> <span class='ocrx_word' id='word_1_526' title='bbox 3093 714 3405 775; x_wconf 88' lang='lat' dir='ltr'><strong>perventum</strong></span> <span class='ocrx_word' id='word_1_527' title='bbox 3452 715 3569 769; x_wconf 86' lang='lat' dir='ltr'><strong>est;</strong></span> 
     </span>
    </p>
   </div>
   <div class='ocr_carea' id='block_1_66' title="bbox 1986 790 3568 865">
    <p class='ocr_par' dir='ltr' id='par_1_66' title="bbox 1986 790 3568 865">
     <span class='ocr_line' id='line_1_66' title="bbox 1986 790 3568 865; baseline -0.001 -16"><span class='ocrx_word' id='word_1_528' title='bbox 1986 790 2129 849; x_wconf 87' lang='lat' dir='ltr'><strong>unde</strong></span> <span class='ocrx_word' id='word_1_529' title='bbox 2167 794 2339 862; x_wconf 89' lang='lat' dir='ltr'><strong>vobis,</strong></span> <span class='ocrx_word' id='word_1_530' title='bbox 2387 810 2494 850; x_wconf 91' lang='lat' dir='ltr'><strong>non</strong></span> <span class='ocrx_word' id='word_1_531' title='bbox 2538 794 2751 865; x_wconf 89' lang='lat' dir='ltr'><strong>quidem</strong></span> <span class='ocrx_word' id='word_1_532' title='bbox 2786 793 2988 862; x_wconf 88' lang='lat' dir='ltr'><strong>omnia,</strong></span> <span class='ocrx_word' id='word_1_533' title='bbox 3028 794 3123 849; x_wconf 89' lang='lat' dir='ltr'><strong>sed</strong></span> <span class='ocrx_word' id='word_1_534' title='bbox 3171 804 3349 849; x_wconf 90' lang='lat' dir='ltr'><strong>tamen</strong></span> <span class='ocrx_word' id='word_1_535' title='bbox 3394 794 3568 864; x_wconf 88' lang='lat' dir='ltr'><strong>aliqua</strong></span> 
     </span>
    </p>
   </div>
   <div class='ocr_carea' id='block_1_67' title="bbox 1985 884 3567 956">
    <p class='ocr_par' dir='ltr' id='par_1_67' title="bbox 1985 884 3567 956">
     <span class='ocr_line' id='line_1_67' title="bbox 1985 884 3567 956; baseline -0.001 -17"><span class='ocrx_word' id='word_1_536' title='bbox 1985 885 2207 955; x_wconf 83' lang='lat' dir='ltr'><strong>legenda</strong></span> <span class='ocrx_word' id='word_1_537' title='bbox 2244 885 2442 941; x_wconf 84' lang='lat' dir='ltr'><strong>direxi.</strong></span> <span class='ocrx_word' id='word_1_538' title='bbox 2480 884 2589 940; x_wconf 87' lang='lat' dir='ltr'><strong>Nos</strong></span> <span class='ocrx_word' id='word_1_539' title='bbox 2618 900 2747 956; x_wconf 90' lang='lat' dir='ltr'><strong>ergo</strong></span> <span class='ocrx_word' id='word_1_540' title='bbox 2790 884 2856 938; x_wconf 89' lang='lat' dir='ltr'><strong>ad</strong></span> <span class='ocrx_word' id='word_1_541' title='bbox 2895 885 3033 940; x_wconf 92' lang='lat' dir='ltr'><strong>bene</strong></span> <span class='ocrx_word' id='word_1_542' title='bbox 3060 884 3389 955; x_wconf 88' lang='lat' dir='ltr'><strong>operandum</strong></span> <span class='ocrx_word' id='word_1_543' title='bbox 3418 900 3567 954; x_wconf 90' lang='lat' dir='ltr'><strong>spem</strong></span> 
     </span>
    </p>
   </div>
   <div class='ocr_carea' id='block_1_68' title="bbox 1984 973 3565 1041">
    <p class='ocr_par' dir='ltr' id='par_1_68' title="bbox 1984 973 3565 1041">
     <span class='ocr_line' id='line_1_68' title="bbox 1984 973 3565 1041; baseline -0.001 -14"><span class='ocrx_word' id='word_1_544' title='bbox 1984 989 2089 1028; x_wconf 88' lang='lat' dir='ltr'><strong>non</strong></span> <span class='ocrx_word' id='word_1_545' title='bbox 2136 974 2423 1029; x_wconf 90' lang='lat' dir='ltr'><strong>habeamus</strong></span> <span class='ocrx_word' id='word_1_546' title='bbox 2452 974 2506 1028; x_wconf 93' lang='lat' dir='ltr'><strong>in</strong></span> <span class='ocrx_word' id='word_1_547' title='bbox 2538 973 2752 1029; x_wconf 88' lang='lat' dir='ltr'><strong>homine</strong></span> <span class='ocrx_word' id='word_1_548' title='bbox 2778 1015 2794 1041; x_wconf 97' lang='lat'><strong>,</strong></span> <span class='ocrx_word' id='word_1_549' title='bbox 2822 974 3095 1029; x_wconf 78' lang='lat' dir='ltr'><strong>ﬁrmantes</strong></span> <span class='ocrx_word' id='word_1_550' title='bbox 3118 988 3332 1029; x_wconf 88' lang='lat' dir='ltr'><strong>carnem</strong></span> <span class='ocrx_word' id='word_1_551' title='bbox 3364 973 3565 1029; x_wconf 87' lang='lat' dir='ltr'><strong>brachii</strong></span> 
     </span>
    </p>
   </div>
   <div class='ocr_carea' id='block_1_69' title="bbox 1984 1064 3564 1132">
    <p class='ocr_par' dir='ltr' id='par_1_69' title="bbox 1984 1064 3564 1132">
     <span class='ocr_line' id='line_1_69' title="bbox 1984 1064 3564 1132; baseline 0 -12"><span class='ocrx_word' id='word_1_552' title='bbox 1984 1066 2152 1120; x_wconf 71' lang='lat' dir='ltr'><strong>nostri</strong></span> <span class='ocrx_word' id='word_1_553' title='bbox 2182 1084 2195 1120; x_wconf 93' lang='lat'><strong>:</strong></span> <span class='ocrx_word' id='word_1_554' title='bbox 2226 1081 2325 1121; x_wconf 89' lang='lat' dir='ltr'><strong>nec</strong></span> <span class='ocrx_word' id='word_1_555' title='bbox 2352 1081 2382 1119; x_wconf 91' lang='lat' dir='ltr'><strong>a</strong></span> <span class='ocrx_word' id='word_1_556' title='bbox 2409 1065 2635 1120; x_wconf 91' lang='lat' dir='ltr'><strong>Domino</strong></span> <span class='ocrx_word' id='word_1_557' title='bbox 2680 1064 2923 1123; x_wconf 85' lang='lat' dir='ltr'><strong>discedat</strong></span> <span class='ocrx_word' id='word_1_558' title='bbox 2960 1080 3054 1120; x_wconf 90' lang='lat' dir='ltr'><strong>cor</strong></span> <span class='ocrx_word' id='word_1_559' title='bbox 3080 1076 3360 1132; x_wconf 86' lang='lat' dir='ltr'><strong>nostrum;</strong></span> <span class='ocrx_word' id='word_1_560' title='bbox 3390 1065 3484 1121; x_wconf 91' lang='lat' dir='ltr'><strong>sed</strong></span> <span class='ocrx_word' id='word_1_561' title='bbox 3515 1067 3564 1122; x_wconf 87' lang='lat' dir='ltr'><strong>ei</strong></span> 
     </span>
    </p>
   </div>
   <div class='ocr_carea' id='block_1_70' title="bbox 1968 1156 3561 1230">
    <p class='ocr_par' dir='ltr' id='par_1_70' title="bbox 1968 1156 3561 1230">
     <span class='ocr_line' id='line_1_70' title="bbox 1968 1156 3561 1230; baseline -0.001 -18"><span class='ocrx_word' id='word_1_562' title='bbox 1968 1157 2145 1223; x_wconf 83' lang='lat' dir='ltr'><strong>~dicat,</strong></span> <span class='ocrx_word' id='word_1_563' title='bbox 2174 1156 2391 1230; x_wconf 78' lang='lat' dir='ltr'><strong>Adjutor</strong></span> <span class='ocrx_word' id='word_1_564' title='bbox 2404 1173 2542 1211; x_wconf 85' lang='lat' dir='ltr'><strong>meus</strong></span> <span class='ocrx_word' id='word_1_565' title='bbox 2562 1166 2685 1223; x_wconf 85' lang='lat' dir='ltr'><strong>esto,</strong></span> <span class='ocrx_word' id='word_1_566' title='bbox 2714 1174 2776 1211; x_wconf 89' lang='lat' dir='ltr'><strong>ne</strong></span> <span class='ocrx_word' id='word_1_567' title='bbox 2803 1157 3124 1228; x_wconf 84' lang='lat' dir='ltr'><strong>derelinquas</strong></span> <span class='ocrx_word' id='word_1_568' title='bbox 3150 1175 3228 1211; x_wconf 91' lang='lat' dir='ltr'><strong>me</strong></span> <span class='ocrx_word' id='word_1_569' title='bbox 3246 1200 3260 1225; x_wconf 95' lang='lat'><strong>,</strong></span> <span class='ocrx_word' id='word_1_570' title='bbox 3284 1174 3443 1229; x_wconf 88' lang='lat' dir='ltr'><strong>neque</strong></span> <span class='ocrx_word' id='word_1_571' title='bbox 3468 1159 3561 1211; x_wconf 81' lang='lat' dir='ltr'><strong>de-</strong></span> 
     </span>
    </p>
   </div>
   <div class='ocr_carea' id='block_1_71' title="bbox 1983 1245 3417 1321">
    <p class='ocr_par' dir='ltr' id='par_1_71' title="bbox 1983 1245 3417 1321">
     <span class='ocr_line' id='line_1_71' title="bbox 1983 1245 3417 1321; baseline 0.001 -19"><span class='ocrx_word' id='word_1_572' title='bbox 1983 1248 2169 1320; x_wconf 83' lang='lat' dir='ltr'><strong>spicias</strong></span> <span class='ocrx_word' id='word_1_573' title='bbox 2197 1263 2292 1315; x_wconf 83' lang='lat' dir='ltr'><strong>me,</strong></span> <span class='ocrx_word' id='word_1_574' title='bbox 2323 1246 2463 1302; x_wconf 83' lang='lat' dir='ltr'><strong>Deus</strong></span> <span class='ocrx_word' id='word_1_575' title='bbox 2489 1247 2727 1302; x_wconf 87' lang='lat' dir='ltr'><strong>salutaris</strong></span> <span class='ocrx_word' id='word_1_576' title='bbox 2754 1264 2893 1301; x_wconf 86' lang='lat' dir='ltr'><strong>meus</strong></span> <span class='ocrx_word' id='word_1_577' title='bbox 2918 1245 2936 1320; x_wconf 96' lang='lat'><strong>(</strong></span> <span class='ocrx_word' id='word_1_578' title='bbox 2959 1247 3105 1301; x_wconf 87' lang='lat' dir='ltr'><strong>Psal.</strong></span> <span class='ocrx_word' id='word_1_579' title='bbox 3137 1263 3292 1314; x_wconf 71' lang='lat' dir='ltr'><strong>nm,</strong></span> <span class='ocrx_word' id='word_1_580' title='bbox 3320 1248 3353 1303; x_wconf 90' lang='lat'><strong>9</strong></span> <span class='ocrx_word' id='word_1_581' title='bbox 3376 1247 3417 1321; x_wconf 85' lang='lat'><strong>).</strong></span> 
     </span>
    </p>
   </div>
   <div class='ocr_carea' id='block_1_72' title="bbox 2055 1338 3564 1408">
    <p class='ocr_par' dir='ltr' id='par_1_72' title="bbox 2055 1338 3564 1408">
     <span class='ocr_line' id='line_1_72' title="bbox 2055 1338 3564 1408; baseline 0.001 -16"><span class='ocrx_word' id='word_1_582' title='bbox 2055 1340 2106 1392; x_wconf 85' lang='lat' dir='ltr'><strong>&#39;l.</strong></span> <span class='ocrx_word' id='word_1_583' title='bbox 2135 1338 2389 1407; x_wconf 90' lang='lat' dir='ltr'><strong>Proinde,</strong></span> <span class='ocrx_word' id='word_1_584' title='bbox 2413 1338 2731 1404; x_wconf 89' lang='lat' dir='ltr'><strong>charissimi,</strong></span> <span class='ocrx_word' id='word_1_585' title='bbox 2764 1340 2901 1395; x_wconf 85' lang='lat' dir='ltr'><strong>sicut</strong></span> <span class='ocrx_word' id='word_1_586' title='bbox 2930 1339 3297 1408; x_wconf 89' lang='lat' dir='ltr'><strong>superioribus</strong></span> <span class='ocrx_word' id='word_1_587' title='bbox 3324 1340 3564 1396; x_wconf 86' lang='lat' dir='ltr'><strong>testimo-</strong></span> 
     </span>
    </p>
   </div>
   <div class='ocr_carea' id='block_1_73' title="bbox 1982 1415 3557 1501">
    <p class='ocr_par' dir='ltr' id='par_1_73' title="bbox 1982 1415 3557 1501">
     <span class='ocr_line' id='line_1_73' title="bbox 1982 1415 3557 1501; baseline 0.001 -15"><span class='ocrx_word' id='word_1_588' title='bbox 1982 1430 2086 1486; x_wconf 92' lang='lat' dir='ltr'><strong>niis</strong></span> <span class='ocrx_word' id='word_1_589' title='bbox 2125 1440 2429 1485; x_wconf 88' lang='lat' dir='ltr'><strong>sanctarum</strong></span> <span class='ocrx_word' id='word_1_590' title='bbox 2464 1415 2859 1501; x_wconf 70' lang='lat' dir='ltr'><strong>scripturarum</strong></span> <span class='ocrx_word' id='word_1_591' title='bbox 2912 1431 3287 1500; x_wconf 83' lang='lat' dir='ltr'><strong>probavimus,</strong></span> <span class='ocrx_word' id='word_1_592' title='bbox 3320 1431 3387 1488; x_wconf 92' lang='lat' dir='ltr'><strong>ad</strong></span> <span class='ocrx_word' id='word_1_593' title='bbox 3418 1432 3557 1488; x_wconf 87' lang='lat' dir='ltr'><strong>bene</strong></span> 
     </span>
    </p>
   </div>
   <div class='ocr_carea' id='block_1_74' title="bbox 1980 1521 3560 1592">
    <p class='ocr_par' dir='ltr' id='par_1_74' title="bbox 1980 1521 3560 1592">
     <span class='ocr_line' id='line_1_74' title="bbox 1980 1521 3560 1592; baseline 0 -15"><span class='ocrx_word' id='word_1_594' title='bbox 1980 1522 2265 1577; x_wconf 88' lang='lat' dir='ltr'><strong>vivendum</strong></span> <span class='ocrx_word' id='word_1_595' title='bbox 2288 1531 2342 1577; x_wconf 91' lang='lat' dir='ltr'><strong>et</strong></span> <span class='ocrx_word' id='word_1_596' title='bbox 2381 1531 2529 1577; x_wconf 89' lang='lat' dir='ltr'><strong>recte</strong></span> <span class='ocrx_word' id='word_1_597' title='bbox 2554 1521 2814 1592; x_wconf 85' lang='lat' dir='ltr'><strong>agendum</strong></span> <span class='ocrx_word' id='word_1_598' title='bbox 2844 1537 2966 1579; x_wconf 89' lang='lat' dir='ltr'><strong>esse</strong></span> <span class='ocrx_word' id='word_1_599' title='bbox 2996 1522 3048 1576; x_wconf 93' lang='lat' dir='ltr'><strong>in</strong></span> <span class='ocrx_word' id='word_1_600' title='bbox 3088 1523 3306 1578; x_wconf 89' lang='lat' dir='ltr'><strong>homine</strong></span> <span class='ocrx_word' id='word_1_601' title='bbox 3335 1523 3560 1579; x_wconf 89' lang='lat' dir='ltr'><strong>liberum</strong></span> 
     </span>
    </p>
   </div>
   <div class='ocr_carea' id='block_1_75' title="bbox 1980 1612 3562 1683">
    <p class='ocr_par' dir='ltr' id='par_1_75' title="bbox 1980 1612 3562 1683">
     <span class='ocr_line' id='line_1_75' title="bbox 1980 1612 3562 1683; baseline 0.001 -16"><span class='ocrx_word' id='word_1_602' title='bbox 1980 1614 2265 1669; x_wconf 92' lang='lat' dir='ltr'><strong>voluntatis</strong></span> <span class='ocrx_word' id='word_1_603' title='bbox 2289 1613 2599 1678; x_wconf 89' lang='lat' dir='ltr'><strong>arbitrium;</strong></span> <span class='ocrx_word' id='word_1_604' title='bbox 2642 1612 2720 1667; x_wconf 92' lang='lat' dir='ltr'><strong>sic</strong></span> <span class='ocrx_word' id='word_1_605' title='bbox 2749 1613 2908 1668; x_wconf 89' lang='lat' dir='ltr'><strong>etiam</strong></span> <span class='ocrx_word' id='word_1_606' title='bbox 2955 1612 3022 1667; x_wconf 90' lang='lat' dir='ltr'><strong>de</strong></span> <span class='ocrx_word' id='word_1_607' title='bbox 3065 1613 3233 1683; x_wconf 89' lang='lat' dir='ltr'><strong>gratia</strong></span> <span class='ocrx_word' id='word_1_608' title='bbox 3274 1613 3411 1680; x_wconf 91' lang='lat' dir='ltr'><strong>Dei,</strong></span> <span class='ocrx_word' id='word_1_609' title='bbox 3444 1615 3562 1669; x_wconf 85' lang='lat' dir='ltr'><strong>sine</strong></span> 
     </span>
    </p>
   </div>
   <div class='ocr_carea' id='block_1_76' title="bbox 1979 1702 3561 1775">
    <p class='ocr_par' dir='ltr' id='par_1_76' title="bbox 1979 1702 3561 1775">
     <span class='ocr_line' id='line_1_76' title="bbox 1979 1702 3561 1775; baseline 0.001 -18"><span class='ocrx_word' id='word_1_610' title='bbox 1979 1720 2082 1775; x_wconf 90' lang='lat' dir='ltr'><strong>qua</strong></span> <span class='ocrx_word' id='word_1_611' title='bbox 2111 1702 2241 1758; x_wconf 90' lang='lat' dir='ltr'><strong>nihil</strong></span> <span class='ocrx_word' id='word_1_612' title='bbox 2267 1702 2392 1758; x_wconf 91' lang='lat' dir='ltr'><strong>boni</strong></span> <span class='ocrx_word' id='word_1_613' title='bbox 2422 1718 2582 1773; x_wconf 85' lang='lat' dir='ltr'><strong>agerc</strong></span> <span class='ocrx_word' id='word_1_614' title='bbox 2619 1716 2940 1772; x_wconf 89' lang='lat' dir='ltr'><strong>possumus,</strong></span> <span class='ocrx_word' id='word_1_615' title='bbox 2980 1717 3099 1772; x_wconf 74' lang='lat' dir='ltr'><strong>qua:</strong></span> <span class='ocrx_word' id='word_1_616' title='bbox 3147 1702 3253 1757; x_wconf 89' lang='lat' dir='ltr'><strong>sint</strong></span> <span class='ocrx_word' id='word_1_617' title='bbox 3280 1702 3456 1757; x_wconf 89' lang='lat' dir='ltr'><strong>divina</strong></span> <span class='ocrx_word' id='word_1_618' title='bbox 3485 1713 3561 1759; x_wconf 90' lang='lat' dir='ltr'><strong>tc-</strong></span> 
     </span>
    </p>
   </div>
   <div class='ocr_carea' id='block_1_77' title="bbox 1978 1792 3559 1865">
    <p class='ocr_par' dir='ltr' id='par_1_77' title="bbox 1978 1792 3559 1865">
     <span class='ocr_line' id='line_1_77' title="bbox 1978 1792 3559 1865; baseline -0.001 -14"><span class='ocrx_word' id='word_1_619' title='bbox 1978 1795 2227 1851; x_wconf 90' lang='lat' dir='ltr'><strong>stimonia</strong></span> <span class='ocrx_word' id='word_1_620' title='bbox 2250 1793 2543 1850; x_wconf 90' lang='lat' dir='ltr'><strong>videamus.</strong></span> <span class='ocrx_word' id='word_1_621' title='bbox 2566 1796 2645 1849; x_wconf 85' lang='lat' dir='ltr'><strong>Ac</strong></span> <span class='ocrx_word' id='word_1_622' title='bbox 2670 1794 2898 1864; x_wconf 91' lang='lat' dir='ltr'><strong>primum</strong></span> <span class='ocrx_word' id='word_1_623' title='bbox 2920 1792 2989 1849; x_wconf 91' lang='lat' dir='ltr'><strong>de</strong></span> <span class='ocrx_word' id='word_1_624' title='bbox 3006 1794 3118 1864; x_wconf 90' lang='lat' dir='ltr'><strong>ipsa</strong></span> <span class='ocrx_word' id='word_1_625' title='bbox 3146 1805 3319 1850; x_wconf 89' lang='lat' dir='ltr'><strong>vestra</strong></span> <span class='ocrx_word' id='word_1_626' title='bbox 3352 1794 3559 1865; x_wconf 82' lang='lat' dir='ltr'><strong>profes-</strong></span> 
     </span>
    </p>
   </div>
   <div class='ocr_carea' id='block_1_78' title="bbox 1982 1884 3556 1956">
    <p class='ocr_par' dir='ltr' id='par_1_78' title="bbox 1982 1884 3556 1956">
     <span class='ocr_line' id='line_1_78' title="bbox 1982 1884 3556 1956; baseline -0.004 -14"><span class='ocrx_word' id='word_1_627' title='bbox 1982 1887 2133 1942; x_wconf 90' lang='lat' dir='ltr'><strong>sione</strong></span> <span class='ocrx_word' id='word_1_628' title='bbox 2179 1885 2378 1956; x_wconf 87' lang='lat' dir='ltr'><strong>aliquid</strong></span> <span class='ocrx_word' id='word_1_629' title='bbox 2423 1885 2617 1939; x_wconf 89' lang='lat' dir='ltr'><strong>dicam.</strong></span> <span class='ocrx_word' id='word_1_630' title='bbox 2657 1884 2841 1955; x_wconf 86' lang='lat' dir='ltr'><strong>Neque</strong></span> <span class='ocrx_word' id='word_1_631' title='bbox 2892 1884 3033 1939; x_wconf 91' lang='lat' dir='ltr'><strong>enim</strong></span> <span class='ocrx_word' id='word_1_632' title='bbox 3076 1893 3428 1955; x_wconf 90' lang='lat' dir='ltr'><strong>congregaret</strong></span> <span class='ocrx_word' id='word_1_633' title='bbox 3459 1899 3556 1937; x_wconf 87' lang='lat' dir='ltr'><strong>vos</strong></span> 
     </span>
    </p>
   </div>
   <div class='ocr_carea' id='block_1_79' title="bbox 1976 1966 3584 2045">
    <p class='ocr_par' dir='ltr' id='par_1_79' title="bbox 1976 1966 3584 2045">
     <span class='ocr_line' id='line_1_79' title="bbox 1976 1966 3584 2045; baseline -0.004 -12"><span class='ocrx_word' id='word_1_634' title='bbox 1976 1978 2074 2033; x_wconf 89' lang='lat' dir='ltr'><strong>ista</strong></span> <span class='ocrx_word' id='word_1_635' title='bbox 2103 1977 2349 2043; x_wconf 79' lang='lat' dir='ltr'><strong>societas,</strong></span> <span class='ocrx_word' id='word_1_636' title='bbox 2379 1974 2432 2030; x_wconf 92' lang='lat' dir='ltr'><strong>in</strong></span> <span class='ocrx_word' id='word_1_637' title='bbox 2476 1990 2578 2045; x_wconf 88' lang='lat' dir='ltr'><strong>qua</strong></span> <span class='ocrx_word' id='word_1_638' title='bbox 2622 1975 2961 2030; x_wconf 90' lang='lat' dir='ltr'><strong>continenter</strong></span> <span class='ocrx_word' id='word_1_639' title='bbox 2990 1966 3175 2029; x_wconf 30' lang='lat' dir='ltr'><strong>vivitis.</strong></span> <span class='ocrx_word' id='word_1_640' title='bbox 3199 1977 3245 2042; x_wconf 77' lang='lat'><strong>’,</strong></span> <span class='ocrx_word' id='word_1_641' title='bbox 3268 1974 3371 2029; x_wconf 93' lang='lat' dir='ltr'><strong>nisi</strong></span> <span class='ocrx_word' id='word_1_642' title='bbox 3402 1975 3584 2029; x_wconf 77' lang='lat' dir='ltr'><strong>volu-&#39;</strong></span> 
     </span>
    </p>
   </div>
   <div class='ocr_carea' id='block_1_80' title="bbox 1975 2065 3554 2138">
    <p class='ocr_par' dir='ltr' id='par_1_80' title="bbox 1975 2065 3554 2138">
     <span class='ocr_line' id='line_1_80' title="bbox 1975 2065 3554 2138; baseline -0.001 -18"><span class='ocrx_word' id='word_1_643' title='bbox 1975 2078 2173 2138; x_wconf 89' lang='lat' dir='ltr'><strong>ptatcm</strong></span> <span class='ocrx_word' id='word_1_644' title='bbox 2215 2066 2547 2137; x_wconf 84' lang='lat' dir='ltr'><strong>conjugalcm</strong></span> <span class='ocrx_word' id='word_1_645' title='bbox 2576 2066 3009 2122; x_wconf 89' lang='lat' dir='ltr'><strong>contemneretis.</strong></span> <span class='ocrx_word' id='word_1_646' title='bbox 3057 2066 3190 2120; x_wconf 89' lang='lat' dir='ltr'><strong>llinc</strong></span> <span class='ocrx_word' id='word_1_647' title='bbox 3217 2077 3396 2120; x_wconf 89' lang='lat' dir='ltr'><strong>autem</strong></span> <span class='ocrx_word' id='word_1_648' title='bbox 3443 2065 3554 2120; x_wconf 85' lang='lat' dir='ltr'><strong>Do-</strong></span> 
     </span>
    </p>
   </div>
   <div class='ocr_carea' id='block_1_81' title="bbox 1974 2154 3550 2227">
    <p class='ocr_par' dir='ltr' id='par_1_81' title="bbox 1974 2154 3550 2227">
     <span class='ocr_line' id='line_1_81' title="bbox 1974 2154 3550 2227; baseline -0.001 -16"><span class='ocrx_word' id='word_1_649' title='bbox 1974 2158 2121 2212; x_wconf 91' lang='lat' dir='ltr'><strong>mino</strong></span> <span class='ocrx_word' id='word_1_650' title='bbox 2161 2156 2393 2227; x_wconf 87' lang='lat' dir='ltr'><strong>loquenti</strong></span> <span class='ocrx_word' id='word_1_651' title='bbox 2437 2170 2556 2208; x_wconf 89' lang='lat' dir='ltr'><strong>cum</strong></span> <span class='ocrx_word' id='word_1_652' title='bbox 2583 2155 2845 2211; x_wconf 83' lang='lat' dir='ltr'><strong>dixissent</strong></span> <span class='ocrx_word' id='word_1_653' title='bbox 2880 2154 3147 2225; x_wconf 89' lang='lat' dir='ltr'><strong>discipuli,</strong></span> <span class='ocrx_word' id='word_1_654' title='bbox 3206 2154 3267 2210; x_wconf 90' lang='lat' dir='ltr'><strong>Si</strong></span> <span class='ocrx_word' id='word_1_655' title='bbox 3309 2155 3426 2209; x_wconf 86' lang='lat' dir='ltr'><strong>talis</strong></span> <span class='ocrx_word' id='word_1_656' title='bbox 3473 2166 3550 2209; x_wconf 83' lang='lat' dir='ltr'><strong>est</strong></span> 
     </span>
    </p>
   </div>
   <div class='ocr_carea' id='block_1_82' title="bbox 1973 2243 3555 2315">
    <p class='ocr_par' dir='ltr' id='par_1_82' title="bbox 1973 2243 3555 2315">
     <span class='ocr_line' id='line_1_82' title="bbox 1973 2243 3555 2315; baseline -0.002 -14"><span class='ocrx_word' id='word_1_657' title='bbox 1973 2263 2127 2301; x_wconf 77' lang='lat' dir='ltr'><strong>causa</strong></span> <span class='ocrx_word' id='word_1_658' title='bbox 2159 2244 2377 2299; x_wconf 87' lang='lat' dir='ltr'><strong>hominis</strong></span> <span class='ocrx_word' id='word_1_659' title='bbox 2410 2260 2524 2297; x_wconf 90' lang='lat' dir='ltr'><strong>cum</strong></span> <span class='ocrx_word' id='word_1_660' title='bbox 2575 2260 2768 2311; x_wconf 74' lang='lat' dir='ltr'><strong>uxore,</strong></span> <span class='ocrx_word' id='word_1_661' title='bbox 2826 2260 2926 2298; x_wconf 90' lang='lat' dir='ltr'><strong>non</strong></span> <span class='ocrx_word' id='word_1_662' title='bbox 2967 2243 3167 2315; x_wconf 73' lang='lat' dir='ltr'><strong>expedit</strong></span> <span class='ocrx_word' id='word_1_663' title='bbox 3201 2243 3425 2308; x_wconf 88' lang='lat' dir='ltr'><strong>nubere;</strong></span> <span class='ocrx_word' id='word_1_664' title='bbox 3470 2259 3555 2299; x_wconf 85' lang='lat' dir='ltr'><strong>re-</strong></span> 
     </span>
    </p>
   </div>
   <div class='ocr_carea' id='block_1_83' title="bbox 1972 2334 3552 2408">
    <p class='ocr_par' dir='ltr' id='par_1_83' title="bbox 1972 2334 3552 2408">
     <span class='ocr_line' id='line_1_83' title="bbox 1972 2334 3552 2408; baseline -0.003 -15"><span class='ocrx_word' id='word_1_665' title='bbox 1972 2337 2188 2408; x_wconf 80' lang='lat' dir='ltr'><strong>SpOudit</strong></span> <span class='ocrx_word' id='word_1_666' title='bbox 2209 2335 2287 2391; x_wconf 90' lang='lat' dir='ltr'><strong>eis</strong></span> <span class='ocrx_word' id='word_1_667' title='bbox 2317 2376 2333 2403; x_wconf 97' lang='lat'><strong>,</strong></span> <span class='ocrx_word' id='word_1_668' title='bbox 2368 2334 2487 2389; x_wconf 88' lang='lat' dir='ltr'><strong>Non</strong></span> <span class='ocrx_word' id='word_1_669' title='bbox 2514 2350 2684 2389; x_wconf 81' lang='lat' dir='ltr'><strong>omnes</strong></span> <span class='ocrx_word' id='word_1_670' title='bbox 2711 2335 2919 2406; x_wconf 83' lang='lat' dir='ltr'><strong>capiunt</strong></span> <span class='ocrx_word' id='word_1_671' title='bbox 2945 2334 3147 2390; x_wconf 89' lang='lat' dir='ltr'><strong>verbum</strong></span> <span class='ocrx_word' id='word_1_672' title='bbox 3176 2335 3299 2402; x_wconf 89' lang='lat' dir='ltr'><strong>hoc,</strong></span> <span class='ocrx_word' id='word_1_673' title='bbox 3325 2334 3415 2389; x_wconf 86' lang='lat' dir='ltr'><strong>sed</strong></span> <span class='ocrx_word' id='word_1_674' title='bbox 3436 2335 3552 2405; x_wconf 87' lang='lat' dir='ltr'><strong>qui-</strong></span> 
     </span>
    </p>
   </div>
   <div class='ocr_carea' id='block_1_84' title="bbox 1972 2422 3552 2497">
    <p class='ocr_par' dir='ltr' id='par_1_84' title="bbox 1972 2422 3552 2497">
     <span class='ocr_line' id='line_1_84' title="bbox 1972 2422 3552 2497; baseline -0.004 -15"><span class='ocrx_word' id='word_1_675' title='bbox 1972 2428 2063 2482; x_wconf 89' lang='lat' dir='ltr'><strong>bus</strong></span> <span class='ocrx_word' id='word_1_676' title='bbox 2106 2428 2277 2479; x_wconf 90' lang='lat' dir='ltr'><strong>datum</strong></span> <span class='ocrx_word' id='word_1_677' title='bbox 2305 2433 2376 2479; x_wconf 87' lang='lat' dir='ltr'><strong>est</strong></span> <span class='ocrx_word' id='word_1_678' title='bbox 2420 2424 2438 2495; x_wconf 93' lang='lat'><strong>(</strong></span> <span class='ocrx_word' id='word_1_679' title='bbox 2465 2423 2652 2478; x_wconf 83' lang='lat' dir='ltr'><strong>Matth.</strong></span> <span class='ocrx_word' id='word_1_680' title='bbox 2700 2440 2791 2479; x_wconf 82' lang='lat' dir='ltr'><strong>xix</strong></span> <span class='ocrx_word' id='word_1_681' title='bbox 2815 2465 2830 2489; x_wconf 89' lang='lat'><strong>,</strong></span> <span class='ocrx_word' id='word_1_682' title='bbox 2862 2424 2929 2480; x_wconf 78' lang='grc'><strong>10</strong></span> <span class='ocrx_word' id='word_1_683' title='bbox 2953 2465 2968 2490; x_wconf 88' lang='grc'><strong><em>,</em></strong></span> <span class='ocrx_word' id='word_1_684' title='bbox 3002 2424 3127 2497; x_wconf 82' lang='grc'><strong>11).</strong></span> <span class='ocrx_word' id='word_1_685' title='bbox 3150 2422 3414 2494; x_wconf 81' lang='lat' dir='ltr'><strong>Numquid</strong></span> <span class='ocrx_word' id='word_1_686' title='bbox 3445 2437 3552 2478; x_wconf 88' lang='lat' dir='ltr'><strong>non</strong></span> 
     </span>
    </p>
   </div>
   <div class='ocr_carea' id='block_1_85' title="bbox 1972 2513 3549 2583">
    <p class='ocr_par' dir='ltr' id='par_1_85' title="bbox 1972 2513 3549 2583">
     <span class='ocr_line' id='line_1_85' title="bbox 1972 2513 3549 2583; baseline -0.003 -12"><span class='ocrx_word' id='word_1_687' title='bbox 1972 2517 2195 2572; x_wconf 89' lang='lat' dir='ltr'><strong>liberum</strong></span> <span class='ocrx_word' id='word_1_688' title='bbox 2236 2514 2514 2569; x_wconf 88' lang='lat' dir='ltr'><strong>arbitrium</strong></span> <span class='ocrx_word' id='word_1_689' title='bbox 2546 2513 2813 2568; x_wconf 86' lang='lat' dir='ltr'><strong>Timothei</strong></span> <span class='ocrx_word' id='word_1_690' title='bbox 2843 2524 2924 2568; x_wconf 89' lang='lat' dir='ltr'><strong>cst</strong></span> <span class='ocrx_word' id='word_1_691' title='bbox 2961 2514 3273 2569; x_wconf 82' lang='lat' dir='ltr'><strong>exhortatus</strong></span> <span class='ocrx_word' id='word_1_692' title='bbox 3320 2514 3549 2583; x_wconf 85' lang='lat' dir='ltr'><strong>Aposto-</strong></span> 
     </span>
    </p>
   </div>
   <div class='ocr_carea' id='block_1_86' title="bbox 1971 2601 3551 2675">
    <p class='ocr_par' dir='ltr' id='par_1_86' title="bbox 1971 2601 3551 2675">
     <span class='ocr_line' id='line_1_86' title="bbox 1971 2601 3551 2675; baseline -0.004 -12"><span class='ocrx_word' id='word_1_693' title='bbox 1971 2608 2052 2663; x_wconf 91' lang='lat' dir='ltr'><strong>lus</strong></span> <span class='ocrx_word' id='word_1_694' title='bbox 2077 2607 2283 2673; x_wconf 90' lang='lat' dir='ltr'><strong>diccus,</strong></span> <span class='ocrx_word' id='word_1_695' title='bbox 2311 2602 2521 2660; x_wconf 84' lang='lat' dir='ltr'><strong>Contine</strong></span> <span class='ocrx_word' id='word_1_696' title='bbox 2541 2613 2589 2659; x_wconf 87' lang='lat' dir='ltr'><strong>te</strong></span> <span class='ocrx_word' id='word_1_697' title='bbox 2613 2605 2780 2674; x_wconf 86' lang='lat' dir='ltr'><strong>ipsum</strong></span> <span class='ocrx_word' id='word_1_698' title='bbox 2804 2604 2823 2675; x_wconf 97' lang='lat'><strong>(</strong></span> <span class='ocrx_word' id='word_1_699' title='bbox 2845 2603 2862 2657; x_wconf 96' lang='lat' dir='ltr'><strong>l</strong></span> <span class='ocrx_word' id='word_1_700' title='bbox 2887 2602 3023 2659; x_wconf 85' lang='lat' dir='ltr'><strong>Tim.</strong></span> <span class='ocrx_word' id='word_1_701' title='bbox 3044 2620 3099 2669; x_wconf 89' lang='lat' dir='ltr'><strong>v,</strong></span> <span class='ocrx_word' id='word_1_702' title='bbox 3119 2603 3249 2674; x_wconf 71' lang='lat'><strong>2‘2)?</strong></span> <span class='ocrx_word' id='word_1_703' title='bbox 3279 2604 3345 2658; x_wconf 83' lang='lat' dir='ltr'><strong>Et</strong></span> <span class='ocrx_word' id='word_1_704' title='bbox 3369 2604 3420 2658; x_wconf 93' lang='lat' dir='ltr'><strong>in</strong></span> <span class='ocrx_word' id='word_1_705' title='bbox 3451 2601 3551 2657; x_wconf 87' lang='lat' dir='ltr'><strong>hac</strong></span> 
     </span>
    </p>
   </div>
   <div class='ocr_carea' id='block_1_87' title="bbox 1970 2695 3550 2770">
    <p class='ocr_par' dir='ltr' id='par_1_87' title="bbox 1970 2695 3550 2770">
     <span class='ocr_line' id='line_1_87' title="bbox 1970 2695 3550 2770; baseline -0.004 -14"><span class='ocrx_word' id='word_1_706' title='bbox 1970 2716 2031 2756; x_wconf 91' lang='lat' dir='ltr'><strong>re</strong></span> <span class='ocrx_word' id='word_1_707' title='bbox 2060 2700 2375 2770; x_wconf 67' lang='lat' dir='ltr'><strong>potestatem</strong></span> <span class='ocrx_word' id='word_1_708' title='bbox 2415 2696 2706 2752; x_wconf 89' lang='lat' dir='ltr'><strong>voluntatis</strong></span> <span class='ocrx_word' id='word_1_709' title='bbox 2749 2695 3017 2763; x_wconf 89' lang='lat' dir='ltr'><strong>ostendit,</strong></span> <span class='ocrx_word' id='word_1_710' title='bbox 3063 2695 3152 2750; x_wconf 92' lang='lat' dir='ltr'><strong>ubi</strong></span> <span class='ocrx_word' id='word_1_711' title='bbox 3180 2695 3284 2763; x_wconf 89' lang='lat' dir='ltr'><strong>ait,</strong></span> <span class='ocrx_word' id='word_1_712' title='bbox 3327 2712 3429 2750; x_wconf 90' lang='lat' dir='ltr'><strong>non</strong></span> <span class='ocrx_word' id='word_1_713' title='bbox 3456 2695 3550 2749; x_wconf 83' lang='lat' dir='ltr'><strong>ha-</strong></span> 
     </span>
    </p>
   </div>
   <div class='ocr_carea' id='block_1_88' title="bbox 1970 2784 3538 2859">
    <p class='ocr_par' dir='ltr' id='par_1_88' title="bbox 1970 2784 3538 2859">
     <span class='ocr_line' id='line_1_88' title="bbox 1970 2784 3538 2859; baseline -0.004 -14"><span class='ocrx_word' id='word_1_714' title='bbox 1970 2790 2089 2845; x_wconf 89' lang='lat' dir='ltr'><strong>bens</strong></span> <span class='ocrx_word' id='word_1_715' title='bbox 2117 2789 2481 2853; x_wconf 87' lang='lat' dir='ltr'><strong>necessitatem,</strong></span> <span class='ocrx_word' id='word_1_716' title='bbox 2504 2795 2801 2859; x_wconf 85' lang='lat' dir='ltr'><strong>potestatem</strong></span> <span class='ocrx_word' id='word_1_717' title='bbox 2820 2795 2986 2840; x_wconf 88' lang='lat' dir='ltr'><strong>autem</strong></span> <span class='ocrx_word' id='word_1_718' title='bbox 3016 2784 3202 2839; x_wconf 84' lang='lat' dir='ltr'><strong>habens</strong></span> <span class='ocrx_word' id='word_1_719' title='bbox 3224 2801 3329 2840; x_wconf 69' lang='lat' dir='ltr'><strong>sua:</strong></span> <span class='ocrx_word' id='word_1_720' title='bbox 3358 2786 3538 2840; x_wconf 82' lang='lat' dir='ltr'><strong>volun-</strong></span> 
     </span>
    </p>
   </div>
   <div class='ocr_carea' id='block_1_89' title="bbox 1968 2876 3542 2955">
    <p class='ocr_par' dir='ltr' id='par_1_89' title="bbox 1968 2876 3542 2955">
     <span class='ocr_line' id='line_1_89' title="bbox 1968 2876 3542 2955; baseline -0.004 -19"><span class='ocrx_word' id='word_1_721' title='bbox 1968 2882 2106 2948; x_wconf 80' lang='lat' dir='ltr'><strong>tatis,</strong></span> <span class='ocrx_word' id='word_1_722' title='bbox 2131 2890 2187 2935; x_wconf 68' lang='grc' dir='ltr'><strong>ιιι</strong></span> <span class='ocrx_word' id='word_1_723' title='bbox 2214 2889 2371 2936; x_wconf 83' lang='lat' dir='ltr'><strong>servet</strong></span> <span class='ocrx_word' id='word_1_724' title='bbox 2412 2878 2652 2955; x_wconf 80' lang='lat' dir='ltr'><strong>virginem</strong></span> <span class='ocrx_word' id='word_1_725' title='bbox 2678 2893 2841 2932; x_wconf 87' lang='lat' dir='ltr'><strong>suam.</strong></span> <span class='ocrx_word' id='word_1_726' title='bbox 2869 2876 2939 2932; x_wconf 85' lang='lat' dir='ltr'><strong>Et</strong></span> <span class='ocrx_word' id='word_1_727' title='bbox 2967 2885 3141 2931; x_wconf 87' lang='lat' dir='ltr'><strong>tamen</strong></span> <span class='ocrx_word' id='word_1_728' title='bbox 3167 2918 3184 2944; x_wconf 88' lang='lat'><strong>,</strong></span> <span class='ocrx_word' id='word_1_729' title='bbox 3229 2892 3329 2930; x_wconf 91' lang='lat' dir='ltr'><strong>non</strong></span> <span class='ocrx_word' id='word_1_730' title='bbox 3369 2891 3542 2929; x_wconf 87' lang='lat' dir='ltr'><strong>omnes</strong></span> 
     </span>
    </p>
   </div>
   <div class='ocr_carea' id='block_1_90' title="bbox 1967 2968 3546 3043">
    <p class='ocr_par' dir='ltr' id='par_1_90' title="bbox 1967 2968 3546 3043">
     <span class='ocr_line' id='line_1_90' title="bbox 1967 2968 3546 3043; baseline -0.003 -15"><span class='ocrx_word' id='word_1_731' title='bbox 1967 2973 2179 3043; x_wconf 83' lang='lat' dir='ltr'><strong>capiunt</strong></span> <span class='ocrx_word' id='word_1_732' title='bbox 2221 2971 2419 3027; x_wconf 87' lang='lat' dir='ltr'><strong>verbum</strong></span> <span class='ocrx_word' id='word_1_733' title='bbox 2465 2970 2580 3039; x_wconf 88' lang='lat' dir='ltr'><strong>hoc,</strong></span> <span class='ocrx_word' id='word_1_734' title='bbox 2630 2970 2718 3025; x_wconf 87' lang='lat' dir='ltr'><strong>sed</strong></span> <span class='ocrx_word' id='word_1_735' title='bbox 2761 2970 2943 3043; x_wconf 87' lang='lat' dir='ltr'><strong>quibus</strong></span> <span class='ocrx_word' id='word_1_736' title='bbox 2987 2969 3162 3023; x_wconf 87' lang='lat' dir='ltr'><strong>datum</strong></span> <span class='ocrx_word' id='word_1_737' title='bbox 3191 2980 3284 3024; x_wconf 82' lang='lat' dir='ltr'><strong>est.</strong></span> <span class='ocrx_word' id='word_1_738' title='bbox 3340 2968 3546 3036; x_wconf 84' lang='lat' dir='ltr'><strong>Quibus</strong></span> 
     </span>
    </p>
   </div>
   <div class='ocr_carea' id='block_1_91' title="bbox 1967 3058 3547 3129">
    <p class='ocr_par' dir='ltr' id='par_1_91' title="bbox 1967 3058 3547 3129">
     <span class='ocr_line' id='line_1_91' title="bbox 1967 3058 3547 3129; baseline -0.004 -9"><span class='ocrx_word' id='word_1_739' title='bbox 1967 3065 2110 3120; x_wconf 90' lang='lat' dir='ltr'><strong>enim</strong></span> <span class='ocrx_word' id='word_1_740' title='bbox 2157 3080 2262 3117; x_wconf 89' lang='lat' dir='ltr'><strong>non</strong></span> <span class='ocrx_word' id='word_1_741' title='bbox 2299 3069 2380 3116; x_wconf 87' lang='lat' dir='ltr'><strong>est</strong></span> <span class='ocrx_word' id='word_1_742' title='bbox 2417 3060 2619 3126; x_wconf 87' lang='lat' dir='ltr'><strong>datum,</strong></span> <span class='ocrx_word' id='word_1_743' title='bbox 2651 3069 2742 3115; x_wconf 90' lang='lat' dir='ltr'><strong>aut</strong></span> <span class='ocrx_word' id='word_1_744' title='bbox 2793 3058 2981 3114; x_wconf 88' lang='lat' dir='ltr'><strong>nolunt</strong></span> <span class='ocrx_word' id='word_1_745' title='bbox 3011 3101 3025 3125; x_wconf 97' lang='lat'><strong>,</strong></span> <span class='ocrx_word' id='word_1_746' title='bbox 3056 3068 3143 3113; x_wconf 92' lang='lat' dir='ltr'><strong>aut</strong></span> <span class='ocrx_word' id='word_1_747' title='bbox 3173 3074 3278 3114; x_wconf 91' lang='lat' dir='ltr'><strong>non</strong></span> <span class='ocrx_word' id='word_1_748' title='bbox 3325 3058 3547 3129; x_wconf 89' lang='lat' dir='ltr'><strong>implent</strong></span> 
     </span>
    </p>
   </div>
   <div class='ocr_carea' id='block_1_92' title="bbox 1966 3149 3542 3226">
    <p class='ocr_par' dir='ltr' id='par_1_92' title="bbox 1966 3149 3542 3226">
     <span class='ocr_line' id='line_1_92' title="bbox 1966 3149 3542 3226; baseline -0.004 -17"><span class='ocrx_word' id='word_1_749' title='bbox 1966 3154 2107 3226; x_wconf 91' lang='lat' dir='ltr'><strong>quod</strong></span> <span class='ocrx_word' id='word_1_750' title='bbox 2134 3154 2314 3207; x_wconf 88' lang='lat' dir='ltr'><strong>volunt</strong></span> <span class='ocrx_word' id='word_1_751' title='bbox 2346 3170 2359 3207; x_wconf 89' lang='lat'><strong>:</strong></span> <span class='ocrx_word' id='word_1_752' title='bbox 2387 3150 2578 3221; x_wconf 84' lang='lat' dir='ltr'><strong>quibus</strong></span> <span class='ocrx_word' id='word_1_753' title='bbox 2607 3160 2783 3205; x_wconf 88' lang='lat' dir='ltr'><strong>autem</strong></span> <span class='ocrx_word' id='word_1_754' title='bbox 2813 3150 2993 3205; x_wconf 89' lang='lat' dir='ltr'><strong>datum</strong></span> <span class='ocrx_word' id='word_1_755' title='bbox 3025 3159 3128 3216; x_wconf 91' lang='lat' dir='ltr'><strong>est,</strong></span> <span class='ocrx_word' id='word_1_756' title='bbox 3159 3151 3237 3205; x_wconf 91' lang='lat' dir='ltr'><strong>sic</strong></span> <span class='ocrx_word' id='word_1_757' title='bbox 3268 3149 3451 3204; x_wconf 84' lang='lat' dir='ltr'><strong>volunt</strong></span> <span class='ocrx_word' id='word_1_758' title='bbox 3484 3158 3542 3204; x_wconf 92' lang='lat' dir='ltr'><strong>ut</strong></span> 
     </span>
    </p>
   </div>
   <div class='ocr_carea' id='block_1_93' title="bbox 1967 3240 3539 3314">
    <p class='ocr_par' dir='ltr' id='par_1_93' title="bbox 1967 3240 3539 3314">
     <span class='ocr_line' id='line_1_93' title="bbox 1967 3240 3539 3314; baseline -0.003 -16"><span class='ocrx_word' id='word_1_759' title='bbox 1967 3245 2222 3314; x_wconf 89' lang='lat' dir='ltr'><strong>impleant</strong></span> <span class='ocrx_word' id='word_1_760' title='bbox 2248 3240 2623 3313; x_wconf 84' lang='lat' dir='ltr'><strong>quodvoluut.</strong></span> <span class='ocrx_word' id='word_1_761' title='bbox 2650 3242 2849 3311; x_wconf 87' lang='lat' dir='ltr'><strong>itaque,</strong></span> <span class='ocrx_word' id='word_1_762' title='bbox 2882 3250 2940 3295; x_wconf 94' lang='lat' dir='ltr'><strong>ut</strong></span> <span class='ocrx_word' id='word_1_763' title='bbox 2978 3240 3080 3296; x_wconf 89' lang='lat' dir='ltr'><strong>hoc</strong></span> <span class='ocrx_word' id='word_1_764' title='bbox 3113 3242 3333 3295; x_wconf 89' lang='lat' dir='ltr'><strong>verbum</strong></span> <span class='ocrx_word' id='word_1_765' title='bbox 3356 3281 3370 3306; x_wconf 92' lang='lat'><strong>,</strong></span> <span class='ocrx_word' id='word_1_766' title='bbox 3397 3240 3539 3311; x_wconf 90' lang='lat' dir='ltr'><strong>quod</strong></span> 
     </span>
    </p>
   </div>
   <div class='ocr_carea' id='block_1_94' title="bbox 1966 3331 3545 3403">
    <p class='ocr_par' dir='ltr' id='par_1_94' title="bbox 1966 3331 3545 3403">
     <span class='ocr_line' id='line_1_94' title="bbox 1966 3331 3545 3403; baseline -0.003 -13"><span class='ocrx_word' id='word_1_767' title='bbox 1966 3352 2072 3390; x_wconf 93' lang='lat' dir='ltr'><strong>non</strong></span> <span class='ocrx_word' id='word_1_768' title='bbox 2116 3334 2183 3388; x_wconf 87' lang='lat' dir='ltr'><strong>ab</strong></span> <span class='ocrx_word' id='word_1_769' title='bbox 2222 3333 2469 3388; x_wconf 90' lang='lat' dir='ltr'><strong>omnibus</strong></span> <span class='ocrx_word' id='word_1_770' title='bbox 2511 3333 2735 3401; x_wconf 78' lang='lat' dir='ltr'><strong>Capitur,</strong></span> <span class='ocrx_word' id='word_1_771' title='bbox 2767 3331 2835 3389; x_wconf 91' lang='lat' dir='ltr'><strong>ab</strong></span> <span class='ocrx_word' id='word_1_772' title='bbox 2880 3332 3143 3403; x_wconf 90' lang='lat' dir='ltr'><strong>aliquibus</strong></span> <span class='ocrx_word' id='word_1_773' title='bbox 3188 3333 3464 3403; x_wconf 87' lang='lat' dir='ltr'><strong>capiatur,</strong></span> <span class='ocrx_word' id='word_1_774' title='bbox 3492 3340 3545 3386; x_wconf 90' lang='lat' dir='ltr'><strong>ct</strong></span> 
     </span>
    </p>
   </div>
   <div class='ocr_carea' id='block_1_95' title="bbox 1967 3424 3081 3490">
    <p class='ocr_par' dir='ltr' id='par_1_95' title="bbox 1967 3424 3081 3490">
     <span class='ocr_line' id='line_1_95' title="bbox 1967 3424 3081 3490; baseline -0.004 -8"><span class='ocrx_word' id='word_1_775' title='bbox 1967 3428 2057 3482; x_wconf 90' lang='lat' dir='ltr'><strong>Dei</strong></span> <span class='ocrx_word' id='word_1_776' title='bbox 2085 3427 2282 3481; x_wconf 90' lang='lat' dir='ltr'><strong>donum</strong></span> <span class='ocrx_word' id='word_1_777' title='bbox 2311 3433 2420 3490; x_wconf 83' lang='lat' dir='ltr'><strong>est,</strong></span> <span class='ocrx_word' id='word_1_778' title='bbox 2450 3436 2504 3480; x_wconf 91' lang='lat' dir='ltr'><strong>et</strong></span> <span class='ocrx_word' id='word_1_779' title='bbox 2529 3425 2751 3481; x_wconf 89' lang='lat' dir='ltr'><strong>liberum</strong></span> <span class='ocrx_word' id='word_1_780' title='bbox 2782 3424 3081 3479; x_wconf 84' lang='lat' dir='ltr'><strong>aibitrium.</strong></span> 
     </span>
    </p>
   </div>
   <div class='ocr_carea' id='block_1_96' title="bbox 2034 3516 3542 3587">
    <p class='ocr_par' dir='ltr' id='par_1_96' title="bbox 2034 3516 3542 3587">
     <span class='ocr_line' id='line_1_96' title="bbox 2034 3516 3542 3587; baseline -0.004 -12"><span class='ocrx_word' id='word_1_781' title='bbox 2034 3520 2088 3575; x_wconf 88' lang='lat'><strong>8.</strong></span> <span class='ocrx_word' id='word_1_782' title='bbox 2125 3521 2196 3572; x_wconf 87' lang='lat' dir='ltr'><strong>De</strong></span> <span class='ocrx_word' id='word_1_783' title='bbox 2232 3520 2343 3587; x_wconf 66' lang='lat' dir='ltr'><strong>ip~a</strong></span> <span class='ocrx_word' id='word_1_784' title='bbox 2373 3532 2583 3587; x_wconf 84' lang='lat' dir='ltr'><strong>quoque</strong></span> <span class='ocrx_word' id='word_1_785' title='bbox 2612 3517 2860 3585; x_wconf 89' lang='lat' dir='ltr'><strong>pudicitia</strong></span> <span class='ocrx_word' id='word_1_786' title='bbox 2889 3516 3156 3587; x_wconf 88' lang='lat' dir='ltr'><strong>conjugali</strong></span> <span class='ocrx_word' id='word_1_787' title='bbox 3179 3530 3372 3587; x_wconf 89' lang='lat' dir='ltr'><strong>nempe</strong></span> <span class='ocrx_word' id='word_1_788' title='bbox 3394 3517 3542 3584; x_wconf 83' lang='lat' dir='ltr'><strong>Apo-</strong></span> 
     </span>
    </p>
   </div>
   <div class='ocr_carea' id='block_1_97' title="bbox 1964 3605 3542 3677">
    <p class='ocr_par' dir='ltr' id='par_1_97' title="bbox 1964 3605 3542 3677">
     <span class='ocr_line' id='line_1_97' title="bbox 1964 3605 3542 3677; baseline -0.003 -14"><span class='ocrx_word' id='word_1_789' title='bbox 1964 3614 2130 3663; x_wconf 68' lang='lat' dir='ltr'><strong>stofns</strong></span> <span class='ocrx_word' id='word_1_790' title='bbox 2171 3610 2278 3671; x_wconf 88' lang='lat' dir='ltr'><strong>ait,</strong></span> <span class='ocrx_word' id='word_1_791' title='bbox 2338 3606 2487 3673; x_wconf 83' lang='lat' dir='ltr'><strong>Quod</strong></span> <span class='ocrx_word' id='word_1_792' title='bbox 2540 3605 2644 3658; x_wconf 83' lang='lat' dir='ltr'><strong>vult</strong></span> <span class='ocrx_word' id='word_1_793' title='bbox 2684 3606 2872 3674; x_wconf 77' lang='lat' dir='ltr'><strong>faciat,</strong></span> <span class='ocrx_word' id='word_1_794' title='bbox 2925 3621 3026 3660; x_wconf 87' lang='lat' dir='ltr'><strong>non</strong></span> <span class='ocrx_word' id='word_1_795' title='bbox 3074 3617 3245 3677; x_wconf 84' lang='lat' dir='ltr'><strong>peccat</strong></span> <span class='ocrx_word' id='word_1_796' title='bbox 3294 3606 3340 3661; x_wconf 88' lang='lat' dir='ltr'><strong>si</strong></span> <span class='ocrx_word' id='word_1_797' title='bbox 3391 3605 3542 3659; x_wconf 85' lang='lat' dir='ltr'><strong>nubat</strong></span> 
     </span>
    </p>
   </div>
   <div class='ocr_carea' id='block_1_98' title="bbox 1966 3695 3542 3772">
    <p class='ocr_par' dir='ltr' id='par_1_98' title="bbox 1966 3695 3542 3772">
     <span class='ocr_line' id='line_1_98' title="bbox 1966 3695 3542 3772; baseline -0.002 -18"><span class='ocrx_word' id='word_1_798' title='bbox 1966 3702 2014 3772; x_wconf 95' lang='lat' dir='ltr'><strong>(I</strong></span> <span class='ocrx_word' id='word_1_799' title='bbox 2035 3699 2151 3754; x_wconf 90' lang='lat' dir='ltr'><strong>Cor.</strong></span> <span class='ocrx_word' id='word_1_800' title='bbox 2178 3714 2270 3760; x_wconf 82' lang='lat' dir='ltr'><strong>vit,</strong></span> <span class='ocrx_word' id='word_1_801' title='bbox 2305 3700 2394 3762; x_wconf 81' lang='lat'><strong>57,</strong></span> <span class='ocrx_word' id='word_1_802' title='bbox 2419 3695 2523 3768; x_wconf 75' lang='grc'><strong>56)</strong></span> <span class='ocrx_word' id='word_1_803' title='bbox 2559 3714 2571 3749; x_wconf 91' lang='lat'>:</span> <span class='ocrx_word' id='word_1_804' title='bbox 2604 3706 2658 3751; x_wconf 91' lang='lat' dir='ltr'><strong>et</strong></span> <span class='ocrx_word' id='word_1_805' title='bbox 2701 3706 2875 3749; x_wconf 88' lang='lat' dir='ltr'><strong>tamen</strong></span> <span class='ocrx_word' id='word_1_806' title='bbox 2903 3697 3063 3751; x_wconf 89' lang='lat' dir='ltr'><strong>etiam</strong></span> <span class='ocrx_word' id='word_1_807' title='bbox 3093 3697 3194 3752; x_wconf 89' lang='lat' dir='ltr'><strong>hoc</strong></span> <span class='ocrx_word' id='word_1_808' title='bbox 3224 3698 3317 3753; x_wconf 92' lang='lat' dir='ltr'><strong>Dei</strong></span> <span class='ocrx_word' id='word_1_809' title='bbox 3344 3697 3542 3751; x_wconf 79' lang='lat' dir='ltr'><strong>donum</strong></span> 
     </span>
    </p>
   </div>
   <div class='ocr_carea' id='block_1_99' title="bbox 1963 3786 3530 3858">
    <p class='ocr_par' dir='ltr' id='par_1_99' title="bbox 1963 3786 3530 3858">
     <span class='ocr_line' id='line_1_99' title="bbox 1963 3786 3530 3858; baseline -0.005 -10"><span class='ocrx_word' id='word_1_810' title='bbox 1963 3801 2064 3855; x_wconf 91' lang='lat' dir='ltr'><strong>cst,</strong></span> <span class='ocrx_word' id='word_1_811' title='bbox 2106 3791 2313 3845; x_wconf 80' lang='lat' dir='ltr'><strong>dicente</strong></span> <span class='ocrx_word' id='word_1_812' title='bbox 2354 3788 2647 3858; x_wconf 88' lang='lat' dir='ltr'><strong>Scriptura,</strong></span> <span class='ocrx_word' id='word_1_813' title='bbox 2704 3789 2747 3841; x_wconf 83' lang='lat' dir='ltr'><strong><em>A</em></strong></span> <span class='ocrx_word' id='word_1_814' title='bbox 2800 3786 3012 3841; x_wconf 88' lang='lat' dir='ltr'><strong>Domino</strong></span> <span class='ocrx_word' id='word_1_815' title='bbox 3053 3788 3291 3858; x_wconf 88' lang='lat' dir='ltr'><strong>jungitur</strong></span> <span class='ocrx_word' id='word_1_816' title='bbox 3346 3788 3530 3841; x_wconf 84' lang='lat' dir='ltr'><strong>mulier</strong></span> 
     </span>
    </p>
   </div>
   <div class='ocr_carea' id='block_1_100' title="bbox 1962 3874 3538 3951">
    <p class='ocr_par' dir='ltr' id='par_1_100' title="bbox 1962 3874 3538 3951">
     <span class='ocr_line' id='line_1_100' title="bbox 1962 3874 3538 3951; baseline -0.003 -18"><span class='ocrx_word' id='word_1_817' title='bbox 1962 3882 2067 3934; x_wconf 88' lang='lat' dir='ltr'><strong>viro</strong></span> <span class='ocrx_word' id='word_1_818' title='bbox 2096 3878 2282 3951; x_wconf 88' lang='lat' dir='ltr'><strong>(Prov.</strong></span> <span class='ocrx_word' id='word_1_819' title='bbox 2312 3894 2404 3933; x_wconf 70' lang='grc' dir='ltr'>χιι</span> <span class='ocrx_word' id='word_1_820' title='bbox 2427 3919 2441 3943; x_wconf 88' lang='grc'><em>,</em></span> <span class='ocrx_word' id='word_1_821' title='bbox 2470 3878 2580 3947; x_wconf 64' lang='lat' dir='ltr'><strong>ib).</strong></span> <span class='ocrx_word' id='word_1_822' title='bbox 2612 3874 2734 3933; x_wconf 87' lang='lat' dir='ltr'><strong>Ideo</strong></span> <span class='ocrx_word' id='word_1_823' title='bbox 2758 3877 2954 3932; x_wconf 89' lang='lat' dir='ltr'><strong>Doctor</strong></span> <span class='ocrx_word' id='word_1_824' title='bbox 2977 3875 3224 3932; x_wconf 84' lang='lat' dir='ltr'><strong>Gentium</strong></span> <span class='ocrx_word' id='word_1_825' title='bbox 3258 3885 3310 3931; x_wconf 90' lang='lat' dir='ltr'><strong>et</strong></span> <span class='ocrx_word' id='word_1_826' title='bbox 3334 3876 3538 3945; x_wconf 86' lang='lat' dir='ltr'><strong>pudici-</strong></span> 
     </span>
    </p>
   </div>
   <div class='ocr_carea' id='block_1_101' title="bbox 1964 3963 3534 4039">
    <p class='ocr_par' dir='ltr' id='par_1_101' title="bbox 1964 3963 3534 4039">
     <span class='ocr_line' id='line_1_101' title="bbox 1964 3963 3534 4039; baseline -0.001 -15"><span class='ocrx_word' id='word_1_827' title='bbox 1964 3971 2088 4025; x_wconf 89' lang='lat' dir='ltr'><strong>tiam</strong></span> <span class='ocrx_word' id='word_1_828' title='bbox 2135 3969 2468 4039; x_wconf 88' lang='lat' dir='ltr'><strong>coujugalem</strong></span> <span class='ocrx_word' id='word_1_829' title='bbox 2513 3982 2608 4038; x_wconf 90' lang='lat' dir='ltr'><strong>per</strong></span> <span class='ocrx_word' id='word_1_830' title='bbox 2630 3984 2790 4039; x_wconf 88' lang='lat' dir='ltr'><strong>quam</strong></span> <span class='ocrx_word' id='word_1_831' title='bbox 2819 3984 2925 4023; x_wconf 91' lang='lat' dir='ltr'><strong>non</strong></span> <span class='ocrx_word' id='word_1_832' title='bbox 2979 3963 3112 4023; x_wconf 86' lang='lat' dir='ltr'><strong>fiunt</strong></span> <span class='ocrx_word' id='word_1_833' title='bbox 3138 3968 3426 4035; x_wconf 88' lang='lat' dir='ltr'><strong>adulteria,</strong></span> <span class='ocrx_word' id='word_1_834' title='bbox 3477 3977 3534 4023; x_wconf 90' lang='lat' dir='ltr'><strong>et</strong></span> 
     </span>
    </p>
   </div>
   <div class='ocr_carea' id='block_1_102' title="bbox 1963 4059 3532 4132">
    <p class='ocr_par' dir='ltr' id='par_1_102' title="bbox 1963 4059 3532 4132">
     <span class='ocr_line' id='line_1_102' title="bbox 1963 4059 3532 4132; baseline -0.004 -14"><span class='ocrx_word' id='word_1_835' title='bbox 1963 4061 2334 4132; x_wconf 88' lang='lat' dir='ltr'><strong>perfectiorem</strong></span> <span class='ocrx_word' id='word_1_836' title='bbox 2360 4060 2742 4116; x_wconf 88' lang='lat' dir='ltr'><strong>continentiam</strong></span> <span class='ocrx_word' id='word_1_837' title='bbox 2768 4075 2867 4132; x_wconf 91' lang='lat' dir='ltr'><strong>per</strong></span> <span class='ocrx_word' id='word_1_838' title='bbox 2889 4074 3049 4130; x_wconf 90' lang='lat' dir='ltr'><strong>quam</strong></span> <span class='ocrx_word' id='word_1_839' title='bbox 3077 4059 3256 4115; x_wconf 89' lang='lat' dir='ltr'><strong>nullus</strong></span> <span class='ocrx_word' id='word_1_840' title='bbox 3282 4060 3532 4115; x_wconf 90' lang='lat' dir='ltr'><strong>concubi-</strong></span> 
     </span>
    </p>
   </div>
   <div class='ocr_carea' id='block_1_103' title="bbox 1962 4150 3537 4225">
    <p class='ocr_par' dir='ltr' id='par_1_103' title="bbox 1962 4150 3537 4225">
     <span class='ocr_line' id='line_1_103' title="bbox 1962 4150 3537 4225; baseline -0.003 -16"><span class='ocrx_word' id='word_1_841' title='bbox 1962 4163 2047 4209; x_wconf 89' lang='lat' dir='ltr'><strong>tus</strong></span> <span class='ocrx_word' id='word_1_842' title='bbox 2094 4154 2371 4225; x_wconf 80' lang='lat' dir='ltr'><strong>qmeritur,</strong></span> <span class='ocrx_word' id='word_1_843' title='bbox 2402 4166 2655 4208; x_wconf 90' lang='lat' dir='ltr'><strong>sermone</strong></span> <span class='ocrx_word' id='word_1_844' title='bbox 2702 4165 2801 4207; x_wconf 88' lang='lat' dir='ltr'><strong>suo</strong></span> <span class='ocrx_word' id='word_1_845' title='bbox 2826 4151 3211 4213; x_wconf 81' lang='lat' dir='ltr'><strong>commendans</strong></span> <span class='ocrx_word' id='word_1_846' title='bbox 3230 4193 3244 4216; x_wconf 86' lang='lat'><strong>,</strong></span> <span class='ocrx_word' id='word_1_847' title='bbox 3277 4160 3331 4207; x_wconf 91' lang='lat' dir='ltr'><strong>et</strong></span> <span class='ocrx_word' id='word_1_848' title='bbox 3358 4150 3457 4205; x_wconf 88' lang='lat' dir='ltr'><strong>boc</strong></span> <span class='ocrx_word' id='word_1_849' title='bbox 3483 4162 3537 4206; x_wconf 78' lang='lat' dir='ltr'><strong>ct</strong></span> 
     </span>
    </p>
   </div>
   <div class='ocr_carea' id='block_1_104' title="bbox 1960 4238 3541 4306">
    <p class='ocr_par' dir='ltr' id='par_1_104' title="bbox 1960 4238 3541 4306">
     <span class='ocr_line' id='line_1_104' title="bbox 1960 4238 3541 4306; baseline -0.004 -7"><span class='ocrx_word' id='word_1_850' title='bbox 1960 4244 2086 4300; x_wconf 89' lang='lat' dir='ltr'><strong>illud</strong></span> <span class='ocrx_word' id='word_1_851' title='bbox 2116 4242 2314 4298; x_wconf 90' lang='lat' dir='ltr'><strong>donum</strong></span> <span class='ocrx_word' id='word_1_852' title='bbox 2336 4242 2433 4297; x_wconf 90' lang='lat' dir='ltr'><strong>Dei</strong></span> <span class='ocrx_word' id='word_1_853' title='bbox 2462 4257 2582 4297; x_wconf 90' lang='lat' dir='ltr'><strong>esse</strong></span> <span class='ocrx_word' id='word_1_854' title='bbox 2609 4240 2962 4306; x_wconf 89' lang='lat' dir='ltr'><strong>monstravit,</strong></span> <span class='ocrx_word' id='word_1_855' title='bbox 2990 4242 3230 4296; x_wconf 90' lang='lat' dir='ltr'><strong>scribens</strong></span> <span class='ocrx_word' id='word_1_856' title='bbox 3264 4240 3331 4295; x_wconf 93' lang='lat' dir='ltr'><strong>ad</strong></span> <span class='ocrx_word' id='word_1_857' title='bbox 3358 4238 3541 4296; x_wconf 85' lang='lat' dir='ltr'><strong>Coriu-</strong></span> 
     </span>
    </p>
   </div>
   <div class='ocr_carea' id='block_1_105' title="bbox 1962 4320 3535 4404">
    <p class='ocr_par' dir='ltr' id='par_1_105' title="bbox 1962 4320 3535 4404">
     <span class='ocr_line' id='line_1_105' title="bbox 1962 4320 3535 4404; baseline -0.002 -14"><span class='ocrx_word' id='word_1_858' title='bbox 1962 4335 2122 4403; x_wconf 90' lang='lat' dir='ltr'><strong>thios,</strong></span> <span class='ocrx_word' id='word_1_859' title='bbox 2146 4345 2200 4390; x_wconf 92' lang='lat' dir='ltr'><strong>et</strong></span> <span class='ocrx_word' id='word_1_860' title='bbox 2214 4333 2509 4389; x_wconf 85' lang='lat' dir='ltr'><strong>admonens</strong></span> <span class='ocrx_word' id='word_1_861' title='bbox 2533 4320 2787 4404; x_wconf 88' lang='lat' dir='ltr'><strong>conjuges</strong></span> <span class='ocrx_word' id='word_1_862' title='bbox 2808 4349 2876 4389; x_wconf 91' lang='lat' dir='ltr'><strong>ne</strong></span> <span class='ocrx_word' id='word_1_863' title='bbox 2913 4348 2973 4388; x_wconf 92' lang='lat' dir='ltr'><strong>sc</strong></span> <span class='ocrx_word' id='word_1_864' title='bbox 3005 4334 3229 4389; x_wconf 84' lang='lat' dir='ltr'><strong>invicem</strong></span> <span class='ocrx_word' id='word_1_865' title='bbox 3254 4332 3535 4388; x_wconf 78' lang='lat' dir='ltr'><strong>fraudant:</strong></span> 
     </span>
    </p>
   </div>
   <div class='ocr_carea' id='block_1_106' title="bbox 1958 4420 3537 4498">
    <p class='ocr_par' dir='ltr' id='par_1_106' title="bbox 1958 4420 3537 4498">
     <span class='ocr_line' id='line_1_106' title="bbox 1958 4420 3537 4498; baseline -0.001 -20"><span class='ocrx_word' id='word_1_866' title='bbox 1958 4441 2092 4498; x_wconf 88' lang='lat' dir='ltr'><strong>quos</strong></span> <span class='ocrx_word' id='word_1_867' title='bbox 2119 4440 2239 4482; x_wconf 92' lang='lat' dir='ltr'><strong>cum</strong></span> <span class='ocrx_word' id='word_1_868' title='bbox 2265 4422 2661 4489; x_wconf 88' lang='lat' dir='ltr'><strong>admonuisset,</strong></span> <span class='ocrx_word' id='word_1_869' title='bbox 2688 4423 2903 4494; x_wconf 87' lang='lat' dir='ltr'><strong>adjecit,</strong></span> <span class='ocrx_word' id='word_1_870' title='bbox 2938 4420 3130 4478; x_wconf 81' lang='lat' dir='ltr'><strong>Vellem</strong></span> <span class='ocrx_word' id='word_1_871' title='bbox 3158 4434 3325 4478; x_wconf 84' lang='lat' dir='ltr'><strong>autem</strong></span> <span class='ocrx_word' id='word_1_872' title='bbox 3367 4440 3537 4478; x_wconf 79' lang='lat' dir='ltr'><strong>omnes</strong></span> 
     </span>
    </p>
   </div>
   <div class='ocr_carea' id='block_1_107' title="bbox 1957 4513 3537 4586">
    <p class='ocr_par' dir='ltr' id='par_1_107' title="bbox 1957 4513 3537 4586">
     <span class='ocr_line' id='line_1_107' title="bbox 1957 4513 3537 4586; baseline 0 -16"><span class='ocrx_word' id='word_1_873' title='bbox 1957 4518 2182 4572; x_wconf 87' lang='lat' dir='ltr'><strong>hamines</strong></span> <span class='ocrx_word' id='word_1_874' title='bbox 2224 4532 2330 4570; x_wconf 86' lang='lat' dir='ltr'><strong>esse</strong></span> <span class='ocrx_word' id='word_1_875' title='bbox 2364 4515 2491 4569; x_wconf 88' lang='lat' dir='ltr'><strong>sicut</strong></span> <span class='ocrx_word' id='word_1_876' title='bbox 2544 4523 2592 4569; x_wconf 89' lang='lat' dir='ltr'><strong>et</strong></span> <span class='ocrx_word' id='word_1_877' title='bbox 2643 4530 2723 4568; x_wconf 90' lang='lat' dir='ltr'><strong>me</strong></span> <span class='ocrx_word' id='word_1_878' title='bbox 2768 4515 2976 4586; x_wconf 85' lang='lat' dir='ltr'><strong>ipsum;</strong></span> <span class='ocrx_word' id='word_1_879' title='bbox 3020 4514 3140 4585; x_wconf 89' lang='lat' dir='ltr'><strong>quia</strong></span> <span class='ocrx_word' id='word_1_880' title='bbox 3194 4516 3379 4586; x_wconf 90' lang='lat' dir='ltr'><strong>utique</strong></span> <span class='ocrx_word' id='word_1_881' title='bbox 3423 4513 3537 4585; x_wconf 90' lang='lat' dir='ltr'><strong>ipse</strong></span> 
     </span>
    </p>
   </div>
   <div class='ocr_carea' id='block_1_108' title="bbox 1956 4607 3535 4663">
    <p class='ocr_par' dir='ltr' id='par_1_108' title="bbox 1956 4607 3535 4663">
     <span class='ocr_line' id='line_1_108' title="bbox 1956 4607 3535 4663; baseline -0.001 -1"><span class='ocrx_word' id='word_1_882' title='bbox 1956 4609 2024 4663; x_wconf 90' lang='lat' dir='ltr'><strong>ab</strong></span> <span class='ocrx_word' id='word_1_883' title='bbox 2069 4608 2213 4663; x_wconf 86' lang='lat' dir='ltr'><strong>omni</strong></span> <span class='ocrx_word' id='word_1_884' title='bbox 2258 4607 2542 4662; x_wconf 91' lang='lat' dir='ltr'><strong>concubitu</strong></span> <span class='ocrx_word' id='word_1_885' title='bbox 2588 4607 2893 4662; x_wconf 90' lang='lat' dir='ltr'><strong>continebat</strong></span> <span class='ocrx_word' id='word_1_886' title='bbox 2942 4624 2955 4661; x_wconf 92' lang='lat'><strong>:</strong></span> <span class='ocrx_word' id='word_1_887' title='bbox 3008 4614 3065 4662; x_wconf 88' lang='lat' dir='ltr'><strong>et</strong></span> <span class='ocrx_word' id='word_1_888' title='bbox 3102 4608 3358 4663; x_wconf 87' lang='lat' dir='ltr'><strong>continuo</strong></span> <span class='ocrx_word' id='word_1_889' title='bbox 3403 4608 3535 4663; x_wconf 91' lang='lat' dir='ltr'><strong>sub-</strong></span> 
     </span>
    </p>
   </div>
   <div class='ocr_carea' id='block_1_109' title="bbox 1950 4696 3531 4770">
    <p class='ocr_par' dir='ltr' id='par_1_109' title="bbox 1950 4696 3531 4770">
     <span class='ocr_line' id='line_1_109' title="bbox 1950 4696 3531 4770; baseline -0.003 -16"><span class='ocrx_word' id='word_1_890' title='bbox 1950 4700 2146 4770; x_wconf 76' lang='lat' dir='ltr'><strong>junxit,</strong></span> <span class='ocrx_word' id='word_1_891' title='bbox 2175 4696 2282 4755; x_wconf 86' lang='lat' dir='ltr'><strong>Sed</strong></span> <span class='ocrx_word' id='word_1_892' title='bbox 2303 4698 2640 4769; x_wconf 89' lang='lat' dir='ltr'><strong>unusquisque</strong></span> <span class='ocrx_word' id='word_1_893' title='bbox 2664 4697 2926 4769; x_wconf 81' lang='lat' dir='ltr'><strong>proprium</strong></span> <span class='ocrx_word' id='word_1_894' title='bbox 2943 4696 3132 4752; x_wconf 90' lang='lat' dir='ltr'><strong>donum</strong></span> <span class='ocrx_word' id='word_1_895' title='bbox 3154 4697 3300 4753; x_wconf 86' lang='lat' dir='ltr'><strong>habet</strong></span> <span class='ocrx_word' id='word_1_896' title='bbox 3328 4715 3360 4751; x_wconf 92' lang='lat' dir='ltr'><strong>a</strong></span> <span class='ocrx_word' id='word_1_897' title='bbox 3387 4696 3531 4761; x_wconf 82' lang='lat' dir='ltr'><strong>Deo;</strong></span> 
     </span>
    </p>
   </div>
   <div class='ocr_carea' id='block_1_110' title="bbox 1954 4787 3528 4861">
    <p class='ocr_par' dir='ltr' id='par_1_110' title="bbox 1954 4787 3528 4861">
     <span class='ocr_line' id='line_1_110' title="bbox 1954 4787 3528 4861; baseline -0.001 -16"><span class='ocrx_word' id='word_1_898' title='bbox 1954 4790 2086 4845; x_wconf 86' lang='lat' dir='ltr'><strong>alius</strong></span> <span class='ocrx_word' id='word_1_899' title='bbox 2110 4791 2200 4851; x_wconf 91' lang='lat' dir='ltr'><strong>sic.</strong></span> <span class='ocrx_word' id='word_1_900' title='bbox 2230 4788 2362 4845; x_wconf 89' lang='lat' dir='ltr'><strong>alius</strong></span> <span class='ocrx_word' id='word_1_901' title='bbox 2388 4798 2553 4843; x_wconf 89' lang='lat' dir='ltr'><strong>autem</strong></span> <span class='ocrx_word' id='word_1_902' title='bbox 2572 4790 2644 4844; x_wconf 88' lang='lat' dir='ltr'><strong>sic</strong></span> <span class='ocrx_word' id='word_1_903' title='bbox 2677 4787 2728 4861; x_wconf 86' lang='grc' dir='ltr'><strong>(Ι</strong></span> <span class='ocrx_word' id='word_1_904' title='bbox 2753 4788 2869 4843; x_wconf 89' lang='lat' dir='ltr'><strong>Cor.</strong></span> <span class='ocrx_word' id='word_1_905' title='bbox 2896 4805 2992 4855; x_wconf 86' lang='lat' dir='ltr'><strong>vn,</strong></span> <span class='ocrx_word' id='word_1_906' title='bbox 3020 4790 3107 4861; x_wconf 85' lang='lat'><strong>7).</strong></span> <span class='ocrx_word' id='word_1_907' title='bbox 3132 4788 3398 4860; x_wconf 84' lang='lat' dir='ltr'><strong>Numquid</strong></span> <span class='ocrx_word' id='word_1_908' title='bbox 3423 4800 3528 4844; x_wconf 82' lang='lat' dir='ltr'><strong>tam</strong></span> 
     </span>
    </p>
   </div>
   <div class='ocr_carea' id='block_1_111' title="bbox 1955 4877 3529 4949">
    <p class='ocr_par' dir='ltr' id='par_1_111' title="bbox 1955 4877 3529 4949">
     <span class='ocr_line' id='line_1_111' title="bbox 1955 4877 3529 4949; baseline 0.001 -16"><span class='ocrx_word' id='word_1_909' title='bbox 1955 4880 2117 4933; x_wconf 89' lang='lat' dir='ltr'><strong>multa</strong></span> <span class='ocrx_word' id='word_1_910' title='bbox 2142 4894 2261 4949; x_wconf 77' lang='lat' dir='ltr'><strong>qua:</strong></span> <span class='ocrx_word' id='word_1_911' title='bbox 2283 4878 2661 4947; x_wconf 67' lang='lat' dir='ltr'><strong>praecipiuntur</strong></span> <span class='ocrx_word' id='word_1_912' title='bbox 2683 4879 2735 4932; x_wconf 93' lang='lat' dir='ltr'><strong>in</strong></span> <span class='ocrx_word' id='word_1_913' title='bbox 2761 4877 2877 4949; x_wconf 83' lang='lat' dir='ltr'><strong>lege</strong></span> <span class='ocrx_word' id='word_1_914' title='bbox 2906 4879 3018 4943; x_wconf 89' lang='lat' dir='ltr'><strong>Dci,</strong></span> <span class='ocrx_word' id='word_1_915' title='bbox 3050 4894 3117 4933; x_wconf 91' lang='lat' dir='ltr'><strong>ne</strong></span> <span class='ocrx_word' id='word_1_916' title='bbox 3153 4878 3529 4935; x_wconf 88' lang='lat' dir='ltr'><strong>fornicationes</strong></span> 
     </span>
    </p>
   </div>
   <div class='ocr_carea' id='block_1_112' title="bbox 1953 4968 3524 5040">
    <p class='ocr_par' dir='ltr' id='par_1_112' title="bbox 1953 4968 3524 5040">
     <span class='ocr_line' id='line_1_112' title="bbox 1953 4968 3524 5040; baseline 0.003 -18"><span class='ocrx_word' id='word_1_917' title='bbox 1953 4980 2004 5024; x_wconf 79' lang='lat' dir='ltr'><strong>ct</strong></span> <span class='ocrx_word' id='word_1_918' title='bbox 2029 4969 2282 5024; x_wconf 80' lang='lat' dir='ltr'><strong>adulteria</strong></span> <span class='ocrx_word' id='word_1_919' title='bbox 2313 4969 2713 5024; x_wconf 89' lang='lat' dir='ltr'><strong>committantur</strong></span> <span class='ocrx_word' id='word_1_920' title='bbox 2735 5009 2751 5035; x_wconf 90' lang='lat'><strong>,</strong></span> <span class='ocrx_word' id='word_1_921' title='bbox 2776 4968 3011 5024; x_wconf 89' lang='lat' dir='ltr'><strong>iudicant</strong></span> <span class='ocrx_word' id='word_1_922' title='bbox 3044 4969 3188 5024; x_wconf 91' lang='lat' dir='ltr'><strong>aliud</strong></span> <span class='ocrx_word' id='word_1_923' title='bbox 3218 4985 3376 5040; x_wconf 89' lang='lat' dir='ltr'><strong>quam</strong></span> <span class='ocrx_word' id='word_1_924' title='bbox 3404 4969 3524 5027; x_wconf 62' lang='lat' dir='ltr'><strong>libca</strong></span> 
     </span>
    </p>
   </div>
   <div class='ocr_carea' id='block_1_113' title="bbox 1953 5059 3523 5131">
    <p class='ocr_par' dir='ltr' id='par_1_113' title="bbox 1953 5059 3523 5131">
     <span class='ocr_line' id='line_1_113' title="bbox 1953 5059 3523 5131; baseline 0.001 -15"><span class='ocrx_word' id='word_1_925' title='bbox 1953 5080 2069 5117; x_wconf 90' lang='lat' dir='ltr'><strong>rum</strong></span> <span class='ocrx_word' id='word_1_926' title='bbox 2125 5060 2435 5115; x_wconf 83' lang='lat' dir='ltr'><strong>arbitrium?</strong></span> <span class='ocrx_word' id='word_1_927' title='bbox 2489 5059 2675 5131; x_wconf 87' lang='lat' dir='ltr'><strong>Neque</strong></span> <span class='ocrx_word' id='word_1_928' title='bbox 2724 5061 2866 5116; x_wconf 90' lang='lat' dir='ltr'><strong>enim</strong></span> <span class='ocrx_word' id='word_1_929' title='bbox 2925 5060 3373 5131; x_wconf 62' lang='lat' dir='ltr'><strong>praeciperentur,</strong></span> <span class='ocrx_word' id='word_1_930' title='bbox 3436 5064 3523 5117; x_wconf 80' lang='lat' dir='ltr'><strong>nis</strong></span> 
     </span>
    </p>
   </div>
   <div class='ocr_carea' id='block_1_114' title="bbox 1953 5150 3531 5222">
    <p class='ocr_par' dir='ltr' id='par_1_114' title="bbox 1953 5150 3531 5222">
     <span class='ocr_line' id='line_1_114' title="bbox 1953 5150 3531 5222; baseline -0.001 -15"><span class='ocrx_word' id='word_1_931' title='bbox 1953 5152 2114 5207; x_wconf 88' lang='lat' dir='ltr'><strong>homo</strong></span> <span class='ocrx_word' id='word_1_932' title='bbox 2166 5150 2387 5205; x_wconf 88' lang='lat' dir='ltr'><strong>haberet</strong></span> <span class='ocrx_word' id='word_1_933' title='bbox 2433 5151 2700 5220; x_wconf 89' lang='lat' dir='ltr'><strong>propriam</strong></span> <span class='ocrx_word' id='word_1_934' title='bbox 2763 5150 3128 5213; x_wconf 89' lang='lat' dir='ltr'><strong>voluntatem,</strong></span> <span class='ocrx_word' id='word_1_935' title='bbox 3180 5167 3285 5222; x_wconf 89' lang='lat' dir='ltr'><strong>qua</strong></span> <span class='ocrx_word' id='word_1_936' title='bbox 3338 5153 3531 5208; x_wconf 55' lang='lat' dir='ltr'><strong>divinis</strong></span> 
     </span>
    </p>
   </div>
   <div class='ocr_carea' id='block_1_115' title="bbox 1951 5240 3528 5313">
    <p class='ocr_par' dir='ltr' id='par_1_115' title="bbox 1951 5240 3528 5313">
     <span class='ocr_line' id='line_1_115' title="bbox 1951 5240 3528 5313; baseline 0.003 -18"><span class='ocrx_word' id='word_1_937' title='bbox 1951 5242 2230 5313; x_wconf 74' lang='lat' dir='ltr'><strong>pm-ceptis</strong></span> <span class='ocrx_word' id='word_1_938' title='bbox 2271 5240 2530 5295; x_wconf 72' lang='lat' dir='ltr'><strong>obedirrt.</strong></span> <span class='ocrx_word' id='word_1_939' title='bbox 2584 5241 2651 5294; x_wconf 89' lang='lat' dir='ltr'><strong>Et</strong></span> <span class='ocrx_word' id='word_1_940' title='bbox 2685 5248 2860 5294; x_wconf 90' lang='lat' dir='ltr'><strong>tamen</strong></span> <span class='ocrx_word' id='word_1_941' title='bbox 2909 5240 3002 5297; x_wconf 89' lang='lat' dir='ltr'><strong>Dei</strong></span> <span class='ocrx_word' id='word_1_942' title='bbox 3047 5240 3246 5297; x_wconf 89' lang='lat' dir='ltr'><strong>donum</strong></span> <span class='ocrx_word' id='word_1_943' title='bbox 3276 5252 3378 5308; x_wconf 87' lang='lat' dir='ltr'><strong>est,</strong></span> <span class='ocrx_word' id='word_1_944' title='bbox 3410 5244 3528 5300; x_wconf 87' lang='lat' dir='ltr'><strong>sine</strong></span> 
     </span>
    </p>
   </div>
   <div class='ocr_carea' id='block_1_116' title="bbox 1951 5330 3532 5425">
    <p class='ocr_par' dir='ltr' id='par_1_116' title="bbox 1951 5330 3532 5425">
     <span class='ocr_line' id='line_1_116' title="bbox 1951 5330 3532 5425; baseline 0.001 -38"><span class='ocrx_word' id='word_1_945' title='bbox 1951 5350 2055 5404; x_wconf 84' lang='lat' dir='ltr'><strong>quo</strong></span> <span class='ocrx_word' id='word_1_946' title='bbox 2081 5332 2278 5387; x_wconf 74' lang='lat' dir='ltr'><strong>servari</strong></span> <span class='ocrx_word' id='word_1_947' title='bbox 2305 5331 2563 5385; x_wconf 84' lang='lat' dir='ltr'><strong>castitatis</strong></span> <span class='ocrx_word' id='word_1_948' title='bbox 2584 5340 2846 5400; x_wconf 64' lang='lat' dir='ltr'><strong>pne-cepta</strong></span> <span class='ocrx_word' id='word_1_949' title='bbox 2879 5346 2984 5425; x_wconf 62' lang='lat' dir='ltr'><strong>n.0n</strong></span> <span class='ocrx_word' id='word_1_950' title='bbox 3012 5340 3252 5403; x_wconf 85' lang='lat' dir='ltr'><strong>possunt.</strong></span> <span class='ocrx_word' id='word_1_951' title='bbox 3284 5330 3436 5391; x_wconf 89' lang='lat' dir='ltr'><strong>Unde</strong></span> <span class='ocrx_word' id='word_1_952' title='bbox 3457 5337 3532 5389; x_wconf 87' lang='lat' dir='ltr'><strong>ait</strong></span> 
     </span>
    </p>
   </div>
   <div class='ocr_carea' id='block_1_117' title="bbox 2012 5459 3530 5525">
    <p class='ocr_par' dir='ltr' id='par_1_117' title="bbox 2012 5459 3530 5525">
     <span class='ocr_line' id='line_1_117' title="bbox 2012 5459 3530 5525; baseline 0.003 -14"><span class='ocrx_word' id='word_1_953' title='bbox 2012 5464 2029 5496; x_wconf 85' lang='grc'>¹</span> <span class='ocrx_word' id='word_1_954' title='bbox 2052 5462 2202 5521; x_wconf 79' lang='lat' dir='ltr'><strong>Fditi,</strong></span> <span class='ocrx_word' id='word_1_955' title='bbox 2242 5468 2441 5525; x_wconf 59' lang='lat' dir='ltr'><strong>propter</strong></span> <span class='ocrx_word' id='word_1_956' title='bbox 2480 5459 2566 5525; x_wconf 77' lang='lat' dir='ltr'><strong>hoc</strong></span> <span class='ocrx_word' id='word_1_957' title='bbox 2596 5473 2722 5525; x_wconf 69' lang='lat' dir='ltr'><strong>enim</strong></span> <span class='ocrx_word' id='word_1_958' title='bbox 2755 5459 2969 5519; x_wconf 67' lang='lat' dir='ltr'><strong>subierit.</strong></span> <span class='ocrx_word' id='word_1_959' title='bbox 3023 5463 3391 5525; x_wconf 69' lang='lat' dir='ltr'><strong>Antiquissimus</strong></span> <span class='ocrx_word' id='word_1_960' title='bbox 3416 5472 3530 5516; x_wconf 75' lang='lat' dir='ltr'><strong>mr-</strong></span> 
     </span>
    </p>
   </div>
   <div class='ocr_carea' id='block_1_118' title="bbox 1949 5522 3402 5587">
    <p class='ocr_par' dir='ltr' id='par_1_118' title="bbox 1949 5522 3402 5587">
     <span class='ocr_line' id='line_1_118' title="bbox 1949 5522 3402 5587; baseline 0.002 -13"><span class='ocrx_word' id='word_1_961' title='bbox 1949 5526 2166 5574; x_wconf 81' lang='lat' dir='ltr'><strong>beieusis</strong></span> <span class='ocrx_word' id='word_1_962' title='bbox 2188 5522 2343 5587; x_wconf 54' lang='lat' dir='ltr'><strong>cales</strong></span> <span class='ocrx_word' id='word_1_963' title='bbox 2358 5529 2407 5570; x_wconf 85' lang='lat' dir='ltr'><strong>et</strong></span> <span class='ocrx_word' id='word_1_964' title='bbox 2430 5522 2622 5587; x_wconf 87' lang='lat' dir='ltr'><strong>quidam</strong></span> <span class='ocrx_word' id='word_1_965' title='bbox 2646 5522 2722 5569; x_wconf 80' lang='lat' dir='ltr'><strong>alii</strong></span> <span class='ocrx_word' id='word_1_966' title='bbox 2754 5530 2881 5579; x_wconf 70' lang='lat'><strong>3155.,</strong></span> <span class='ocrx_word' id='word_1_967' title='bbox 2906 5522 3169 5587; x_wconf 72' lang='lat' dir='ltr'><strong>Propterea</strong></span> <span class='ocrx_word' id='word_1_968' title='bbox 3186 5530 3402 5587; x_wconf 65' lang='lat' dir='ltr'><strong>subjecit.</strong></span> 
     </span>
    </p>
   </div>
   <div class='ocr_carea' id='block_1_119' title="bbox 2014 5584 3523 5654">
    <p class='ocr_par' dir='ltr' id='par_1_119' title="bbox 2014 5584 3523 5654">
     <span class='ocr_line' id='line_1_119' title="bbox 2014 5584 3523 5654; baseline 0.005 -23"><span class='ocrx_word' id='word_1_969' title='bbox 2014 5588 2034 5616; x_wconf 82' lang='grc'>²</span> <span class='ocrx_word' id='word_1_970' title='bbox 2053 5585 2356 5654; x_wconf 59' lang='lat' dir='ltr'><strong>tiorbeiensis</strong></span> <span class='ocrx_word' id='word_1_971' title='bbox 2379 5584 2540 5652; x_wconf 43' lang='lat' dir='ltr'><strong>coclex.</strong></span> <span class='ocrx_word' id='word_1_972' title='bbox 2557 5591 2667 5632; x_wconf 70' lang='lat' dir='ltr'><strong>ante</strong></span> <span class='ocrx_word' id='word_1_973' title='bbox 2696 5593 2965 5645; x_wconf 69' lang='lat' dir='ltr'><strong>nongentos</strong></span> <span class='ocrx_word' id='word_1_974' title='bbox 2992 5585 3066 5634; x_wconf 77' lang='lat' dir='ltr'><strong>vel</strong></span> <span class='ocrx_word' id='word_1_975' title='bbox 3091 5584 3221 5636; x_wconf 78' lang='lat' dir='ltr'><strong>ualle</strong></span> <span class='ocrx_word' id='word_1_976' title='bbox 3247 5584 3395 5638; x_wconf 67' lang='lat' dir='ltr'><strong>annos</strong></span> <span class='ocrx_word' id='word_1_977' title='bbox 3416 5591 3523 5639; x_wconf 60' lang='grc' dir='ltr'><strong>δαί*</strong></span> 
     </span>
    </p>
   </div>
   <div class='ocr_carea' id='block_1_120' title="bbox 1956 5652 2581 5708">
    <p class='ocr_par' dir='ltr' id='par_1_120' title="bbox 1956 5652 2581 5708">
     <span class='ocr_line' id='line_1_120' title="bbox 1956 5652 2581 5708; baseline -0.01 -11"><span class='ocrx_word' id='word_1_978' title='bbox 1956 5662 1967 5708; x_wconf 89' lang='lat'><strong><em>|</em></strong></span> <span class='ocrx_word' id='word_1_979' title='bbox 1988 5656 2082 5703; x_wconf 83' lang='lat' dir='ltr'><strong>tus,</strong></span> <span class='ocrx_word' id='word_1_980' title='bbox 2108 5652 2390 5696; x_wconf 71' lang='lat' dir='ltr'><strong>continentes</strong></span> <span class='ocrx_word' id='word_1_981' title='bbox 2416 5652 2581 5694; x_wconf 66' lang='lat' dir='ltr'><strong>t&#39;tz‘tlts.</strong></span> 
     </span>
    </p>
   </div>
  </div>
