3972 6178
523 244 626 298 887

529 361 617 414 ille
661 359 714 414 in
742 359 875 414 libro
905 356 1191 428 Sapientia:
1225 374 1238 411 :
1269 357 1394 412 Cum
1441 359 1621 412 scirem
1663 361 1783 427 quia
1818 376 1962 412 nemo
1993 375 2098 412 esse

521 462 681 518 potest
709 449 970 504 continens
1006 448 1104 502 nisi
1133 445 1268 500 Deus
1298 447 1380 501 det
1401 462 1421 511 ;
1445 459 1493 502 et
1539 450 1633 502 Itoc
1659 449 1828 518 ipsum
1873 458 1980 502 erat
2009 464 2094 500 sa-

521 556 739 613 pientia,
780 544 909 598 scire
934 543 1084 613 cujus
1104 552 1230 598 esset
1258 544 1353 596 hoc
1381 544 1570 596 donum
1609 540 1779 615 (Sap.
1806 556 1927 606 vttt,
1961 538 2028 592 2|
2055 537 2098 609 ).

523 635 588 690 Ut
623 643 798 690 autem
835 635 934 687 ista
982 648 1090 688 non
1129 643 1410 688 serventur
1449 632 1708 688 castitatis
1732 641 1912 686 saneta
1945 645 2100 684 man-

515 727 659 785 data,
691 725 1030 796 unusquisque
1053 732 1273 778 tentatur
1297 739 1329 776 a
1348 722 1752 792 concupiscentia
1779 738 1870 776 sua
1899 723 2096 776 abstra-

516 828 628 871 ctus
672 826 718 870 et
749 816 944 870 illectus
974 813 1186 887 (Jacobi
1225 829 1278 880 ι,
1313 815 1438 884 14).
1486 812 1590 870 Ubi
1627 814 1673 869 si
1701 813 1933 878 dixerit,
1965 811 2100 867 Volo

521 922 769 971 servare,
798 905 894 962 sed
925 907 1108 962 vincor
1134 921 1162 959 a
1205 905 1636 974 concupiscentia
1673 920 1790 961 mea
1827 925 1840 961 :
1873 920 2100 975 respon-

515 999 604 1052 det
633 996 906 1067 Scriptum
936 997 1106 1053 libero
1133 997 1250 1067 ejus
1280 995 1524 1062 arbitrio,
1546 995 1690 1066 quod
1713 996 1824 1067 jam
1848 997 2098 1068 superius

515 1089 645 1151 dixi,
700 1085 825 1142 Noli
855 1087 987 1142 vinci
1033 1105 1065 1141 a
1095 1089 1231 1141 malo
1255 1129 1269 1152 ,
1318 1086 1407 1141 sed
1433 1087 1574 1140 vince
1612 1087 1666 1140 in
1705 1087 1832 1140 bono
1882 1087 2098 1142 malum.

513 1178 663 1245 Quod
693 1187 870 1233 tamen
901 1188 956 1233 ιιι
983 1179 1089 1244 iiat,
1121 1177 1334 1246 adjuvat
1361 1176 1527 1247 gratia
1562 1193 1575 1229 :
1607 1191 1727 1246 qua:
1753 1175 1854 1230 nisi
1880 1175 2100 1246 adjuve-

515 1272 602 1334 rit,
640 1268 769 1323 nihil
817 1269 901 1323 lex
946 1269 1046 1322 erit
1090 1268 1190 1322 nisi
1227 1268 1394 1322 virtus
1425 1267 1647 1337 peccati.
1689 1267 1928 1334 Augetur
1954 1266 2096 1321 enim

513 1359 939 1428 concupiscentia
963 1402 976 1424 ,
1019 1368 1074 1412 et
1101 1359 1330 1428 majores
1360 1358 1499 1411 vires
1538 1356 1728 1426 accipit
1775 1355 2099 1427 lege‘prolti-

515 1449 698 1515 bente,
729 1449 828 1503 nisi
858 1448 1072 1519 adjuvet
1100 1449 1316 1518 spiritus
1342 1449 1545 1519 gratite.
1581 1447 1694 1503 lloc
1711 1459 1794 1503 est
1821 1447 1965 1520 quod
1995 1448 2084 1502 dio

520 1542 589 1594 cit
631 1541 719 1597 iile
763 1541 874 1610 ipse
904 1542 1101 1596 Doctor
1144 1539 1394 1598 Gentium
1425 1561 1438 1597 :
1472 1543 1690 1597 Aculeus
1719 1552 1884 1597 autem
1920 1545 2096 1598 mortis

516 1645 587 1686 est
613 1643 904 1703 peccatum,-
931 1634 1091 1688 oirtn‘s
1116 1648 1231 1688 vero
1259 1635 1469 1702 peccati,
1500 1634 1599 1688 lex.
1631 1633 1770 1690 Ecce
1799 1636 1939 1689 unde
1968 1635 2098 1690 dicit

523 1727 705 1786 homo,
761 1722 893 1780 \‘olo
936 1723 1068 1794 legis
1110 1740 1324 1779 servare
1379 1722 1709 1791 mandatum,
1761 1724 1856 1779 sed
1899 1725 2097 1782 virtute

513 1813 960 1886 concupiscentia:
1003 1831 1138 1872 mea:
1190 1816 1388 1871 vincor.
1421 1815 1488 1870 Et
1526 1831 1646 1872 cum
1696 1816 1942 1872 voluntas
1982 1817 2098 1886 ejus

515 1905 856 1974 Convenitur,
899 1914 955 1961 et
1000 1905 1212 1972 dicitur,
1267 1905 1396 1960 Noli
1424 1906 1556 1960 uinci
1593 1923 1626 1960 a
1672 1907 1847 1971 malo;
1893 1906 2022 1978 quid
2046 1909 2097 1962 ei

515 1997 750 2063 prodest,
780 1998 879 2053 nisi
907 1999 1070 2069 gratia
1094 2007 1439 2054 succurrente
1463 1998 1592 2052 iiat?
1615 1997 1769 2067 Quod
1801 1998 1914 2068 ipse
1940 1999 2090 2068 Apo-

513 2087 681 2143 stoltts
728 2099 942 2146 secutus
979 2089 1269 2159 adjuuxit:
1316 2104 1439 2144 nam
1487 2103 1608 2144 cum
1651 2089 1913 2155 dixisset,
1939 2089 2096 2144 uirtus

516 2180 706 2249 peccati
733 2181 836 2246 lex,
865 2183 1119 2236 continuo
1143 2181 1390 2252 subjecit,
1425 2179 1632 2237 Gratias
1659 2191 1826 2236 autem
1849 2180 1976 2242 Deo,
2009 2183 2096 2248 qui

511 2273 598 2324 dot
618 2271 760 2326 nobis
787 2272 1044 2326 victoriam
1071 2289 1158 2343 per
1177 2269 1454 2326 Dominum
1475 2282 1701 2326 nostrum
1740 2269 1918 2326 Jesum
1941 2267 2094 2326 Citri-

511 2372 639 2419 stum
667 2361 686 2434 (
709 2361 728 2415 1
759 2360 875 2418 Cor.
902 2377 996 2428 xv,
1026 2362 1116 2429 56,
1139 2363 1255 2433 57).
1284 2363 1426 2433 Ergo
1451 2372 1505 2418 et
1543 2362 1762 2417 victoria
1780 2377 1880 2432 qua
1910 2375 2097 2431 pecea-

517 2465 626 2504 tum
643 2450 902 2518 sincitur,
926 2451 1053 2507 nihil
1079 2452 1221 2507 aliud
1247 2462 1512 2522 estquam
1539 2450 1738 2507 donum
1764 2452 1876 2518 Dei,
1909 2452 1960 2506 in
1988 2453 2090 2507 isto

513 2541 806 2596 certamine
826 2541 1125 2610 adjuvantis
1153 2541 1376 2597 liberum
1396 2540 1692 2596 arbitrium.

585 2630 620 2686 9
679 2629 906 2700 Propter
940 2631 1079 2702 quod
1115 2631 1242 2686 dicit
1281 2641 1336 2687 et
1372 2631 1608 2689 celestis
1645 2631 1914 2702 Magister,
1957 2631 2099 2704 Vigi-

515 2726 628 2788 late,
656 2735 704 2779 et
735 2733 906 2792 orate,
937 2740 998 2778 ne
1023 2724 1219 2778 intretis
1259 2724 1312 2778 in
1339 2724 1660 2788 tentationem
1691 2723 1901 2796 (.llattlt.
1931 2740 2055 2780 xxvt
2076 2766 2090 2792 ,

512 2815 626 2886 41).
660 2815 800 2885 Ergo
831 2815 1193 2886 unusquisque
1221 2823 1407 2870 contra
1435 2829 1587 2870 suam
1613 2815 2096 2884 concupiscentiam

513 2905 774 2960 dimicans
807 2915 944 2974 oret,
987 2921 1054 2961 ne
1083 2903 1246 2961 intret
1287 2907 1340 2960 in
1382 2905 1753 2974 tentationem,
1791 2905 1845 2962 id
1887 2917 1990 2976 est,
2029 2922 2098 2963 ne

514 2992 584 3050 sit
611 2993 676 3049 ab
703 2994 792 3050 illa
821 2993 1119 3051 abstractus
1146 3005 1201 3052 et
1236 2996 1469 3052 illectus.
1496 2993 1618 3051 Non
1647 3005 1824 3051 autem
1856 2999 2016 3052 intrat
2042 2998 2096 3052 in

516 3085 856 3140 tentatioucm
879 3129 894 3152 ,
936 3086 980 3140 si
1015 3085 1289 3142 voluntate
1327 3085 1464 3141 bona
1497 3086 1676 3142 vincat
1709 3087 2097 3158 concupiscen-

517 3174 642 3226 tiam
683 3172 896 3228 malam.
926 3172 1036 3230 Nec
1062 3182 1239 3229 tamen
1277 3175 1471 3230 sufﬁcit
1509 3174 1784 3230 arbitrium
1813 3175 2099 3231 voluntatis

518 3263 784 3328 humatur,
821 3264 922 3317 nisi
962 3279 990 3316 a
1032 3263 1258 3319 Domino
1289 3265 1504 3320 victoria
1535 3266 1858 3322 concedatur
1885 3269 2094 3337 oranti,

518 3367 584 3405 ne
611 3352 772 3407 intret
800 3353 852 3406 in
885 3353 1249 3409 tentationetu.
1281 3353 1416 3422 Quid
1447 3370 1573 3411 vero
1597 3355 1895 3412 evidentius
1938 3375 2095 3429 quam

519 3440 610 3496 Dei
653 3441 951 3497 ostenditur
976 3441 1164 3513 gratia,
1212 3441 1299 3499 ubi
1335 3443 1476 3515 quod
1508 3454 1692 3501 oratur
1727 3448 2014 3517 accipitur?
2042 3449 2096 3504 Si

515 3533 657 3588 enim
698 3533 920 3590 dixisset
943 3533 1188 3590 Salvator
1215 3545 1417 3599 noster,
1459 3534 1674 3609 Vigilate
1695 3581 1710 3605 ,
1740 3556 1803 3594 ne
1824 3540 2020 3594 intretis
2043 3540 2098 3596 in

415 3680 425 3687 ,
516 3624 871 3690 tentationem;
911 3623 1253 3682 admonuisse
1291 3628 1658 3685 tantummodo
1687 3629 1956 3687 videretur
1995 3631 2094 3687 ho-

517 3711 675 3766 minis
701 3712 1024 3769 voluntatem
1055 3730 1067 3766 :
1099 3730 1222 3770 cum
1243 3729 1370 3772 vero
1392 3716 1616 3785 addidit,
1645 3728 1695 3773 et
1721 3731 1878 3784 orate,
1910 3732 2094 3776 osten-

513 3803 590 3856 dit
629 3801 796 3858 Deum
831 3804 1102 3874 adjuvare,
1149 3822 1216 3862 ne
1253 3807 1480 3864 intretur
1518 3809 1570 3863 in
1607 3813 1968 3866 tentationem.
2003 3812 2093 3868 Di-

514 3904 658 3948 ctum
679 3904 762 3950 est
788 3895 956 3950 libero
982 3895 1222 3960 arbitrio,
1250 3895 1380 3964 Fili,
1408 3901 1514 3953 noli
1539 3899 1750 3970 deﬁcere
1773 3919 1805 3954 ιι
1827 3902 2096 3971 disciplina

517 3984 725 4039 Domini
751 3983 932 4054 (Prov.
957 4001 1041 4050 ut,
1077 3987 1159 4056 11)
1195 4007 1208 4042 :
1241 3999 1289 4042 et
1323 3987 1578 4043 Dominus
1605 3989 1758 4056 dixit,
1791 3989 1900 4062 Ego
1925 3996 2097 4064 rogavi

515 4092 608 4145 pro
647 4087 732 4143 te,
765 4075 950 4141 Petre,
996 4096 1058 4132 ne
1096 4078 1298 4147 deﬁciat
1335 4079 1464 4148 fides
1505 4090 1592 4134 tua
1633 4078 1785 4153 (Luc.
1817 4097 1944 4150 xxn,
1979 4084 2091 4155 32).

517 4165 687 4220 llomo
727 4169 890 4237 ergo‘
929 4167 1093 4236 gratia
1126 4167 1358 4238 juvatur,
1399 4185 1465 4222 ne
1502 4170 1618 4224 sine
1653 4185 1811 4226 causa
1841 4174 2094 4230 voluntati

512 4259 626 4325 t-jtts
647 4257 914 4328 jubeatnr.

582 4347 808 4404 CAPUT
835 4348 900 4403 γ.
932 4381 1002 4391 -
1037 4351 1120 4408 10.
1147 4351 1279 4406 Cum
1308 4353 1433 4409 dicit
1464 4355 1621 4415 Deus.
1653 4357 2003 4412 Convertimini
2028 4361 2096 4414 ad

510 4455 612 4500 me,
653 4450 700 4494 et
740 4453 1016 4494 convertar.
1041 4443 1106 4494 ad
1145 4457 1230 4496 vos
1267 4440 1447 4514 (Zaclt.
1481 4459 1529 4508 I,
1559 4445 1658 4517 '5):
1701 4461 1861 4500 unum
1904 4448 2094 4505 borum

515 4530 726 4584 videtur
761 4545 882 4585 esse
918 4542 1115 4586 nostra:
1145 4531 1452 4599 voluntatis,
1493 4533 1546 4588 id
1586 4545 1689 4602 est,
1723 4547 1780 4590 ut
1814 4550 2094 4592 converta-

515 4635 629 4674 rnut
672 4619 740 4678 ad
763 4635 920 4686 eum;
952 4621 1178 4677 alterum
1204 4639 1332 4678 vero
1370 4625 1534 4694 ipsius
1558 4627 1762 4695 gratim,
1803 4627 1854 4682 id
1895 4641 1996 4694 est,
2040 4641 2097 4684 ut

512 4712 670 4766 etiam
714 4711 828 4780 ipse
867 4721 1208 4767 convertatur
1243 4711 1312 4767 ad
1355 4727 1470 4768 nos.
1520 4713 1621 4771 Ubi
1662 4727 1883 4786 possunt
1914 4732 2098 4788 putare

511 4797 781 4872 Pelagiani
801 4817 953 4858 suam
973 4801 1219 4858 obtinere
1248 4803 1588 4871 sententiam,
1619 4819 1719 4875 qua
1743 4805 1946 4874 dicunt,
1977 4825 2096 4882 gra-

513 4893 640 4948 tiam
670 4891 767 4948 Dci
803 4893 1095 4950 secrntdttm
1119 4894 1312 4950 merita
1341 4905 1522 4950 nostra
1545 4895 1680 4952 dari.
1704 4895 1856 4965 Quod
1885 4900 2095 4970 quidem

510 4987 566 5039 in
591 4985 830 5051 Oriente,
877 4984 978 5040 hoc
1015 4995 1118 5049 cst,
1163 4987 1219 5042 in
1259 4987 1528 5056 prOvincia
1559 4986 1862 5055 Parlwstina,
1902 4992 1956 5046 itt
1993 5009 2100 5063 qua

510 5085 592 5131 est
620 5077 808 5131 civitas
835 5074 1148 5140 Jerusalem,
1183 5093 1303 5132 cum
1333 5079 1445 5148 ipse
1473 5073 1715 5151 Pciagius
1741 5081 1808 5135 ab
1834 5083 2097 5154 episcopis

510 5169 806 5233 audiretur,
849 5169 1116 5226 allii-mare
1154 5186 1256 5226 non
1303 5187 1464 5227 ausus
1507 5183 1607 5226 est.
1651 5171 1783 5228 Nam
1832 5177 1967 5230 inter
1994 5191 2099 5232 ce-

515 5271 620 5311 l-‘t'n
655 5275 774 5330 qua:
804 5259 875 5314 illi
902 5260 1111 5330 objecta
1135 5273 1278 5325 sunt,
1310 5273 1362 5316 et
1393 5261 1493 5316 hoc
1523 5262 1787 5333 objectum
1817 5276 1915 5330 est,
1955 5269 2098 5336 quod

513 5350 734 5414 diceret,
777 5352 997 5421 gratiam
1037 5352 1128 5406 Dei
1169 5354 1459 5408 sedandum
1501 5355 1686 5408 trterita
1718 5367 1896 5410 nostra
1940 5359 2094 5413 dari:

511 5442 654 5505 quod
697 5444 775 5496 sic
809 5443 1038 5498 alienum
1078 5455 1176 5499 est'
1200 5460 1228 5496 ει
1271 5445 1527 5498 catholica
1567 5446 1806 5500 doctrina
1837 5458 1888 5501 et
1921 5450 2096 5502 inimi-

513 5549 634 5586 cum
674 5535 858 5601 gratiae
895 5535 1121 5599 Christi,
1164 5546 1220 5589 ut
1262 5538 1358 5590 nisi
1393 5539 1490 5592 hoc
1521 5538 1781 5607 objncltnn
1825 5541 1921 5594 sibi
1967 5558 2097 5594 ana-

584 5639 593 5666 ³
625 5643 930 5692 utrbt'ittttsis
951 5652 1062 5705 iis,
1078 5646 1220 5699 enim.

1341 241 1428 295 DE
1464 235 1720 296 CRATIA
1763 238 1849 295 ET
1889 235 2138 295 LIBERO
2176 235 2518 307 ARBITRIO,
2559 242 2615 299 S.
2659 241 3021 304 AUGUSTINI
3638 264 3718 322 33:

2214 354 2501 412 themasset
2517 358 2556 424 ⁸,
2581 357 2693 429 ipse
2713 341 2834 414 inde
2853 361 3216 420 anatltetnatus
3237 362 3418 424 exisset
3433 369 3522 442 (α).
3542 370 3631 430 Sed
3651 379 3714 434 ial-

2208 444 2393 499 laciter
2403 461 2525 501 eum
2539 447 2927 516 anathemasse,
2944 454 3258 521 posteriores
3272 455 3382 524 ejus
3393 459 3594 516 indicant
3609 465 3725 532 libri,

2210 535 2263 588 in
2293 536 2485 603 quibus
2510 540 2729 594 omnino
2757 540 2890 596 nihil
2927 541 3068 598 aliud
3093 542 3340 614 defendit,
3369 565 3511 618 quam
3539 558 3720 623 gratiam

2210 623 2303 680 Dei
2328 627 2616 682 secundum
2645 630 2835 686 merita
2862 642 3041 687 nostra
3069 633 3201 689 dari.
3223 635 3364 692 Talia
3392 656 3508 711 ergo
3527 643 3587 699 de
3609 645 3721 702 Serio

2207 717 2378 786 pturis
2407 719 2687 790 colligunt,
2710 723 2868 792 quale
2892 734 2976 778 est
3003 724 3102 780 hoc
3127 743 3285 784 unum
3310 732 3442 799 quod
3470 735 3604 802 paulo
3623 750 3720 795 ante

2206 805 2346 873 dixi,
2377 807 2740 865 Conrertimini
2761 813 2832 866 ad
2868 831 2975 881 me,
3005 826 3052 869 et
3079 830 3330 874 convertar
3355 822 3421 874 ad
3447 839 3559 889 vos;
3585 837 3631 881 ut
3651 843 3717 884 sco

2206 897 2438 954 cundum
2469 903 2716 958 meritum
2747 908 3111 962 conversionis
3140 921 3328 966 nostra!
3365 914 3428 968 ad
3456 915 3622 983 Deum,
3645 919 3718 977 de-

2206 999 2294 1044 tur
2333 991 2500 1061 gratia
2541 995 2676 1062 ejus,
2719 996 2770 1049 in
2810 1013 2912 1068 qua
2951 1000 3019 1054 ad
3062 1015 3158 1056 nos
3195 1012 3247 1058 et
3283 1005 3390 1074 ipse
3424 1011 3716 1068 convertitur.

2205 1075 2317 1133 Nec
2344 1080 2624 1137 attendunt
2649 1085 2740 1154 qtti
2769 1085 2872 1142 hoc
2912 1089 3166 1154 sentiunt,
3198 1093 3314 1162 quia
3344 1094 3436 1149 nisi
3458 1097 3630 1153 donum
3651 1101 3718 1157 Dei

2204 1178 2356 1224 esset
2387 1171 2546 1226 etiam
2588 1172 2698 1242 ipsa
2735 1173 2803 1230 ad
2845 1175 3011 1233 Deum
3051 1189 3232 1235 nostra
3267 1185 3544 1252 conversio,
3570 1204 3656 1242 non
3683 1193 3718 1244 ei

2202 1259 2488 1328 diceretur,
2531 1262 2667 1319 Deus
2694 1265 2956 1335 uirtutum,
2997 1283 3225 1327 conuerte
3264 1290 3351 1328 nos
3389 1274 3542 1348 (Psal.
3569 1293 3716 1343 um,

2202 1349 2280 1416 8);
2329 1361 2402 1418 et,
2449 1349 2607 1419 Deus,
2655 1367 2710 1408 tu
2746 1367 3036 1414 convertens
3079 1361 3350 1430 uiuiﬁcabis
3375 1381 3492 1428 nos;
3527 1378 3588 1431 et,
3613 1370 3716 1423 Corr-
3762 1382 3770 1390 '

2203 1451 2334 1494 certe
2376 1457 2488 1508 nos,
2531 1441 2670 1497 Deus
2709 1446 2983 1500 sanitatum
3027 1459 3312 1505 nostrarum
3347 1451 3506 1520 (Psal.
3543 1471 3713 1524 Lxxttv,

2205 1529 2258 1594 7,
2290 1526 2368 1601 5);
2399 1540 2453 1585 et
2481 1529 2784 1601 hojusmodi
2814 1536 2938 1600 alia,
2969 1553 3088 1608 quo:
3126 1553 3526 1599 commemorare
3550 1546 3716 1616 longum

2201 1629 2300 1675 est.
2329 1618 2461 1674 Nam
2478 1632 2532 1676 et
2563 1624 2742 1679 venire
2765 1624 2832 1680 ad
2855 1625 3148 1697 Christum,
3176 1630 3302 1700 quid
3321 1643 3398 1687 est
3420 1634 3550 1689 aliud
3571 1637 3652 1691 nisi
3667 1639 3716 1692 ad

2201 1725 2322 1765 eum
2361 1711 2630 1769 credendo
2657 1717 2938 1772 converti?
2965 1719 3032 1774 Et
3071 1731 3248 1779 tamen
3275 1724 3348 1778 ait
3376 1743 3389 1778 :
3425 1723 3570 1780 Nerua
3593 1740 3716 1796 potest

2202 1802 2367 1856 uenire
2395 1804 2466 1858 ad
2491 1819 2590 1873 me,
2619 1806 2718 1861 nisi
2757 1807 2932 1863 datum
2959 1809 3114 1881 fuerit
3143 1814 3188 1867 ei
3215 1829 3245 1866 a
3287 1812 3431 1870 Patre
3455 1832 3552 1870 meo
3578 1816 3714 1888 (lout.

2205 1908 2278 1962 vt,
2309 1895 2419 1967 66).

2275 1987 2362 2041 11.
2403 1988 2534 2064 item
2565 1991 2706 2061 quod
2737 1994 2993 2063 scriptum
3022 2006 3106 2050 est
3130 1997 3182 2051 in
3211 1997 3343 2052 libro
3369 1999 3575 2054 secundo
3595 1999 3716 2055 Para-

2201 2075 2529 2147 lipomenon,
2559 2079 2808 2136 Dominus
2843 2084 3119 2150 vobiscum,
3155 2103 3269 2140 cum
3299 2103 3379 2142 uos
3403 2089 3510 2142 estis
3533 2105 3626 2142 cum
3655 2107 3714 2156 eo,

2200 2177 2250 2220 et
2283 2168 2328 2221 si
2361 2169 2662 2238 qua'sieritis
2699 2187 2832 2238 eum,
2866 2173 3162 2242 invenietis;
3205 2178 3250 2231 si
3288 2188 3446 2231 autem
3477 2180 3714 2247 reliqueritis

2200 2275 2334 2325 eum,
2365 2261 2670 2330 dcrelinquet
2697 2280 2784 2318 vos
2817 2263 2881 2335 (ll
2917 2263 3043 2318 Par.
3087 2283 3178 2332 xv,
3207 2267 3287 2338 2);
3326 2269 3596 2324 manifestat
3625 2274 3712 2340 qui-

2199 2351 2322 2405 dem
2349 2352 2636 2409 voluntatis
2664 2356 2966 2413 arbitrium.
2994 2357 3098 2413 Sed
3133 2359 3208 2414 illi
3237 2361 3324 2430 qui
3351 2359 3520 2416 dicunt
3541 2364 3713 2432 gratiam

2201 2438 2296 2495 Dei
2322 2443 2615 2498 secundum
2647 2446 2837 2500 merita
2879 2459 3060 2502 nostra
3086 2449 3225 2516 dari,
3257 2451 3350 2505 ista
3380 2451 3637 2506 testimonia
3658 2454 3713 2506 sit:

2200 2530 2486 2600 accipiunt,
2535 2543 2591 2588 ut
2631 2534 2814 2591 dicant
2856 2539 3108 2593 meritum
3155 2553 3387 2596 nostrum
3429 2543 3475 2596 in
3510 2557 3566 2597 eo
3595 2558 3712 2607 esse,

2199 2621 2339 2689 quod
2365 2635 2549 2678 sumus
2573 2640 2696 2679 cum
2726 2626 2869 2693 Deo;
2897 2611 3014 2697 ejus
3037 2642 3219 2686 autem
3243 2633 3456 2702 gratiam
3479 2631 3715 2688 secundum

2201 2709 2302 2765 hoc
2327 2713 2574 2768 meritum
2599 2713 2738 2782 dari,
2765 2727 2821 2772 ut
2848 2719 2918 2772 sit
2945 2728 2999 2774 et
3026 2721 3143 2790 ipse
3170 2723 3450 2804 nobiscum.
3479 2724 3587 2778 ltctu
3616 2740 3705 2778 me-

2201 2802 2363 2857 ritum
2397 2815 2638 2860 nostrum
2671 2807 2725 2862 in
2759 2823 2825 2863 eo
2857 2824 2999 2876 esse,
3039 2812 3184 2880 quod
3228 2802 3496 2883 qua-rimus
3519 2829 3652 2879 eutn;
3675 2825 3716 2869 et

2200 2892 2493 2948 secundum
2521 2895 2624 2952 hoc
2643 2897 2892 2954 meritum
2913 2899 3028 2954 dari
3054 2902 3175 2972 ejus
3195 2905 3430 2973 gratiam,
3455 2913 3506 2958 ut
3523 2904 3716 2957 invenia-

2200 2997 2324 3039 mus
2348 3000 2494 3042 eum.
2529 2985 2594 3041 Et
2620 2987 2673 3042 in
2700 2987 2842 3044 libro
2866 2990 3042 3061 primo
3063 2993 3208 3062 quod
3234 2994 3424 3049 dictum
3450 3002 3540 3058 est,
3567 2991 3623 3047 ει
3645 3005 3714 3059 ιιι,

2202 3070 2448 3129 Salomon
2489 3071 2570 3145 ﬁli
2603 3078 2693 3143 mi,
2731 3093 2976 3150 cognosce
3003 3079 3192 3148 Deum,
3223 3095 3270 3138 et
3303 3085 3424 3138 serui
3453 3086 3495 3138 ei
3523 3084 3569 3137 in
3601 3086 3718 3137 cortis
3806 3084 3812 3088 ’

2202 3164 2426 3234 perfecto
2451 3175 2500 3222 et
2536 3167 2710 3221 animo
2737 3169 2965 3235 colente;
3003 3173 3124 3241 quia
3161 3174 3328 3228 omnia
3352 3174 3492 3228 corda
3515 3183 3718 3228 scrutatur

2201 3253 2478 3323 Dominus,
2513 3268 2560 3312 et
2605 3272 2803 3313 omnem
2847 3263 3204 3333 cogitationem
3247 3268 3473 3319 mentium
3497 3265 3612 3318 novit
3643 3280 3659 3317 :
3686 3264 3718 3318 si

2199 3347 2453 3416 qucsieris
2477 3364 2614 3415 eum,
2645 3349 2923 3405 inuenietur
2952 3352 3072 3416 tibi;
3102 3365 3148 3408 et
3177 3357 3222 3410 si
3247 3356 3487 3410 dimiseris
3515 3371 3627 3419 eum,
3653 3371 3717 3407 re-

2201 3437 2351 3505 pellet
2379 3449 2427 3492 te
2463 3439 2516 3492 in
2545 3450 2842 3510 perpetuum
2876 3440 2928 3513 (ι
2949 3442 3074 3497 Par.
3105 3461 3292 3512 xxvttt,
3320 3447 3400 3520 9);
3424 3446 3627 3502 declarat
3645 3461 3717 3499 vo-

2201 3524 2419 3581 luntatis
2445 3527 2745 3584 arbitrium.
2773 3530 2879 3586 Sed
2907 3531 2986 3588 illi
3015 3533 3067 3588 in
3096 3550 3166 3590 eo
3193 3548 3390 3608 ponunt
3412 3538 3628 3593 meritum
3647 3532 3744 3590 ω’

2200 3617 2380 3682 minis,
2417 3618 2559 3688 quod
2589 3619 2791 3676 dictum
2829 3632 2933 3690 est,
2963 3626 3007 3679 si
3034 3629 3296 3696 quasieris
3317 3645 3460 3694 eum;
3495 3640 3542 3684 ct
3563 3643 3714 3684 secun-

2199 3706 2326 3763 dum
2356 3707 2458 3764 hoc
2485 3711 2731 3766 meritum
2769 3711 2884 3768 dari
2911 3717 3162 3785 gratiam,
3211 3720 3262 3774 in
3303 3735 3368 3775 eo
3402 3719 3531 3790 quod
3560 3719 3715 3774 dictum

2199 3798 2338 3863 cst’,
2387 3799 2662 3854 invenietur
2705 3802 2796 3856 tibi
2827 3819 2846 3856 :
2883 3815 2936 3858 et
2970 3807 3194 3862 omnino
3231 3809 3480 3875 laborant,
3511 3817 3715 3879 quantum

2201 3901 2440 3957 possunt.
2468 3889 2754 3946 ostendere
2779 3895 3004 3962 gratiattt
3032 3895 3124 3952 Dei
3153 3897 3440 3954 secundum
3466 3899 3624 3952 met-ita
3644 3912 3714 3950 no-

2199 3990 2307 4031 stra
2336 3979 2484 4045 dari;
2513 3981 2614 4035 hoc
2640 3992 2742 4048 est,
2769 3984 2991 4052 gratiatu
3020 4001 3129 4042 non
3160 4002 3280 4042 esse
3303 3989 3531 4059 gratiam.
3556 3985 3715 4053 Quibus

2199 4071 2340 4125 enim
2396 4071 2687 4128 secundum
2745 4077 2993 4132 meritum
3054 4079 3312 4148 redditur,
3358 4097 3452 4135 non
3497 4082 3715 4150 imputatur

2200 4177 2386 4216 merces
2409 4163 2682 4217 secundum
2701 4166 2940 4234 gratiora,
2963 4171 3051 4222 sed
3081 4174 3358 4224 secundum
3377 4171 3591 4240 debitum,
3615 4168 3718 4221 sicut

2199 4251 2536 4321 apertissime
2559 4253 2689 4309 dicit
2714 4256 3001 4326 Apostolus
3027 4259 3204 4331 (Rom.
3231 4278 3300 4328 tv,
3329 4263 3401 4333 l).

2272 4341 2356 4396 l2.
2399 4343 2642 4399 Meritum
2677 4349 2820 4401 enim
2861 4349 2959 4403 luit
2996 4350 3212 4420 quidem
3242 4357 3294 4408 in
3319 4354 3542 4423 apostolo
3572 4351 3714 4413 Ριυιιηο

2197 4433 2295 4486 sed
2325 4433 2542 4499 malum,
2588 4437 2802 4506 quando
2828 4442 3244 4510 persequebatur
3271 4442 3546 4499 Ecclesium
3571 4460 3582 4495 :
3609 4440 3716 4495 unde

2200 4523 2347 4590 dicit,
2391 4522 2510 4579 Non
2553 4542 2666 4580 sum
2699 4528 2908 4584 idoneus
2939 4535 3102 4586 uocari
3127 4536 3416 4604 Apostolus,
3453 4538 3558 4606 quia
3587 4548 3716 4604 perse-

2200 4626 2344 4669 cutus
2379 4633 2490 4668 sum
2519 4615 2802 4673 Ecclesium
2832 4620 2946 4676 Dei.
2977 4623 3112 4680 Cum
3139 4641 3270 4698 ergo
3295 4627 3502 4683 haberet
3523 4627 3609 4682 hoc
3629 4639 3714 4678 tne-

2201 4705 2359 4758 riturn
2404 4705 2625 4772 malum,
2671 4708 2938 4764 redditum
2982 4723 3065 4767 est
3107 4715 3158 4769 ei
3203 4715 3394 4770 bonum
3439 4731 3525 4786 pro
3564 4714 3712 4768 malo:

2201 4793 2426 4864 ideoque
2455 4807 2673 4852 secutus
2697 4799 2956 4868 adjnnxit,
2989 4802 3095 4858 Sed
3120 4808 3285 4874 gratia
3311 4805 3405 4860 Dei
3427 4805 3598 4860 suntid
3615 4802 3716 4871 quod

2201 4901 2332 4939 sum.
2361 4889 2545 4955 Atque
2566 4899 2621 4940 ut
2647 4891 2955 4946 ostenderet
2983 4904 3037 4948 et
3064 4893 3293 4950 liberum
3327 4897 3599 4958 arbitrium,
3624 4907 3716 4944 mox

2201 4975 2424 5043 addidit,
2459 4989 2505 5030 et
2534 4982 2697 5048 gratia
2723 4983 2836 5051 ejus
2869 4983 2923 5036 in
2962 5002 3042 5038 me
3077 5002 3232 5040 vacua
3268 5005 3367 5042 non
3401 4991 3508 5058 fuit,
3535 4988 3610 5040 sed
3629 4987 3717 5054 plut

2202 5067 2432 5121 omnibus
2476 5069 2580 5124 illis
2623 5071 2864 5128 laborari.
2905 5073 3016 5130 Hoc
3055 5079 3196 5133 enim
3238 5078 3455 5134 liberum
3493 5077 3716 5132 arbitrium

2203 5157 2434 5214 hominis
2460 5163 2771 5219 exhortatur
2796 5175 2851 5220 et
2877 5167 2930 5220 in
2955 5168 3099 5236 aliis,
3129 5171 3317 5240 quibus
3344 5171 3482 5235 dicit,
3511 5166 3718 5238 Reg-MM

2269 5293 2288 5322 ¹
2313 5289 2446 5358 iiditi,
2465 5291 2908 5347 artat/temnuntst
2930 5311 2946 5357 ;
2972 5308 3018 5348 et
3045 5301 3183 5358 infra,
3204 5302 3610 5352 n-.-athcrnati;ctus,
3635 5309 3718 5343 mur

2203 5351 2550 5422 tltcnratizasse.
2571 5365 2629 5405 AI.
2653 5365 2754 5407 Mss.
2779 5351 3096 5422 antiquiores,
3124 5351 3476 5422 enat/tentasset,
3499 5362 3632 5410 ι.ιιε.ι1,ι
3646 5371 3719 5404 um-

2202 5423 2296 5471 ttts,
2319 5415 2660 5466 total/tenuem.

2271 5479 2288 5506 '
2309 5483 2354 5544 tu
2375 5477 2520 5544 editis
2537 5479 2818 5544 exciderant
2842 5479 2920 5532 illa
2945 5486 3114 5538 verba.
3134 5500 3174 5535 tn
3197 5499 3436 5544 σκαλίδι-ις
3455 5497 3552 5534 cum
3579 5488 3645 5529 :rt
3664 5490 3717 5526 sc-

2205 5539 2417 5609 cmnttnn
2436 5539 2523 5586 hoc
2547 5542 2768 5590 mt't‘tlmtt
2795 5544 2872 5590 dm
2887 5545 2902 5594 i
2919 5545 3123 5606 grntimn
3137 5583 3151 5605 ,
3175 5539 3220 5595 in
3243 5548 3440 5609 ett-qum!
3466 5554 3526 5596 (ξι.
3543 5556 3626 5592 lttlll
3641 5549 3692 5588 et!
3704 5574 3716 5595 ,

2206 5612 2314 5658 ιιιιιι·
2341 5599 2431 5646 Ιιιι·
2457 5611 2744 5650 ι“‹ϊι›‹·;ιιι1ιιι·
2769 5619 2830 5652 cx
2851 5599 2956 5654 διλξ.

2271 5661 2346 5720 (tt)
2382 5661 2490 5708 \itit‘
2518 5663 2689 5711 librum
2709 5668 2768 5712 ιΙι·
2794 5671 2947 5714 (iustis
2967 5669 3160 5730 Pelagii,
3187 5685 3229 5718 tt.
3254 5672 3411 5718 Fili-57..
