4014 6186
370 286 473 347 839

369 429 430 463 ne
458 412 507 462 in
538 420 752 461 vacuum
795 410 1013 477 gratiam
1060 394 1151 457 Dei
1189 398 1473 471 suscipiatis
1503 396 1569 472 (il
1617 399 1735 455 Cor.
1766 398 1950 468 Vtﬂ).

372 496 562 570 litqnid
593 484 734 551 enim
778 510 874 551 eos
916 505 1101 566 rogat,
1130 495 1174 548 si
1203 493 1427 564 gratiam
1467 492 1544 546 sic
1582 498 1955 560 susceperunt,

369 604 423 643 ut
466 588 731 659 propriam
774 585 1059 657 perderent
1084 582 1447 637 voluntatem?
1486 581 1686 635 Tamen
1735 595 1802 634 ne
1842 580 1959 648 ipsa

367 681 612 735 voluntas
652 679 769 733 sine
805 678 974 748 gratia
1006 676 1100 731 Dei
1144 684 1361 745 putetur
1387 674 1510 729 boni
1539 673 1737 744 aliquid
1776 687 1954 742 posse,

365 788 393 823 ι·
417 770 621 824 ειιιίηιιο
646 783 767 823 cum
810 767 1053 829 dixisset,
1099 765 1278 819 Gratia
1306 765 1417 834 ejus
1458 766 1511 818 in
1552 780 1629 817 me
1656 778 1816 816 vacua
1855 778 1955 817 non

367 863 487 933 fuit,
516 856 604 915 sed
646 861 759 928 plus
785 858 1014 922 omnibus
1047 856 1151 912 illis
1189 856 1452 920 laboravi;
1485 855 1757 925 subjunxit
1798 868 1958 925 atque

366 953 462 1018 ait,
494 951 618 1006 Non
646 966 736 1022 ego
761 960 947 1015 autem,
980 948 1069 1003 sed
1106 949 1272 1019 gratia
1297 945 1395 1001 Dei
1423 962 1615 1000 mecum
1643 944 1686 1018 (l
1716 944 1834 1000 Cor.
1864 962 1952 1012 xv,

365 1040 420 1108 9,
451 1044 541 1111 11))
567 1060 581 1095 :
623 1042 671 1095 id
700 1049 803 1105 est,
837 1055 942 1094 non
971 1039 1140 1103 solus,
1167 1038 1258 1093 sed
1285 1037 1453 1107 gratia
1484 1035 1579 1091 Dei
1606 1052 1814 1091 mecum
1850 1054 1863 1090 :
1894 1052 1957 1092 ac

370 1151 461 1204 per
491 1132 592 1187 hoc
623 1148 721 1187 nec
748 1132 917 1201 gratia
960 1130 1051 1185 Dei
1080 1129 1215 1195 sola,
1243 1143 1342 1184 nec
1371 1128 1484 1198 ipse
1514 1128 1681 1193 solus,
1714 1126 1808 1182 sed
1838 1144 1960 1198 gra-

368 1226 438 1279 tia
467 1224 563 1279 Dei
592 1240 712 1278 cum
741 1224 850 1278 illo.
879 1221 950 1278 Ut
973 1229 1150 1277 autem
1178 1220 1245 1276 de
1269 1218 1407 1275 cmlo
1433 1231 1732 1283 vocaretur,
1764 1228 1819 1274 et
1848 1228 1956 1273 tam

369 1330 558 1384 magna
580 1313 950 1369 el‘licacissima
973 1312 1250 1366 vocatione
1271 1319 1673 1366 converteretur
1693 1310 1829 1381 (Act.
1855 1309 1952 1381 Ix),

367 1408 534 1477 gratia
576 1406 670 1461 Dei
696 1415 812 1461 erat
850 1406 998 1479 sola;
1043 1405 1165 1472 quia
1194 1404 1381 1458 merita
1408 1402 1525 1471 ejus
1551 1413 1703 1457 erant
1742 1418 1953 1473 magna,

369 1496 464 1552 sed
494 1496 650 1550 mala.
685 1496 921 1565 Denique
948 1504 1004 1550 et
1027 1494 1151 1549 alibi
1180 1495 1306 1549 dicit
1331 1494 1395 1548 ad
1423 1494 1767 1549 Timotheum
1794 1512 1806 1548 :
1838 1494 1957 1549 σοι.

370 1589 542 1641 labora
574 1586 849 1659 Evangelia
871 1586 1144 1640 secundant
1169 1584 1399 1640 virtutem
1431 1584 1527 1639 Dei
1555 1585 1723 1640 salvos
1751 1603 1841 1640 nos
1870 1590 1954 1658 {a-

369 1678 564 1742 cientis,
592 1687 638 1731 et
666 1678 888 1731 vocantis
912 1676 1176 1731 vocatione
1200 1692 1294 1730 sua
1317 1686 1528 1739 sancta;
1557 1693 1659 1731 non
1681 1678 1956 1730 secundum

370 1787 526 1838 opera
565 1780 759 1833 nostra,
797 1768 886 1824 sed
922 1768 1196 1823 secundum
1233 1784 1379 1821 suum
1420 1767 1730 1837 propositum
1760 1778 1806 1823 et
1832 1785 1955 1838 gra-

371 1863 512 1927 tiam,
544 1876 658 1930 qua!
681 1861 802 1914 data
830 1870 905 1915 est
931 1859 1073 1914 nobis
1097 1860 1149 1913 in
1177 1856 1375 1914 Christo
1402 1857 1525 1912 Jesu
1556 1857 1619 1931 (ΙΙ
1651 1858 1782 1911 Tim.
1817 1874 1866 1921 I,
1898 1859 1953 1926 8,

372 1953 449 2021 9).
481 1953 609 2006 ltem
641 1953 827 2007 merita
861 1966 976 2013 sua,
1020 1951 1114 2008 sed
1147 1952 1285 2005 mala
1313 1965 1741 2005 commemorans
1782 1952 1909 2006 dicit
1938 1968 1952 2006 :

373 2038 589 2095 Fuimus
604 2043 733 2095 enim
758 2042 899 2096 stulti
924 2051 971 2095 et
999 2057 1091 2096 nos
1114 2041 1387 2111 aliquando
1414 2052 1460 2095 et
1487 2042 1755 2107 increduli,
1782 2058 1958 2096 erran-

288 2202 291 2203 ν
373 2142 465 2197 tes,
493 2132 760 2186 servientes
784 2131 1050 2187 desideriis
1073 2141 1118 2184 et
1155 2131 1495 2201 voluptatibus
1522 2133 1693 2196 variis,
1725 2134 1776 2185 in
1808 2133 1957 2186 mali-

372 2224 443 2276 tia
480 2234 526 2276 et
556 2225 745 2278 invidia
785 2235 1010 2296 agentes,
1037 2224 1396 2279 obontinabiles
1416 2268 1431 2289 ,
1471 2226 1680 2279 invicem
1713 2226 1830 2279 odio
1865 2227 1959 2279 Ita-

374 2315 557 2368 bentes.
589 2315 722 2380 Quid
754 2316 867 2369 istis
901 2326 1007 2369 tam
1039 2316 1191 2370 malis
1223 2317 1424 2371 meritis
1465 2317 1563 2369 nisi
1592 2332 1745 2385 pmna
1778 2317 1958 2387 utique

374 2404 706 2458 debebatur?
743 2404 848 2460 Sed
895 2406 1003 2459 Deo
1043 2405 1301 2460 reddente
1336 2405 1481 2460 bona
1524 2420 1619 2475 pro
1658 2406 1831 2467 malis,
1864 2422 1959 2474 per

372 2495 596 2561 gratiam
624 2511 741 2562 qua:
770 2509 873 2548 non
904 2494 1195 2550 secundum
1236 2496 1423 2550 merita
1452 2505 1632 2550 nostra
1659 2495 1833 2561 datur,
1877 2495 1957 2549 ia-

373 2570 519 2635 ctum
543 2593 622 2638 est
663 2584 805 2653 quod
832 2584 1024 2640 deinde
1049 2585 1319 2655 subjungit
1346 2595 1399 2639 et
1428 2587 1554 2640 dicit
1584 2603 1599 2640 :
1652 2604 1671 2638 ι
1704 2586 1834 2640 Cum
1864 2602 1960 2640 au-

376 2685 479 2730 tem
512 2676 809 2747 benignitas
838 2688 891 2731 ct
918 2678 1219 2732 humanitas
1260 2678 1434 2731 illuxit
1463 2677 1760 2732 Salvatoris
1788 2678 1956 2732 nostri

375 2769 487 2832 Dei,
530 2783 633 2821 non
664 2783 727 2822 ex
759 2767 1250 2839 operibusjustitim
1289 2783 1409 2837 qua:
1439 2768 1660 2822 iecimus
1691 2783 1822 2833 nos;
1863 2768 1957 2822 sed

375 2859 667 2913 secundum
697 2875 848 2913 suam
890 2859 1307 2914 misericordiam
1349 2861 1524 2913 salvos
1550 2874 1646 2913 nos
1692 2858 1831 2921 fecit,
1867 2876 1961 2928 per

375 2950 638 3003 lavacrum
679 2951 1097 3018 regenerationis
1123 2960 1176 3005 et
1203 2950 1562 3005 renovatioois
1586 2950 1814 3020 Spiritus
1838 2965 1962 3004 sau-

373 3039 477 3105 cti,
524 3055 682 3108 quem
727 3040 988 3095 ditiSsime
1027 3041 1215 3095 etl'ndit
1265 3056 1426 3109 super
1476 3056 1592 3104 nos,
1644 3058 1737 3111 per
1776 3042 1957 3096 .lcsnm

374 3128 640 3182 Christum
689 3130 1016 3184 Salvatorcm
1060 3140 1324 3191 nostrum,
1377 3142 1432 3183 ut
1480 3130 1750 3198 iustificati
1792 3132 1961 3202 ipsius

372 3218 561 3286 gratia,
619 3219 856 3274 lucrcdes
921 3218 1216 3273 efﬁciamur
1267 3220 1559 3274 secundum
1633 3234 1783 3290 Spem
1836 3222 1959 3276 vita:

373 3319 587 3363 acterna:
613 3309 739 3382 (Tit.
765 3327 841 3377 ιιι,
870 3311 1015 3381 5-7).
1873 3371 1876 3373 λ

445 3401 673 3458 CAPUT
702 3402 786 3457 Vl.
814 3434 884 3443 —
912 3405 996 3459 15.
1033 3404 1125 3457 His
1160 3416 1212 3459 ct
1252 3405 1442 3458 talibus
1472 3407 1787 3459 testimoniis
1821 3406 1956 3461 divi-

378 3493 460 3545 nis
491 3494 763 3561 probatur,
789 3495 1011 3563 gratiam
1044 3495 1135 3548 Dei
1174 3509 1279 3549 non
1321 3495 1610 3549 secundmu
1641 3498 1829 3550 merita
1859 3511 1957 3551 no-

376 3593 485 3637 stra
515 3584 625 3637 dari
653 3601 667 3639 :
693 3584 1118 3654 quandoquidem
1147 3598 1252 3638 non
1282 3584 1455 3639 solum
1487 3585 1644 3639 nullis
1671 3585 1843 3647 bonis,
1871 3602 1959 3639 ve-

377 3690 493 3730 rum
521 3677 680 3731 etiam
725 3676 907 3730 multis
930 3676 1132 3731 meritis
1175 3677 1328 3732 malis
1359 3677 1784 3747 praecedentibus
1807 3678 1956 3734 vide-

379 3783 496 3821 mus
519 3767 719 3833 datam,
749 3776 804 3822 et
827 3768 1062 3838 quotidie
1087 3767 1199 3822 dari
1232 3768 1496 3823 videmus.
1526 3768 1631 3822 Sed
1659 3769 1815 3839 plane
1836 3784 1956 3823 cum

376 3858 497 3911 data
526 3857 682 3912 fuerit
704 3898 720 3923 ,
750 3859 1007 3929 incipiunt
1034 3873 1155 3914 esse
1177 3859 1336 3913 etiam
1367 3859 1557 3913 merita
1584 3869 1765 3913 nostra
1792 3860 1956 3927 bona,

379 3963 474 4015 per
512 3948 652 4003 illam
688 3958 860 4003 tamen
904 3966 915 4001 :
949 3966 1070 4005 nam
1111 3950 1155 4003 si
1194 3965 1252 4003 se
1298 3950 1385 4003 illa
1420 3951 1765 4016 subtraxerit,
1820 3952 1960 4006 cadit

379 4041 539 4093 homo
557 4082 574 4107 ,
604 4056 707 4095 non
736 4051 977 4107 erectus,
1005 4040 1098 4096 sed
1128 4042 1489 4111 praecipitatus
1516 4043 1686 4098 libero
1711 4045 1955 4099 arbitrio.

375 4134 706 4201 Quapropter
731 4148 831 4186 nec
868 4133 1080 4202 quando
1105 4132 1330 4202 coeperit
1352 4133 1512 4188 homo
1542 4132 1741 4189 habere
1770 4136 1957 4190 merita

375 4226 531 4287 bona,
558 4223 717 4279 debet
739 4223 836 4277 sibi
867 4225 1099 4279 tribuere
1130 4225 1216 4277 illa
1238 4267 1252 4289 ,
1281 4224 1378 4280 sed
1405 4226 1534 4291 Deo,
1563 4225 1648 4279 cui
1678 4225 1875 4280 dicitur
1905 4229 1957 4283 in

380 4313 589 4367 I'salmo
613 4355 626 4376 ,
657 4312 875 4378 Adiutor
899 4330 1040 4367 meus
1069 4324 1200 4378 esto,
1237 4332 1299 4368 ne
1322 4314 1641 4385 derelinquas
1667 4332 1747 4370 me
1784 4315 1957 4385 (Psal.

378 4419 528 4469 xxvi,
561 4403 636 4476 9).
673 4404 926 4472 Dicendo,
955 4422 1015 4458 ne
1043 4406 1362 4476 derelinquas
1388 4421 1483 4471 me,
1508 4406 1742 4462 ostendit
1766 4409 1887 4478 quia
1915 4411 1958 4463 si

375 4497 661 4552 derelictus
688 4496 865 4564 fuerit,
893 4498 1020 4553 nihil
1048 4497 1170 4551 boni
1199 4499 1335 4553 valet
1356 4499 1468 4568 ipse
1497 4514 1587 4568 per
1613 4515 1671 4554 se
1700 4518 1713 4555 :
1742 4501 1882 4555 unde
1907 4511 1962 4555 ct

377 4590 465 4643 ille
493 4590 563 4642 ait
591 4630 605 4654 ,
638 4587 747 4659 Ego
776 4589 885 4643 dixi
909 4590 960 4643 in
996 4589 1307 4643 abundantia
1332 4606 1440 4643 mea
1461 4633 1477 4657 ,
1500 4589 1620 4644 Non
1649 4592 1880 4645 movebar
1908 4593 1961 4646 in

373 4690 637 4732 internum.
678 4679 960 4733 Putaverat
988 4681 1129 4733 enim
1180 4695 1333 4734 suum
1363 4678 1528 4735 fuisse
1557 4681 1751 4735 bonum
1770 4723 1787 4750 ,
1819 4682 1960 4753 quod

375 4773 423 4825 ei
464 4771 541 4825 sic
570 4771 908 4837 abundabat,
944 4785 997 4826 ut
1038 4790 1142 4826 non
1176 4783 1478 4827 moveretur
1506 4788 1520 4825 :
1570 4773 1665 4828 sed
1698 4782 1755 4826 ut
1779 4782 1962 4827 osten-

374 4864 591 4917 deretur
617 4864 691 4917 illi
716 4906 731 4930 ,
755 4865 907 4931 cujus
935 4875 1079 4918 esset
1109 4862 1239 4916 illud
1264 4864 1305 4928 ⁸,
1333 4863 1402 4917 de
1429 4881 1534 4932 quo
1582 4874 1832 4933 tanquam
1864 4880 1963 4920 suo

376 4964 614 5024 «operat
641 4954 886 5025 gloriari,
922 4956 1188 5024 paululum
1216 4955 1383 5023 gratia
1412 4954 1694 5010 deserente
1721 4959 1740 4986 ³
1771 4956 1960 5010 adnuo-

377 5048 519 5100 nitus
542 5047 672 5100 dicit
696 5089 708 5110 ,
736 5044 956 5099 Domine
974 5090 987 5111 ,
1013 5047 1061 5098 in
1091 5046 1344 5100 voluntate
1368 5056 1452 5099 tua
1482 5048 1757 5115 prwstitisti
1789 5048 1960 5101 decori

376 5156 485 5191 meo
524 5138 754 5190 virtutem
777 5154 800 5203 ;.
845 5138 1066 5191 avertisti
1111 5148 1276 5189 autem
1308 5137 1489 5207 [aciem
1533 5146 1669 5190 tuam
1698 5157 1728 5191 ιι
1755 5156 1831 5192 me
1854 5182 1867 5205 ,
1914 5152 1962 5194 et

374 5231 539 5299 [rictus
584 5244 696 5281 sum
740 5226 1062 5280 conturbatus
1095 5224 1266 5300 (Psal.
1299 5243 1464 5290 xxxx,
1508 5227 1559 5288 7,
1607 5228 1685 5294 8).
1724 5228 1844 5283 Ideo
1870 5247 1963 5284 ne—

375 5320 665 5375 cessarium
695 5329 777 5374 est
816 5318 1036 5381 homini,
1071 5328 1126 5371 ut
1150 5318 1318 5389 gratia
1348 5317 1438 5372 Dei
1468 5335 1569 5372 non
1600 5319 1769 5372 solum
1798 5318 1961 5389 justi-

378 5413 565 5466 licetur
592 5411 805 5481 impius,
834 5411 884 5464 id
911 5419 993 5465 est
1014 5452 1026 5473 ,
1055 5427 1116 5465 ex
1152 5408 1314 5478 itnpio
1345 5409 1431 5463 liat
1453 5410 1628 5479 justus
1648 5451 1662 5475 ,
1689 5426 1810 5465 cmn
1844 5412 1963 5466 red-

405 5587 411 5592 _
440 5527 458 5555 ε
481 5524 619 5576 aliti.
656 5523 792 5586 cujus
827 5530 948 5573 esset
994 5521 1116 5572 illud
1149 5521 1336 5572 bonum.
1379 5521 1538 5577 Abest,
1578 5523 1768 5592 bonum,
1803 5537 1830 5571 a
1856 5523 1961 5585 ple-

375 5590 428 5631 t'i‘
443 5600 542 5635 ειη)
568 5594 670 5635 Mss.
1686 5590 1696 5598 ’

443 5603 454 5628 t
480 5601 542 5633 tt.‘
569 5601 636 5634 Ms.
660 5624 670 5635 .

442 5601 821 5711 ’ltalitifgratia
861 5655 943 5697 Dt't
978 5649 1239 5695 deserente.
1291 5647 1445 5701 the~t,
1494 5646 1594 5705 I'ri,
1636 5649 1777 5693 etiam
1804 5660 1829 5694 a
1856 5648 1961 5707 ple-

378 5721 540 5768 rupta.
567 5712 914 5771 nianuscriptis.

1779 276 1974 337 LIBER
2016 280 2197 341 UNL’S

3549 289 3657 347 899

2066 400 2260 455 duntur
2284 404 2329 457 ei
2360 402 2496 458 bona
2541 422 2633 474 pro
2667 404 2848 471 malis;
2873 405 2964 461 sed
2996 407 3152 461 etinn
3183 423 3300 462 cnzn
3342 406 3501 462 fuerit
3524 408 3640 478 jam

2059 489 2378 576 justiﬁcatus
2404 510 2465 548 ex
2485 495 2605 561 lide,
2635 496 3006 552 ambuletcum
3038 498 3123 550 illo
3144 499 3334 568 gratia,
3365 507 3418 553 et
3442 513 3650 553 mcum-

2063 582 2152 635 bat
2177 598 2337 653 super
2363 585 2529 654 ipsam
2561 602 2627 641 ue
2652 587 2825 642 eadat.
2860 589 3091 655 Propter
3119 588 3237 645 hoc-
3262 592 3518 662 scriptum
3564 600 3647 645 est

2063 673 2115 727 in
2142 673 2362 730 Cantico
2390 680 2716 733 canticorum
2746 680 2814 735 de
2842 681 2952 749 ipsa
2984 681 3217 735 Ecclesia
3252 699 3264 733 :
3301 681 3427 749 Quw
3453 692 3523 736 est
3552 683 3645 736 ista

2061 780 2173 833 qua:
2190 766 2414 819 ascendit
2431 768 2681 829 dealbata,
2702 770 2990 824 incumbens
3016 788 3171 840 super
3192 772 3481 842 fratruelent
3496 790 3638 826 suun.

2069 852 2237 923 (Cant.
2274 873 2387 921 \‘lll,
2417 858 2515 930 5)?
2541 859 2792 915 Dcalbata
2823 871 2905 916 est
2936 863 3078 916 enim
3109 879 3224 928 qum
3260 880 3357 934 per
3384 878 3442 919 sc
3483 864 3648 933 ipsam

2061 945 2177 1001 alba
2204 964 2323 1004 esse
2362 965 2469 1004 non
2514 961 2715 1021 posset.
2750 953 2862 1007 Eta
2892 969 2998 1023 quo
3024 954 3265 1007 (lt-albata
3296 964 3408 1019 est,
3454 955 3554 1010 nisi
3579 956 3646 1011 ab

2062 1037 2169 1100 illo,
2193 1039 2279 1106 qui
2309 1055 2403 1107 per
2433 1041 2742 1110 prophetam
2775 1042 2925 1109 dicit,
2960 1043 3020 1098 ει
3042 1044 3231 1109 [uertat
3256 1054 3459 1111 peccata
3487 1055 3648 1099 vestra

2062 1137 2116 1179 ut
2164 1128 2488 1198 plicenicium,
2542 1133 2668 1185 sicut
2719 1114 2881 1186 uicem
2936 1133 3176 1189 dealbabo
3217 1134 3370 1204 (lsai.
3421 1152 3458 1197 ι.
3509 1136 3641 1205 i8)?

2061 1217 2283 1282 Quando
2325 1234 2454 1289 ergo
2498 1220 2742 1276 dealbata
2789 1232 2889 1287 est,
2942 1223 3071 1276 nihil
3118 1225 3242 1279 boni
3287 1226 3591 1280 merebatur
3633 1245 3646 1279 :

2055 1308 2165 1377 jam
2197 1326 2323 1365 vero
2349 1313 2465 1367 alba
2493 1311 2654 1379 facta,
2685 1314 2820 1369 bene
2846 1314 3085 1369 ambulat
3108 1330 3121 1378 ;
3150 1315 3243 1369 scd
3269 1316 3313 1371 si
3341 1332 3500 1384 super
3528 1333 3648 1371 eum

2059 1416 2089 1453 a
2115 1414 2220 1469 quo
2252 1401 2494 1456 dealbata
2531 1413 2633 1469 est,
2669 1415 3078 1475 perseveranter
3107 1406 3396 1461 incumbat.
3432 1406 3653 1475 Propter

2060 1491 2199 1558 quod
2244 1501 2298 1545 et
2337 1494 2448 1561 ipse
2475 1491 2651 1561 Jesus,
2685 1509 2845 1562 super
2885 1512 3043 1565 quem
3085 1497 3343 1551 incumbit
3383 1497 3650 1562 dcalltata,

2060 1581 2189 1634 dixit
2207 1582 2482 1654 discipulis
2503 1586 2635 1651 suis,
2662 1585 2786 1640 Sine
2807 1603 2884 1641 me
2905 1586 3034 1640 nihil
3054 1587 3258 1657 potestis
3279 1590 3445 1657 facere
3465 1586 3646 1657 (Joau.

2062 1685 2152 1737 xv,
2184 1670 2261 1741 5).
2294 1697 2306 1707 -

2136 1763 2225 1816 14.
2268 1762 2410 1833 Ergo
2444 1764 2725 1819 redeamus
2768 1764 2834 1820 ad
2875 1766 3171 1835 apostolum
3200 1766 3441 1833 Paulum,
3491 1782 3652 1835 quem

2060 1861 2206 1907 certe
2249 1853 2549 1908 invenimus
2592 1855 2709 1908 sine
2749 1856 2874 1910 ullis
2921 1857 3126 1910 meritis
3168 1856 3344 1920 bonis,
3388 1856 3494 1909 imo
3528 1873 3649 1911 cum

2061 1943 2245 1999 inultis
2287 1944 2491 1999 meritis
2525 1947 2702 2011 malis,
2744 1947 2835 2002 Dei
2873 1948 3097 2017 gratiam
3138 1957 3483 2002 consecutum
3525 1948 3652 2002 red-

2061 2032 2235 2088 dentis
2261 2035 2397 2090 bona
2430 2052 2526 2106 pro
2552 2038 2706 2092 malis
2737 2055 2748 2090 :
2779 2038 3055 2094 videamus
3095 2039 3220 2109 quid
3249 2039 3389 2093 dicat
3422 2055 3527 2094 sua
3538 2041 3648 2110 jam

2064 2129 2450 2199 propinquante
2483 2130 2750 2199 passione,
2782 2132 3024 2186 scribens
3050 2132 3115 2186 ad
3148 2132 3509 2187 Timotheum.
3540 2132 3652 2204 Ego

2060 2220 2193 2272 enim
2219 2220 2334 2293 jam
2364 2222 2614 2286 immolor,
2653 2223 2843 2293 inquit,
2874 2233 2921 2276 et
2959 2233 3153 2292 tempus
3179 2223 3499 2278 resolutionis
3528 2238 3654 2280 mea!

2060 2310 2235 2365 instat.
2279 2311 2480 2366 Bonum
2519 2325 2768 2368 certamen
2810 2317 3016 2381 certari,
3047 2333 3250 2370 cursant
3286 2319 3648 2383 consummavi,

2061 2402 2213 2471 ﬁdem
2243 2409 2454 2457 servavi.
2487 2405 2588 2458 Ista
2620 2406 2805 2475 utique
2830 2406 2938 2475 jam
2972 2408 3159 2461 merita
3191 2423 3283 2461 sua
3322 2408 3459 2462 bona
3499 2423 3645 2462 com-

2063 2505 2353 2560 memorat;
2386 2507 2441 2549 nt
2469 2507 2587 2565 post
2614 2498 2749 2551 bona
2784 2499 2970 2552 merita
2992 2510 3352 2567 consequatur
3374 2515 3650 2567 coronam,

2061 2570 2158 2654 qui
2191 2596 2311 2654 post
2342 2586 2528 2640 merita
2570 2588 2707 2640 mala
2737 2598 3058 2643 consecutus
3095 2600 3177 2643 est
3204 2590 3451 2659 gratiam.
3484 2590 3650 2644 Deni-

2062 2690 2164 2744 que
2193 2675 2448 2731 attendite
2485 2677 2611 2746 quid
2650 2688 2903 2747 sequatur
2931 2695 2944 2730 :
2978 2678 3254 2747 Superest,
3301 2678 3499 2747 inquit,
3528 2678 3655 2732 nti/ti

2062 2783 2249 2820 corona
2274 2768 2512 2838 justitiw,
2541 2786 2691 2838 quant
2718 2770 2892 2825 reddet
2920 2770 3044 2822 mihi
3085 2768 3336 2823 Dominus
3364 2771 3414 2823 in
3453 2770 3546 2824 illa
3570 2770 3654 2824 die

2052 2858 2226 2928 justus
2244 2859 2408 2928 jndea:
2440 2859 2505 2928 (ll
2534 2859 2666 2914 Tim.
2700 2877 2771 2927 tv,
2818 2860 2961 2933 6-8).
2990 2860 3086 2915 Cui
3118 2861 3364 2916 redderet
3389 2876 3646 2916 coronam

2058 2948 2233 3016 justus
2257 2949 2439 3017 judex,
2470 2950 2512 3003 si
2547 2965 2650 3005 non
2692 2950 2941 3007 donasset
2966 2952 3191 3022 gratiam
3229 2951 3535 3006 misericors
3563 2966 3655 3022 pa-

2065 3041 2186 3094 ter?
2225 3042 2289 3095 Et
2329 3043 2599 3113 quomodo
2659 3054 2803 3098 esset
2845 3044 2945 3099 ista
2989 3059 3185 3098 corona
3238 3043 3495 3113 jnstitim,
3546 3042 3651 3098 nisi

2064 3134 2427 3203 prmccssisset
2453 3134 2620 3204 gratia
2651 3151 2768 3205 qua:
2794 3134 3048 3203 justilicat
3086 3133 3339 3203 impium?
3366 3132 3649 3201 Quomodo

2065 3223 2162 3277 ista
2196 3224 2376 3279 debita
2409 3224 2748 3293 redderetur,
2783 3226 2882 3279 nisi
2920 3226 3068 3295 prius
3100 3224 3190 3278 illa
3227 3225 3452 3294 gratuita
3482 3222 3650 3279 dona-

2064 3314 2252 3369 retur?
2582 3332 2589 3341 ·

2136 3405 2226 3459 15.
2254 3404 2356 3460 Sed
2383 3420 2503 3459 cum
2531 3394 2712 3459 dicunt
2748 3404 3012 3475 Pelagiani
3044 3403 3180 3458 hanc
3205 3418 3325 3459 esse
3351 3403 3517 3458 solam
3548 3417 3654 3459 non

2064 3496 2353 3550 secundum
2386 3496 2573 3549 merita
2604 3504 2784 3549 nostra
2814 3496 3057 3564 gratiam,
3081 3509 3189 3564 qua
3208 3494 3405 3548 homini
3436 3502 3654 3563 peccata

2063 3585 2434 3645 dimittuntur;
2466 3585 2609 3638 illam
2640 3599 2769 3639 vero
2815 3599 2934 3654 qua:
2963 3583 3122 3638 datur
3149 3584 3202 3638 in
3236 3584 3343 3639 line
3369 3625 3383 3648 ,
3436 3583 3487 3638 id
3528 3594 3652 3650 est,

2064 3688 2319 3732 :cternam
2341 3677 2523 3742 vitam,
2557 3676 2759 3730 meritis
2791 3676 2987 3728 nostris
3017 3674 3439 3744 praecedentibus
3465 3674 3651 3731 reddi:

2066 3768 2491 3839 respondendum
2519 3776 2602 3823 est
2629 3768 2729 3823 eis.
2757 3767 2809 3822 Si
2836 3767 2978 3843 enim
3013 3767 3201 3843 merita
3238 3775 3418 3820 nostra
3459 3766 3539 3820 sic
3567 3766 3653 3820 in-

2067 3835 2383 3929 telligerent,
2405 3867 2463 3912 ut
2487 3859 2646 3911 etiam
2674 3858 2785 3927 ipsa
2813 3835 2952 3911 dona
2982 3857 3072 3912 Dei
3101 3835 3219 3911 esse
3244 3846 3653 3926 cognoscerent,

2066 3967 2171 4006 non
2200 3960 2343 4006 esset
2373 3948 2700 4020 reprobanda
2729 3949 2747 3980 ί
2782 3950 2881 4003 ista
2915 3950 3177 4003 sententia
3205 3966 3219 4002 :
3250 3946 3499 4017 quoniam
3525 3961 3656 4002 vero

2066 4042 2254 4097 merita
2296 4040 2526 4094 humana
2552 4038 2631 4094 sic
2657 4039 2967 4109 prazdicant,
2992 4047 3050 4092 ut
3067 4052 3129 4093 ea
3157 4052 3225 4092 ex
3251 4037 3538 4106 semetipso
3560 4036 3656 4090 ha-

2066 4133 2193 4188 bere
2221 4132 2491 4187 hominem
2534 4131 2734 4197 dicant,
2778 4145 3000 4201 prorsus
3035 4130 3334 4185 rectissime
3365 4127 3656 4198 respondet

2066 4225 2375 4296 Apostolus,
2423 4224 2548 4290 Quis
2587 4225 2719 4279 enim
2759 4234 2808 4278 te
2842 4222 3122 4277 discernit?
3149 4222 3286 4288 Quid
3311 4233 3478 4275 autem
3504 4220 3656 4275 habes

2066 4318 2201 4388 quod
2229 4334 2331 4371 non
2358 4316 2593 4386 accepisti
2610 4315 2636 4369 Ζ)
2665 4315 2727 4370 Si
2749 4323 2915 4368 autem
2944 4323 2992 4368 et
3020 4314 3278 4385 accepisti,
3307 4312 3432 4383 quid
3460 4312 3653 4383 gloria-

2066 4409 2136 4462 ris
2164 4408 2309 4479 quasi
2354 4424 2456 4461 non
2500 4406 2752 4477 acceperis
2778 4403 2834 4475 (Ι
2877 4403 2994 4459 Cor.
3036 4420 3109 4470 Iv,
3139 4404 3236 4475 7)?
3278 4404 3507 4459 Prorsus
3530 4402 3651 4457 talia

2067 4499 2318 4568 cogitanti
2344 4498 2621 4553 verissime
2648 4496 2841 4551 dicitur
2878 4514 2891 4550 :
2921 4496 3067 4550 Dona
3098 4510 3192 4549 sua
3222 4501 3447 4550 coronat
3471 4494 3611 4549 Deus
3637 4533 3653 4556 ,
3739 4498 3745 4504 '

2067 4606 2174 4644 non
2198 4592 2388 4645 merita
2413 4600 2535 4654 tua;
2559 4590 2601 4645 si
2628 4590 2769 4645 tibia
2800 4599 2851 4644 te
2879 4590 3014 4659 ipso,
3046 4604 3152 4643 non
3182 4589 3250 4644 ab
3275 4588 3366 4642 illo
3392 4596 3516 4642 sunt
3543 4602 3655 4641 me-

2067 4681 2167 4736 rita
2196 4690 2303 4736 tua.
2328 4681 2453 4735 llam
2478 4680 2620 4736 enim
2649 4680 2691 4734 si
2715 4680 2835 4733 talia
2863 4688 3004 4745 sunt,
3030 4680 3163 4732 mala
3187 4686 3338 4739 sunt;
3366 4692 3486 4746 qua:
3505 4678 3525 4708 ’
3547 4693 3653 4731 non

2068 4782 2291 4833 coronat
2316 4771 2458 4826 Deus
2491 4788 2506 4826 :
2534 4771 2577 4825 si
2615 4781 2793 4825 autem
2824 4770 2961 4824 bona
2993 4778 3148 4833 sunt,
3194 4767 3284 4821 Dei
3319 4766 3456 4820 dona
3484 4774 3610 4820 sunt
3638 4782 3653 4830 ;

2067 4863 2188 4933 quia
2216 4862 2353 4916 sicut
2376 4861 2505 4916 dicit
2528 4860 2804 4929 apostolus
2832 4859 3083 4922 Jacobus,
3118 4856 3281 4913 Omne
3303 4855 3479 4909 datum
3516 4864 3652 4926 optt-

2070 4973 2207 5008 mum
2229 4999 2241 5021 ,
2284 4965 2327 5008 ct
2358 4971 2502 5008 omne
2531 4953 2718 5007 donum
2745 4957 3019 5025 perfectum
3049 4951 3309 5005 desursum
3334 4957 3426 5012 est,
3449 4948 3657 5001 desccno

2069 5046 2191 5100 deus
2233 5064 2263 5098 a
2310 5044 2465 5099 Patre
2510 5045 2754 5097 lum'num
2795 5043 2994 5115 (Jacobi
3032 5059 3069 5104 ι,
3118 5041 3226 5112 17).
3265 5038 3416 5095 Unde
3442 5038 3569 5091 dicit
3600 5052 3655 5094 et

2068 5140 2301 5195 Joatntes
2323 5150 2618 5207 pnecnr5or
2649 5136 2881 5201 Domini,
2918 5134 3036 5188 Non
3066 5142 3223 5203 potest
3253 5132 3402 5185 homo
3422 5130 3652 5197 acciprrc

2069 5231 2361 5302 quidquam,
2395 5229 2491 5282 nisi
2519 5230 2668 5300 fuerit
2698 5228 2932 5281 cidutunt
2962 5228 3025 5279 de
3052 5227 3175 5279 cwlo
3208 5222 3384 5293 (Joan.
3416 5237 3491 5285 ut,
3513 5219 3575 5274 9.7
3591 5232 3608 5287 )
3640 5240 3654 5274 ς

2071 5324 2249 5392 utique
2275 5322 2340 5376 de
2366 5322 2523 5384 curlo,
2554 5319 2693 5373 unde
2735 5321 2895 5374 etiam
2939 5320 3082 5370 venit
3126 5316 3355 5386 Spiritus
3396 5322 3608 5368 sanrlm
3637 5350 3656 5373 ,

2069 5413 2279 5484 quando
2307 5412 2459 5466 Jesus
2486 5409 2725 5464 ascendit
2755 5409 2804 5461 in
2836 5409 2997 5460 altum
3019 5450 3031 5471 ,
3063 5407 3340 5475 captivavit
3375 5404 3573 5470 (ιςψιίνίι
3594 5420 3648 5454 a-

2135 5591 2147 5620 ¹
2179 5595 2282 5638 ηδε.
2312 5586 2534 5639 Vaticani,
2559 5583 2715 5633 Gallici
2745 5592 2793 5634 et
2821 5583 3012 5635 nehici,
3041 5580 3257 5642 tit‘pt‘nl‘tl.

2134 5654 2150 5682 ⁸
2173 5652 2453 5699 t-iditm.\|n..
2478 5661 2585 5706 [μιαν
2612 5654 2735 5691 sunt.
2785 5653 2854 5691 Ir.
2880 5655 2922 5691 «ιι
2963 5652 3043 5691 tm
3078 5640 3101 5698 ,⁷
3135 5656 3242 5705 qm‘
3282 5640 3407 5689 nulla
3466 5648 3561 5689 urat
3609 5649 3661 5689 ιη

2074 5722 2178 5761 Mss.
2200 5728 2315 5767 nec,
2335 5720 2439 5758 sunt
2482 5711 2701 5767 :t-llhttt‘;
2727 5722 2839 5759 ιιι-ι’,
2859 5706 3001 5753 μηκέτι.
