3972 6178
346 221 445 286 891
1131 218 1220 275 DE
1259 217 1513 276 GDATIA
1553 215 1641 272 ΕΤ
1680 211 1929 271 LIBERO
1966 209 2318 277 ARBITIIIO,
2369 211 2428 268 S.
2471 212 2834 270 AUGUSTINI
3517 225 3628 280 892

347 356 485 411 tctn,
518 341 664 398 dedit
692 340 830 396 dona
857 337 1160 393 hominibus
1199 333 1372 408 (Psal.
1411 348 1574 397 van,
1609 331 1710 393 I9;
1739 328 1927 398 Ephes.

347 454 424 506 tv,
454 437 532 510 8).
565 435 620 492 Si
653 451 778 504 ergo
809 429 901 486 Dei
937 431 1072 484 dona
1110 439 1232 484 sunt
1273 429 1408 482 bona
1447 424 1632 479 merita
1675 433 1782 486 tua,
1825 437 1930 475 non

349 529 490 583 Deus
514 534 734 582 coronat
764 525 950 579 merita
975 533 1060 578 tua
1080 533 1328 592 tanquam
1357 520 1542 574 merita
1569 527 1676 585 tua,
1700 517 1794 578 sed
1817 524 1933 569 ιεση-

343 634 506 690 qnatn
537 619 671 672 dona
699 631 815 671 sua.

416 708 640 765 CAPUT
669 707 777 763 VII.
802 739 875 748 —
892 707 977 763 I6.
1001 705 1231 762 Proinde
1250 703 1654 760 consideremus
1675 702 1785 772 ipsa
1813 715 1930 754 mc-

345 802 442 854 tita
489 800 713 868 apostoli
763 799 928 863 Pauli,
971 799 1162 868 quibus
1201 797 1334 853 dixit
1367 811 1621 852 coronam
1663 793 1883 864 iustitia:
1909 791 1929 824 ί

346 889 670 944 redditurum
699 889 931 960 judicem
957 889 1158 960 justum
1179 931 1194 955 ,
1225 897 1278 943 et
1303 887 1574 941 videamus
1612 895 1788 940 utrum
1817 899 1931 940 me-

341 981 441 1033 rita
474 980 639 1050 ipsius
670 991 918 1051 tanquam
959 980 1157 1051 ipsius,
1206 979 1256 1032 id
1289 991 1400 1042 est,
1433 994 1498 1034 ex
1527 977 1645 1047 ipso
1671 977 1742 1030 illi
1774 990 1926 1030 com-

255 1117 278 1132 ,
343 1080 548 1138 parata,
575 1087 643 1126 an
672 1071 812 1126 dona
854 1070 962 1127 sint
1013 1071 1124 1126 Dei.
1164 1069 1385 1135 Bonum,
1437 1069 1627 1138 inquit,
1677 1075 1928 1121 certamen

342 1162 546 1228 certari,
573 1178 775 1216 cursum
801 1160 1172 1226 consummavi,
1209 1159 1361 1229 ﬁdem
1388 1159 1598 1214 servavi.
1628 1157 1806 1212 Primo
1830 1157 1928 1210 ista

345 1250 481 1304 bona
507 1265 668 1320 Opera
689 1292 706 1316 ,
743 1251 787 1304 si
821 1265 926 1304 non
953 1265 1014 1303 ea
1041 1249 1438 1320 przecessissent
1461 1247 1804 1318 cOgitatioaes
1828 1245 1926 1300 bo-

345 1356 448 1404 nec,
483 1340 627 1394 nulla
651 1349 848 1394 essent.
879 1341 1150 1395 Atlcndite
1176 1339 1352 1408 itaque
1378 1337 1502 1408 quid
1532 1337 1599 1392 de
1627 1336 1754 1407 ipsis
1781 1335 1928 1406 cogi-

346 1429 636 1483 tationibus
655 1429 795 1484 dicat
823 1447 836 1482 :
864 1429 936 1483 ait
955 1430 1096 1484 enim
1118 1430 1357 1484 scribens
1371 1427 1436 1482 ad
1459 1425 1780 1492 Corinthios,
1808 1425 1928 1480 Non

341 1523 462 1588 quia
495 1521 663 1575 idonei
703 1537 878 1575 sumus
911 1522 1131 1592 cogitare
1159 1520 1350 1592 aliquid
1377 1537 1410 1574 a
1435 1521 1575 1574 nobis
1603 1521 1655 1585 ’,
1689 1525 1929 1590 tanquam

344 1627 406 1663 ea:
446 1610 845 1680 nobismetipsis;
895 1613 982 1665 sed
1025 1612 1319 1683 sufficientia
1369 1621 1543 1665 nostra
1588 1626 1654 1665 ea:
1696 1609 1804 1664 Deo
1831 1618 1928 1664 est

339 1701 422 1772 (ll
450 1702 566 1756 Cor.
595 1720 674 1768 tu,
697 1705 780 1775 5).
809 1704 1006 1760 Deinde
1031 1704 1236 1775 singula
1265 1703 1608 1774 inspiciamus
1639 1720 1652 1755 :
1681 1702 1879 1756 Bonum
1909 1743 1924 1768 ,

342 1791 532 1862 inquit,
559 1803 810 1847 certamen
829 1795 1034 1848 certaui.
1061 1795 1255 1861 Qner
1275 1807 1375 1864 qua
1402 1793 1596 1846 virtute
1621 1791 1925 1856 certaverit;

345 1890 521 1935 utrum
552 1898 670 1952 quae
698 1883 772 1936 illi
799 1899 862 1938 ex
893 1884 1182 1954 semetipso
1219 1881 1410 1947 fuerit,
1449 1897 1516 1936 an
1553 1897 1671 1952 quae
1699 1881 1928 1951 desuper

338 1969 461 2023 data
493 1971 582 2024 sit.
614 1971 716 2026 Sed
736 1972 872 2026 absit
889 1982 947 2026 ut
967 1981 1140 2028 tantus
1159 1972 1346 2027 doctor
1366 1971 1387 2003 ³
1409 1971 1728 2042 ignoraverit
1758 1971 1927 2042 legem

342 2058 457 2125 Dei,
501 2060 654 2130 cujus
699 2077 802 2116 vox
851 2070 934 2117 est
984 2062 1036 2116 in
1082 2063 1537 2118 Deuteronomio:
1581 2061 1664 2116 Ne
1705 2062 1848 2116 dicas
1874 2063 1927 2116 in

343 2152 494 2206 corde
538 2161 644 2218 tuo,
690 2154 962 2210 Fortitudo
989 2172 1099 2209 mea
1127 2165 1171 2210 et
1196 2155 1420 2226 potentia
1455 2171 1637 2208 manus
1663 2170 1788 2210 metu
1811 2154 1928 2224 fecit

347 2244 473 2296 mihi
499 2245 730 2298 virtutem
759 2262 994 2316 magnam
1021 2247 1153 2300 hanc
1182 2263 1201 2300 :
1240 2245 1330 2302 sed
1363 2244 1716 2301 memoraberis
1743 2245 1925 2300 Domi-

343 2334 396 2385 ni
455 2332 549 2386 Dei
595 2335 666 2386 tui
686 2376 701 2402 ,
731 2337 848 2402 quia
877 2337 985 2406 ipse
1012 2337 1100 2390 tibi
1129 2337 1214 2389 dat
1243 2336 1588 2407 fortitudinem
1615 2339 1784 2408 facere
1822 2337 1926 2390 vir-

341 2433 498 2476 tutem
528 2424 700 2496 (Deut.
737 2441 848 2491 vnt,
887 2428 982 2492 17,
1007 2427 1270 2500 18).ριιὶιι
1291 2438 1468 2482 autem
1492 2426 1925 2498 prodestbonum

335 2523 638 2580 certamen,
669 2515 767 2568 nisi
810 2527 1062 2586 sequatur
1092 2518 1350 2572 victoria?
1380 2518 1448 2572 Et
1473 2517 1594 2588 quis
1623 2518 1714 2572 dat
1761 2517 1929 2572 victo-

340 2601 500 2663 riam.
533 2604 632 2658 nisi
679 2604 770 2660 ille
809 2605 876 2660 de
910 2601 1010 2676 qua
1040 2606 1170 2663 dicit
1197 2609 1331 2678 ipse,
1361 2607 1566 2664 Gratias
1593 2607 1702 2664 Deo
1729 2611 1816 2680 qui
1839 2610 1926 2665 dat

337 2693 486 2746 nobis
515 2694 770 2748 victoriam
799 2714 888 2766 per
917 2697 1188 2752 Dominum
1215 2709 1438 2754 nostrum
1466 2700 1644 2756 Iesum
1673 2702 1927 2758 Christum

341 2781 394 2852 (l
428 2782 546 2838 Cor.
586 2801 672 2851 xv,
721 2787 852 2857 57)?
895 2788 960 2842 Iit
996 2789 1102 2844 alio
1136 2789 1254 2845 loco
1293 2806 1414 2846 cum
1457 2802 1928 2850 commemorasset

344 2876 706 2931 testimonium
739 2878 804 2932 de
831 2879 1064 2947 Psaltno,
1098 2881 1349 2950 Quoniam
1370 2894 1576 2955 prapter
1595 2893 1641 2938 te
1654 2887 1930 2956 mortiﬁca-

342 2983 458 3020 mur
487 2978 589 3021 tota
615 2970 712 3033 die,
738 2971 964 3042 deputati
989 2989 1164 3028 sumus
1186 2975 1315 3028 velut
1336 2992 1450 3030 oves
1483 2977 1783 3043 occisionis;
1802 2979 1928 3033 sub-

339 3057 472 3126 jecit
498 3069 658 3128 atque
694 3061 802 3127 ait,
845 3061 949 3114 Sed
971 3064 1023 3116 in
1059 3064 1137 3118 his
1161 3067 1392 3120 omnibus
1419 3067 1812 3138 supereincimus
1837 3086 1929 3140 per

342 3164 455 3199 eum
479 3149 564 3216 qui
589 3149 763 3202 dilexit
810 3167 900 3205 nos
943 3151 1116 3223 (Psal.
1147 3170 1295 3220 xutt,
1325 3155 1428 3222 22;
1472 3156 1623 3212 Rom.
1654 3174 1768 3223 vnt,
1813 3160 1883 3214 56
1907 3200 1923 3225 ,

344 3237 433 3302 57)
465 3257 476 3290 :
509 3254 610 3290 non
639 3255 766 3309 ergo
799 3255 892 3308 per
933 3257 1048 3307 nos,
1081 3245 1174 3297 sed
1210 3260 1302 3313 per
1327 3261 1448 3320 eum
1476 3247 1566 3316 qni
1592 3247 1776 3302 dilexit
1805 3265 1923 3304 nos.

348 3327 546 3383 Deinde
575 3329 728 3394 dixit,
750 3331 963 3386 Cursum
986 3337 1328 3389 consummavi
1357 3352 1377 3390 .°
1401 3337 1493 3393 sed
1523 3339 1612 3392 ille
1640 3339 1741 3396 hoc
1769 3340 1922 3408 dixit,

341 3419 430 3487 qni
461 3419 564 3474 alio
592 3421 708 3476 loco
733 3421 882 3488 dicit,
914 3422 1078 3494 Igitur
1116 3442 1214 3478 non
1239 3427 1448 3480 volentis
1469 3443 1627 3499 neque
1643 3431 1923 3496 currentis,

339 3509 431 3561 sed
466 3509 743 3565 miserentis
782 3522 853 3566 est
897 3513 992 3568 Dei
1019 3515 1190 3586 (Rom.
1223 3532 1298 3582 tx,
1335 3516 1444 3590 I6).
1485 3517 1614 3585 Qua:
1661 3523 1925 3576 sententia

343 3600 490 3654 nullo
529 3602 686 3655 tnodo
712 3612 886 3672 potest
909 3607 1067 3659 etiam
1105 3607 1182 3662 sic
1209 3609 1446 3664 coavcrti
1473 3620 1529 3665 ut
1551 3610 1778 3679 dicatur,
1809 3612 1925 3668 Non

344 3691 648 3748 tuisercntis
677 3693 790 3757 Dei,
819 3697 910 3750 sed
939 3696 1164 3752 volentis
1183 3707 1233 3752 et
1263 3699 1526 3755 currentis
1550 3709 1633 3756 est
1659 3701 1922 3758 hominis:

339 3783 582 3855 quisquis
619 3787 760 3841 enim
813 3787 915 3842 hoc
968 3803 1130 3844 ausus
1173 3789 1336 3846 fuerit
1383 3791 1582 3858 dicere,
1634 3803 1820 3862 aperte
1867 3810 1927 3852 se

339 3877 572 3932 ostendit
599 3878 854 3948 Apostolo
883 3881 1271 3936 contradicere.

414 3969 502 4022 I7.
538 3969 812 4025 Postremo
858 3969 1031 4035 dixit,
1077 3970 1258 4026 Fidem
1303 3974 1494 4027 servavi
1531 3987 1550 4030 :
1584 3975 1681 4031 sed
1711 3975 1798 4031 ille
1822 3975 1925 4032 hoc

339 4058 492 4127 dixit,
525 4061 614 4130 qui
640 4061 764 4116 alibi
794 4062 868 4115 ait
891 4103 906 4128 ,
937 4043 1359 4117 .Misericordiam
1389 4076 1682 4121 consecutus
1704 4083 1836 4131 sum,
1867 4077 1925 4121 ut

342 4151 506 4218 {idelis
531 4167 684 4205 essent
715 4150 771 4224 (I
797 4150 914 4207 Cor.
945 4169 1036 4220 vn,
1077 4152 1192 4223 25).
1231 4153 1344 4208 Non
1373 4155 1512 4209 enim
1542 4155 1692 4224 dixit,
1721 4157 1926 4213 Miseri-

337 4241 574 4295 cordiam
615 4252 935 4298 consecutus
961 4259 1098 4309 sum,
1131 4244 1252 4314 quia
1285 4244 1454 4300 ﬁdelis
1479 4261 1660 4311 eram;
1707 4247 1799 4302 sed
1821 4289 1835 4314 ,
1869 4257 1926 4301 ut

339 4332 506 4400 fidelis
549 4350 704 4387 essent
732 4351 751 4388 :
781 4334 906 4388 hinc
930 4337 1218 4392 ostendens
1244 4337 1403 4393 etiam
1432 4338 1600 4409 ipsam
1638 4338 1796 4395 ﬁdem
1828 4339 1924 4394 ha-

337 4421 450 4476 beri
487 4423 587 4477 nisi
633 4425 740 4478 Deo
781 4425 1067 4481 miserante
1109 4442 1215 4483 non
1259 4442 1419 4498 posse
1441 4470 1456 4494 ,
1487 4438 1542 4484 et
1575 4443 1696 4485 esse
1721 4429 1921 4484 donum

341 4511 456 4566 Dei.
507 4512 658 4580 Quod
708 4515 1046 4584 apertissime
1095 4517 1270 4584 docet,
1329 4517 1530 4583 dicens,
1583 4517 1758 4574 Gratia
1795 4521 1925 4576 salvi

337 4604 462 4674 facti
482 4605 595 4658 estis
621 4620 710 4677 per
728 4605 901 4675 fidem,
935 4609 1093 4662 ethoc
1113 4627 1214 4664 non
1240 4627 1302 4664 ea:
1327 4611 1481 4678 vobis,
1503 4611 1593 4666 sed
1614 4611 1710 4666 Dei
1732 4613 1924 4668 donum

338 4703 436 4750 est.
467 4697 692 4752 Possent
717 4697 859 4752 enim
887 4699 1102 4766 dicere,
1147 4700 1272 4756 Ideo
1321 4703 1624 4773 accepimus
1649 4704 1869 4774 gratiam
1903 4745 1919 4772 ,

337 4785 458 4854 quia
490 4785 812 4843 credidimus
839 4785 896 4854 ‘;
931 4797 1179 4860 tanquam
1227 4791 1327 4846 sibi
1376 4791 1538 4848 ﬁdem
1565 4793 1879 4850 _tribuentes
1903 4836 1918 4862 ,

335 4874 556 4941 gratiam
593 4876 700 4930 Deo
731 4893 746 4931 :
781 4885 996 4948 prepter
1026 4877 1128 4934 hoc
1166 4880 1452 4949 Apostolus
1493 4895 1615 4936 eum
1659 4881 1918 4951 dixisset,

337 4981 428 5056 per
455 4965 644 5034 fidem;
669 4974 714 5020 et
737 4967 854 5036 hoc,
877 4968 1070 5040 inquit,
1098 4986 1198 5024 non
1227 4987 1290 5024 ea:
1319 4971 1477 5039 vobis,
1504 4971 1592 5026 sed
1615 4972 1710 5027 Dei
1733 4971 1924 5028 donum

335 5065 428 5109 est.
458 5056 663 5112 Rursus
681 5098 696 5125 ,
726 5073 794 5113 ne
823 5059 1062 5115 dicerent
1086 5061 1200 5117 suis
1223 5062 1473 5131 operibus
1506 5077 1564 5119 se
1593 5063 1791 5118 donum
1819 5065 1921 5120 tale

338 5148 616 5218 meruisse,
645 5149 898 5206 continuo
923 5152 1170 5222 subjecit,
1201 5151 1320 5207 Non
1346 5170 1411 5209 ea:
1430 5157 1682 5225 operibus,
1705 5172 1768 5210 ne
1791 5159 1922 5229 forte

401 5283 580 5358 "editi,
604 5285 1281 5358 diaritcormn’reddilurmn,’
1319 5293 1521 5354 omisso,
1539 5291 1758 5357 intuitu,
1792 5295 1922 5358 quod

341 5354 404 5390 ex
430 5351 531 5394 Mss.
555 5351 874 5400 restituimus.

403 5407 612 5482 {omnes
653 5417 780 5467 uss...
808 5411 1035 5522 τιμίων-ε-
1049 5411 1235 5477 aliquid
1279 5420 1506 5480 umquam
1529 5428 1595 5468 ea:
1673 5419 1922 5489 notu'smet-

403 5479 456 5514 εις
474 5479 492 5522 ,’
513 5481 710 5522 omisso.
733 5487 763 5520 (ι
785 5487 846 5522 no
866 5487 938 5522 ns.

338 5476 456 5528 Ipsis
474 5479 492 5524 ,'
513 5476 710 5528 omisso,
733 5487 763 5520 tt
785 5476 938 5523 nobis.

341 5599 359 5634 ἶ
403 5527 618 5637 ³ἱῗηέὶετ.
649 5527 703 5581 et
718 5533 886 5595 plures
913 5543 1040 5594 Mss,
1059 5547 1110 5587 ut
1132 5542 1290 5589 tantus
1313 5538 1478 5590 doctor
1493 5537 1708 5590 Gentium
1728 5538 1920 5602 ignora-

359 5600 418 5633 ἰη’
461 5619 478 5638 0
555 5603 597 5638 C.

359 5600 478 5643 ἐτη,
503 5600 597 5638 etc.

406 5650 424 5677 δ
444 5650 517 5697 sic
541 5657 644 5700 Mss.
674 5651 811 5712 t’dit’t,
827 5653 1084 5707 credimus.

2042 327 2155 397 quis
2197 327 2466 382 extollatur
2504 325 2718 399 (Ephes.
2765 345 2823 396 ιι,
2863 329 2931 396 8,
2992 330 3070 400 9).
3100 331 3214 387 Non
3271 335 3392 405 quia
3417 339 3630 407 negavit

2038 426 2129 471 aut
2153 418 2428 472 evacuavit
2454 433 2616 488 opera
2644 419 2806 487 bona,
2834 435 2955 475 cum
2983 422 3125 477 dicat
3147 423 3312 479 Deum
3340 427 3628 498 unicuique

2038 507 2264 564 reddere
2288 509 2579 564 secundum
2614 525 2778 582 opera
2807 511 2922 582 ejus
2951 511 3126 586 (Rom.
3159 531 3216 582 n,
3245 515 3302 585 6)
3332 534 3346 572 :
3373 517 3469 573 sed
3502 520 3628 588 quia

2037 611 2200 668 opera
2237 607 2362 654 sunt
2401 615 2468 654 ex
2508 600 2610 656 lide
2632 641 2648 667 ,
2697 617 2804 656 non
2850 617 2913 658 es
2945 604 3192 674 operibus
3230 606 3396 674 ﬁdes;
3431 623 3492 663 ac
3529 624 3630 678 per

2038 687 2140 744 hoc
2175 690 2244 746 ab
2273 690 2363 745 illo
2392 701 2517 747 sunt
2556 694 2712 750 nobis
2746 709 2910 765 opera
2936 695 3174 767 justitiae,
3203 714 3232 751 a
3263 714 3371 770 quo
3396 710 3476 754 est
3510 701 3622 770 ipsa

2038 779 2202 848 ﬁdes,
2242 782 2310 838 de
2345 798 2450 854 qua
2477 784 2676 840 dictum
2705 796 2822 854 est,
2861 785 3042 844 Justus
3083 805 3146 845 ex
3182 791 3284 860 [ide
3325 792 3442 846 civit
3489 791 3625 863 (Ila-

2035 870 2143 926 bac.
2177 889 2216 928 tt
2237 915 2250 936 ,
2278 873 2358 947 4).
2657 924 2732 932 _._

2108 967 2193 1022 18.
2221 968 2472 1025 Homines
2494 977 2670 1026 autem
2698 987 2806 1027 non
2834 973 3213 1044 intelligentes,
3242 975 3384 1046 quod
3403 977 3478 1032 ait
3506 976 3561 1048 ip
3576 989 3625 1029 te

2036 1056 2342 1127 Apostolus,
2374 1059 2692 1116 Arbitrantur
2722 1063 3008 1134 justiﬁcari
3055 1065 3304 1122 hominem
3341 1085 3432 1139 per
3467 1069 3626 1138 ﬁdem

2033 1144 2143 1203 sine
2169 1151 2402 1219 aperibus
2423 1151 2546 1223 legis
2570 1152 2746 1222 (Rom.
2773 1169 2850 1220 ttt,
2875 1155 3004 1228 28);
3042 1165 3361 1228 putaverunt
3392 1175 3515 1214 eum
3541 1159 3625 1215 di-

2034 1253 2157 1294 cere
2185 1240 2432 1296 sufﬁcere
2461 1241 2663 1298 homini
2695 1244 2885 1311 ﬁdem,
2931 1247 3142 1302 etiamsi
3191 1249 3330 1304 male
3375 1249 3519 1304 vivat
3567 1259 3624 1305 et

2034 1330 2170 1384 bona
2197 1345 2356 1400 Opera
2387 1349 2494 1387 non
2524 1333 2734 1390 habeat.
2775 1335 2928 1404 Quod
2969 1337 3109 1393 absit
3145 1348 3200 1392 ut
3243 1339 3466 1394 sentiret
3510 1337 3622 1396 Vas

2033 1421 2310 1476 electionis
2339 1440 2352 1476 :
2380 1423 2609 1494 quicum
2629 1424 2853 1483 dixisset
2884 1427 3116 1498 quodam
3153 1428 3292 1496 loco,
3323 1429 3390 1484 In
3414 1431 3618 1486 Christo

2033 1511 2166 1564 enim
2191 1509 2317 1566 Jesu
2346 1529 2504 1584 neque
2525 1515 2840 1572 circumcisio
2865 1519 3058 1590 aliquid
3094 1519 3223 1574 ualet
3240 1561 3256 1589 ,
3297 1539 3457 1594 neque
3480 1541 3619 1594 prc-

2034 1602 2265 1670 putium;
2289 1619 2407 1682 mox
2435 1603 2670 1672 addidit,
2718 1606 2811 1662 sed
2845 1607 2973 1677 ﬁdes
3018 1626 3132 1682 quia
3171 1627 3264 1680 per
3301 1612 3620 1667 dilectionem

2033 1701 2272 1760 operatur
2298 1692 2492 1764 (Galat.
2529 1712 2584 1764 γ,
2627 1695 2706 1768 6).
2751 1697 2866 1768 Ipsa
2897 1707 2980 1754 est
3006 1699 3138 1755 ﬁdes
3163 1717 3282 1771 qua:
3310 1701 3496 1758 ﬁdeles
3523 1704 3618 1758 Dei

2033 1793 2246 1852 separat
2271 1785 2338 1839 ab
2368 1785 2655 1842 immundis
2679 1788 3015 1846 daemonibus
3045 1811 3060 1846 :
3089 1808 3211 1847 nam
3243 1802 3297 1848 et
3324 1794 3446 1865 ipsi,
3477 1796 3616 1850 sicut

2032 1873 2160 1929 dicit
2185 1878 2455 1946 apostolus
2482 1878 2734 1947 Iacobus,
2766 1882 2976 1937 credunt
3003 1894 3051 1938 et
3079 1888 3467 1942 contremiscunt
3493 1887 3610 1958 (Ja-

2029 1963 2140 2018 cobi
2184 1964 2397 2040 n.19);
2443 1969 2535 2023 sed
2565 1985 2674 2025 non
2701 1971 2838 2027 bene
2873 1981 3145 2042 operatur.
3187 1975 3302 2032 Non
3343 1992 3471 2048 ergo
3515 1977 3611 2032 ha-

2030 2055 2158 2111 bent
2181 2057 2336 2113 istam
2368 2059 2525 2115 ﬁdem
2556 2077 2621 2117 ex
2649 2078 2750 2134 qua
2776 2063 2951 2134 justus
2971 2065 3117 2129 vivit,
3149 2067 3198 2122 id
3235 2077 3338 2134 est,
3364 2085 3484 2140 qua:
3513 2085 3610 2136 per

2031 2146 2370 2204 dilectionem
2401 2161 2684 2220 operatur,
2717 2163 2774 2208 ut
2801 2155 2988 2210 reddat
3014 2157 3063 2211 ei
3091 2158 3230 2213 Deus
3261 2159 3422 2214 vitam
3449 2169 3608 2216 teter.

2031 2251 2152 2290 nam
2183 2239 2472 2294 secundum
2507 2257 2668 2311 opera
2708 2243 2844 2313 ejus.
2902 2245 3006 2300 Sed
3050 2248 3174 2317 quia
3221 2257 3276 2302 et
3319 2249 3433 2318 ipsa
3473 2250 3608 2307 bona

2030 2341 2192 2396 opera
2219 2329 2372 2385 nobis
2407 2346 2470 2386 ex
2505 2333 2612 2387 Deo
2639 2343 2784 2402 sunt,
2815 2349 2846 2389 a
2871 2351 2976 2406 quo
3002 2337 3156 2391 nobis
3183 2347 3238 2393 et
3261 2337 3390 2395 ﬁdes
3427 2351 3528 2405 est,
3556 2353 3609 2396 et

2029 2417 2266 2486 dilectio,
2294 2428 2573 2490 prepterea
2615 2422 2754 2477 idem
2787 2425 2901 2494 ipse
2933 2426 3127 2481 Doctor
3152 2427 3422 2496 Gentium,
3449 2431 3605 2486 etiam

2030 2507 2198 2577 ipsam
2229 2509 2387 2564 vitam
2424 2519 2676 2567 mternam
2704 2515 2927 2584 gratiam
2951 2519 3290 2589 nuncupavit.

2099 2595 2326 2654 CAPUT
2362 2599 2494 2655 VIII.
2521 2632 2595 2642 —
2623 2603 2708 2658 I9.
2741 2604 2809 2658 Et
2833 2607 2848 2638 ⁸
2880 2608 3114 2662 nascitur
3143 2609 3264 2664 inde
3301 2627 3406 2666 non
3447 2629 3604 2684 parva

2029 2690 2274 2758 qumstio,
2311 2705 2430 2760 quas
2471 2692 2695 2748 Domino
2719 2695 2952 2752 donante
2980 2698 3231 2755 solvenda
3259 2712 3360 2757 est.
3386 2702 3440 2760 Si
3466 2707 3605 2761 enim

2027 2781 2134 2834 vita
2161 2791 2363 2837 atterna
2385 2783 2537 2839 bonis
2557 2785 2809 2856 operibus
2835 2789 3094 2857 redditur,
3123 2793 3257 2848 sicut
3277 2797 3609 2864 apertissime

2028 2868 2158 2925 dicit
2183 2870 2476 2943 Scriptura,
2507 2875 2769 2944 Quoniam
2814 2879 2956 2934 Deus
3001 2882 3176 2936 reddet
3219 2886 3485 2958 unicuique
3528 2906 3606 2942 se-

2029 2962 2250 3016 cundum
2292 2981 2446 3034 opera
2479 2968 2587 3036 ejus
2614 2965 2827 3041 (Matth.
2855 2987 2962 3034 xvt,
2985 2971 3077 3045 27)
3107 2990 3122 3027 :
3150 2977 3417 3043 quomodo
3439 2980 3605 3047 gratia

2029 3063 2108 3108 est
2137 3055 2240 3108 vita
2266 3065 2484 3122 adorna,
2514 3073 2634 3112 cum
2666 3061 2833 3130 gratia
2877 3077 2980 3116 non
3011 3065 3264 3133 operibus
3308 3068 3559 3124 reddatur
3585 3111 3604 3135 ,

2031 3145 2124 3200 sed
2145 3147 2311 3216 gratis
2339 3146 2514 3214 detur,
2547 3149 2664 3220 ipso
2689 3153 2946 3220 Apostolo
2975 3153 3206 3220 dicente,
3239 3155 3304 3211 Ei
3322 3160 3406 3228 qui
3429 3177 3610 3229 opera-

2031 3245 2132 3302 tur,
2158 3253 2346 3292 merces
2372 3255 2471 3292 uon
2503 3239 2782 3308 imputatur
2817 3244 3090 3298 secundum
3119 3249 3336 3317 gratiam
3360 3290 3374 3310 ,
3410 3251 3499 3303 sed
3529 3267 3611 3305 se-

2030 3326 2250 3380 cundum
2277 3327 2496 3382 debitum
2525 3331 2546 3361 '
2575 3331 2748 3398 (Rom.
2781 3348 2854 3398 tv,
2893 3333 2948 3404 4)
2971 3333 2994 3386 7
3016 3344 3070 3390 et
3096 3335 3310 3402 iterum,
3343 3339 3607 3411 Reliquia',

2033 3418 2223 3487 inquit,
2253 3437 2342 3490 per
2367 3421 2654 3475 electionem
2678 3425 2858 3494 gratim
2875 3425 3028 3480 salute
3053 3431 3204 3498 facta:
3227 3439 3342 3483 sunt
3362 3446 3383 3484 :
3400 3439 3454 3484 et
3483 3448 3608 3488 mox

2030 3510 2252 3578 addidit,
2281 3511 2343 3566 Si
2368 3523 2533 3566 autem
2560 3517 2745 3586 gratia,
2769 3517 2884 3588 jam
2905 3535 3003 3571 non
3025 3536 3088 3574 ea:
3107 3522 3364 3590 operibus;
3383 3523 3609 3593 alioquin

2029 3602 2194 3671 gratia
2214 3603 2330 3674 jam
2363 3619 2462 3656 non
2501 3615 2573 3658 est
2597 3607 2761 3676 gratia
2791 3607 2898 3678 (Id.
2935 3625 3006 3676 tu,
3034 3611 3088 3674 5,
3116 3610 3192 3683 6).
3225 3613 3500 3678 Quomodo
3527 3627 3612 3678 est

2029 3705 2156 3760 ergo
2186 3693 2351 3761 gratia
2382 3694 2488 3747 vita
2515 3704 2733 3761 :eterna,
2775 3711 2897 3767 qute
2935 3713 3000 3753 ex
3051 3703 3300 3770 operibus
3331 3704 3559 3758 munitur
3583 3709 3611 3759 Υ

2030 3781 2110 3836 An
2140 3781 2274 3836 forte
2300 3783 2457 3836 vitam
2488 3793 2739 3840 teternam
2769 3803 2874 3842 non
2901 3789 3336 3861 dixitApostqus
3356 3796 3612 3866 gratiam!

2031 3871 2142 3925 Imo
2167 3888 2294 3928 vero
2323 3873 2399 3927 sic
2422 3873 2586 3940 dixit,
2615 3885 2672 3930 ut
2700 3879 2880 3947 negari
2911 3881 3128 3936 omnino
3153 3898 3258 3938 non
3285 3886 3486 3955 possit;
3512 3903 3615 3940 nec

2029 3963 2410 4019 intellectorem
2438 3974 2671 4033 acutum,
2703 3968 2798 4023 sed
2825 3973 3192 4028 tantummodo
3223 3975 3485 4031 intentum
3505 3978 3611 4032 'de~

2027 4052 2226 4109 sideret
2261 4053 2574 4110 auditorem.
2615 4055 2746 4112 Cum
2787 4060 2928 4114 enim
2976 4061 3236 4130 dixisset,
3282 4065 3614 4136 Stipendium

2029 4141 2242 4212 peccati,
2283 4159 2458 4208 mors;
2501 4146 2754 4201 continuo
2779 4148 3031 4217 subdidit,
3067 4149 3243 4207 Gratia
3270 4166 3437 4209 autem
3463 4155 3563 4212 Dei
3589 4201 3612 4226 ,

2027 4232 2128 4286 rita
2149 4242 2356 4298 (eterna,
2385 4235 2439 4288 in
2464 4233 2662 4291 Christo
2683 4237 2807 4292 Iesu
2831 4238 3053 4296 Domino
3067 4253 3237 4297 nostro
3258 4244 3369 4318 (Id.
3393 4263 3465 4313 vt,
3489 4248 3612 4321 25).

2097 4323 2188 4378 20.
2237 4322 2338 4378 Ista
2385 4339 2514 4396 ergo
2553 4328 2776 4396 quaestio
2822 4331 2967 4386 nullo
3017 4333 3177 4388 modo
3222 4335 3353 4390 mihi
3401 4337 3607 4395 videtur

2027 4431 2186 4486 posse
2221 4416 2476 4483 dissolvi,
2507 4419 2628 4472 'nisi
2673 4421 3031 4491 intelligamus
3056 4434 3110 4480 et
3137 4425 3246 4494 ipsa
3277 4426 3414 4481 bona
3443 4443 3603 4500 oper:

2028 4514 2208 4560 nostra
2252 4507 2446 4576 quibus
2473 4516 2671 4562 acterna
2716 4509 2955 4566 redditur
2978 4513 3085 4566 vita
3107 4555 3121 4579 ,
3162 4514 3228 4568 ad
3259 4515 3352 4569 Dei
3382 4518 3609 4580 gratiam

2029 4597 2312 4668 pertinere,
2347 4607 2565 4668 prepter
2586 4598 2711 4654 illud
2734 4601 2873 4670 quod
2903 4604 2975 4656 ait
3000 4603 3256 4658 Dominus
3280 4607 3454 4671 Iesus,
3485 4611 3620 4666 Sine

2027 4704 2107 4742 me
2135 4689 2261 4742 nihil
2291 4689 2495 4758 potestis
2517 4692 2682 4760 facere
2707 4691 2888 4760 (Joan.
2929 4710 3018 4759 xv,
3045 4695 3120 4766 5).
3149 4695 3221 4750 Et
3241 4697 3354 4766 ipse
3379 4699 3617 4768 Aposto-

2027 4778 2110 4833 lus
2134 4793 2254 4833 cum
2287 4779 2525 4843 dixisset,
2555 4779 2732 4834 Gratia
2767 4782 2895 4837 salvi
2933 4786 3058 4856 facti
3093 4789 3212 4842 estis
3249 4805 3340 4857 per
3365 4790 3542 4858 ﬁdem,
3566 4808 3618 4845 es

2027 4868 2121 4921 hoc
2150 4884 2249 4921 non
2269 4884 2332 4922 ex
2350 4869 2506 4935 vobis,
2548 4871 2636 4924 sed
2662 4871 2753 4925 Dei
2773 4874 2964 4927 donum
2991 4885 3062 4930 est
3085 4893 3104 4943 ;
3129 4895 3228 4931 non
3249 4895 3314 4932 ea:
3332 4882 3569 4950 operibus
3596 4923 3616 4948 ,

2027 4974 2090 5012 ne
2113 4961 2243 5029 forte
2265 4959 2374 5029 quis
2397 4960 2670 5014 extollatur
2699 4977 2720 5016 :
2746 4961 2877 5018 vidit
2901 4965 3081 5035 utique
3110 4977 3296 5035 putare
3318 4985 3475 5038 posse
3505 4970 3615 5025 ho—

2028 5049 2199 5104 mines
2221 5047 2321 5102 Itoc
2347 5049 2414 5103 ita
2441 5049 2662 5116 dictum,
2687 5055 2834 5122 quasi
2857 5058 3154 5112 necessaria
3183 5073 3287 5113 non
3313 5061 3420 5114 sint
3443 5076 3619 5132 opera

2025 5140 2162 5196 bona
2217 5141 2553 5196 credentibus
2581 5184 2596 5208 ,
2651 5143 2744 5200 sed
2784 5146 2864 5201 eis
2913 5146 3046 5204 ﬁdes
3091 5151 3203 5206 sola
3245 5153 3508 5222 sufﬁciat;
3557 5167 3624 5212 et

2024 5246 2212 5287 rursus
2237 5247 2394 5303 posse
2417 5233 2658 5290 homines
2682 5236 2750 5292 de
2777 5237 2933 5294 bonis
2957 5242 3210 5312 operibus
3236 5245 3441 5310 extolli,
3464 5247 3622 5304 velut

2026 5325 2091 5378 ad
2115 5339 2174 5378 ea
2204 5323 2438 5379 iacienda
2465 5325 2565 5380 sibi
2595 5327 2691 5395 ipsi
2714 5327 2973 5384 sufﬁciant
2994 5347 3010 5398 ;
3035 5347 3154 5386 mox
3183 5333 3360 5404 itaque
3382 5336 3618 5391 addidit-

2029 5415 2200 5486 Ipsius
2245 5419 2378 5471 enim
2414 5420 2590 5472 stlmus
2625 5419 2948 5490 figmentum,
2975 5425 3131 5479 creati
3163 5426 3214 5479 iu
3249 5425 3448 5481 Christo
3486 5427 3620 5484 Iesu

2028 5509 2078 5560 in
2111 5509 2340 5575 operibus
2361 5509 2522 5576 bonis,
2545 5527 2659 5579 ane
2687 5515 2987 5581 pra'parauit
3021 5516 3158 5571 Deus
3179 5559 3194 5583 ,
3218 5528 3270 5572 ut
3292 5519 3342 5571 in
3374 5520 3476 5572 illis
3491 5539 3619 5574 mrs-

2099 5603 2110 5628 ¹
2140 5607 2267 5658 l.ov.,
2293 5599 2400 5650 Sed.
2435 5611 2526 5649 sm.
2552 5608 2625 5649 Er.
2653 5610 2706 5651 et
2733 5609 2859 5658 διευς..
2883 5610 2944 5654 cl.

2097 5664 2114 5692 ³
2132 5673 2230 5710 Ml].
2259 5669 2328 5711 l-.t‘.
2356 5673 2403 5712 ct
2432 5663 2593 5728 pltu'cs
2617 5673 2740 5723 διεδ..
2766 5665 3002 5716 ttwt'ilum.
