3972 6178
314 272 419 334 89⁸5

311 382 756 456 bu!emus(Ep/tes
815 382 872 447 n,
912 379 1094 455 8-l0).
1142 380 1278 449 Quid
1316 386 1400 435 est
1450 379 1570 440 huc,
1600 377 1741 449 quod
1770 393 1891 431 cum

313 480 409 536 Dei
436 479 661 551 gratiam
689 474 1073 531 commendans
1093 473 1347 535 dixisset,
1396 487 1493 524 non
1523 486 1587 524 ea:
1621 468 1891 539 aperibus,

309 588 374 626 ne
402 575 532 641 forte
558 570 669 639 quis
688 569 991 631 extollatur;
1016 582 1113 621 cur
1142 566 1242 620 hoc
1261 564 1456 619 dixerit
1480 564 1741 617 rationem
1770 560 1893 615 red-

309 662 461 725 dens,
494 658 668 731 Ipsius
689 659 818 713 enim
843 673 1038 722 sumus,
1079 655 1269 725 inquit,
1313 655 1628 735 ﬁgmentum,
1660 651 1814 705 creati
1840 650 1912 704 iu'

312 752 510 808 Christo
552 751 675 806 Iesu
714 751 767 805 in
801 750 1036 821 aperibus
1085 748 1276 807 bouis?
1312 746 1589 815 Quomodo
1616 759 1761 853 ergo,
1795 760 1896 797 non

311 860 369 898 2a:
407 843 661 911 aperibus,
701 858 763 894 ne
784 843 916 912 forte
940 842 1054 910 quis
1082 839 1399 894 extollatur?
1432 836 1536 893 Sed
1564 834 1727 898 audi,‘
1732 844 1789 890 et
1814 834 1898 887 in-

310 935 487 1005 tellige
510 976 524 998 ,
580 950 681 987 non
727 948 791 987 ea;
819 932 1052 1002 operibus
1075 931 1297 994 dictum,
1330 940 1581 998 tanquam
1608 927 1712 981 tuis
1748 941 1814 980 ex
1843 934 1895 980 te

306 1024 425 1094 ipso
453 1023 547 1079 tibi
573 1023 946 1087 existentibus,
977 1021 1071 1077 sed
1098 1031 1344 1092 tanquam
1387 1020 1471 1075 his
1509 1020 1562 1074 in
1600 1018 1791 1089 quibus
1843 1026 1896 1072 te

305 1116 449 1171 Deus
482 1114 654 1178 ﬁnxit,
684 1114 737 1170 id
774 1122 858 1169 est
887 1114 1130 1169 formavit
1151 1122 1203 1169 et
1225 1113 1444 1168 creavit.
1473 1110 1588 1166 Hoc
1615 1111 1756 1167 enim
1782 1110 1850 1164 ait
1874 1150 1890 1176 ,

305 1206 481 1278 Ipsius
516 1222 691 1261 sumus
716 1206 1030 1279 figmentum,
1060 1205 1213 1259 creati
1231 1206 1284 1258 in
1304 1201 1503 1260 Christo
1523 1201 1650 1257 Iesu
1678 1202 1730 1255 in
1769 1218 1890 1271 ape-

307 1297 449 1351 ribus
475 1295 660 1365 bonis;
687 1311 791 1351 non
832 1296 920 1351 illa
951 1295 1222 1351 creatione
1248 1309 1351 1366 qua
1381 1293 1626 1349 homines
1653 1292 1775 1347 facti
1802 1307 1895 1348 su-

305 1401 446 1452 mus,
479 1386 573 1442 sed
600 1402 663 1442 ea
688 1387 755 1442 de
774 1401 878 1457 qua
904 1386 995 1442 ille
1019 1385 1249 1453 dicebat,
1277 1384 1369 1455 qui
1390 1384 1572 1454 utique
1592 1384 1701 1453 jam
1732 1383 1892 1437 homo

306 1486 442 1544 crat,
465 1475 566 1532 Cor
590 1477 835 1530 mundum
852 1492 975 1531 crea
1009 1477 1063 1530 in
1089 1490 1188 1543 me,
1230 1474 1370 1529 Deus
1395 1472 1564 1549 (Psal.
1596 1490 1647 1539 ι,
1682 1474 1807 1544 1ἓ);
1837 1481 1892 1528 et

305 1567 373 1622 de
395 1582 495 1637 qua
522 1566 654 1621 dicit
690 1567 999 1636 Apostolus,
1042 1566 1104 1622 Si
1136 1582 1236 1637 qua
1258 1566 1418 1637 igitur
1445 1567 1498 1620 in
1536 1565 1734 1620 Christo
1762 1580 1891 1618 nova

300 1665 552 1720 creatura,
575 1667 741 1712 vetera
760 1658 1093 1723 transierunt;
1108 1672 1219 1715 ecce
1238 1657 1375 1725 facta
1393 1666 1513 1711 sunt
1534 1672 1662 1711 nova
1684 1672 1703 1711 :
1721 1659 1893 1711 omnia

301 1760 473 1803 autem
496 1763 558 1803 ex
585 1746 692 1804 Deo
721 1749 787 1821 (ll
812 1747 933 1805 Cor.
962 1765 1024 1805 v.
1058 1749 1146 1813 l7,
1185 1747 1294 1819 l8).
1328 1747 1600 1819 Fingimur
1634 1762 1794 1818 ergo,
1836 1746 1890 1801 id

300 1848 384 1895 est
427 1840 715 1893 formamur
749 1847 803 1894 et
826 1854 1073 1894 creamur
1095 1841 1147 1892 in
1175 1839 1410 1909 operibus
1434 1838 1596 1905 bonis,
1626 1853 1755 1908 qum,
1783 1852 1889 1891 non

301 1930 718 2000 praeparavimus
761 1943 879 1996 nos,
928 1929 1023 1984 sed
1054 1931 1360 2000 praeparavit
1402 1927 1559 1993 Deus,
1596 1937 1651 1981 ut
1689 1927 1745 1982 in
1786 1927 1891 1981 illis

299 2018 627 2073 ambulemus.
656 2017 1184 2089 Imque,‘eharissitni
1224 2020 1262 2081 ⁸,
1306 2020 1348 2072 si
1392 2018 1493 2072 vita
1524 2019 1659 2071 bona
1707 2026 1887 2071 nostra

298 2110 430 2166 nihil
470 2110 615 2166 aliud
653 2121 736 2166 est
773 2127 931 2181 quam
976 2111 1066 2167 Dei
1109 2112 1300 2182 gratia,
1341 2112 1456 2164 sine
1488 2110 1651 2164 dubio
1681 2120 1736 2165 et
1778 2110 1887 2163 vita

298 2212 519 2267 :etcrna,
552 2217 671 2272 qua:
711 2202 862 2256 bona:
901 2202 1024 2256 victe
1063 2201 1323 2266 redditur,
1356 2200 1448 2254 Dei
1480 2200 1647 2270 gratia
1680 2211 1761 2254 est
1788 2216 1801 2251 :
1831 2192 1913 2252 et’

299 2294 412 2363 ipsa
451 2294 593 2348 enim
636 2293 800 2362 gratis
845 2293 1000 2348 datur
1023 2333 1038 2356 ,
1088 2292 1207 2362 quia
1251 2291 1416 2361 gratis
1439 2292 1557 2343 data
1583 2297 1666 2344 est
1690 2289 1778 2343 illa
1800 2288 1887 2343 cui

278 2385 475 2443 alatur.
513 2384 617 2439 Sed
660 2385 745 2438 illa
778 2385 862 2439 cui
907 2385 1064 2439 datur
1088 2425 1102 2449 ,
1152 2383 1517 2439 tantummodo
1558 2382 1725 2452 gratia
1760 2391 1885 2435 est:

298 2473 416 2532 liazc
455 2487 631 2531 autem
662 2493 780 2547 quae
811 2478 884 2531 illi
924 2477 1117 2544 datur,
1155 2476 1403 2547 quoniam
1447 2475 1726 2545 praemium
1767 2473 1883 2542 ejus

293 2574 400 2632 est,
423 2567 589 2637 gratia
614 2575 698 2621 est
722 2582 816 2636 pro
840 2568 1027 2636 gratia,
1050 2575 1297 2637 tanquam
1320 2579 1526 2621 merces
1548 2563 1879 2634 projustitia;

294 2664 354 2710 ut
382 2671 563 2711 verum
586 2656 675 2721 sit,
703 2657 953 2725 quoniam
975 2671 1157 2710 verum
1188 2664 1293 2721 est,
1312 2655 1436 2724 quia
1466 2653 1653 2709 reddet
1671 2651 1879 2707 unicui-

290 2761 401 2816 que
424 2746 565 2800 Deus
597 2746 886 2800 secundum
917 2761 1079 2815 opera
1104 2747 1239 2813 ejus.

365 2835 698 2892 CAPUTIX.
715 2836 891 2891 —21.
915 2836 1101 2891 Utrum
1127 2845 1305 2891 autem
1328 2835 1610 2905 legerimus
1637 2835 1690 2890 in
1710 2833 1886 2889 Libris

291 2928 513 2991 sanctis,
556 2926 775 2998 gratiam
827 2943 919 2996 pro
956 2926 1161 2997 gratia,
1209 2925 1428 2980 forsitan
1474 2925 1730 2995 quaeritis.
1776 2923 1883 2979 Sed

293 3018 501 3073 habetis
535 3019 881 3088 Evangelium
926 3019 1218 3073 secundum
1269 3017 1529 3073 Joannem
1574 3023 1715 3073 tanta
1763 3017 1882 3072 luce

290 3107 669 3172 clarissimum,
701 3107 789 3161 ubi
818 3106 1051 3162 Joannes
1077 3107 1311 3176 Baptista
1336 3107 1404 3161 de
1427 3107 1651 3161 Domino
1669 3105 1882 3160 Christo

291 3198 442 3261 dicit,
471 3195 583 3250 Nos
609 3207 776 3250 autem
815 3213 878 3250 ea:
901 3197 1211 3268 plenitudine
1236 3198 1346 3269 ejus
1366 3199 1669 3266 accepimus,
1695 3206 1741 3250 el
1764 3213 1885 3267 gra-

293 3288 416 3340 tiam
450 3303 543 3356 pro
580 3289 745 3358 gratia
783 3286 962 3360 (Ioan.
985 3304 1023 3354 ι,
1053 3287 1166 3360 16).
1199 3289 1275 3341 Ex
1303 3288 1419 3357 ejus
1447 3298 1623 3358 itaque
1651 3288 1882 3357 plenilu-

292 3378 418 3432 dine
445 3378 747 3448 accepimus
764 3394 859 3447 pro
876 3378 1094 3434 modulo
1114 3389 1305 3434 nostro
1326 3387 1576 3449 tanquam
1597 3380 1883 3449 particulas

294 3479 503 3525 nostras
527 3479 584 3524 ut
610 3470 746 3527 bene
774 3471 1033 3537 vivamus,
1061 3472 1189 3524 sicut
1223 3471 1359 3525 Deus
1384 3472 1600 3541 partitus
1634 3479 1704 3525 est
1735 3488 1879 3524 men-

292 3578 465 3617 suram
493 3562 612 3632 fidei
637 3562 813 3633 (Rom.
846 3580 940 3625 xu,
983 3564 1074 3633 5);
1103 3564 1224 3633 quia
1250 3565 1591 3634 unusquisque
1620 3564 1880 3634 proprium

293 3654 486 3707 donum
527 3654 673 3708 habet
706 3671 739 3707 a
775 3654 900 3720 Deo,
933 3654 1066 3708 alius
1093 3656 1187 3721 sic,
1228 3656 1359 3710 alius
1395 3666 1563 3709 autem
1587 3656 1728 3726 sic(l
1758 3654 1875 3708 Cor.

296 3759 394 3810 vn,
419 3745 510 3813 7);
538 3753 592 3799 et
619 3745 732 3815 ipsa
767 3754 847 3799 est
876 3746 1045 3815 gratia
1075 3764 1090 3800 :
1120 3746 1212 3799 sed
1242 3747 1458 3814 insuper
1478 3746 1799 3815 accipiemus
1825 3754 1878 3800 et

288 3834 515 3902 gratiam
548 3849 642 3903 pro
665 3835 833 3904 gratia
853 3877 867 3899 ,
894 3835 1108 3904 quando
1138 3835 1288 3888 nobis
1320 3836 1423 3888 vita
1450 3846 1651 3890 :eterna
1682 3835 1876 3889 redde-

290 3933 406 3990 tur,
444 3923 514 3979 de
550 3940 652 3995 qua
685 3926 822 3980 dixit
864 3927 1169 3996 Apostolus,
1213 3926 1391 3981 Gratia
1431 3937 1600 3980 autem
1636 3926 1737 3981 Dei
1774 3927 1879 3980 vita

285 4024 481 4069 eterna
514 4015 568 4068 in
608 4014 807 4070 Christo
844 4016 971 4070 Iesu
1028 4016 1247 4071 Domino
1290 4027 1461 4071 nostra
1497 4032 1515 4071 :
1563 4033 1683 4071 cum
1733 4018 1877 4087 prius

291 4106 540 4173 dixisset,
576 4105 899 4177 Stipendium
944 4108 1167 4177 peccati,
1211 4125 1364 4162 mors.
1397 4107 1585 4161 Merito
1610 4108 1750 4162 enitn
1783 4109 1877 4162 sti-

290 4197 544 4267 pendium
567 4239 582 4263 ,
619 4199 740 4269 quia
771 4198 975 4252 militia:
1002 4198 1282 4253 diabolica:
1319 4212 1466 4252 mors
1511 4207 1709 4251 aeterna
1756 4207 1875 4251 tan-

283 4303 447 4358 quam
480 4287 718 4342 debitum
761 4287 1019 4342 redditur.
1062 4288 1163 4344 Ubi
1207 4303 1326 4342 cum
1375 4296 1551 4356 posset
1589 4287 1786 4351 dicere,
1818 4296 1873 4342 et

284 4388 437 4433 recte
461 4377 662 4443 dicere,
695 4379 1030 4447 Stipendium
1061 4389 1237 4433 autem
1273 4378 1490 4448 jUSllllif.‘
1521 4379 1626 4433 vita
1649 4387 1872 4443 aeterna;

282 4471 477 4524 maluit
511 4469 713 4535 dicere,
752 4468 929 4523 Gratia
956 4480 1124 4523 autem
1146 4468 1260 4532 Dei,
1294 4470 1392 4522 vita
1426 4479 1612 4523 attenta
1633 4485 1651 4523 :
1674 4479 1729 4524 ut
1753 4469 1877 4524 hinc

282 4560 727 4629 intelligeremus,
760 4574 864 4613 non
906 4575 1003 4629 pro
1034 4560 1241 4614 meritis
1276 4560 1472 4614 nostris
1489 4549 1659 4614 Deum
1687 4576 1783 4615 nos
1808 4560 1874 4614 ad

278 4660 541 4705 aeternam
576 4650 761 4717 vitam,
788 4650 890 4705 sed.
916 4666 1012 4720 pro
1051 4665 1145 4703 sua
1190 4650 1531 4705 miseratione
1560 4650 1871 4720 perducere.

283 4743 362 4796 De
392 4758 498 4812 quo
525 4744 577 4796 iu
604 4743 818 4798 Psalmo
847 4743 977 4798 dicit
1012 4744 1173 4797 homo
1198 4747 1314 4813 ejus
1344 4743 1535 4797 anima:
1563 4758 1673 4796 suae
1714 4759 1727 4796 :
1775 4741 1875 4806 Qui

278 4841 494 4885 coronat
520 4842 567 4886 te
594 4833 646 4886 in
675 4834 992 4887 miseratione
1017 4842 1062 4886 cl
1088 4834 1432 4887 misericordia
1475 4832 1642 4904 (Psal.
1667 4849 1758 4896 cu,
1790 4832 1870 4902 4).

280 4924 553 4994 Numquid
595 4941 700 4979 non
749 4940 946 4979 corona
988 4925 1139 4978 bonis
1177 4925 1427 4993 operibus
1469 4924 1743 4979 redditur?
1769 4924 1873 4978 Sed

278 5013 410 5084 quia
448 5012 560 5082 ipsa
598 5014 733 5068 bona
763 5030 923 5084 Opera
955 5015 1042 5069 ille
1068 5015 1121 5068 in
1147 5014 1299 5068 bonis
1324 5022 1574 5083 operatur
1604 5016 1646 5077 ⁸,
1675 5014 1743 5067 de
1770 5030 1875 5083 quo

278 5105 487 5159 dictum
516 5114 617 5168 est,
653 5103 784 5158 Deus
805 5113 875 5158 est
901 5106 1031 5158 enim
1056 5105 1141 5173 qui
1164 5113 1406 5174 operatur
1429 5104 1482 5156 in
1502 5105 1638 5157 vobis
1674 5115 1721 5157 et
1752 5104 1877 5157 velle

279 5204 334 5248 et
362 5195 580 5263 operari,
616 5210 709 5264 pro
750 5194 878 5247 bona
912 5194 1198 5258 voluntate;
1246 5193 1367 5249 ideo
1410 5194 1548 5248 dixit
1586 5194 1828 5249 Psalntus
1858 5234 1871 5258 ,

276 5284 508 5341 Coronat
535 5298 584 5338 te
620 5286 673 5337 in
710 5285 1031 5339 miseratione
1068 5294 1113 5338 et
1160 5285 1511 5339 misericordia
1543 5301 1563 5338 :
1603 5286 1724 5355 quia
1756 5285 1872 5353 ejus

276 5376 629 5430 miseratione
653 5376 787 5431 bona
813 5392 1117 5446 operantur,
1156 5377 1347 5445 quibus
1373 5391 1569 5430 corona
1606 5376 1865 5430 redditur.

320 5582 330 5619 ι
353 5513 366 5538 ¹
392 5518 530 5618 llpvi,
553 5512 941 5619 terquenfratres
966 5510 1255 5563 charisdnti.
1302 5512 1467 5572 Abest,
1488 5513 1684 5574 fratres,
1712 5526 1737 5561 a
1767 5522 1870 5563 tiss.

362 5586 387 5619 Ω
412 5590 422 5613 ι
448 5588 489 5621 et
512 5583 591 5621 ηις
614 5585 712 5620 Alli.
764 5582 817 5619 :i‘.

278 5582 330 5621 ει
362 5582 422 5619 at:
448 5582 591 5621 ξυιυς
614 5585 712 5620 Alli.
748 5582 817 5619 ΕΓ.

288 5666 301 5679 .
351 5636 940 5699 iantnauioptativaTum.
986 5644 1029 5682 et
1066 5636 1785 5697 antiquissimus(rubricosis,
1826 5634 1872 5686 in

274 5695 416 5744 stulti,
443 5708 553 5759 "I153"
566 5702 677 5744 ’πάνυ

1742 261 1941 320 LIBER
1979 262 2182 322 UNUS.

3485 275 3590 334 895

2002 377 2116 432 Non
2141 379 2304 445 enim,
2333 379 2455 449 quia
2498 379 2650 447 dixit,
2697 379 2832 436 Deus
2861 389 2932 437 est
2969 384 3101 438 enim
3142 384 3226 457 qui
3268 395 3504 458 aperatur
3533 405 3588 444 ut

2003 467 2139 523 vobis
2160 480 2206 524 et
2232 471 2359 524 velle
2385 480 2430 525 et
2451 473 2653 543 aperari
2670 513 2686 537 ,
2713 489 2804 543 pro
2829 473 2957 529 bona
2989 477 3263 544 voluntate,
3296 479 3416 533 ideo
3455 480 3590 534 libe-

2002 550 2132 614 rum'
2162 562 2439 617 arbitrium
2477 563 2762 620 abstulisse
2803 566 3067 635 putandus
3104 576 3205 622 est.
3243 568 3395 636 Quod
3439 570 3482 624 si
3515 571 3587 624 ita

2001 661 2180 719 esset,
2218 668 2322 708 non
2354 658 2598 726 superius
2626 657 2871 726 dixisset,
2905 659 3029 714 Cum
3073 662 3251 716 timore
3284 673 3330 716 et
3375 673 3590 718 tremore

2001 755 2216 798 vestram
2251 746 2475 816 ipsorum
2511 748 2723 803 salutem
2763 752 3043 821 aperamini
3080 751 3338 824 (Philipp.
3366 771 3403 809 tt
3424 798 3438 823 ,
3476 757 3541 812 15
3568 799 3584 824 ,

2004 833 2115 905 12).
2145 835 2370 902 Quando
2399 837 2543 891 enim
2569 838 2788 907 jubetur
2811 849 2869 896 ut
2898 852 3206 912 operentur,
3234 845 3460 901 liberum
3493 864 3581 902 eo.

2002 941 2121 980 rum
2165 929 2480 985 convenitur
2506 932 2786 987 arbitrium
2821 952 2834 987 :
2864 935 2958 990 sed
2988 936 3109 991 ideo
3144 952 3263 991 cum
3306 939 3495 994 timore
3533 950 3585 996 et

2002 1025 2266 1083 tremore;
2297 1035 2363 1075 ne
2389 1020 2490 1075 sibi
2520 1022 2800 1077 tribuendo
2821 1024 2962 1094 quod
2998 1027 3135 1082 bene
3170 1037 3479 1097 operantur,
3516 1028 3586 1085 de

2002 1107 2156 1162 bonis
2203 1118 2451 1180 tanquam
2492 1113 2603 1167 suis
2641 1115 2966 1170 extollantur
3009 1118 3279 1186 operibus.
3310 1117 3585 1187 Tanquam

2000 1212 2127 1268 ergo
2149 1198 2569 1270 interrogaretur
2597 1204 2906 1272 Apostolus,
2936 1213 2990 1260 et
3022 1205 3296 1262 diceretur
3315 1208 3387 1273 ei,
3411 1211 3588 1274 Quare

1999 1288 2197 1355 dixisti,
2221 1289 2347 1345 Cum
2373 1292 2551 1346 timore
2577 1302 2625 1347 et
2655 1297 2908 1350 tremore?
2937 1296 3127 1351 bormn
3167 1298 3454 1352 verborum
3496 1314 3585 1353 ra-

1999 1380 2196 1434 tionem
2232 1381 2463 1436 reddidit
2498 1384 2700 1447 dicens,
2730 1384 2869 1439 Deus
2895 1395 2969 1440 est
2992 1386 3123 1441 enim
3155 1387 3243 1458 qui
3278 1397 3517 1459 operatur
3534 1389 3589 1442 in

1997 1471 2154 1527 vobis.
2184 1471 2239 1527 Si
2261 1475 2399 1527 enim
2425 1474 2621 1528 timetis
2640 1485 2694 1530 et
2723 1477 2967 1540 tremitis,
2992 1493 3098 1533 non
3121 1479 3445 1534 extollimini
3469 1493 3585 1534 tan-

1997 1575 2156 1630 quam
2193 1563 2261 1617 de
2297 1566 2489 1618 vestris
2521 1567 2771 1635 operibus
2810 1569 2987 1635 bonis,
3033 1570 3155 1640 quia
3194 1570 3337 1626 Deus
3374 1580 3457 1628 est
3493 1572 3587 1642 qui

1997 1664 2247 1723 operatur
2280 1656 2332 1709 in
2377 1657 2547 1711 vobis.

2067 1746 2292 1802 CAPUT
2321 1747 2390 1802 Χ.
2434 1779 2506 1788 —
2554 1747 2646 1804 εἰ.
2688 1749 2902 1820 itaque,
2946 1752 3173 1819 fratres,
3210 1753 3419 1809 debetis
3462 1754 3581 1824 qui-

1995 1837 2117 1893 dem
2169 1854 2263 1908 per
2307 1826 2532 1895 liberum
2590 1842 2865 1896 arbitrium
2914 1858 3019 1898 non
3071 1844 3246 1900 facere
3292 1845 3467 1910 mala,
3527 1854 3584 1899 ct

1994 1926 2173 2007 facere
2225 1929 2400 1997 bona;
2473 1930 2575 1986 hoc
2622 1933 2766 1986 enim
2840 1934 2995 1989 nobis
3052 1934 3139 1989 lex
3192 1935 3284 1990 Dei
3344 1935 3583 2005 prmcipit

1994 2017 2049 2074 in
2077 2018 2252 2073 Libris
2297 2020 2517 2088 sanctis,
2570 2021 2682 2077 sive
2727 2024 3016 2089 veteribus,
3061 2025 3175 2080 sive
3218 2025 3369 2080 novis
3418 2044 3433 2080 :
3481 2024 3577 2079 sed

1995 2108 2231 2179 legamus
2274 2119 2329 2165 et
2381 2110 2669 2180 adjuvante
2725 2112 2949 2168 Domino
3003 2114 3363 2184 intelligamus
3428 2116 3577 2184 Apo-

1993 2200 2186 2253 stolum
2217 2200 2503 2267 dicentem,
2539 2201 2670 2268 Quia
2697 2219 2796 2256 non
2810 2203 3173 2273 justi/icabitur
3198 2221 3261 2259 ea:
3283 2204 3390 2275 lege
3409 2206 3572 2258 omnis

1993 2306 2111 2344 caro
2136 2307 2304 2344 coram
2330 2293 2419 2348 illo
2450 2310 2570 2361 :per
2599 2292 2757 2365 legem
2777 2296 2909 2349 enim
2934 2298 3153 2367 cognitio
3180 2298 3370 2368 peccati
3393 2296 3578 2366 (Rom.

1995 2396 2073 2446 nt,
2097 2381 2212 2452 20).
2243 2380 2657 2454 Cognitioldixit;
2691 2401 2818 2452 non,
2846 2386 3219 2458 Consumptio.
3241 2388 3464 2455 Quando
3486 2404 3576 2443 au-

1997 2480 2100 2526 tem
2128 2475 2400 2542 cognoscit
2433 2472 2593 2529 homo
2626 2486 2925 2545 peccatum,
2957 2478 3001 2532 si
3032 2495 3137 2532 non
3168 2480 3385 2549 adjuvat
3407 2479 3576 2550 gratia

1995 2573 2052 2620 ut
2089 2565 2357 2635 cognitum
2381 2576 2649 2634 caveatur,
2685 2568 2802 2622 sine
2835 2568 2999 2623 dubio
3026 2570 3108 2625 lex
3141 2571 3273 2625 iram
3306 2581 3578 2640 operatur.

1995 2655 2146 2723 Quod
2177 2656 2279 2709 alio
2306 2657 2422 2712 loco
2444 2659 2555 2727 ipse
2585 2656 2868 2727 Apostolus
2892 2660 3039 2723 dicit,
3064 2663 3227 2731 ipsius
3248 2664 3388 2716 enim
3416 2662 3577 2717 verba

1995 2755 2118 2800 Sunt
2147 2759 2162 2798 :
2198 2744 2303 2800 Lex
2341 2747 2468 2799 iram
2504 2758 2755 2817 Operalur.
2802 2748 2910 2802 Hoc
2940 2760 3114 2803 autem
3147 2750 3298 2815 dixit,
3346 2751 3466 2819 quia
3497 2752 3574 2804 ira

1997 2834 2088 2889 Dei
2136 2837 2305 2903 major
2332 2848 2413 2889 est
2459 2836 2507 2890 in
2552 2837 2975 2905 prmvaricatore,
3021 2840 3108 2908 qui
3154 2855 3248 2908 per
3278 2841 3446 2910 legem
3485 2856 3578 2894 co—

1993 2927 2197 2996 gito-cit
2236 2937 2530 2996 peccatum,
2559 2940 2611 2981 et
2639 2936 2812 2981 tamen
2849 2927 2971 2982 facit
3000 2947 3012 2982 :
3047 2930 3163 2982 talis
3191 2930 3383 2999 quippe
3412 2922 3574 2982 homo

1993 3016 2370 3085 praevaricator
2408 3027 2487 3071 est
2532 3018 2657 3087 legis
2684 3058 2698 3079 ,
2743 3018 2879 3072 sicut
2915 3028 2967 3073 et
3016 3021 3066 3072 in
3117 3020 3220 3073 alio
3265 3020 3381 3073 loco
3423 3019 3575 3083 dicit,

1995 3104 2095 3161 Ubi
2146 3107 2280 3160 enim
2331 3107 2414 3161 lca:
2468 3123 2568 3160 non
2621 3117 2692 3160 cst
2720 3148 2735 3173 ,
2794 3124 2883 3160 nec
2935 3111 3285 3180 pravaricatio
3339 3120 3408 3163 cst
3460 3109 3572 3182 (Id.

1990 3206 2064 3262 tv,
2108 3198 2216 3267 l5).
2267 3196 2492 3267 Propter
2539 3197 2640 3252 hoc
2683 3209 2737 3251 ct
2781 3199 2906 3253 alibi
2948 3201 3044 3263 ait,
3091 3197 3159 3254 Ut
3203 3201 3475 3255 serviamus
3520 3201 3575 3255 in

1988 3287 2203 3340 novitate
2241 3287 2468 3357 spiritus,
2511 3297 2557 3341 et
2606 3289 2793 3342 nonin
2845 3298 3086 3344 vetustate
3114 3289 3292 3344 littene
3341 3306 3361 3344 :
3399 3291 3570 3361 legem

1987 3375 2173 3431 volens
2219 3376 2441 3447 intelligi
2491 3378 2684 3433 littera:
2725 3387 3066 3446 vetustatem,
3115 3381 3407 3434 novitatem
3446 3397 3575 3438 vero

1987 3468 2203 3538 spiritus
2228 3467 2377 3538 quid,
2406 3469 2504 3522 nisi
2529 3469 2790 3538 gratiam?
2816 3470 2882 3524 Et
2908 3478 3273 3541 nepataretur
3292 3486 3573 3528 accusasse

1985 3560 2156 3630 legem
2220 3560 2305 3615 vel
2364 3560 2809 3629 reprehendisse;
2869 3563 3121 3617 continuo
3169 3563 3270 3617 sibi
3324 3565 3574 3633 apposuit

1984 3651 2352 3720 quaestionem,
2377 3658 2431 3704 et
2457 3650 2550 3715 ait,
2587 3650 2724 3716 Quid
2744 3667 2862 3722 ergo
2887 3651 3109 3705 dicemus
3130 3653 3155 3705 ?
3179 3652 3287 3707 ΙΑεὼ
3309 3664 3570 3723 peccatum

1983 3750 2056 3793 est
2071 3740 2098 3794 Ρ
2116 3739 2276 3793 Absit.
2296 3739 2496 3795 Deinde
2516 3739 2804 3810 subjunxit,
2823 3738 2929 3796 Sed
2942 3752 3200 3812 peccatum
3223 3759 3319 3795 non
3340 3734 3570 3813 cognovi,

1985 3829 2081 3882 nisi
2119 3846 2210 3900 per
2236 3829 2393 3900 legem
2422 3845 2441 3883 :
2486 3829 2586 3884 hoc
2612 3831 2860 3901 estquod
2886 3832 3114 3899 dixerat,
3159 3831 3263 3887 Per
3299 3820 3457 3905 legem
3489 3851 3576 3888 co-

1981 3919 2139 3989 gnitio
2156 3920 2364 3989 peccati.
2389 3917 2529 3973 Nam
2549 3920 3022 3991 concupiscentiam,
3053 3921 3241 3991 inquit,
3272 3922 3569 3988 nesciebam,

1982 4010 2079 4062 nisi
2104 4009 2188 4062 lea:
2219 4008 2426 4074 diceret,
2458 4008 2581 4063 Non
2609 4012 2950 4080 concupisces.
2989 4011 3264 4066 Occasione
3292 4023 3457 4065 autem
3486 4029 3574 4066 ac-

1981 4112 2145 4170 cepta,
2200 4112 2459 4169 peccatum
2509 4118 2600 4168 per
2649 4102 2943 4155 mandatum
2993 4112 3251 4173 operatum
3294 4113 3366 4156 εει
3398 4103 3451 4156 ἰη
3494 4119 3579 4156 me

1981 4207 2179 4244 onmem
2232 4192 2690 4262 concupiscentiam
2746 4207 2766 4245 :
2820 4193 2928 4246 sine
2980 4193 3087 4263 lege
3131 4194 3264 4246 enim
3312 4206 3575 4264 peccatum

1980 4290 2234 4334 mortuum
2260 4290 2331 4335 est
2354 4283 2394 4334 ί.
2428 4280 2536 4351 Ego
2564 4292 2733 4336 autem
2755 4282 3030 4352 aliquando
3057 4283 3276 4337 vivebam
3301 4284 3407 4338 sine
3427 4285 3535 4355 lege
3552 4298 3576 4338 :

1981 4371 2272 4425 adveniente
2296 4380 2463 4424 autem
2485 4370 2744 4437 mandato,
2772 4383 3031 4440 peccatum
3061 4374 3255 4437 revixit,
3282 4390 3370 4445 ego
3405 4386 3576 4428 autem

1981 4471 2205 4513 mortuus
2230 4477 2363 4527 sum,
2387 4470 2431 4513 et
2457 4461 2714 4515 inventum
2736 4470 2807 4515 est
2834 4463 2956 4515 mihi
2984 4463 3277 4516 mandatum
3302 4464 3438 4533 quod
3462 4474 3570 4518 erat

1979 4551 2033 4604 in
2061 4551 2232 4617 vitam,
2260 4552 2353 4604 hoc
2377 4567 2483 4604 esse
2506 4550 2558 4603 in
2588 4560 2835 4616 mortem;
2864 4563 3124 4624 peccatum
3151 4553 3282 4607 enim
3312 4555 3577 4607 occasione

1980 4650 2184 4711 accepta
2224 4659 2311 4712 per
2339 4640 2632 4694 mandatum
2662 4642 2842 4712 fefellit
2880 4661 2980 4710 me,
3012 4655 3059 4698 et
3090 4662 3179 4715 per
3208 4645 3339 4698 illud
3366 4648 3569 4699 occidit.

1980 4731 2160 4802 Itaque
2182 4733 2262 4786 lea:
2280 4734 2479 4802 quidem
2500 4743 2695 4800 sancta,
2725 4743 2771 4787 et
2800 4737 3092 4788 mandatum
3121 4745 3365 4799 sanctum,
3396 4747 3442 4789 et
3479 4738 3572 4806 ju-

1985 4834 2137 4888 stum,
2163 4836 2207 4878 et
2237 4824 2443 4878 bonum.
2470 4824 2618 4891 Quod
2647 4843 2764 4897 ergo
2793 4827 2975 4880 bonum
3001 4836 3071 4879 cst
3096 4869 3109 4892 ,
3140 4828 3264 4879 mihi
3292 4832 3476 4898 factum
3502 4840 3578 4883 est

1982 4919 2160 4972 mors?
2185 4918 2344 4971 Absit.
2380 4918 2487 4971 Sed
2514 4929 2772 4984 peccatum
2804 4930 2854 4970 ut
2885 4930 3127 4988 appareat
3158 4932 3414 4989 pccmtum
3435 4961 3450 4986 ,
3480 4922 3574 4988 per

1982 5008 2165 5060 bonum
2198 5007 2321 5076 mihi
2351 5016 2613 5077 operatum
2636 5019 2705 5060 est
2734 5018 2960 5075 mortem,
2990 5019 3042 5060 ut
3068 5008 3156 5077 ﬁat
3184 5027 3340 5079 supra
3367 5011 3571 5063 modum

1982 5110 2211 5166 precator
2229 5110 2314 5151 aut
2342 5110 2601 5169 peccatum
2632 5100 2651 5129 ²
2681 5115 2768 5167 per
2797 5101 3090 5153 mandatum
3121 5098 3229 5173 (Ιιι.
3257 5118 3350 5166 vn,
3383 5102 3571 5175 6-15).

1984 5189 2047 5241 lit
2075 5188 2138 5241 ad
2178 5188 2390 5242 Galatas
2417 5188 2545 5242 dicit
2587 5206 2600 5241 :
2651 5190 2877 5243 Scienles
2903 5202 3070 5243 autem
3097 5193 3332 5260 quoniam
3359 5213 3459 5250 non
3476 5199 3573 5268 λιι-

1980 5279 2229 5347 stiﬁcatur
2268 5278 2415 5330 homo
2455 5294 2519 5331 cx
2561 5280 2791 5346 aperibns
2821 5280 2944 5350 legis
2980 5282 3075 5334 nisi
3122 5300 3210 5352 per
3238 5284 3396 5356 (idem
3445 5290 3571 5342 Jcsu

2045 5392 2058 5421 ί
2089 5390 2224 5450 editi,
2256 5376 2496 5440 mortuum
2527 5396 2648 5441 erat.
2692 5397 2799 5441 Mss.
2851 5398 3089 5443 mortuum
3119 5401 3209 5445 est.
3254 5407 3415 5450 Gt‘wcc
3464 5411 3574 5461 est,

1980 5465 2065 5500 "CC
2072 5466 2144 5500 ΠΙ.

2046 5516 2064 5544 ³
2093 5523 2191 5561 Am.
2220 5519 2272 5562 et
2304 5519 2396 5571 Fr,
2435 5526 2582 5585 supra
2620 5512 2817 5585 modum
2840 5522 3108 5579 peccatum.
3148 5529 3277 5580 t.ov.,
3303 5537 3449 5585 supra
3474 5537 3575 5573 rut-

1982 5575 2096 5647 lift‘tIl
2140 5588 2339 5647 peccans
2387 5583 2648 5646 percalluit.
2692 5583 2781 5623 Mss
2823 5575 3123 5647 vi't'n,st:pr(t
3149 5575 3575 5644 lllt;.’ll'lll)‘l‘l‘t'tJnf

1980 5643 2059 5683 ητα
2108 5642 2349 5695 νοτιτειιίτεη
2403 5650 2416 5683 .’
2460 5642 2620 5699 [atris
2668 5642 2918 5701 ι’ἵ(⁶ι·ί·ιίἠ,
2970 5658 3052 5705 qut
3118 5642 3392 5704 ιηξκὶιυιλιιιξιι
3470 5654 3571 5701 (stt,

1982 5705 2297 5751 tt'u'tct‘etutt.
