3972 6178
338 283 441 336 Mli

338 396 521 448 Utristt
546 436 556 454 ,
587 402 632 446 et
666 410 754 446 nos
783 394 830 443 in
866 389 1059 441 Christo
1088 387 1212 441 Jcstt
1244 387 1577 447 credidimus,
1611 396 1662 434 ut
1684 383 1931 453 justi/ire-

340 504 453 540 vmr
481 504 542 540 ea:
569 487 668 551 ﬁde
694 485 874 536 Christi
904 523 915 541 ,
949 489 992 533 et
1024 497 1122 532 non
1159 495 1219 531 ex
1259 478 1490 545 operibus
1519 476 1660 544 legis,
1693 475 1934 542 quoniam

341 597 402 629 er
449 576 678 644 operibus
722 574 842 642 lxgis
889 588 985 623 non
1023 569 1386 639 justiﬁcabitttr
1433 567 1595 620 omnis
1639 582 1756 617 cura
1808 560 1934 633 (Ca-

342 674 430 719 t..t.
467 684 520 725 tt,
557 668 666 734 lli).

417 756 639 809 CAPUT
675 755 763 808 Χι.
801 785 869 793 -
911 752 1006 808 ‘25.
1057 751 1192 818 Quid
1223 760 1300 802 est
1333 763 1459 818 ergo
1485 747 1622 816 quod
1656 744 1926 797 vanissimi

345 848 586 900 tontiues
610 855 660 898 et
693 842 1078 914 perversissinti
1113 840 1379 908 Pelagiani
1409 840 1576 907 legem
1600 837 1784 890 dicunt
1811 848 1934 887 esse

356 942 442 988 tiri
476 938 733 1006 gratiam,
777 953 879 1005 qua
906 935 1153 1004 jnvamur
1177 933 1240 985 ad
1272 947 1375 984 non
1409 929 1771 1000 peccandum?
1801 925 1936 995 Quid

346 1039 425 1081 est
453 1029 629 1092 miseri
658 1028 796 1096 quod
827 1027 1026 1088 dicunt,
1059 1026 1144 1094 qui
1169 1023 1283 1077 sine
1313 1023 1413 1075 ulla
1441 1021 1770 1076 dubitatione
1789 1027 1938 1072 tanto

355 1119 609 1184 .-\p0stolo
647 1117 1059 1173 contradicunt?
1091 1117 1179 1168 Ille
1209 1115 1334 1166 (ἰὴ-λι
1360 1122 1638 1182 peccatum
1679 1111 1816 1162 vires
1843 1107 1939 1160 ad-

350 1223 533 1261 versus
579 1207 848 1261 hominem
897 1208 1167 1273 accepisse
1215 1218 1308 1273 per
1359 1205 1551 1270 legem,
1589 1210 1642 1254 et
1681 1216 1800 1253 euut
1850 1215 1942 1265 per

357 1297 685 1359 mandatum,
720 1297 962 1364 tptamt‘is
1017 1302 1256 1346 sanctum
1290 1300 1344 1345 et
1389 1292 1590 1359 justum
1623 1299 1677 1344 et
1723 1291 1940 1349 bomun,

354 1403 531 1442 tamen
558 1389 820 1449 occidere,
852 1400 903 1438 et
935 1402 1026 1454 per
1057 1386 1251 1437 bonum
1277 1381 1484 1450 operari
1517 1382 1563 1432 ei
1597 1390 1846 1442 mortem,
1877 1379 1944 1432 de

355 1494 459 1545 qua
511 1495 613 1532 non
665 1479 1002 1535 liberaretur.
1057 1476 1156 1530 nisi
1198 1477 1486 1528 viviticaret
1536 1474 1752 1541 Spiritus
1799 1487 1942 1531 eum.

358 1586 513 1638 quem
542 1571 708 1622 littera
742 1570 1008 1623 occiderat
1035 1570 1169 1622 sicut
1197 1567 1301 1620 alio
1327 1567 1443 1620 luCu
1467 1566 1615 1628 (ilt‘il,
1652 1563 1840 1617 Littera
1863 1579 1948 1616 oc-

360 1660 500 1722 cidit,
532 1661 740 1729 spiritus
768 1675 930 1712 autent
960 1660 1175 1723 viri/ictu
1206 1657 1403 1734 (ll_Cor.
1440 1674 1514 1717 Ill,
1539 1657 1593 1726 6)
1626 1674 1638 1710 :
1669 1665 1720 1710 et
1753 1657 1834 1708 isti
1866 1655 1947 1708 in-

363 1749 564 1803 dociles
592 1759 772 1802 contra
807 1752 974 1803 lucem
1008 1747 1098 1801 Dei
1143 1748 1290 1809 ca-ei,
1335 1757 1388 1800 et
1436 1757 1618 1799 contra
1651 1761 1832 1799 vocem
1858 1745 1949 1797 Dei

365 1841 534 1902 surdi,
567 1843 900 1895 occidentem
932 1841 1156 1900 litteram
1190 1839 1456 1892 vivilicare
1486 1837 1705 1901 dicunt,
1738 1845 1792 1888 et
1816 1835 1951 1887 vivi-

369 1931 545 1984 ﬁt‘auti
573 1931 779 2000 spiritui
811 1930 1201 1983 contradicunt.
1248 1928 1383 1997 I'Irgo
1410 1969 1423 1987 ,
1454 1927 1634 1995 fratres
1657 1968 1671 1990 ,
1703 1937 1758 1978 ut
1789 1925 1954 1994 ipsius

369 2022 546 2088 potius
576 2022 810 2091 Apostoli
849 2021 1026 2075 verbis
1066 2036 1160 2074 vos
1205 2035 1471 2076 inoueam,
1503 2017 1749 2070 debitores
1780 2032 1954 2069 smnus

365 2127 464 2162 non
491 2111 653 2174 carni,
697 2119 748 2162 ut
776 2109 1052 2163 secundum
1079 2125 1286 2162 carnem
1326 2109 1570 2161 vivamus.
1616 2107 1677 2161 Si
1703 2107 1833 2159 enim
1873 2121 1956 2159 sc-

366 2200 586 2252 entulum
614 2216 814 2252 carnem
843 2200 1088 2262 vixeritis,
1131 2198 1414 2251 moriemini
1443 2212 1460 2250 :
1492 2198 1536 2250 si
1577 2209 1745 2249 autent
1775 2196 1957 2267 spiritu

367 2292 584 2344 actiones
633 2291 801 2342 carnis
846 2291 1294 2358 mortiﬁcareritis,
1333 2291 1522 2342 vivetis.
1572 2288 1695 2342 lla-c
1722 2288 1857 2353 dixi,
1905 2295 1960 2342 ut

370 2380 675 2446 apostolicis
714 2381 888 2434 verbis
913 2381 1136 2434 liberum
1180 2380 1456 2432 arbitri'tut
1495 2388 1729 2432 vestrum
1755 2395 1783 2431 a
1815 2380 1958 2432 malo

370 2471 719 2532 deterrerem,
765 2479 820 2524 et
855 2471 1167 2540 exhortarer
1213 2470 1279 2522 ab
1331 2485 1523 2522 bonum
1571 2488 1584 2524 :
1641 2483 1736 2522 nec
1784 2479 1958 2524 tamen

375 2561 492 2614 ideo
521 2561 725 2615 debetis
753 2561 802 2615 in
835 2561 1066 2621 homine.
1101 2561 1200 2615 hoe
1221 2572 1322 2626 est,
1347 2562 1396 2614 in
1421 2561 1566 2614 vobis
1596 2562 1744 2629 ipsis.
1777 2576 1880 2614 ltuit
1911 2561 1959 2614 in

377 2652 599 2704 Domino
633 2652 868 2722 gloriari,
907 2652 1119 2721 quando
1165 2667 1266 2704 nou
1300 2651 1590 2706 scentulum
1624 2667 1839 2705 carnem
1873 2653 1955 2706 vi-

375 2742 511 2804 vitis,
543 2742 634 2795 sed
662 2743 847 2810 spiritu
879 2743 1114 2796 actiones
1145 2741 1320 2796 carnis
1348 2743 1697 2795 tn0rtilicatis.
1734 2740 1961 2796 Utcuim

377 2849 479 2886 non
513 2849 570 2887 se
599 2835 915 2888 extolli-rent
945 2837 1138 2902 quibus
1169 2833 1265 2886 ista
1306 2831 1518 2888 dicebat
1544 2875 1556 2893 ,
1587 2833 1959 2886 existimantes

374 2939 432 2977 se
474 2939 573 2975 suo
615 2924 798 2992 Spiritu
847 2933 988 2976 tanta
1033 2923 1148 2976 lta-c
1197 2922 1331 2976 bona
1360 2938 1521 2992 opera
1567 2921 1740 2976 lacere
1787 2937 1962 2990 posse,

376 3027 479 3065 non
534 3013 656 3076 Dei;
709 3022 990 3079 propterea
1035 3028 1156 3065 eum
1199 3012 1443 3076 dixisset,
1486 3011 1546 3067 Si
1591 3021 1756 3064 autem
1787 3011 1968 3082 spiritu

373 3106 596 3156 actiones
629 3103 794 3154 carnis
820 3103 1256 3169 nwrtiﬁcuveritis,
1301 3103 1493 3168 vivetis,
1540 3104 1794 3157 continuo
1837 3103 1966 3157 sub-

373 3193 517 3259 iecit.
553 3193 801 3259 Quotquot
841 3195 973 3246 enim
1005 3195 1188 3262 spiritu
1236 3193 1329 3248 Dei
1369 3203 1608 3265 aguntur,
1643 3195 1696 3247 hi
1735 3195 1829 3263 filii
1853 3203 1967 3248 sunt

380 3282 476 3336 Dei
512 3284 682 3350 (Ilum.
717 3301 828 3350 vtu,
865 3284 1078 3356 1244).
1106 3285 1328 3351 Quando
1354 3301 1482 3356 ergo
1514 3288 1699 3355 spiritu
1729 3287 1968 3342 actiones

379 3376 559 3428 carnis
589 3375 916 3428 mortilieatis
946 3385 998 3428 ut
1035 3375 1241 3437 vivatis,
1293 3377 1439 3431 illum
1475 3377 1787 3445 glorilicatc,
1818 3377 1967 3431 illum

380 3464 612 3525 laudate.
644 3465 715 3518 illi
745 3469 942 3535 gratias
963 3468 1124 3536 agite,
1157 3468 1308 3535 cujus
1335 3469 1523 3537 spiritu
1545 3468 1761 3538 agitnini
1787 3480 1842 3522 ut
1866 3470 1967 3524 ἰδία

381 3555 622 3619 valeatis,
665 3566 721 3608 ut
753 3571 845 3608 vus
876 3558 1010 3611 lilius
1055 3557 1144 3610 Dei
1173 3572 1292 3612 esse
1337 3560 1665 3613 moustretis.
1717 3558 1970 3627 Quotquot

381 3644 512 3696 cnim
540 3644 719 3710 spiritu
750 3643 842 3698 Dei
875 3657 1112 3716 aguntur,
1145 3647 1197 3699 hi
1217 3648 1312 3714 ﬁlii
1335 3658 1449 3700 sunt
1481 3647 1590 3700 Dei.

456 3731 680 3787 CAPUT
721 3733 832 3788 XII.
873 3763 944 3774 -—
981 3735 1070 3788 24.
1114 3737 1382 3804 Quotquot
1411 3751 1538 3806 ergo
1565 3736 1815 3806 adjuncto
1854 3737 1971 3791 solo

384 3825 645 3891 atljuturio
677 3825 826 3895 legis,
860 3827 975 3882 sine
1024 3828 1285 3894 adjutot‘iu
1307 3828 1515 3897 gratim,
1546 3829 1874 3884 conﬁdentes
1916 3829 1968 3883 in

386 3918 578 3971 virtute
620 3933 735 3982 sua,
784 3934 881 3971 suo
923 3919 1108 3987 spiritu
1137 3930 1382 3988 aguntur,
1419 3935 1521 3973 non
1559 3930 1682 3974 sunt
1721 3921 1811 3976 lilii
1854 3921 1967 3976 Dei.

383 4008 540 4062 'l'ales
569 4019 691 4062 sunt
715 4009 781 4060 de
803 4010 994 4080 quibus
1023 4009 1158 4062 idetn
1187 4011 1313 4064 dicit
1338 4012 1632 4079 apostolus,
1660 4013 1798 4081 quod
1821 4014 1970 4082 igno-

384 4112 551 4154 rantes
586 4101 677 4154 Dei
693 4104 965 4170 justitiam,
995 4112 1040 4155 et
1059 4118 1204 4156 suam
1229 4100 1447 4156 volentes
1475 4105 1792 4163 constituere,
1813 4103 1974 4174 justi-

388 4193 472 4245 tia:
508 4192 602 4246 Dei
639 4211 736 4247 non
769 4203 885 4246 sunt
912 4194 1122 4263 subjecti
1164 4192 1274 4261 t‘ld.
1309 4209 1364 4258 κ,
1416 4194 1493 4264 5).
1543 4195 1614 4248 De
1645 4193 1843 4250 Judzeis
1873 4194 1974 4248 hoc

396 4281 549 4343 dixit,
583 4283 674 4352 qui
705 4284 772 4337 de
801 4299 858 4338 se
888 4292 1272 4352 praesumentes
1295 4285 1515 4353 gratiam
1545 4284 1891 4353 repellebant,
1921 4293 1974 4338 et

392 4376 444 4426 in
490 4373 759 4428 Christum
800 4386 1080 4444 propterea
1127 4389 1232 4428 non
1279 4373 1589 4429 credebant.
1639 4375 1798 4430 Suam
1843 4391 1974 4429 vero

384 4463 646 4532 justitiam
690 4465 818 4518 dicit
853 4481 946 4517 eus
973 4465 1213 4519 volentes
1239 4464 1584 4524 constituere.
1629 4479 1746 4530 qum
1770 4463 1974 4534 justitia

391 4560 474 4606 εει
497 4567 561 4605 ex
592 4552 705 4621 lege
731 4568 746 4616 ;
775 4568 879 4607 non
909 4555 1026 4620 quia
1067 4555 1149 4609 lex
1174 4555 1242 4607 ab
1273 4555 1402 4624 ipsis
1433 4563 1512 4608 est
1540 4558 1848 4619 cuttstiluta,
1877 4555 1974 4610 sed

391 4645 444 4697 in
473 4644 586 4714 lege
613 4659 730 4713 qua:
759 4659 821 4697 cx
857 4645 962 4699 lien
985 4653 1087 4709 est,
1112 4659 1260 4698 suam
1285 4645 1542 4714 ]ιι›ιὶιί;ιιιι
1565 4647 1972 4710 constituerant,

392 4735 606 4805 quando
637 4735 879 4791 eamdem
911 4736 1079 4806 legem
1106 4737 1218 4790 suis
1248 4737 1448 4792 viribus
1485 4752 1542 4792 se
1572 4737 1794 4808 implere
1818 4753 1976 4808 posse

388 4826 675 4882 credebant
701 4844 712 4879 :
746 4827 1050 4898 ignorantes
1075 4827 1164 4882 Dei
1193 4828 1474 4896 justitiam,
1500 4843 1605 4882 non
1633 4845 1734 4898 qua
1757 4827 1964 4898 justitia

395 4918 534 4972 Dens
555 4921 732 4987 justus
761 4929 862 4977 est.
903 4920 996 4974 sed
1029 4935 1148 4990 qua:
1173 4919 1374 4988 justitia
1404 4929 1485 4974 est
1516 4919 1716 4974 homini
1745 4936 1810 4974 ex
1843 4922 1970 4976 lico.

393 5008 460 5063 Et
488 5019 546 5063 ut
571 5011 748 5065 sciatis
774 5011 908 5065 hanc
936 5011 1081 5064 illum
1113 5025 1297 5064 eorum
1325 5011 1521 5066 dixisse
1545 5011 1827 5080 justitiam,
1851 5027 1974 5081 qua:

389 5110 472 5154 est
501 5116 564 5156 ex
593 5103 742 5171 lege;
773 5101 908 5157 hanc
933 5115 1109 5157 atttem
1137 5102 1254 5168 Dei,
1279 5118 1396 5172 qua:
1419 5102 1617 5156 homini
1642 5113 1807 5158 estex
1832 5103 1972 5158 Deo:

393 5192 570 5248 audite
596 5195 722 5264 quid
749 5193 856 5248 alio
883 5193 998 5248 loco
1024 5194 1165 5248 dicat
1191 5234 1204 5257 ,
1236 5208 1356 5246 cum
1384 5192 1450 5246 de
1479 5193 1692 5247 Christo
1720 5193 1974 5261 loquere-

395 5292 495 5334 tur.
532 5281 750 5354 Propter
773 5299 920 5355 quem
939 5284 1128 5348 omnia,
1162 5283 1351 5353 inquit,
1380 5299 1478 5335 non
1501 5282 1661 5336 solum
1680 5282 1976 5336 detrimenta

392 5389 496 5425 esse
514 5375 721 5438 credidi,
757 5392 925 5428 verum
954 5385 996 5428 et
1026 5384 1245 5429 stercora
1269 5375 1548 5428 existimavi
1580 5390 1702 5438 esse,
1736 5384 1788 5427 ut
1819 5373 1968 5427 Chri~

395 5473 523 5513 stum
565 5463 899 5529 lucrifaciat",
946 5475 991 5517 et
1026 5466 1249 5517 inveniar
1281 5464 1330 5516 iu
1359 5464 1446 5517 illo
1473 5481 1572 5516 non
1603 5465 1785 5517 habens
1817 5481 1976 5517 meum

385 5555 633 5622 justitiam
669 5573 778 5617 qum
809 5574 869 5609 ex
901 5558 1002 5622 lr‘qe
1045 5569 1134 5617 est,
1174 5558 1259 5607 sed
1303 5573 1410 5608 eum
1451 5573 1562 5623 φηγ
1597 5567 1667 5606 (‘al
1699 5574 1781 5623 per
1824 5557 1974 5621 ﬁdem

397 5645 415 5682 ί
440 5643 600 5694 luisti.
635 5659 745 5705 qum
773 5657 838 5693 est
877 5663 935 5695 et
969 5647 1068 5695 heu
1098 5646 1354 5711 (l’htlipp.
1392 5664 1464 5708 ltt,
1500 5649 1574 5710 δικ.
1611 5649 1742 5712 Quid
1773 5658 1854 5700 est
1881 5665 1973 5696 au-

395 5740 527 5802 tem,
565 5748 658 5779 mm
692 5732 874 5782 habens
902 5750 1056 5785 meum
1080 5737 1332 5798 justitiam
1359 5755 1404 5803 qi
1426 5754 1468 5786 tr
1495 5755 1553 5787 «tr
1581 5739 1684 5802 lrgr
1715 5755 1751 5790 ι’·
1772 5751 1815 5798 .';
1857 5754 1973 5789 rtzttt

1125 276 1211 330 DE
1250 274 1503 331 CRXTIA
1548 271 1632 327 ET
1674 270 1922 326 LlilLRO
1966 271 2304 335 .UlfllTlllO.
2346 273 2399 327 S.
2445 269 2803 328 AUGUSTINI

3517 269 3621 326 8ῦῆ

2039 400 2132 437 sua
2183 403 2284 439 non
2330 397 2471 440 eSSet
2513 386 2593 440 les
2641 386 2774 454 ipsa,
2816 383 2907 437 srd
2962 385 3050 438 Dei
3095 403 3107 437 :
3148 385 3270 449 nisi,
3302 387 3422 456 quia
3467 401 3620 442 suam

2036 475 2168 529 dixit
2195 477 2475 544 justitiam,
2516 476 2756 546 quamvis
2795 491 2860 529 ex
2905 475 3018 545 lege
3059 485 3218 538 esset,
3253 477 3372 546 quia
3401 492 3492 532 sua
3527 494 3624 528 vo-

2038 566 2235 620 luntatc
2261 567 2428 637 legem
2461 583 2518 622 se
2541 583 2695 636 posse
2725 565 2942 636 putabat
2972 567 2985 597 ¹
3021 568 3241 636 implere
3269 571 3383 622 sine
3411 568 3612 638 aitjutu.

2039 676 2118 715 l'lO
2144 661 2324 728 gratia:
2347 677 2464 729 qua:
2489 671 2570 715 est
2594 677 2685 730 per
2707 660 2862 714 [idem
2890 660 3130 714 Christi?
3163 661 3284 716 Ideo
3305 677 3427 714 cum
3456 661 3627 715 dixis-

2039 760 2140 815 set,
2170 768 2269 804 uon
2297 751 2482 805 habens
2509 768 2670 804 meam
2690 752 2944 820 justitiam
2975 768 3086 820 qua:
3107 768 3170 804 ea:
3195 749 3303 822 lege
3332 755 3438 814 esi;
3467 767 3624 804 secu-

2042 851 2124 896 tus
2153 842 2399 910 adjunsit
2423 884 2436 905 ,
2466 842 2554 895 sed
2583 858 2691 895 eam
2717 858 2831 908 qua:
2857 853 2928 894 est
2960 858 3048 911 per
3077 841 3226 909 ﬁdem
3266 839 3485 904 Christi,
3513 856 3631 910 quo

2039 942 2112 985 est
2134 949 2196 986 ex
2225 931 2352 985 Deo.
2380 931 2526 986 lianc
2550 933 2880 1002 ignorabant,
2905 932 2971 987 de
2995 932 3183 999 quibus
3205 932 3300 996 ait,
3331 931 3621 1001 ignorante:

2042 1021 2138 1077 Dei
2155 1025 2408 1092 justitiam
2431 1063 2446 1088 ,
2476 1023 2525 1078 id
2553 1031 2653 1087 est,
2685 1038 2803 1095 qua:
2835 1032 2917 1078 est
2947 1039 3011 1078 ex
3046 1025 3153 1077 Deo
3183 1023 3345 1090 (banc
3371 1026 3511 1078 enim
3539 1023 3626 1082 dat

2043 1131 2150 1169 non
2178 1117 2350 1170 littera
2375 1116 2649 1181 occidens,
2677 1120 2773 1172 sed
2802 1115 3075 1170 viriut-aus
3098 1116 3342 1181 spiritus)
3365 1133 3379 1179 ;
3405 1126 3454 1169 et
3482 1133 3628 1170 suam

2043 1207 2260 1260 volentes
2285 1208 2604 1271 constituere,
2636 1223 2794 1275 quam
2818 1207 2951 1262 dixit
2977 1207 3090 1278 ipse
3117 1222 3182 1260 ex
3209 1205 3325 1276 lege
3345 1206 3632 1276 justitiam.

2045 1309 2163 1348 cum
2196 1295 2397 1350 diceret
2424 1339 2438 1360 ,
2467 1313 2566 1350 non
2595 1299 2778 1351 Imbens
2816 1314 2976 1351 meam
3013 1297 3266 1365 justitiam
3295 1312 3406 1363 qua:
3435 1313 3497 1350 ea:
3526 1298 3635 1366 lege

2046 1398 2118 1442 est
2144 1403 2162 1440 :
2181 1389 2396 1457 justitia:
2425 1388 2516 1442 Dei
2546 1403 2645 1442 non
2671 1401 2784 1442 sunt
2805 1389 3029 1460 subjecti,
3067 1389 3167 1441 hoc
3195 1397 3296 1452 est,
3330 1390 3511 1455 gratia:
3540 1387 3636 1442 Dei

2049 1496 2153 1532 non
2185 1488 2307 1533 sunt
2337 1481 2578 1546 subjecti.
2613 1480 2723 1534 Sub
2753 1481 2865 1547 lege
2887 1479 3027 1531 enim
3055 1486 3230 1542 erant,
3255 1493 3358 1530 non
3393 1477 3494 1529 sub
3511 1492 3638 1546 gra~

2050 1570 2150 1631 tia;
2181 1579 2235 1623 et
2265 1569 2386 1623 ideo
2411 1572 2491 1624 eis
2517 1570 2888 1624 dominabatur
2920 1579 3215 1639 peccatum,
3249 1585 3277 1620 a
3305 1582 3409 1636 quo
3439 1584 3544 1620 non
3581 1568 3640 1621 lit

2051 1657 2214 1713 homo
2240 1660 2372 1713 liber
2403 1661 2539 1730 lege,
2571 1661 2662 1714 sed
2687 1661 2871 1730 gratia.
2908 1660 3136 1729 Propter
3159 1659 3299 1729 quod
3329 1659 3452 1711 alibi
3483 1658 3638 1722 dicit,

2054 1749 2329 1803 Peccatum
2358 1753 2489 1804 enim
2519 1752 2655 1804 vobis
2686 1768 2784 1803 non
2823 1751 3200 1814 dominabitur;
3227 1767 3326 1803 non
3364 1751 3492 1802 enim
3521 1752 3644 1803 estis

2053 1840 2142 1894 sub
2170 1843 2276 1910 lege
2300 1882 2312 1903 ,
2344 1841 2429 1894 sed
2456 1842 2545 1893 sub
2571 1842 2732 1907 gratia
2762 1840 2939 1910 (Rom.
2973 1858 3042 1901 vi,
3082 1841 3165 1909 14)
3199 1856 3214 1891 :
3262 1855 3364 1893 non
3396 1840 3517 1906 quia
3551 1839 3638 1894 les

2055 1931 2190 1984 mala
2232 1941 2346 1995 est;
2380 1933 2472 1984 sed
2505 1933 2625 2002 quia
2657 1936 2757 1986 sub
2791 1933 2874 1985 illa
2907 1941 3030 1986 sant
3069 1947 3203 2000 quos
3246 1946 3364 1985 rcus
3395 1931 3517 1983 facit
3552 1932 3644 2000 ju-

2055 2021 2251 2086 bendo,
2285 2037 2389 2076 non
2412 2022 2730 2092 adjuvaudo.
2759 2022 2937 2077 Gratia
2963 2023 3158 2092 quippe
3181 2020 3393 2088 adjuvat
3422 2031 3478 2074 ιιι
3498 2023 3642 2092 legis

2057 2114 2281 2181 quisque
2325 2114 2395 2166 sit
2434 2113 2623 2175 factor,
2654 2115 2769 2166 sine
2798 2129 2899 2183 qua
2944 2115 3109 2183 gratia
3151 2113 3251 2166 sob
3293 2113 3409 2182 lege
3443 2114 3648 2180 positus

2060 2204 2424 2258 tantummodo
2454 2205 2556 2259 erit
2595 2203 2728 2274 legis
2757 2205 2988 2259 auditor.
3029 2204 3246 2258 Talibus
3286 2203 3465 2273 itaque
3489 2203 3646 2271 dicit,

2063 2295 2164 2362 Qui
2215 2297 2267 2349 in
2318 2298 2425 2368 lege
2458 2299 2857 2368 justiﬁeamini,
2913 2314 2944 2349 a
2993 2297 3158 2367 gratia
3209 2297 3466 2350 cxcidistis
3516 2293 3648 2364 (Ga-

2061 2388 2151 2440 lat.
2174 2401 2228 2449 v,
2255 2385 2334 2456 4).

2131 2476 2358 2534 CAPUT
2378 2477 2686 2534 xor—25.
2705 2479 2834 2548 Quis
2855 2479 2925 2532 ita
2944 2478 3011 2532 sit
3034 2477 3224 2532 surdus
3247 2478 3502 2533 adversus
3519 2493 3651 2546 apo.

2063 2569 2277 2622 stolieas
2301 2583 2479 2634 voces,
2509 2571 2627 2640 quis
2651 2572 2719 2624 ita
2747 2570 2993 2637 desipiat,
3019 2569 3125 2622 imo
3151 2569 3377 2622 insaniat
3405 2571 3652 2623 nesciens

2063 2657 2188 2727 quid
2212 2657 2476 2728 loquatur,
2508 2669 2564 2712 ut
2589 2660 2778 2713 audeat
2807 2659 3009 2723 dicere,
3050 2657 3217 2727 legem
3244 2672 3364 2711 esse
3399 2659 3652 2727 gratiam,

2065 2763 2185 2803 cum
2213 2751 2405 2804 clamet
2447 2752 2535 2820 qui
2566 2751 2766 2805 sciebat
2792 2750 2918 2820 quid
2965 2750 3292 2818 loqueretur,
3339 2748 3435 2815 Qui
3463 2749 3514 2801 iu
3543 2750 3656 2819 legs

2055 2838 2433 2908 justi/icamini,
2461 2857 2491 2892 a
2516 2842 2678 2910 gratia
2706 2836 3006 2893 cecidistis?
3037 2838 3090 2892 Si
3119 2847 3297 2892 autem
3331 2839 3409 2892 lex
3438 2852 3541 2890 non
3568 2847 3660 2892 est

2066 2931 2255 2997 gratia.
2282 2931 2400 3000 quia
2430 2943 2482 2984 ut
2514 2934 2622 3002 ipsa
2653 2931 2737 2984 lex
2765 2933 2853 2984 liat
2874 2971 2888 2995 ,
2929 2945 3033 2984 non
3063 2939 3237 2998 potest
3268 2929 3348 2982 les
3377 2929 3659 2996 adjuvare.

2067 3021 2159 3075 Sed
2188 3031 2388 3091 gratia;
2415 3022 2667 3093 numquid
2708 3031 2892 3077 natura
2927 3023 3030 3076 erit
3067 3021 3274 3092 gratia?
3321 3019 3448 3074 Nam
3471 3029 3525 3072 et
3552 3020 3665 3075 huc

2070 3111 2330 3182 Pelagiani
2363 3114 2474 3166 ausi
2519 3124 2642 3167 sunt
2675 3113 2872 3175 dicere.
2903 3122 3126 3184 gratiam
3156 3127 3275 3166 esse
3304 3123 3568 3173 naturam,
3599 3115 3665 3168 iu

2068 3219 2172 3274 qua
2199 3205 2274 3258 sic
2299 3206 2465 3260 creati
2496 3220 2712 3270 sumus,
2750 3215 2807 3258 ιιι
2837 3205 3128 3260 habeamus
3157 3215 3387 3260 mentem
3416 3205 3668 3257 rationa-

2071 3296 2194 3358 lem,
2217 3311 2320 3365 qua
2352 3295 2645 3365 intelligere
2673 3297 2959 3361 valeamus,
2987 3294 3107 3350 facti
3133 3295 3199 3349 ad
3225 3297 3503 3365 imag’neut
3531 3296 3660 3362 Dei,

2072 3395 2128 3440 ut
2165 3385 2503 3440 dominemur
2533 3387 2765 3455 piscibus
2805 3389 2986 3453 maris,
3017 3397 3071 3442 et
3095 3387 3398 3442 volucribus
3423 3389 3572 3448 cmli,
3601 3401 3670 3444 et

2070 3479 2317 3532 omnibus
2373 3479 2654 3548 pecoribus
2704 3495 2824 3550 quae
2869 3490 3062 3548 repunt
3099 3494 3260 3549 super
3291 3490 3507 3534 terram.
3543 3481 3663 3535 Sed

2073 3585 2178 3625 non
2211 3570 2324 3624 lucc
2353 3583 2431 3625 est
2459 3571 2624 3640 gratia
2647 3613 2662 3635 ,
2692 3587 2849 3639 quam
2876 3570 3217 3625 commendat
3241 3571 3528 3639 Apostolus
3562 3587 3669 3638 per

2073 3659 2230 3716 ﬁdem
2277 3659 2403 3715 .Icsu
2446 3659 2660 3715 Christi.
2705 3661 2852 3716 lianc
2894 3661 3036 3716 enim
3075 3670 3316 3714 naturam
3345 3660 3502 3715 etiam
3531 3675 3667 3715 cum

2075 3752 2254 3820 impiis
2293 3761 2348 3806 et
2391 3752 2692 3808 inlidelibus
2717 3762 2924 3806 certum
2954 3761 3036 3806 est
3074 3752 3226 3805 nobis
3251 3765 3370 3805 esse
3408 3765 3673 3805 commu-

2073 3855 2195 3896 nem
2229 3857 2242 3894 :
2271 3843 2440 3910 gratia
2469 3857 2594 3896 vero
2623 3857 2716 3911 per
2747 3841 2903 3896 ﬁdem
2944 3841 3070 3896 .Iesu
3097 3841 3297 3896 Chrisu
3324 3856 3508 3896 eorum
3537 3849 3674 3895 tan-

2077 3933 2346 3988 tummodo
2366 3941 2466 3996 est,
2489 3949 2710 4004 quorum
2733 3944 2815 3989 est
2837 3936 2946 4003 ip~a
2972 3933 3122 3988 ﬁdes.
3145 3931 3267 3987 Non
3288 3934 3416 3986 enim
3438 3933 3678 3988 omnium

2074 4035 2145 4078 est
2175 4025 2300 4092 [ides
2323 4026 2387 4094 (ll
2411 4024 2586 4079 Thess.
2614 4043 2688 4085 tu.
2711 4025 2790 4095 2).
2829 4027 3067 4096 Denique
3091 4027 3228 4081 sicut
3249 4027 3327 4079 eis
3357 4027 3443 4095 qui
3467 4026 3678 4080 volen-

2081 4123 2160 4168 tes
2187 4115 2238 4168 in
2270 4115 2384 4184 lege
2412 4115 2712 4182 justilicari,
2765 4133 2791 4168 a
2823 4118 2989 4186 gratia
3021 4118 3354 4182 exciderunt,
3389 4117 3682 4174 verissime

2075 4203 2221 4262 dicit.
2267 4205 2326 4260 Si
2351 4222 2413 4260 ex
2438 4207 2546 4276 lege
2572 4207 2779 4277 justitia
2799 4249 2812 4270 ,
2853 4225 2970 4280 ergo
3000 4206 3230 4263 Christus
3252 4211 3410 4278 gratis
3437 4219 3683 4265 mortuus

2075 4303 2146 4346 cst
2175 4292 2371 4363 (Galat.
2403 4311 2460 4357 u,
2488 4295 2580 4363 2i)
2609 4313 2621 4347 :
2656 4297 2736 4351 sic
2770 4305 2823 4349 et
2851 4296 2934 4350 his
2961 4298 3047 4367 qui
3075 4298 3298 4367 gratiam
3327 4313 3482 4365 quam
3518 4313 3683 4351 com-

2077 4383 2358 4437 mendatet
2389 4385 2610 4454 percipit
2638 4384 2766 4440 lides
2789 4384 3008 4450 Christi,
3043 4396 3225 4455 putant
3248 4403 3368 4441 esse
3395 4397 3680 4451 naturam,

2075 4475 2350 4530 verissime
2375 4476 2586 4540 dicitur,
2619 4477 2672 4532 Si
2701 4494 2764 4532 ex
2797 4490 2982 4532 natura
3009 4479 3235 4548 justitia,
3265 4494 3393 4548 ergo
3415 4479 3682 4536 Christus

2075 4567 2242 4636 gratis
2269 4569 2508 4622 mortuus
2529 4577 2631 4623 est.
2655 4568 2771 4624 Jam
2799 4569 2887 4625 hic
2911 4572 3052 4625 enim
3083 4580 3198 4624 erat
3227 4572 3330 4636 les,
3364 4579 3419 4624 et
3449 4586 3556 4625 non
3580 4571 3688 4638 ju-

2077 4657 2334 4711 stilleabat
2355 4675 2369 4722 ;
2393 4658 2503 4728 jam
2533 4659 2617 4712 hic
2647 4670 2761 4714 erat
2789 4670 2843 4714 ct
2871 4673 3082 4724 natura,
3101 4671 3155 4715 et
3182 4659 3643 4730 nonjustilieabat.
3665 4683 3682 4717 :

2077 4749 2198 4803 ideo
2228 4750 2473 4806 Christus
2511 4755 2818 4823 non'gratis
2857 4765 3099 4810 mortuus
3129 4764 3228 4817 est,
3262 4764 3319 4808 ut
3358 4765 3413 4810 et
3444 4754 3529 4808 les
3570 4768 3686 4824 per

2077 4843 2223 4898 illum
2264 4843 2594 4912 impleretur,
2623 4846 2710 4915 qui
2746 4846 2898 4908 dixit,
2941 4844 3064 4900 Non
3107 4847 3216 4900 veni
3252 4847 3440 4900 solvere
3479 4848 3685 4916 legem,

2076 4935 2164 4989 sed
2189 4935 2396 5004 implere
2425 4937 2634 5004 (Matth.
2666 4954 2716 5001 v,
2755 4938 2846 5002 17)
2879 4957 2892 4995 :
2931 4947 2984 4995 et
3013 4949 3198 4994 natura
3224 4955 3316 5010 per
3340 4939 3512 4994 Adam
3548 4957 3687 5010 pcr-

2078 5028 2207 5094 dita,
2236 5045 2328 5098 per
2354 5030 2500 5084 illum
2533 5043 2890 5101 repararctur,
2922 5033 3010 5104 qui
3039 5033 3165 5086 dixit
3203 5034 3411 5087 venisse
3439 5047 3498 5086 se
3521 5049 3686 5102 quc-

2079 5137 2188 5173 rere
2231 5132 2274 5174 et
2303 5121 2497 5174 sulvare
2533 5124 2667 5192 quod
2707 5133 2921 5194 perierat
2974 5123 3080 5192 (Id.
3130 5140 3278 5187 svnt,
3325 5124 3408 5183 ll.
3449 5134 3493 5178 et
3537 5121 3684 5179 Luc.

2083 5226 2193 5271 vis.
2221 5210 2341 5282 10);
2374 5214 2422 5267 in
2446 5229 2600 5282 quem
2625 5225 2904 5268 venturum
2929 5215 3128 5285 antiqui
3152 5216 3308 5269 etiam
3339 5225 3516 5284 patres
3541 5229 3684 5269 cre-

2081 5301 2320 5356 diderant
2355 5306 2393 5364 ’,
2429 5307 2513 5374 qui
2543 5304 2828 5373 diligebant
2856 5305 3039 5357 Deum.

2152 5395 2238 5448 ﬁt}.
2285 5397 2468 5450 Dicunt
2511 5399 2666 5450 etiam
2710 5397 2926 5464 gratiam
2975 5397 3096 5458 Dei,
3125 5412 3239 5465 qua:
3283 5394 3400 5449 data
3449 5407 3530 5446 est
3565 5412 3675 5457 per

2083 5485 2236 5537 litlent
2266 5485 2386 5538 Je-u
2415 5487 2611 5539 Christi
2639 5528 2650 5549 ,
2686 5503 2800 5554 qui:
2838 5502 3008 5554 neque
3042 5487 3118 5539 lex
3149 5497 3222 5538 est
3255 5499 3422 5559 neque
3456 5498 3677 5550 llttl‘llil,

2147 5688 2156 5714 ‘
2199 5693 2266 5733 ἕεις
2293 5693 2396 5731 Mss.
2426 5685 2536 5732 l‘diti
2555 5719 2566 5734 ,
2591 5683 2828 5740 putabant.

2145 5749 2162 5775 ⁸
2199 5763 2267 5792 .“lC
2289 5757 2300 5781 '-
2324 5761 2387 5793 N6.
2412 5747 2683 5798 l‘cliiiwrn.
2711 5744 2920 5793 t‘tt‘u‘ltlt‘i
2941 5751 3018 5787 unt
