4014 6186
367 401 468 456 89?

363 517 430 568 ad
461 513 559 571 hoc
589 523 790 568 tantum
819 512 1016 579 Valere,
1052 520 1108 566 ut
1137 521 1346 582 peccata
1381 509 1645 580 prmtet‘ita
1671 505 1944 561 dimittan-

365 617 467 668 tur,
503 619 606 660 non
637 613 696 659 ut
721 604 898 660 futura
923 605 1173 670 vitentur,
1203 605 1284 659 vel
1315 600 1660 671 repugnantia
1691 614 1950 672 superem

363 705 466 750 tur.
495 695 604 752 Sed
627 697 670 752 si
699 697 798 751 hoc
825 711 1010 751 verum
1032 703 1194 758 esset,
1223 695 1402 763 utique
1427 693 1478 746 in
1507 692 1748 747 oratione
1777 689 1948 742 domi-

361 788 480 842 nica
503 825 522 854 ,
551 801 670 842 eum
715 787 1036 842 dixissemus
1058 827 1074 846 ,
1105 783 1314 838 Dimitte
1355 781 1500 836 nobis
1537 781 1702 835 debita
1741 789 1946 842 nostra,

359 878 490 931 sicut
519 887 564 932 et
595 894 688 933 nos
713 877 1014 932 dimittimus
1053 873 1360 928 debitoribus
1386 873 1570 926 nostris
1589 913 1601 932 .
1645 887 1748 924 non
1778 868 1945 924 adde-

362 980 562 1032 remtts,
590 977 636 1022 et
665 984 728 1022 ne
749 983 842 1022 nos
867 967 921 1020 in
933 965 1076 1036 [tros
1091 967 1142 1019 in
1163 966 1486 1018 tentationem
1509 962 1722 1035 (.llattlt.
1752 977 1824 1024 Vt,
1855 957 1943 1027 12,

367 1055 476 1128 l5).
509 1057 636 1112 Illud
676 1057 818 1112 enim
849 1055 1076 1111 dicimus
1104 1065 1158 1108 ut
1187 1063 1404 1124 peccata
1443 1053 1809 1115 dimittantur;
1846 1049 1947 1104 hoc

361 1159 538 1202 autem
565 1155 624 1203 ut
646 1158 956 1210 caveantur,
977 1146 1092 1204 sive
1114 1147 1391 1200 vincantur
1417 1163 1430 1200 :
1453 1145 1593 1215 quod
1621 1161 1650 1197 a
1681 1144 1834 1198 l’atre
1853 1142 1945 1212 qui

363 1237 414 1292 in
443 1239 593 1292 caelis
621 1239 902 1304 est,'nulla
934 1239 1140 1292 ratione
1181 1247 1482 1307 peteremus
1501 1279 1518 1302 ,
1552 1238 1596 1290 si
1625 1237 1820 1291 virtute
1849 1250 1945 1288 vo-

363 1330 580 1384 luntatis
628 1331 872 1384 humanae
916 1331 1016 1384 hoc
1051 1344 1328 1399 possemus
1363 1331 1594 1384 efficere.
1621 1325 1948 1382 Commonco

363 1429 540 1476 autem
567 1419 892 1476 Charitatem
937 1432 1206 1485 vestram,
1237 1431 1294 1476 et
1321 1422 1544 1476 multum
1582 1421 1856 1482 exhortor,
1892 1429 1949 1474 ut

367 1511 503 1566 beati
529 1509 776 1583 Cypriani
823 1511 1016 1566 librum
1046 1527 1200 1582 quem
1233 1512 1443 1580 seripsit
1469 1512 1537 1566 de
1565 1511 1818 1566 Oratione
1845 1511 1950 1565 DO-

366 1601 560 1658 minica
583 1643 599 1668 ,
627 1602 914 1672 diligenter
937 1603 1158 1673 legatis;
1189 1612 1243 1657 et
1269 1611 1524 1672 quantum
1567 1617 1661 1655 vos
1694 1601 1946 1656 Dominus

363 1693 644 1761 adiuverit,
679 1693 984 1762 iutelligatis
1003 1731 1020 1759 ,
1049 1693 1426 1763 memorizrque
1454 1691 1736 1746 mandetis.
1767 1692 1840 1747 lbi
1871 1692 1950 1746 vi-

363 1785 554 1840 debitis
595 1784 1041 1855 qnemadmodum
1085 1785 1163 1839 sic
1195 1785 1500 1854 alloquatur
1539 1785 1762 1840 liberum
1805 1784 1950 1839 arbi-

365 1875 524 1929 trium
549 1889 736 1930 eorum
757 1915 772 1938 ,
805 1889 940 1944 quos
968 1875 1358 1942 conscriptione
1389 1874 1469 1927 sui
1494 1875 1760 1930 sermonis
1784 1873 1950 1928 a-dili-

361 1975 466 2030 cat,
499 1974 556 2020 ut
579 1967 826 2022 ostendat
852 1979 1027 2022 tamen
1057 1983 1120 2022 ea
1142 1983 1260 2037 qua:
1287 1967 1550 2036 implenda
1574 1967 1829 2037 jubentur
1849 1970 1864 2000 ¹
1893 1968 1945 2021 in

365 2057 500 2128 lege,
528 2059 580 2113 in
609 2059 852 2114 oratione
888 2073 1008 2113 esse
1047 2057 1332 2127 poscenda.
1369 2057 1520 2125 Quod
1564 2057 1748 2126 utique
1775 2057 1949 2112 vanis-

361 2150 496 2204 sime
531 2149 711 2214 fieret,
740 2149 784 2204 si
820 2149 887 2204 ad
929 2150 1012 2203 illa
1055 2149 1260 2219 agenda
1303 2148 1422 2205 sine
1462 2149 1644 2204 divino
1683 2149 1949 2219 adiutorio

361 2239 606 2294 voluntas
635 2239 860 2294 humana
887 2239 1180 2296 sufficeret.

433 2331 657 2388 CAPUT
685 2331 824 2387 XIV.
846 2361 916 2373 -—
935 2333 1024 2386 ‘27.
1051 2332 1158 2388 Sed
1182 2349 1302 2388 cum
1329 2333 1527 2388 fuerint
1551 2334 1778 2389 convicti
1797 2375 1812 2400 ,
1839 2350 1945 2390 non

361 2420 696 2488 defensores,
728 2422 822 2478 sed
850 2423 1122 2478 inllatores
1141 2433 1195 2479 ct
1221 2424 1639 2494 praeeipitatores
1679 2425 1831 2480 liberi
1854 2439 1945 2480 ar-

365 2511 510 2566 bitrii
531 2553 546 2578 ,
571 2514 692 2582 quia
718 2531 886 2584 neque
908 2515 1127 2571 scientia
1156 2513 1348 2568 divina:
1371 2514 1520 2583 legis,
1546 2530 1719 2584 neque
1736 2525 1944 2582 natura,

363 2619 535 2675 neque
565 2606 676 2659 sola
717 2607 962 2661 remissio
993 2617 1330 2678 peccatorum
1361 2615 1446 2662 est
1483 2607 1568 2662 illa
1596 2607 1763 2678 gratia
1783 2647 1801 2674 ,
1829 2623 1948 2678 qua:

363 2711 460 2764 per
494 2697 674 2752 Jt-sum
720 2697 990 2754 Christum
1041 2699 1318 2754 Dominum
1360 2709 1600 2754 nostrum
1647 2700 1820 2764 datur,
1850 2699 1946 2755 sed

363 2788 476 2858 ipsa
509 2788 630 2845 facit
673 2799 732 2845 ut
775 2791 862 2846 lex
907 2774 1207 2860 impleatur,
1253 2800 1313 2846 ut
1353 2801 1543 2845 natura
1573 2791 1844 2856 liberetur,
1877 2805 1946 2846 ne

363 2889 635 2945 peccatum
675 2880 1160 2937 domineturzcum
1199 2897 1328 2952 ergo
1355 2881 1408 2936 in
1448 2876 1528 2936 his'
1560 2880 1791 2936 convicti
1833 2880 1948 2936 fue-

365 2971 493 3038 rint,
521 2973 585 3026 ad
613 2971 716 3028 hoc
746 2988 806 3028 se
842 2983 1188 3042 convertunt,
1217 2984 1274 3028 ut
1297 2987 1631 3044 quocumque
1667 2971 1826 3028 modo
1847 2985 1945 3027 eo-

365 3073 559 3118 nentur
578 3064 862 3120 ostendere
885 3067 1106 3135 gratiam
1129 3065 1220 3120 Dei
1244 3063 1532 3120 secundum
1556 3062 1743 3118 merita
1765 3073 1946 3118 nostra

360 3154 498 3209 dari.
527 3155 712 3210 Dicunt
731 3161 872 3212 enim
899 3173 913 3211 :
942 3173 962 3210 ι
999 3157 1108 3212 Etsi
1136 3172 1238 3211 non
1261 3157 1416 3210 datur
1435 3155 1725 3210 secundum
1757 3155 1944 3212 merita

361 3243 622 3298 bonorum
659 3259 880 3315 operum
905 3288 920 3313 ,
953 3247 1072 3316 quia
1113 3261 1211 3317 per
1249 3246 1416 3316 ipsam
1448 3247 1582 3301 bene
1620 3261 1944 3316 onerantur;

365 3344 542 3390 tamen
569 3337 860 3391 secundum
892 3339 1079 3393 merita
1116 3337 1271 3394 bona:
1296 3339 1584 3393 voluntatis
1607 3337 1800 3394 datur:
1825 3339 1945 3408 quia

362 3424 498 3479 bona
527 3427 792 3492 voluntas,
827 3447 848 3479 ι
881 3429 1143 3498 inquiunt,
1177 3446 1196 3478 ι
1235 3427 1487 3498 prmcedit
1512 3429 1748 3492 orantis,
1781 3445 1940 3500 quam

361 3513 634 3584 praecessit
653 3519 896 3574 voluntas
915 3517 1202 3584 credentis,
1225 3528 1282 3572 ut
1302 3517 1596 3573 secundum
1620 3518 1735 3573 haec
1759 3521 1944 3575 merita

361 3608 526 3676 gratia
556 3619 812 3679 sequatur
837 3609 1172 3665 exaudientis
1199 3609 1312 3664 Dei.
1354 3627 1376 3661 ι

430 3700 522 3757 28.
561 3700 678 3756 Jam
703 3701 914 3770 quidem
940 3701 1008 3757 de
1037 3701 1158 3766 lide,
1192 3702 1294 3756 hoc
1321 3709 1422 3768 est,
1450 3701 1518 3757 de
1539 3701 1812 3757 voluntate
1831 3691 1948 3757 cre-

365 3791 540 3846 dentis
579 3793 821 3863 superius
846 3793 1109 3863 disputavi
1135 3791 1361 3866 (Supra,
1389 3811 1484 3847 rut.
1523 3793 1592 3849 16
1613 3792 1752 3866 18),
1781 3808 1949 3864 usque

364 3881 498 3938 adeo
521 3898 638 3938 eam
666 3883 1038 3938 demonstrans
1061 3884 1126 3938 ad
1149 3885 1371 3954 gratiam
1397 3885 1659 3953 pertinere
1680 3926 1694 3950 ,
1723 3895 1780 3939 ut
1801 3888 1948 3953 Apo-

364 3973 532 4028 stolus
573 3989 678 4027 non
722 3973 960 4038 diceret,
989 3973 1402 4028 Misericordiam
1446 3981 1766 4028 consecutus
1790 3988 1906 4028 sum
1929 4013 1946 4038 ,

365 4063 490 4131 quia
536 4062 708 4119 ﬁdelis
735 4078 917 4127 eram;
943 4063 1038 4120 sed
1067 4064 1296 4131 dioeret,
1328 4063 1734 4118 Misericordiam
1774 4080 1952 4118 conse-

364 4164 510 4210 cutus
536 4171 682 4220 sum,
727 4163 778 4207 ut
807 4155 973 4222 ﬁdelis
1009 4173 1166 4209 essent
1191 4155 1235 4228 (1
1279 4156 1396 4210 Cor.
1424 4173 1496 4211 vn
1521 4199 1536 4222 ,
1575 4156 1691 4226 25).
1725 4155 1860 4212 Sunt
1896 4165 1954 4212 et

363 4243 464 4298 alia
487 4245 812 4310 testimonia,
842 4245 896 4298 in
921 4246 1112 4314 quibus
1131 4255 1215 4300 est
1239 4246 1378 4316 quod
1400 4249 1492 4312 ait,
1518 4245 1698 4316 Sapite
1725 4247 1792 4308 ad
1827 4258 1952 4308 tem.-

364 4336 668 4404 perantiam,
695 4335 826 4390 sicut
849 4336 1121 4406 unicuique
1147 4335 1284 4391 Deus
1314 4339 1531 4407 partitus
1555 4347 1626 4392 est
1665 4355 1950 4392 mensuram

365 4425 486 4492 fidei
513 4423 686 4494 (Rom.
718 4441 812 4492 xu,
838 4427 916 4494 5).
946 4426 1010 4480 Et
1040 4427 1180 4496 quod
1203 4425 1314 4498 jam
1339 4429 1752 4482 commemoravi
1777 4447 1790 4482 :
1817 4427 1952 4483 Gra-

366 4515 440 4567 tia
465 4515 594 4569 salvi
635 4516 760 4585 [acti
783 4517 904 4570 estis
933 4534 1022 4586 per
1044 4517 1228 4587 ﬁdem,
1259 4519 1422 4572 ethoc
1445 4534 1637 4585 nomen:
1663 4520 1799 4573 vobis
1817 4560 1832 4586 ,
1863 4520 1954 4574 sed

365 4605 463 4658 Dei
483 4608 674 4659 donum
703 4615 782 4660 est
809 4607 1022 4678 (Epltes.
1055 4624 1112 4673 ιι,
1139 4608 1219 4678 8).
1245 4608 1312 4662 Et
1334 4609 1460 4664 illud
1482 4610 1623 4679 quod
1648 4611 1860 4682 scripsit
1885 4612 1952 4666 ad

363 4697 668 4765 mibesios:
697 4698 812 4754 Pax
858 4699 1102 4770 fratribus
1145 4709 1192 4754 et
1236 4699 1458 4754 cltaritatt
1497 4716 1612 4754 cum
1658 4701 1760 4771 [ide
1785 4719 1816 4755 a
1843 4701 1952 4757 Deo

372 4789 526 4844 Patre
568 4797 618 4844 et
654 4788 874 4844 Domino
901 4789 1028 4845 Jesu
1055 4791 1256 4846 Christo
1287 4791 1396 4860 (Id.
1422 4809 1476 4846 vi
1498 4833 1514 4859 ,
1541 4793 1656 4864 25).
1692 4793 1760 4848 Et
1788 4794 1912 4848 illtnl
1933 4835 1948 4856 ,

372 4881 458 4934 ubi
487 4881 561 4934 ait
583 4899 594 4931 :
625 4879 756 4948 Quia
785 4881 919 4934 vobis
940 4881 1184 4936 donatum
1214 4893 1286 4936 est
1310 4899 1403 4952 pro
1429 4883 1646 4948 Christo,
1667 4901 1766 4938 non
1787 4885 1952 4938 solani

365 4981 420 5023 ut
451 4973 664 5026 rretlatis
703 4974 752 5026 in
797 4989 942 5038 eam,
973 4991 1143 5028 verum
1182 4976 1331 5027 ctiam
1371 4987 1428 5027 ut
1472 4977 1734 5045 patiamini
1772 4995 1865 5047 pro
1894 4995 1951 5033 eo

368 5063 632 5134 (Philipp.
663 5083 698 5126 ι,
729 5066 842 5130 9.9).
875 5065 1172 5135 Utrumque
1201 5081 1326 5136 ergo
1357 5067 1422 5120 ad
1451 5068 1542 5120 Dei
1567 5070 1786 5138 gratiam
1829 5085 1951 5139 per-

367 5159 520 5222 titet,
552 5168 604 5211 et
649 5159 778 5212 ﬁdes
809 5158 1138 5212 credentium
1161 5202 1174 5223 ,
1208 5169 1260 5213 et
1291 5161 1566 5214 tolerantia
1607 5163 1913 5226 patientium
1934 5203 1948 5229 ,

365 5250 488 5316 quia
519 5261 798 5318 utrumque
826 5249 956 5302 dixit
981 5265 1100 5304 esse
1129 5250 1401 5305 donatmn.
1443 5252 1512 5306 Et
1543 5253 1668 5306 illud
1699 5255 1948 5320 maxime,

367 5341 456 5394 ubi
509 5341 636 5394 dicit
685 5360 696 5393 :
745 5339 999 5395 Habentes
1047 5351 1213 5394 autent
1269 5344 1498 5395 eumdem
1544 5344 1776 5412 spiritum
1833 5345 1954 5414 ﬁdei

366 5429 434 5494 {ll
465 5429 578 5482 Cor.
611 5447 680 5490 tv,
716 5429 825 5500 15).
862 5431 974 5484 Non
1004 5431 1145 5484 enim
1178 5433 1250 5484 ait
1273 5475 1288 5497 ,
1313 5431 1599 5486 Scientiam
1629 5433 1783 5496 ﬁdei;
1816 5435 1907 5488 sed
1934 5477 1949 5500 ,

365 5521 600 5585 spiritum
644 5521 963 5588 ﬁdei:quod
1005 5532 1284 5590 prepterea
1326 5521 1491 5584 dixit,
1537 5529 1594 5576 ut
1631 5522 1952 5592 inteliigt-re-

365 5627 507 5670 tuos.
538 5613 656 5679 quia
681 5613 809 5667 fides
829 5623 880 5667 et
912 5627 1014 5666 non
1040 5613 1200 5681 petita
1228 5613 1560 5674 conceditur,
1593 5623 1648 5666 ut
1675 5614 1720 5667 ei
1749 5616 1947 5682 petenti

367 5703 468 5758 alia
499 5703 874 5757 tonrcdantur.
907 5703 1172 5769 Quomodo
1204 5705 1344 5758 enim
1375 5703 1674 5758 int-orabant
1699 5747 1712 5772 ,
1745 5705 1944 5776 inquit,

433 5815 448 5846 ί
491 5827 585 5865 Am.
613 5820 684 5864 Er.
713 5824 762 5866 et
795 5815 1018 5884 plerique
1045 5824 1170 5878 uss,
1197 5816 1434 5867 ridentur.

1755 390 1958 446 LlBER
1996 389 2196 448 UNUS.

3547 395 3646 444 8Ἷῆ

2057 503 2110 556 in
2139 519 2281 573 quem
2308 519 2409 557 non
2437 503 2754 557 crediderunt
2780 503 2953 574 (Rom.
2991 521 3044 570 ι,
3085 506 3207 571 lt)?
3237 506 3380 578 Ergo
3419 511 3646 576 Spiritus

2059 592 2246 662 gratia:
2290 591 2414 648 facit
2445 604 2500 648 ut
2531 595 2818 649 habeamus
2849 594 3003 650 fidem
3025 637 3040 662 ,
3069 606 3125 650 ut
3153 611 3249 667 per
3275 598 3435 654 tidem
3477 601 3647 668 impe-

2058 693 2261 740 tremus
2301 688 2542 750 orando,
2593 696 2650 742 ιιι
2695 689 2959 758 pessimus
3007 688 3182 745 facere
3225 707 3344 760 (pne
3373 691 3648 760 iubemur.-

2055 774 2184 831 ldeo
2207 779 2320 849 ipse
2348 779 2632 847 Apostolus
2653 779 2861 833 assidue
2885 780 2984 849 legi
3013 783 3270 849 prmponit
3293 782 3447 835 fidem
3476 797 3645 852 :qno~

2057 869 2196 922 niam
2222 871 2362 939 quod
2391 872 2471 925 lex
2494 871 2666 940 jubet.
2697 871 2868 927 facere
2899 889 3002 940 non
3027 873 3299 940 vah-tuus,
3329 874 3428 929 nisi
3457 891 3552 944 per
3581 876 3643 929 li-

2053 959 2174 1015 dem
2203 963 2438 1030 rngando
2469 967 2834 1032 impetremus,
2865 978 2922 1018 ιιι
2946 965 3120 1021 fuci-re
3145 970 3438 1022 valeamus.

2125 1050 2214 1106 29.
2255 1053 2384 1107 Nam
2427 1055 2468 1107 si
2514 1055 2644 1109 lides
2687 1057 2834 1110 iiitcti
2873 1067 2952 1110 est
2985 1059 3351 1112 tantummmlo
3392 1059 3637 1125 arbitrii,

2055 1156 2154 1197 nec
2180 1143 2384 1196 datura
2415 1145 2542 1204 Deo,
2575 1157 2792 1214 prepter
2818 1147 2941 1215 quid
2969 1164 3062 1216 pro
3086 1149 3164 1202 eis
3191 1149 3280 1218 qui
3311 1152 3496 1204 nolunt
3519 1167 3643 1206 cre-

2053 1231 2198 1296 dere,
2229 1248 2445 1288 oramus
2493 1243 2549 1288 nt
2591 1237 2844 1290 credant?
2886 1238 3036 1304 Qtunl
3081 1254 3300 1308 prorsus
3347 1242 3643 1298 facemuus

2051 1322 2298 1388 inaniter,
2331 1325 2428 1379 nisi
2459 1327 2752 1382 rectissime
2784 1329 3143 1392 crederemus,
3175 1331 3332 1382 etiam
3364 1348 3641 1400 pervorsus

2049 1421 2106 1468 et
2133 1413 2250 1468 fidei
2275 1417 2568 1470 contrarias
2593 1417 2892 1474 voluntates
2917 1425 3336 1490 ornnipotenteut
3382 1423 3542 1477 Deum
3573 1425 3642 1479 ad

2051 1505 2376 1559 credendum
2406 1520 2560 1575 posse
2583 1519 2918 1562 Convertere.
2953 1509 3201 1563 Liberata
3233 1512 3444 1578 quidem
3471 1512 3644 1565 homi-

2055 1593 2137 1647 nis
2175 1596 2452 1650 arbitrium
2495 1597 2756 1664 pulsatur,
2795 1599 2884 1652 ubi
2925 1599 3155 1653 dicitur:
3187 1599 3353 1654 llodie
3389 1603 3436 1654 si
3469 1619 3638 1656 rorem

2051 1685 2163 1754 ejus
2187 1685 2470 1752 audieritis,
2497 1689 2650 1740 nolite
2673 1688 2926 1743 obdurare
2941 1691 3094 1751 corda
3111 1703 3274 1744 vestra
3295 1690 3467 1761 (Psal.
3495 1709 3637 1758 κων,

2051 1775 2132 1847 8).
2163 1775 2270 1831 Sed
2302 1777 2400 1832 nisi
2432 1789 2613 1848 posset
2642 1781 2780 1834 Deus
2803 1782 2962 1834 etiam
2985 1783 3232 1835 duritiam
3259 1784 3436 1836 cordis
3461 1786 3640 1838 aufer-

2051 1883 2132 1934 re,
2161 1885 2265 1923 non
2307 1870 2512 1926 diceret
2551 1888 2644 1939 per
2685 1873 2995 1944 prophetam
3024 1875 3304 1944 :Auferam
3349 1876 3411 1929 ab
3453 1877 3526 1930 eis
3552 1894 3640 1930 cor

2053 1963 2326 2032 lapideum,
2357 1975 2404 2017 et
2433 1964 2562 2016 dabo
2585 1967 2656 2018 eis
2683 1982 2770 2019 cor
2796 1983 3050 2020 corneum.
3083 1969 3232 2035 Quod
3262 1969 3327 2022 de
3359 1986 3496 2022 novo
3530 1969 3639 2023 Te-

2051 2063 2318 2108 stamento
2347 2053 2508 2108 fuisse
2536 2057 2866 2123 praedictum,
2899 2059 3027 2110 satis
3059 2059 3347 2126 Apostolus
3377 2061 3636 2120 ostendit,
3683 2071 3688 2074 '

2051 2143 2140 2197 ubi
2170 2145 2244 2198 ait
2275 2161 2288 2198 :
2323 2143 2555 2214 Epistula
2593 2158 2766 2200 nostra
2818 2163 2904 2200 vos
2952 2149 3088 2208 estis,
3135 2151 3324 2218 scripta
3368 2167 3466 2202 non
3495 2161 3636 2202 atra-

2052 2246 2237 2301 mento,
2268 2237 2357 2290 sed
2381 2237 2560 2306 spiritu
2591 2237 2681 2291 Dei
2712 2239 2843 2300 uiri;
2872 2257 2972 2292 non
3001 2241 3054 2293 in
3081 2241 3265 2294 tabulis
3291 2241 3526 2310 lapideis,
3549 2241 3639 2294 sed

2050 2329 2104 2383 in
2135 2331 2318 2383 tabulis
2343 2330 2510 2384 cordis
2537 2331 2824 2385 carnalibus
2852 2337 2870 2402 (
2897 2331 2934 2385 ll
2962 2331 3080 2386 Cor.
3115 2350 3192 2398 ιιι,
3221 2334 3319 2405 ‘2).
3349 2334 3500 2401 Quod
3534 2352 3638 2388 non

2053 2420 2176 2474 ideo
2198 2421 2398 2474 dictum
2427 2431 2692 2490 putemus,
2725 2433 2779 2476 ut
2809 2425 3096 2478 carnaliter
3121 2427 3304 2480 vivant
3333 2428 3421 2494 qui
3445 2425 3642 2480 debent

2051 2512 2400 2581 Spiritualiter
2427 2513 2605 2568 vivere
2631 2531 2644 2566 :
2671 2515 2764 2568 sed
2786 2555 2799 2578 ,
2833 2515 2954 2582 quia
3005 2516 3138 2585 lapis
3170 2507 3294 2570 'siue
3331 2533 3488 2571 sensu
3518 2531 3594 2572 esr
3619 2559 3639 2584 ,

2051 2603 2136 2656 cui
2167 2615 2538 2672 comparatum
2573 2615 2656 2658 est
2694 2620 2789 2658 eor
2822 2606 3014 2659 durum
3036 2648 3051 2672 ,
3080 2607 3166 2660 cui
3199 2609 3296 2660 nisi
3338 2610 3483 2662 carui
3514 2625 3640 2662 seu-

2053 2693 2200 2746 tienti
2231 2709 2328 2747 cor
2357 2694 2657 2762 intelligens
2686 2693 2871 2748 debuit
2895 2698 3232 2764 comparari?
3251 2699 3342 2751 Sic
3365 2701 3506 2751 enim
3540 2701 3642 2752 hoc

2049 2781 2244 2836 dicitur
2286 2797 2380 2852 per
2405 2784 2741 2840 Ezeeltielt-m
2774 2785 3086 2854 prophetam
3115 2803 3130 2839 :
3159 2785 3225 2840 Et
3254 2787 3386 2841 dabo
3411 2789 3482 2842 eis
3505 2833 3519 2852 ,
3553 2791 3636 2842 in-

2049 2872 2193 2943 quit,
2223 2890 2312 2926 σοι·
2335 2875 2498 2939 aliud,
2523 2887 2569 2928 et
2595 2878 2828 2946 spiritum
2854 2894 3036 2931 novum
3062 2877 3192 2932 dabo
3217 2880 3326 2946 eis;
3353 2892 3398 2934 et
3424 2883 3636 2936 evellant

2049 2979 2138 3019 cor
2167 2966 2425 3036 lapideum
2449 2968 2512 3021 de
2537 2985 2690 3030 carne
2711 2985 2903 3035 eorum,
2935 2981 2982 3024 et
3007 2973 3137 3025 dabo
3166 2973 3238 3026 eis
3267 2991 3353 3027 cor
3375 2991 3644 3038 cat-neunt,

2050 3065 2106 3110 ut
2133 3057 2184 3110 in
2217 3060 2478 3128 pra'ceptis
2507 3061 2633 3114 meis
2671 3061 2956 3128 ambulent,
2985 3072 3032 3116 et
3063 3063 3460 3133 justi/icatioaes
3501 3081 3636 3120 meas

2051 3147 2328 3213 observent,
2361 3161 2406 3203 et
2433 3151 2622 3221 faciant
2651 3168 2738 3206 eas
2759 3167 2778 3205 :
2799 3161 2845 3205 et
2886 3161 3029 3206 erant
3058 3154 3180 3206 mila
3203 3155 3254 3208 in
3282 3157 3524 3226 papnlum
3549 3199 3565 3224 ,
3591 3167 3640 3210 et

2046 3259 2144 3316 ego
2161 3259 2246 3298 ero
2267 3243 2336 3298 eis
2357 3244 2408 3297 in
2433 3243 2618 3310 Deum,
2641 3245 2762 3302 dicit
2789 3245 3036 3300 Dominus
3067 3245 3279 3316 (Ezech.
3305 3265 3380 3314 XI,
3409 3249 3496 3314 l9,
3519 3250 3634 3324 ‘20).

2049 3334 2314 3405 Numquid
2360 3351 2488 3407 ergo
2527 3351 2811 3407 possumus
2855 3337 2956 3392 nisi
2999 3339 3384 3396 absurdissime
3421 3341 3635 3409 dicere,

2051 3425 2248 3480 bonum
2279 3428 2528 3481 meritum
2569 3427 2721 3481 home
2749 3427 3038 3482 voluntatis
3085 3429 3136 3482 in
3167 3429 3382 3484 homine
3411 3447 3639 3500 prteccs-

2051 3516 2188 3570 sisse
2208 3556 2222 3580 ,
2258 3525 2314 3568 ut
2351 3517 2676 3571 evelleretur
2701 3517 2718 3548 ⁸
2747 3517 2815 3572 ab
2841 3533 2907 3571 eo
2935 3533 3030 3573 cor
3071 3519 3336 3588 lapideum
3361 3539 3372 3573 :
3402 3521 3642 3588 quando-

2051 3606 2263 3676 quidem
2291 3597 2464 3676 ipsnm
2490 3622 2584 3661 cor
2611 3607 2876 3677 lapideum
2907 3626 3012 3664 non
3041 3611 3306 3680 signiticat
3341 3614 3440 3667 nisi
3465 3613 3640 3669 duris-

2050 3696 2240 3750 simam
2269 3697 2595 3752 voluntatem
2635 3709 2690 3753 et
2732 3698 2988 3754 adversus
3031 3701 3195 3754 Deum
3239 3705 3458 3758 omnino
3490 3705 3640 3759 intle-

2051 3785 2304 3841 xibilem?
2337 3787 2432 3843 Ubi
2461 3787 2601 3843 enim
2633 3789 2884 3858 prmccdit
2923 3789 3058 3846 bona
3085 3793 3366 3859 voluntas,
3390 3795 3500 3863 jam
3531 3813 3635 3850 non

2052 3889 2133 3932 est
2161 3882 2341 3949 utique
2365 3895 2458 3934 cor
2485 3881 2773 3949 lapideum.

2125 3969 2216 4024 50.
2242 3970 2372 4024 Nam
2402 3981 2456 4026 et
2483 3973 2589 4026 alio
2613 3973 2731 4028 loco
2759 3987 2855 4043 per
2882 3973 3127 4030 eumdem
3161 3977 3472 4046 prophetam
3495 3981 3638 4036 Deus

2054 4059 2486 4117 manifestissime
2531 4062 2802 4128 ostendit,
2849 4078 2954 4118 non
3001 4078 3217 4135 propter
3244 4083 3427 4123 eorum
3455 4071 3634 4146 pliqua

2053 4149 2191 4206 bona
2233 4153 2455 4218 merita,
2485 4152 2576 4206 sed
2622 4164 2837 4221 propter
2867 4169 3058 4209 nomen
3099 4172 3253 4210 suum
3299 4160 3394 4213 ista
3429 4161 3633 4224 facere,

2056 4243 2144 4296 ubi
2173 4243 2282 4295 ait:
2311 4241 2422 4312 Ego
2451 4243 2583 4314 facio
2605 4245 2646 4307 ',
2677 4245 2855 4298 domus
2886 4245 3052 4300 Israel
3066 4264 3082 4300 :
3108 4249 3197 4302 sed
3227 4263 3432 4321 propter
3458 4270 3637 4309 nomen

2057 4349 2219 4386 meum
2243 4341 2472 4385 sanctum
2499 4333 2634 4402 quod
2663 4336 2966 4404 profanastis
2995 4335 3047 4388 in
3071 4339 3317 4408 gentibus,
3351 4359 3447 4412 quo
3475 4345 3637 4398 intra-

2055 4425 2144 4479 stis
2179 4423 2302 4477 illnc
2323 4439 2342 4478 .'
2364 4433 2410 4477 et
2438 4425 2767 4494 sanctiﬁcabo
2797 4443 2976 4481 nomen
3019 4446 3184 4483 nicum
3225 4427 3462 4503 magnum
3505 4439 3641 4507 quod

2057 4519 2384 4584 profanatum
2413 4525 2486 4568 est
2510 4515 2563 4568 in
2588 4514 2816 4586 gentibus
2840 4558 2855 4582 ,
2885 4519 3022 4588 quod
3051 4523 3358 4592 profanastis
3397 4527 3450 4580 in
3481 4529 3642 4582 medie

2057 4620 2266 4669 eorum;
2301 4617 2348 4659 et
2375 4606 2530 4660 srient
2569 4616 2738 4678 gentes
2777 4609 2895 4678 quia
2931 4626 3022 4679 ego
3055 4630 3168 4666 sum
3214 4613 3494 4680 Dominus,
3523 4619 3642 4672 dic'i

2055 4695 2254 4750 Atlanai
2281 4695 2551 4762 Dominus,
2581 4713 2696 4752 cum
2724 4701 3066 4770 sancti/iratus
3102 4707 3250 4776 [aera
3277 4707 3330 4760 in
3367 4709 3502 4763 vobis
3530 4723 3641 4764 ante

2057 4788 2229 4842 oculos
2251 4803 2443 4843 eorum.
2475 4787 2544 4840 Et
2587 4789 2832 4860 accipiam
2863 4807 2949 4845 vos
2977 4792 3040 4845 de
3067 4797 3326 4864 gentibus,
3362 4809 3408 4850 et
3431 4815 3637 4870 congre-

2056 4877 2184 4947 gabo
2207 4895 2291 4932 vos
2319 4894 2382 4932 ea:
2406 4877 2635 4931 omnibus
2665 4881 2810 4934 terris
2831 4922 2844 4945 ,
2895 4893 2940 4934 et
2979 4883 3213 4937 inducam
3245 4902 3327 4938 vos
3361 4888 3414 4940 in
3459 4899 3640 4944 terram

2056 4981 2272 5022 uestram
2294 4985 2312 5022 :
2334 4979 2378 5021 et
2404 4985 2668 5040 aspergmr
2699 4985 2785 5024 vos
2808 4989 2940 5042 aqua
2965 4975 3172 5036 munda,
3203 4986 3247 5029 et
3274 4978 3640 5034 ntundabimini

2057 5061 2120 5114 ab
2146 5061 2376 5114 omnibus
2414 5063 2747 5116 immunditiis
2794 5066 3002 5130 castris,
3031 5076 3076 5119 et
3123 5065 3185 5120 ab
3224 5071 3451 5123 omnibus
3493 5073 3642 5126 idolis

2057 5153 2250 5216 vestris,
2283 5163 2328 5204 et
2351 5151 2370 5182 ³
2398 5152 2650 5206 mandabo
2687 5169 2772 5204 vos
2797 5169 2814 5206 :
2834 5163 2878 5207 et
2921 5155 3050 5208 dabo
3077 5157 3214 5210 vobis
3239 5175 3326 5211 cor
3355 5177 3533 5214 novum
3554 5205 3570 5228 ,
3600 5176 3645 5217 et

2057 5243 2290 5310 spiritum
2331 5259 2508 5295 norum
2549 5243 2678 5296 dabo
2717 5243 2768 5296 in
2800 5243 2972 5308 vobis;
3009 5257 3055 5299 et
3093 5253 3352 5318 auferetur
3393 5268 3479 5304 cor
3509 5254 3643 5324 lapi-

2059 5335 2206 5384 deum
2247 5333 2311 5384 tle
2335 5349 2486 5385 carne
2524 5343 2712 5396 vestra,
2747 5343 2792 5384 et
2830 5335 2958 5387 dabo
2985 5337 3120 5388 robis
3164 5353 3249 5390 cor
3288 5357 3561 5406 curacum,
3598 5357 3643 5399 et

2127 5579 2142 5608 ι
2182 5574 2325 5647 editi,
2351 5573 2651 5647 urguentur.
2679 5581 2734 5646 ᾼι
2749 5575 2953 5647 Vaticani
2981 5585 3106 5647 Mss,
3130 5577 3414 5647 euelleretur
3445 5596 3462 5632 :
3485 5593 3644 5647 recte;

2059 5651 2167 5686 nam
2195 5639 2240 5686 in
2266 5637 2840 5697 Ezechieleprtemissum
2861 5646 2938 5686 est
2955 5675 2968 5696 ,
2994 5645 3038 5688 ct
3061 5639 3280 5693 evellam.

2125 5703 2144 5768 ξ
2179 5709 2274 5768 sui.
2303 5695 2670 5768 E1._et_aliquot
2692 5705 2819 5768 Mss”
2845 5707 2943 5768 Non
2958 5695 3164 5764 propter
3184 5717 3264 5754 vos
3294 5719 3382 5768 ego
3405 5707 3545 5768 ﬁnio.

2125 5761 2145 5791 ³
2174 5761 2261 5830 Διιῑρ
2285 5759 2698 5830 particulam_,et_,
2740 5759 3002 5824 adjccimu's
3038 5759 3100 5813 ex
3143 5771 3280 5828 153.,
3320 5759 3499 5830 unum.
3537 5781 3638 5817 oea-

2061 5825 2206 5873 scntit
2223 5821 2377 5885 graces
2403 5821 2548 5870 lectio
2567 5827 2694 5870 LXX.
