4014 6186
389 378 496 435 89'.)

389 492 623 562 spiritum
651 505 812 544 meum
841 487 969 540 dabo
997 486 1046 538 in
1075 482 1210 538 vobis
1233 496 1251 536 :
1272 491 1317 533 et
1353 478 1536 550 faciam
1565 485 1619 529 ut
1642 475 1692 527 in
1713 467 1969 541 justi/im—

390 582 606 637 ttonibus
634 581 754 634 meis
782 575 1062 637 ambulelis,
1097 581 1142 626 et
1159 571 1357 642 judicia
1391 583 1498 620 mea
1527 563 1790 620 observetis
1818 569 1864 613 et
1893 562 1973 628 fa-

388 675 531 729 eiatis
557 671 763 740 (Ezech.
793 683 980 731 xxxvi,
998 662 1214 734 22—27).
1237 659 1451 729 Quisita
1477 658 1548 711 sit
1561 668 1755 718 cmcus,
1779 659 1836 705 ut
1863 663 1968 703 non

389 769 598 829 videat;
630 762 750 833 quis
779 761 850 815 ita
877 757 1137 828 lapideus.
1172 763 1230 808 ut
1261 768 1365 808 non
1393 749 1624 814 sentiat,
1658 746 1815 800 istam
1852 755 1974 833 gra-

391 858 553 921 tiam,
583 831 688 909 non
730 849 1022 907 secundum
1071 846 1259 902 merita
1296 844 1452 899 bona:
1499 835 1786 894 voluntatis
1814 831 1968 894 dari,

395 947 616 1000 Domino
659 944 871 998 dicente
915 951 1076 1010 atque
1119 943 1384 998 testante,
1423 931 1532 1003 Ego
1579 928 1748 1001 facio,
1795 924 1973 978 domus

389 1037 576 1102 Israel,
601 1036 689 1090 sed
716 1044 922 1105 prapter
941 1047 1121 1085 nomen
1147 1043 1310 1082 nicum
1333 1034 1564 1080 sanctum
1581 1021 1608 1076 2
1635 1018 1811 1087 Quare
1832 1015 1973 1070 enim

389 1129 542 1194 dixit,
578 1126 686 1196 Ego
730 1125 884 1194 facio,
928 1122 1017 1178 sed
1061 1129 1264 1188 propter
1291 1132 1470 1171 nomen
1499 1128 1666 1167 meum
1704 1117 1974 1171 sanctum;

390 1222 490 1276 nisi
523 1236 589 1276 ne
619 1219 696 1274 illi
737 1225 982 1288 putarent
1013 1223 1230 1283 propter
1259 1211 1395 1266 bona
1446 1205 1634 1261 merita
1682 1217 1780 1257 sua
1813 1198 1927 1254 fieri
1951 1237 1969 1264 ,

388 1313 533 1383 quod
583 1327 688 1365 non
727 1309 1052 1366 erubescunt
1093 1304 1272 1358 dicere
1315 1297 1620 1369 Pelagiani?
1650 1311 1755 1350 non
1802 1292 1972 1348 solum

389 1412 568 1457 autem
601 1401 739 1456 bona
769 1399 956 1454 merita
999 1411 1185 1452 eorum
1215 1393 1375 1456 nulla,
1404 1406 1589 1444 verum
1629 1387 1790 1442 etiam
1835 1383 1971 1438 mala

391 1489 582 1543 merita
613 1484 950 1556 praecessisse
974 1481 1343 1544 demonstrat,
1373 1473 1621 1538 dicendo,
1653 1470 1740 1526 sed
1767 1478 1974 1539 propter

391 1596 574 1634 nomen
620 1593 788 1632 meum
823 1582 1082 1637 sanctum,
1111 1569 1247 1640 quod
1293 1565 1600 1638 profanastis
1628 1563 1681 1616 in
1719 1560 1971 1633 gentibus.

390 1670 522 1737 Quis
547 1683 654 1723 non
683 1665 860 1721 videat
889 1664 1212 1718 horrendum
1243 1658 1439 1713 malum
1467 1669 1607 1718 esse,
1633 1668 1826 1706 nomen
1852 1664 1974 1702 san-

391 1769 534 1815 ctum
563 1757 769 1813 Domini
793 1750 1110 1826 profanare?
1132 1751 1198 1805 Et
1225 1760 1400 1804 tamen
1431 1753 1645 1816 propter
1675 1745 1846 1812 ipsum
1877 1755 1973 1792 no-

389 1865 514 1906 men
547 1864 748 1915 meum,
779 1845 968 1916 inquit,
999 1842 1140 1914 quod
1167 1838 1486 1911 profanastis
1517 1851 1634 1899 vos,
1661 1848 1761 1904 ego
1787 1831 1974 1886 faciam

391 1958 491 1998 vos
517 1942 688 1998 bonos
707 1981 723 2006 ,
753 1954 859 1994 non
901 1945 1117 2006 propter
1145 1948 1242 1987 vos
1265 1949 1278 1984 :
1301 1940 1349 1985 et
1377 1926 1704 1996 sanctiﬁcatio
1723 1964 1740 1990 ,
1772 1923 1973 1992 inquit,

393 2051 576 2089 nomen
606 2047 772 2086 meum
807 2043 1080 2100 magnum,
1107 2023 1242 2096 quod
1269 2025 1596 2094 profanatum
1621 2026 1690 2072 est
1728 2015 1781 2070 in
1808 2013 1971 2085 genti-

399 2125 508 2188 bus,
534 2122 668 2194 quod
697 2103 1009 2193 profanastis
1041 2117 1095 2170 in
1137 2114 1301 2170 medio
1320 2100 1518 2168 eorum.
1547 2106 1890 2166 Sanctiﬁcare
1917 2119 1978 2160 se

391 2214 522 2268 dicit
551 2228 745 2267 nomen
781 2224 936 2265 suum
960 2250 975 2274 ,
1001 2205 1146 2278 quod
1184 2203 1429 2274 superius
1457 2201 1664 2256 dixerat
1707 2205 1973 2253 sanctum.

392 2305 510 2362 lloc
548 2313 630 2359 est
659 2316 788 2372 ergo
815 2298 958 2371 quod
987 2310 1203 2353 oramus
1231 2295 1282 2349 in
1310 2293 1555 2348 oratione
1577 2287 1864 2352 dominica,
1892 2285 1976 2339 di-

393 2407 581 2451 centes
600 2434 615 2457 ,
645 2391 1008 2459 Sancti/icetur
1045 2403 1226 2442 nomen
1263 2395 1403 2439 tuum
1430 2380 1656 2455 (Matth.
1689 2395 1760 2440 Vt.
1785 2377 1858 2448 9)
1883 2393 1898 2428 :
1923 2383 1980 2430 ut

396 2483 760 2541 sanctiﬁcctnr
800 2482 852 2536 in
887 2479 1192 2534 hominibus
1213 2477 1251 2542 ⁸,
1280 2474 1420 2544 quod
1452 2489 1549 2543 per
1594 2471 1830 2540 seipsum
1861 2469 1979 2523 sine

395 2575 560 2631 dubio
603 2587 815 2644 semper
859 2580 942 2626 est
991 2578 1254 2624 sanctum.
1307 2566 1545 2635 Denique
1590 2562 1878 2633 sequitur:
1910 2559 1980 2614 Et

395 2665 552 2720 scient
575 2679 747 2717 omnes
771 2669 941 2732 gentes
971 2659 1090 2731 quia
1115 2673 1208 2728 ego
1232 2672 1346 2711 sum
1377 2654 1623 2709 Dominus
1641 2694 1658 2719 ,
1685 2651 1807 2705 dicit
1840 2649 1976 2704 Ado-

396 2757 484 2811 nai
513 2753 760 2808 Dominus
781 2793 796 2818 ,
831 2767 945 2806 cum
983 2749 1328 2819 sancti/iectus
1372 2749 1515 2820 fuero
1564 2746 1616 2799 in
1659 2743 1816 2798 vobis.
1846 2739 1982 2798 Cum

396 2861 524 2918 ergo
553 2846 667 2916 ipse
705 2857 920 2913 semper
945 2842 1018 2897 sit
1051 2847 1269 2896 sanctus
1291 2879 1310 2908 ,
1335 2835 1698 2893 sanctiﬁcatur
1721 2841 1895 2888 tamen
1925 2831 1978 2886 in

397 2938 478 2992 eis
509 2935 704 3008 quibus
749 2933 972 3004 largitur
997 2930 1222 3003 gratiam
1254 2937 1396 2984 tuam
1420 2969 1436 2996 ,
1476 2923 1768 2982 auferendo
1811 2922 1879 2977 ab
1904 2924 1984 2977 eis

401 3043 494 3084 cor
533 3025 824 3098 lapideum,
869 3039 965 3096 per
995 3022 1135 3094 quod
1169 3036 1370 3076 nomen
1410 3017 1619 3074 Domini
1664 3015 1982 3088 prolanave-

399 3129 545 3176 runt.

471 3207 698 3266 CAPUT
725 3206 988 3263 λιι-δι
1001 3245 1016 3260 .
1033 3205 1110 3260 Ne
1127 3212 1305 3261 autem
1325 3210 1556 3274 putetur,
1571 3200 1702 3256 nihil
1717 3200 1790 3256 ibi
1809 3198 1986 3256 facere

401 3302 550 3372 ipsos
579 3299 821 3355 homines
851 3313 946 3369 per
971 3297 1198 3352 liberum
1220 3293 1515 3358 arbitrium,
1547 3292 1666 3347 ideo
1695 3291 1747 3347 in
1779 3288 1984 3362 psalmo

405 3391 618 3456 dicitur,
661 3389 836 3444 Nolite
875 3388 1122 3442 obdurare
1149 3386 1304 3440 corda
1338 3393 1519 3440 vestra.
1560 3383 1628 3439 Et
1673 3397 1770 3454 per
1809 3383 1983 3452 ipsum

403 3481 761 3548 Ezccltielcm,
792 3478 1038 3550 Projicite
1063 3494 1096 3531 a
1124 3476 1260 3532 vobis
1285 3491 1456 3530 omnes
1470 3475 1748 3547 impietates
1772 3483 1978 3537 vestras,

405 3590 532 3647 quas
552 3573 703 3643 impie
723 3571 893 3642 egistis
912 3570 966 3623 in
988 3584 1087 3634 me,
1111 3578 1156 3623 et
1178 3568 1329 3638 facile
1352 3566 1490 3622 vobis
1517 3583 1604 3622 cor
1622 3581 1804 3621 novum
1820 3565 1988 3636 etspi-

401 3666 557 3718 rilum
577 3678 778 3729 novum,
807 3671 851 3716 et
879 3661 1032 3734 facile
1054 3661 1222 3715 omnia
1249 3660 1490 3714 mandata
1515 3675 1646 3714 mea.
1667 3657 1860 3728 thuid
1878 3673 1986 3711 nio-

403 3753 622 3820 riemini,
641 3751 819 3806 domus
846 3750 1046 3816 Israel,
1077 3751 1200 3805 dicit
1229 3749 1518 3804 Dominus?
1549 3751 1670 3820 quia
1698 3748 1815 3802 nolo
1847 3762 1986 3800 mor-

403 3856 502 3900 tem
544 3844 829 3909 morientis,
859 3843 981 3896 dicit
1007 3841 1208 3896 Adonei
1231 3841 1501 3908 Dominus,
1531 3850 1578 3896 et
1601 3837 1986 3894 convertimini’

403 3949 450 3991 et
479 3937 648 3990 vivetis
673 3933 883 4009 (Est-ch.
911 3948 1061 3998 xvnt,
1091 3934 1180 3998 51,
1209 3930 1322 4005 '52).
1341 3931 1737 3988 Meminerimus
1765 3945 1888 3986 eum
1912 3929 1989 3985 di-

403 4044 549 4096 cere,
571 4039 616 4083 et
645 4027 987 4082 convertimini
1001 4034 1047 4080 et
1061 4027 1260 4091 vivetis;
1275 4025 1360 4083 cui
1385 4025 1596 4091 dicitur,
1611 4022 1852 4079 Converte
1872 4039 1983 4088 nos,

404 4117 544 4174 Deus
589 4117 761 4188 (Psal.
812 4133 990 4181 Lvth,
1025 4117 1080 4184 ι,
1116 4125 1162 4172 et
1209 4131 1410 4182 Lxxxv,
1451 4115 1532 4185 5).
1578 4113 1979 4170 Meminerimus

404 4227 526 4266 eum
557 4211 758 4278 dicere,
791 4209 1035 4282 Projicite
1057 4226 1089 4263 a
1115 4207 1250 4264 vobis
1274 4225 1452 4263 omnes
1474 4208 1754 4279 impietates
1775 4215 1986 4272 vestras;

404 4319 524 4359 cum
555 4305 664 4374 ipse
679 4302 937 4373 justiﬁect
961 4303 1177 4372 impium
1201 4299 1373 4374 (Rom.
1394 4315 1466 4365 tv,
1487 4299 1567 4372 5).
1593 4299 1989 4355 Meminerimus

407 4395 581 4463 ipsum
609 4393 809 4458 dicere,
838 4392 1018 4446 Facite
1044 4393 1185 4448 vobis
1227 4408 1315 4446 cor
1351 4407 1536 4446 novum
1561 4399 1608 4446 et
1631 4391 1863 4460 spiritum
1892 4407 1986 4444 no—

406 4497 559 4546 vum;
587 4482 678 4552 qui
721 4482 887 4548 dicit,
923 4481 1063 4536 Dabo
1106 4483 1242 4537 vobis
1285 4498 1374 4536 cor
1413 4497 1629 4549 novum,
1670 4490 1716 4536 et
1755 4481 1990 4552 spiritum

409 4590 592 4628 novum
621 4573 752 4628 dabo
780 4574 832 4627 in
858 4575 1012 4628 vobis.
1041 4573 1320 4641 Quomodo
1346 4589 1474 4643 ergo
1501 4573 1590 4644 qui
1633 4572 1778 4638 dicit,
1812 4571 1989 4628 Facite

412 4667 587 4731 vobis;
617 4666 718 4721 hoc
742 4665 893 4731 dicit,
923 4664 1068 4719 Dabo
1091 4665 1270 4720 vobis?
1290 4665 1468 4732 Quare
1489 4665 1661 4733 jubet,
1689 4665 1732 4718 si
1758 4665 1871 4732 ipse
1896 4664 1994 4718 da-

409 4770 558 4814 turus
586 4760 702 4814 est?
727 4758 900 4826 Quare
924 4758 1037 4826 dat,
1066 4757 1113 4813 si
1143 4758 1304 4813 homo
1333 4757 1566 4812 tacturus
1591 4766 1708 4820 est;
1738 4756 1838 4811 nisi
1863 4756 1986 4826 quia

412 4852 496 4907 dat
520 4851 660 4922 quod
678 4853 848 4922 jubet,
871 4865 992 4906 cum
1019 4851 1232 4920 adjuvat
1258 4859 1314 4904 ut
1335 4849 1490 4904 faciat
1513 4849 1595 4904 cui
1619 4848 1808 4918 jubet?
1833 4849 1986 4904 Sem-

413 4957 504 5012 per
541 4952 622 4998 est
664 4953 842 4998 autem
879 4941 934 4996 in
985 4942 1139 4997 nobis
1188 4941 1432 4996 voluntas
1483 4941 1682 5007 libera,
1733 4939 1827 4994 sed
1881 4955 1987 4994 non

409 5048 622 5106 semper
668 5043 752 5088 est
789 5031 946 5088 bona.
998 5033 1105 5088 Aut
1142 5034 1284 5088 enim
1327 5048 1356 5085 a
1410 5033 1613 5103 justitia
1659 5034 1820 5089 libera
1863 5044 1942 5089 est
1971 5074 1987 5100 ,

410 5124 620 5194 quando
649 5125 812 5208 servit
845 5132 1082 5194 peccato,
1123 5133 1178 5180 et
1223 5133 1346 5179 tunc
1371 5135 1454 5180 est
1481 5125 1654 5180 mala:
1682 5133 1776 5180 aut
1800 5139 1830 5179 a
1863 5139 1984 5194 pce-

412 5225 525 5270 rato
571 5215 734 5270 libera
763 5223 880 5282 est,
911 5215 1122 5286 quando
1151 5217 1318 5271 servit
1356 5215 1608 5284 justititn,
1653 5225 1873 5271 et.tunc
1910 5225 1993 5271 est

414 5309 565 5363 bona.
599 5309 781 5365 Gratia
812 5324 941 5366 vero
973 5307 1066 5364 Dei
1095 5324 1308 5379 semper
1333 5319 1416 5364 est
1443 5308 1580 5364 bona
1602 5349 1617 5374 ,
1645 5317 1700 5364 et
1730 5324 1825 5378 per
1853 5309 1988 5363 lianc

413 5402 464 5456 Iit
491 5411 550 5456 ut
574 5402 644 5456 sit
671 5402 828 5457 homo
853 5402 1006 5457 bona:
1032 5402 1316 5457 voluntatis
1334 5442 1348 5466 ,
1377 5401 1466 5472 qui
1497 5400 1645 5473 prius
1666 5401 1764 5456 fuit
1791 5401 1988 5456 volun-

409 5494 530 5549 tatis
558 5493 728 5550 malae.
762 5495 864 5550 Per
893 5495 1031 5549 banc
1053 5493 1216 5549 etiam
1246 5494 1304 5548 lit
1327 5502 1383 5548 ιιι
1407 5492 1521 5565 ipsa
1547 5494 1685 5549 bona
1711 5493 2006 5575 voluntas,

475 5655 490 5686 ι
530 5651 832 5714 antiquiores
857 5659 950 5701 Mss
993 5658 1319 5714 Intereaut,
1337 5653 1384 5704 in
1405 5650 1690 5704 hominibus.

476 5718 494 5748 ι
523 5711 728 5830 εἱαιιξεε
778 5711 1064 5764 νιιῐαιιιίἐι
1105 5711 1344 5764 Gallicani.
1372 5721 1425 5763 at
1460 5714 1608 5777 editi,
1653 5714 1740 5766 sed
1761 5717 1994 5770 converti-

426 5787 538 5838 mini
565 5797 592 5831 ε
638 5789 793 5832 vivite.

1189 365 1276 420 DE
1315 359 1568 420 CRATIA
1614 357 1700 413 ET
1742 347 1989 410 [ΔΒΕΠο
2029 346 2371 414 ARBITRIO,
2412 347 2470 404 S.
2506 347 2871 407 AUGUSTlNI

3556 350 3660 408 900

2081 477 2201 531 qua:
2221 461 2331 530 jam
2360 476 2480 518 esse
2509 463 2692 532 cmpit.
2720 473 2997 535 augeatur,
3025 475 3080 521 et
3105 473 3211 518 tam
3243 479 3431 534 magna
3465 464 3580 526 tiat.
3612 476 3667 520 ut

2083 556 2251 624 possit
2299 556 2520 625 implere
2559 556 2736 612 divina
2779 555 3024 611 mandata
3067 572 3190 626 qua:
3239 556 3499 622 voluerit,
3547 546 3667 612 cum

2083 651 2246 707 valde
2270 653 2610 722 perfecteqne
2635 651 2881 706 voluerit.
2925 649 3006 705 Ad
3037 650 3140 706 hoc
3179 651 3320 705 enim
3365 649 3502 704 valet
3527 649 3668 719 quod

2081 743 2336 814 scriptum
2364 753 2468 811 est,
2491 743 2552 799 Si
2581 743 2820 804 volueris,
2841 743 3058 796 servabis
3087 743 3328 796 mandata
3353 739 3538 812 (Eccli.
3572 755 3666 806 xv,

2082 853 2182 890 see.
2216 835 2384 906 LXX)
2418 846 2516 891 :ut
2561 835 2722 891 homo
2768 835 2858 906 qui
2891 835 3120 890 voluerit
3165 845 3218 888 ct
3264 849 3372 890 non
3403 835 3667 903 potuerit,

2083 927 2318 984 nondum
2348 943 2408 984 se
2449 930 2607 998 plene
2637 929 2774 985 velle
2800 939 3086 1000 cognoscat
3111 969 3125 993 ,
3157 938 3212 983 et
3236 937 3356 983 oret
3380 937 3436 982 ut
3477 927 3666 981 habent

2083 1027 2283 1072 tantam
2309 1019 2660 1086 voluntatem,
2685 1027 2884 1090 quanta
2903 1019 3100 1074 sufficit
3129 1019 3194 1072 ad
3227 1017 3492 1088 implenda
3523 1033 3672 1070 man-

2081 1108 2226 1163 data.
2255 1107 2345 1164 Sic
2381 1109 2576 1179 quippe
2619 1109 2922 1180 adjuvatur,
2953 1117 3012 1163 ut
3053 1109 3210 1164 faciat
3250 1107 3389 1178 quod
3431 1107 3668 1176 iubetur.

2084 1202 2235 1254 Tune
2276 1201 2420 1256 enim
2468 1201 2596 1257 utile
2645 1211 2730 1257 est
2755 1201 2914 1266 velle,
2942 1217 3065 1257 cum
3095 1215 3413 1270 possumus;
3445 1209 3499 1254 et
3545 1207 3672 1253 tunc

2083 1289 2214 1345 utile
2240 1300 2322 1346 est
2353 1305 2532 1360 posse,
2563 1307 2683 1346 cum
2711 1291 2993 1346 volumus:
3017 1305 3139 1346 nam
3168 1289 3295 1361 quid
3339 1289 3596 1360 prodest,
3625 1289 3671 1343 si

2079 1380 2222 1450 quod
2276 1396 2380 1435 non
2423 1396 2706 1451 possumus
2749 1382 3034 1444 volumus.
3064 1390 3158 1438 aut
3199 1381 3340 1451 quod
3387 1394 3673 1451 possumus

2083 1471 2362 1525 nolumus?

2151 1561 2378 1618 CAPUT
2417 1560 2556 1616 XVI.
2588 1591 2658 1603 —
2685 1561 2777 1616 32.
2819 1561 3066 1632 Magnum
3093 1559 3290 1631 aliquid
3312 1559 3581 1630 Pelagiani
3609 1574 3672 1615 se

2081 1655 2218 1713 scire
2235 1663 2440 1724 putant,
2464 1654 2676 1725 quando
2691 1655 2897 1719 dicunt,
2923 1672 2944 1706 ι
2976 1653 3092 1710 Νοιι
3110 1654 3322 1725 iuberet
3343 1653 3502 1719 Deus,
3527 1651 3672 1723 quod

2079 1744 2244 1799 sciret
2269 1759 2374 1799 non
2403 1759 2559 1814 posse
2582 1745 2652 1800 ab
2667 1744 2886 1800 homine
2915 1744 3050 1800 ﬁeri.
3083 1764 3104 1796 ι
3130 1744 3260 1811 Quis
3285 1743 3386 1798 boc
3425 1745 3629 1799 nesciat
3647 1743 3674 1796 2

2081 1835 2189 1892 Sed
2217 1835 2338 1891 ideo
2361 1836 2514 1906 jubet
2545 1836 2722 1908 aliqua
2752 1853 2870 1908 qua:
2897 1851 3004 1892 non
3041 1851 3344 1907 possumus,
3379 1846 3435 1890 ut
3455 1835 3674 1891 noveri-

2081 1941 2203 1981 mus
2227 1926 2354 1998 quid
2401 1926 2472 1982 ab
2517 1927 2608 1982 illo
2657 1935 2842 1998 petere
2888 1927 3200 1983 debeamus.
3246 1925 3361 1996 Ipsa
3404 1935 3489 1982 est
3527 1926 3674 1982 enim

2082 2015 2372 2087 ﬁdes,qu:e
2397 2017 2604 2072 orando
2647 2018 2899 2088 impetrat
2933 2017 3074 2088 quod
3101 2017 3191 2073 lex
3221 2017 3466 2086 imperat.
3506 2016 3674 2072 Deni-

2081 2123 2186 2178 que
2213 2108 2326 2178 ipse
2349 2108 2440 2178 qui
2459 2107 2610 2174 dixit,
2639 2107 2701 2165 Si
2725 2109 2942 2164 volueris
2964 2149 2980 2174 ,
3031 2107 3347 2163 conservabis
3385 2109 3673 2171 mandata:

2082 2201 2136 2256 in
2162 2200 2351 2256 eodem
2381 2201 2520 2256 libro
2547 2201 2922 2257 Ecclesiastico
2938 2201 3206 2271 aliquanto
3231 2210 3352 2271 post
3367 2199 3516 2256 dicit.
3541 2197 3672 2263 Quis

2082 2291 2220 2348 dabit
2241 2293 2294 2346 in
2311 2307 2398 2347 ore
2423 2309 2534 2347 meo
2562 2292 2860 2358 custodiam,
2887 2301 2934 2346 et
2969 2308 3122 2363 super
3139 2291 3275 2346 labia
3299 2307 3412 2346 mea
3434 2295 3674 2362 signacu-

2083 2385 2188 2439 lum
2215 2393 2458 2448 astutum,
2486 2401 2548 2440 ne
2569 2389 2700 2454 forte
2720 2383 2902 2438 cadant
2928 2385 2992 2438 ab
3017 2399 3075 2437 eo
3092 2424 3107 2450 ,
3128 2393 3176 2437 et
3204 2382 3380 2454 lingua
3404 2397 3519 2438 mea
3541 2397 3665 2450 per-

2037 2491 2047 2499 '
2084 2476 2172 2530 dot
2197 2473 2422 2540 me(ld.
2451 2489 2590 2541 xxtt,
2619 2475 2690 2529 33
2717 2473 2917 2546 )Ham
2963 2483 3112 2530 certe
3154 2471 3404 2527 mandata
3448 2485 3676 2540 accepe-

2083 2575 2168 2624 rat
2195 2586 2208 2620 :
2231 2565 2418 2624 Cohibe
2447 2566 2674 2638 linguam
2701 2575 2841 2620 tuam
2867 2582 2902 2619 a
2923 2565 3080 2630 malo,
3115 2575 3162 2620 et
3203 2565 3339 2620 labia
3380 2573 3467 2618 tua
3489 2579 3554 2616 ne
3594 2562 3677 2617 (oo

2083 2669 2305 2731 quatitur
2331 2656 2505 2712 dolum
2529 2656 2550 2730 (
2571 2655 2717 2712 Psol.
2767 2673 2960 2724 xxxttt,
2985 2657 3054 2712 14
3077 2653 3118 2728 ).
3154 2655 3289 2710 Cum
3317 2668 3446 2724 ergo
3485 2667 3674 2708 verum

2085 2749 2310 2820 sitquod
2325 2749 2478 2816 dixit,
2509 2749 2570 2805 Si
2589 2750 2823 2816 volueris,
2848 2749 3160 2805 conservabis
3183 2747 3426 2802 mandata
3453 2761 3474 2801 :
3499 2759 3674 2817 quare

2087 2841 2280 2912 quaerit
2302 2842 2357 2896 in
2393 2856 2486 2896 ore
2531 2856 2632 2897 suo
2675 2841 2790 2897 dari
2815 2840 3110 2896 custodiam
3137 2855 3152 2905 ;
3181 2838 3371 2894 similis
3399 2839 3447 2892 ei
3474 2836 3566 2907 qui
3590 2836 3677 2890 di-

2086 2933 2160 2988 cit
2185 2934 2238 2988 in
2257 2933 2490 2998 Psalmo,
2520 2931 2683 3002 Pone,
2709 2933 2942 3001 Domine,
2960 2933 3241 2988 custodiam
3259 2932 3338 2986 ori
3363 2928 3674 3000 meo(Psal.

2087 3037 2212 3087 exs,
2245 3024 2278 3079 5
2305 3021 2324 3097 )
2349 3023 2374 3078 2
2398 3024 2573 3092 Quare
2600 3038 2708 3079 non
2731 3024 2782 3080 ei
2800 3022 2997 3079 sufﬁcit
3024 3022 3332 3077 mandatum
3360 3021 3452 3076 Dei
3481 3029 3536 3076 et
3565 3034 3664 3073 vo.

2094 3115 2271 3171 luntas
2317 3131 2447 3184 sua;
2475 3116 2902 3187 quandoquidem
2937 3116 3000 3172 .si
3043 3115 3294 3182 voluerit,
3331 3113 3682 3170 conservabit

2089 3209 2336 3266 mandata
2359 3209 2384 3262 ι
2410 3209 2579 3280 Quam
2611 3211 2773 3265 multa
2801 3209 2895 3264 Dei
2918 3207 3166 3262 mandata
3195 3216 3320 3262 sunt
3347 3215 3536 3261 contra
3575 3219 3678 3260 su-

2089 3303 2326 3373 perbiam
2351 3320 2364 3356 :
2383 3301 2496 3372 jam
2541 3301 2689 3357 novit
2726 3315 2789 3356 ea
2815 3315 2831 3364 ;
2854 3299 2896 3355 si
2927 3299 3175 3364 voluerit,
3205 3297 3543 3354 conservabit
3587 3310 3677 3351 ea.

2091 3395 2268 3462 Quare
2287 3408 2415 3464 ergo
2443 3392 2601 3464 paulo
2635 3403 2754 3464 post
2804 3390 2953 3453 dicit,
2986 3389 3202 3444 Domine
3244 3388 3404 3444 Pater
3446 3397 3493 3441 et
3538 3385 3680 3440 Deus

2092 3489 2205 3542 vine
2229 3502 2370 3552 mea,
2401 3485 2666 3540 elationem
2714 3482 2979 3538 oculorum
3021 3499 3084 3536 ne
3108 3481 3307 3536 dederis
3352 3480 3477 3532 mihi
3503 3481 3530 3533 .’
3552 3477 3676 3533 Jam

2091 3580 2299 3636 dixerat
2322 3580 2370 3634 ei
2393 3579 2497 3642 lex,
2525 3578 2642 3632 Non
2667 3577 2986 3647 concupisces
3015 3573 3036 3646 (
3064 3573 3229 3629 Exod.
3265 3589 3355 3638 xv,
3387 3572 3451 3626 Π
3479 3569 3498 3643 )
3533 3588 3548 3623 :
3581 3585 3679 3624 ve-

2095 3660 2155 3725 lit
2174 3684 2322 3740 ergo,
2349 3679 2402 3725 et
2431 3668 2588 3723 I'aciat
2614 3667 2752 3738 quod
2777 3667 3029 3737 iubetur;
3067 3665 3320 3736 quoniam
3349 3663 3394 3717 si
3423 3661 3671 3725 voluerit,

2093 3761 2429 3818 conservabit
2453 3760 2720 3815 mandata.
2765 3760 2944 3828 Quare
2970 3758 3210 3830 sequitur
3235 3763 3293 3812 et
3331 3754 3479 3820 dicit,
3527 3751 3670 3807 Con-

2091 3853 2448 3923 cupiscentiam
2471 3860 2638 3906 averte
2656 3868 2689 3903 a
2713 3850 2831 3906 me?
2855 3849 3052 3906 Contra
3075 3849 3337 3904 luxuriam
3360 3846 3499 3902 Deus
3509 3859 3673 3916 quam

2092 3944 2260 4000 multa
2281 3942 2545 3998 mandavit
2574 3960 2588 3996 :
2619 3942 2774 3996 faciat
2792 3956 2855 3998 ea
2881 3958 2897 4008 ;
2923 3942 3043 4012 quia
3072 3940 3116 3996 si
3147 3938 3409 4004 voluerit,
3455 3952 3682 3993 conser-

2093 4035 2520 4091 vabitmandata.
2543 4034 2680 4103 Quid
2706 4042 2789 4089 est
2812 4033 2953 4105 quod
2993 4033 3192 4090 clamat
3212 4032 3279 4087 ad
3311 4032 3500 4098 Deum,
3540 4027 3683 4085 Ven-

2095 4125 2184 4179 tris
2204 4126 2444 4195 appetitio
2469 4134 2515 4178 et
2535 4123 2828 4178 concubitus
2871 4139 2937 4178 ne
2963 4121 3310 4194 apprehendat
3350 4137 3430 4176 nte
3455 4119 3477 4193 (
3510 4119 3680 4174 Eccli.

2096 4231 2249 4283 xxnt,
2273 4215 2360 4272 4-6
2383 4215 2438 4288 )‘t
2456 4214 2511 4271 Si
2538 4214 2654 4270 lucc
2679 4215 2726 4270 ei
2747 4215 2998 4288 praesenti
3045 4215 3063 4248 ⁸
3091 4213 3411 4278 diceremus.
3444 4212 3684 4268 rectissio

2095 4321 2184 4362 me
2209 4307 2362 4362 nobis
2387 4305 2736 4376 responderet
2779 4315 2836 4361 et
2876 4305 3082 4360 diceret
3111 4323 3127 4359 :
3153 4304 3230 4359 Ex
3277 4304 3376 4359 ista
3429 4301 3681 4382 oratione

2096 4413 2236 4463 mea,
2265 4413 2367 4468 qua
2393 4396 2556 4452 lanea
2589 4397 2698 4452 Deo
2712 4405 2856 4466 peto,
2901 4395 3181 4466 intelligite
3227 4392 3498 4465 quomodo
3525 4391 3685 4447 dixe-

2094 4487 2219 4554 rim,
2249 4487 2311 4542 Si
2364 4486 2578 4542 volueris
2602 4527 2618 4552 ,
2669 4485 2985 4542 conservabis
3023 4485 3303 4539 ‘mandata.
3327 4483 3546 4539 Certum
3593 4490 3681 4536 est

2094 4576 2242 4633 enim
2297 4591 2396 4632 nos
2440 4575 2687 4632 mandata
2719 4590 2956 4641 servare,
3015 4576 3059 4630 si
3102 4575 3348 4631 volumus
3377 4591 3393 4627 :
3419 4573 3512 4628 sed
3554 4572 3680 4643 quia

2095 4675 2424 4737 praeparatur
2442 4666 2684 4721 voluntas
2708 4680 2740 4721 a
2772 4665 3018 4730 Domino,
3045 4665 3113 4720 ab
3158 4664 3249 4719 illo
3275 4661 3564 4734 petendum
3599 4671 3684 4717 est

2095 4771 2155 4816 ut
2178 4769 2384 4815 tantum
2409 4759 2653 4824 velimus,
2677 4764 2937 4828 quantum
2959 4755 3157 4812 sulllcit
3178 4764 3236 4810 ut
3261 4753 3492 4810 volendo
3515 4753 3651 4807 facia
3675 4757 3695 4804 t

2096 4867 2234 4907 mus.
2253 4850 2470 4906 Certum
2499 4857 2702 4904 estnos
2738 4846 2874 4902 velle
2898 4888 2914 4914 ,
2961 4861 3083 4902 cum
3137 4846 3422 4900 volumus:
3450 4844 3544 4898 sed
3590 4843 3682 4896 ille

2096 4942 2223 5000 facit
2265 4954 2322 4998 ut
2353 4942 2576 4995 velimus
2624 4940 2846 5006 bonum,
2885 4939 2955 4996 de
3003 4953 3110 5008 quo
3152 4937 3355 4992 dictum
3405 4944 3508 5000 est,
3539 4935 3684 5005 quod

2097 5034 2254 5104 paulo
2269 5042 2391 5086 ante
2409 5031 2581 5101 posui,
2608 5029 2942 5100 Prwparatur
2960 5029 3192 5084 voluntas
3207 5044 3238 5081 a
3254 5026 3474 5082 Domino
3498 5025 3682 5097 (Prov.

2095 5119 2208 5187 vin,
2231 5137 2332 5176 sec.
2380 5119 2544 5192 LXX)
2575 5119 2680 5185 ;de
2717 5133 2826 5190 quo
2853 5119 3049 5174 dictum
3075 5125 3179 5182 est,
3222 5115 3270 5170 Α
3297 5115 3517 5170 Domino
3553 5131 3686 5184 gres-

2095 5229 2181 5266 sus
2203 5211 2420 5266 hominis
2443 5211 2744 5282 dirigentur,
2776 5219 2824 5264 et
2845 5210 2979 5263 viam
3001 5210 3110 5279 ejus
3137 5207 3266 5265 volet
3289 5206 3460 5280 (Psal.
3491 5223 3594 5262 xxx
3605 5221 3681 5268 vt.

2095 5305 2186 5374 9.5)
2207 5321 2222 5366 ;
2253 5303 2321 5358 de
2340 5319 2445 5372 quo
2473 5302 2672 5358 dictum
2703 5311 2808 5360 est.
2828 5299 2966 5354 Deus
2991 5308 3062 5354 est
3100 5299 3187 5366 qui
3211 5307 3448 5370 aperatnr
3466 5298 3518 5350 in
3544 5296 3686 5352 vobis

2096 5407 2140 5452 et
2161 5394 2558 5468 velle(Pliilipp.
2592 5409 2651 5458 ll,
2683 5395 2796 5463 15).
2825 5393 3043 5449 Certum
3071 5402 3156 5446 est
3199 5407 3297 5448 nos
3343 5390 3538 5455 facere,
3560 5405 3684 5445 eum

2099 5487 2322 5544 facimus
2355 5505 2367 5540 :
2399 5487 2495 5542 sed
2520 5488 2606 5540 ille
2627 5485 2751 5539 facit
2779 5493 2836 5539 nt
2868 5485 3120 5540 faciamus
3142 5523 3160 5550 ,
3213 5479 3498 5552 prabendo
3527 5481 3682 5536 vires

2165 5719 2180 5750 ³
2223 5727 2317 5778 Am.
2343 5723 2418 5765 Er.
2445 5723 2496 5766 et
2519 5713 2742 5778 plerique
2760 5720 2867 5778 Mss.
2895 5727 2908 5761 :
2931 5713 2978 5762 si
3001 5713 3104 5778 Inrc
3129 5713 3257 5772 (vel,
3281 5714 3390 5778 hof)
3412 5713 3459 5764 ei
3476 5725 3528 5766 tn
3552 5724 3685 5778 pra-

2103 5779 2238 5830 senti.
2267 5777 2348 5827 Alii
2382 5775 2573 5840 quidam
2596 5775 2730 5836 Mss,
2777 5776 2818 5826 si
2857 5778 2961 5825 ha'c
2985 5775 3028 5824 ei
3060 5775 3407 5838 supremum.
