3972 6178
309 363 404 420 9m

306 472 700 529 efficacissimas
739 471 1020 538 voluntati,
1039 474 1126 542 qui
1156 471 1310 538 dixit,
1338 471 1548 526 Faciam
1587 480 1640 526 ut
1663 471 1889 543 injusti-

295 555 627 636 lﬁrationibus
665 563 789 617 meis
817 563 1105 627 antbuletis,
1152 573 1197 616 et
1239 563 1440 630 judicia
1479 579 1586 616 mea
1627 563 1894 617 observetis

306 671 351 710 et
379 655 598 725 faciatis.
627 655 758 709 Cum
805 655 950 720 dicit,
979 660 1164 726 {actam
1213 665 1268 708 ut
1309 654 1508 723 faciatis
1535 654 1698 724 :quid
1743 655 1887 709 aliud

306 746 455 808 dicit,
489 745 613 810 nisi,
637 749 869 813 auferam
899 763 930 799 a
969 747 1104 800 vobis
1148 763 1236 800 cor
1287 746 1565 813 lapideum,
1611 745 1753 798 unde
1783 761 1890 800 non

304 835 612 900 faciebatis;
650 847 700 890 et
725 835 854 890 dabo
888 836 1023 890 vobis
1043 851 1129 890 cor
1155 852 1423 896 corneum,
1455 835 1594 888 unde
1631 833 1836 889 faciatis
1869 835 1892 888 ?

306 929 366 984 Et
393 929 492 983 hoc
515 927 642 999 quid
668 937 768 995 est,
803 928 924 992 nisi,
959 927 1206 982 Auferatn
1231 943 1322 982 cor
1350 927 1563 990 durum,
1594 926 1736 980 unde
1785 941 1888 980 non

305 1019 611 1084 faciebatis;
642 1027 697 1074 et
721 1003 856 1073 dabo
896 1035 990 1074 cor
1017 1021 1300 1083 obediens,
1334 1021 1472 1075 unde
1517 1019 1767 1074 faciatis?
1795 1018 1889 1074 llte

308 1109 435 1163 facit
459 1117 514 1164 ut
538 1109 812 1174 faciamus,
849 1109 931 1163 cui
963 1109 1091 1164 dicit
1121 1111 1298 1174 homo,
1344 1108 1506 1173 Pone,
1539 1108 1775 1174 Domine,
1803 1127 1894 1162 cu-

305 1201 525 1256 stodiam
555 1201 632 1256 ori
651 1217 782 1256 meo.
815 1201 924 1255 lloc
953 1211 1034 1255 est
1062 1202 1205 1256 enim
1228 1202 1427 1266 dicere,
1467 1201 1570 1256 Fac
1600 1211 1656 1256 ut
1697 1217 1890 1270 ponant

307 1293 604 1347 custodiam
625 1293 704 1346 ori
737 1307 855 1345 tneo
886 1310 898 1340 τ
932 1292 1072 1361 quod
1090 1284 1404 1346 benelieium
1449 1292 1538 1346 Dei
1566 1292 1675 1362 jam
1720 1290 1894 1345 fuerat

305 1391 642 1446 consecutus,
667 1382 754 1452 qui
776 1381 927 1446 dixit,
960 1380 1121 1436 Posui
1149 1384 1226 1436 ori
1278 1399 1387 1436 mea
1415 1382 1698 1436 custodiam
1721 1380 1890 1454 (Psal.

309 1487 538 1531 xxxvm.
569 1473 604 1526 ‘2
623 1471 664 1542 ).
1219 1463 1222 1468 ’

381 1563 604 1618 CAPUT
645 1563 805 1618 XVII.
829 1595 900 1604 —
921 1564 1009 1620 55.
1024 1563 1122 1632 Qui
1147 1579 1274 1634 ergo
1295 1563 1408 1618 vult
1432 1562 1608 1618 facere
1627 1562 1718 1616 Dei
1733 1577 1888 1616 man-

310 1653 492 1710 datum
509 1667 687 1710 etnon
720 1666 916 1726 potest,
952 1656 1062 1726 jam
1105 1657 1319 1726 quidem
1361 1655 1523 1712 habet
1564 1655 1892 1711 voluntatem

309 1745 528 1813 bonam,
563 1747 656 1802 sed
687 1747 863 1802 adhuc
900 1763 1115 1817 parvam
1137 1748 1533 1803 etiuvalidam:
1567 1749 1762 1819 poterit
1799 1763 1898 1802 au-

309 1847 439 1902 tem,
468 1853 588 1893 cum
634 1853 879 1908 magnam
935 1820 1184 1894 habuerit
1229 1846 1283 1893 et
1322 1838 1616 1894 robustam.
1665 1838 1891 1906 Quando

303 1930 453 1985 enim
486 1939 748 2002 martyres
778 1946 966 2001 magna
989 1931 1079 1986 illa
1121 1932 1369 1986 mandata
1409 1931 1669 1996 fecerunt,
1699 1947 1887 2003 magna

303 2020 492 2090 utique
513 2023 805 2086 voluntate,
831 2022 933 2078 hoc
970 2033 1072 2090 est,
1101 2039 1288 2094 magna
1316 2023 1578 2079 charitatc
1609 2025 1847 2080 fecerunt
1871 2043 1886 2080 :

309 2110 378 2164 de
407 2125 510 2180 qua
530 2109 792 2165 charitatc
823 2111 935 2179 ipse
963 2113 1216 2167 Dominus
1245 2113 1338 2180 ait,
1369 2113 1621 2184 Majorem
1645 2117 1740 2170 hac
1761 2116 1890 2169 cha-
1931 2153 1972 2187 ο

303 2200 511 2253 ritalem
538 2215 681 2253 nemo
702 2200 870 2267 habet,
895 2219 1046 2271 quam
1069 2211 1124 2256 ut
1154 2203 1377 2257 animam
1405 2221 1548 2258 suam
1573 2199 1726 2276 pontii
1754 2207 1770 2238 ¹
1803 2223 1894 2276 pro

311 2290 489 2343 amicis
513 2290 617 2344 suis
638 2289 820 2360 (Joan.
861 2308 950 2358 xv,
978 2293 1044 2348 15
1147 2293 1298 2350 Unde
1322 2303 1378 2350 et
1424 2297 1714 2365 Apostolus
1744 2298 1891 2364 dicit,

315 2381 419 2448 Qui
434 2381 565 2435 enim
595 2381 760 2452 diligit
783 2385 1092 2452 proximum,
1119 2386 1277 2456 legem
1297 2387 1518 2456 implevit
1551 2405 1570 2442 :
1609 2407 1746 2452 nam,
1771 2389 1890 2446 Non

309 2471 636 2538 adnlterabis,
691 2472 811 2526 Non
856 2474 1184 2528 homicidium
1233 2477 1408 2547 facies,
1463 2475 1585 2532 Non
1623 2479 1891 2550 furaberis,

313 2559 434 2615 Non
455 2562 796 2632 concupisces,
845 2572 894 2616 et
921 2564 964 2618 si
1004 2563 1140 2634 quod
1178 2574 1251 2619 est
1280 2565 1424 2620 aliud
1475 2568 1791 2635 mandatum,
1840 2571 1892 2625 in

310 2653 406 2706 hoc
453 2652 684 2708 sermone
723 2655 1091 2726 recapitulatur
1115 2697 1131 2722 ,
1182 2655 1375 2727 Diliges
1411 2659 1697 2728 proximum
1743 2669 1889 2714 tuum

309 2754 549 2814 tanquam
565 2755 612 2799 te
636 2747 820 2816 ipsum.
847 2745 1060 2802 Dilectio
1090 2749 1310 2818 proximi
1361 2749 1550 2804 malum
1586 2767 1686 2805 non
1709 2767 1893 2822 apera-

311 2845 397 2891 tur
428 2853 448 2892 :
481 2837 736 2906 plenitudo
777 2855 895 2910 ergo
927 2839 1071 2910 legis,
1113 2840 1352 2910 dilectio(
1386 2841 1670 2909 Romam,
1690 2841 1826 2904 8-10
1848 2843 1889 2913 ).

299 2925 482 2994 ipsam
509 2927 823 2985 charitatem
849 2931 1122 3000 apostolus
1171 2931 1362 2987 Petrus
1397 2932 1632 2988 nondum
1681 2933 1888 3002 habuit,

307 3017 731 3088 quandotimore
775 3021 1056 3075 Dominum
1106 3029 1188 3075 ter
1239 3023 1449 3092 negavit
1477 3021 1690 3094 (Matth.
1731 3040 1890 3094 xxvr,

306 3109 524 3181 69-75).
543 3108 868 3166 Timorenim
895 3128 997 3166 non
1013 3121 1086 3166 est
1107 3113 1160 3167 in
1181 3112 1444 3180 charitatc,
1469 3115 1609 3168 sicut
1631 3115 1706 3170 ait
1723 3114 1893 3172 Joan-

311 3213 404 3254 nes
417 3200 746 3271 evangelista
774 3201 827 3255 in
867 3199 1103 3270 Epistola
1132 3217 1224 3256 sua
1249 3203 1373 3268 ;sed
1411 3208 1632 3274 perfecta
1665 3205 1894 3268 charitas

309 3293 447 3362 (oras
471 3291 619 3344 mittit
639 3291 868 3346 timorem
889 3291 932 3363 (Ι
947 3291 1104 3347 Joan.
1142 3309 1214 3358 tv,
1244 3294 1357 3363 18).
1389 3293 1456 3348 Ει
1487 3305 1661 3350 tamen
1702 3311 1892 3367 quatu-

315 3383 389 3438 τῖε
415 3397 574 3452 parva
592 3394 646 3438 et
667 3382 998 3454 imperfecta,
1043 3401 1149 3440 non
1193 3385 1378 3442 deerat
1402 3427 1414 3450 ,
1443 3389 1655 3456 quando
1682 3389 1895 3444 dicebat

309 3473 556 3539 Domino,
586 3472 818 3528 Animam
841 3491 1002 3528 meam
1021 3491 1112 3546 pro
1125 3484 1171 3528 te
1193 3491 1378 3542 ponam
1395 3474 1576 3546 (Joan.
1598 3493 1732 3553 xm,
1764 3479 1890 3548 57):

306 3567 528 3636 putabat
550 3569 692 3623 enim
723 3582 781 3623 se
807 3583 982 3638 posse,
1017 3567 1158 3640 quod
1196 3584 1255 3626 se
1299 3571 1437 3627 velle
1481 3571 1766 3628 sentiebat.
1822 3573 1893 3627 Et

307 3657 429 3728 quis
450 3659 604 3712 istam
629 3658 731 3714 etsi
758 3673 972 3728 parvam
991 3659 1119 3714 dare
1143 3671 1376 3731 coeperat
1419 3662 1759 3729 charitatem,
1784 3663 1886 3718 nisi

309 3747 400 3804 ille
427 3747 518 3818 qui
549 3758 811 3819 przeparat
839 3749 1188 3815 voluntatem,
1213 3760 1266 3806 et
1289 3752 1630 3822 cooperando
1652 3753 1884 3824 perlicit,

309 3837 450 3909 quod
479 3838 751 3908 Operando
805 3839 1035 3908 incipit?
1080 3839 1340 3909 Quoniam
1392 3841 1506 3912 ipse
1552 3851 1612 3897 ut
1665 3843 1892 3898 velimus

307 3937 560 3999 Operatur
597 3929 880 4000 incipiens,
917 3929 1008 3999 qui
1037 3929 1338 3986 volentibus
1381 3941 1699 4002 cooperatur
1730 3933 1892 4002 perli-

307 4021 477 4076 ciens.
503 4021 725 4091 Propter
745 4021 889 4092 quod
933 4023 1006 4076 ait
1033 4021 1358 4092 Apostolus:
1387 4022 1562 4079 Certus
1607 4041 1720 4078 sum
1760 4042 1890 4096 quo-

308 4112 448 4166 niam
471 4113 558 4182 qui
577 4121 814 4183 operatur
837 4113 891 4166 in
919 4111 1055 4167 vobis
1093 4128 1220 4182 opus
1246 4111 1451 4180 bonum,
1497 4113 1718 4184 perﬁciet
1739 4131 1895 4184 usque

307 4202 360 4257 in
380 4201 514 4256 diem
535 4199 723 4257 Christi
743 4201 868 4257 Jesu
893 4204 915 4235 ³
942 4202 1199 4275 (Philipp.
1215 4219 1253 4270 ι,
1279 4201 1357 4276 6).
1390 4203 1456 4260 Ut
1481 4219 1610 4276 ergo
1638 4206 1886 4276 velimus,

309 4295 429 4350 sine
457 4293 614 4349 nobis
637 4303 923 4364 operatur;
963 4309 1082 4350 cum
1110 4305 1288 4350 autem
1313 4295 1578 4360 volumus,
1599 4303 1655 4352 et
1691 4297 1770 4352 sic
1795 4312 1892 4351 voc

309 4385 490 4441 lumus
508 4393 566 4438 ut
585 4382 860 4448 faciamus,
885 4383 1161 4440 nobiseum
1183 4394 1540 4454 cooperator:
1573 4395 1750 4442 tamen
1777 4387 1894 4443 sine

309 4477 404 4532 illo
431 4476 514 4531 vel
543 4483 801 4545 operante
825 4483 885 4530 ut
911 4475 1133 4531 velimus
1155 4517 1169 4540 ,
1195 4476 1277 4531 vel
1302 4485 1626 4546 cooperante
1649 4492 1770 4532 cum
1795 4493 1893 4534 vo-

310 4567 508 4630 lumus,
537 4564 604 4620 ad
628 4565 766 4621 bona
789 4565 1008 4636 pietatis
1032 4580 1194 4636 opera
1212 4566 1340 4621 nihil
1376 4568 1634 4622 valemus.
1667 4569 1740 4624 De
1759 4583 1889 4640 ope-

309 4655 573 4712 ranteillo
598 4663 656 4710 ut
695 4656 921 4712 velimus
943 4695 960 4724 ,
987 4655 1189 4711 dictum
1219 4666 1302 4712 est
1327 4675 1341 4712 :
1377 4656 1516 4712 Deus
1555 4667 1626 4713 est
1651 4661 1780 4714 enim
1809 4660 1897 4732 qui

309 4755 553 4818 operatur
599 4747 654 4802 in
679 4749 816 4804 vobis
862 4758 907 4802 et
932 4748 1078 4804 velle.
1112 4749 1187 4804 De
1209 4759 1533 4820 coeperaute
1561 4759 1736 4808 autem
1771 4767 1892 4808 eum

305 4839 420 4910 jam
463 4839 714 4912 volumus
753 4847 808 4896 et
860 4839 1092 4896 volendo
1123 4839 1384 4896 facimus:
1415 4841 1638 4904 Scimus,
1690 4845 1890 4916 inquit,

307 4931 552 5002 quoniam
581 4931 904 5003 diligentibus
933 4931 1094 4987 Deum
1121 4935 1294 4988 omnia
1318 4939 1921 5012 coeperanturinibonnm

311 5023 490 5096 (Rom.
512 5039 630 5087 vut,
657 5023 774 5097 28).
797 5023 932 5091 Quid
963 5034 1068 5092 est,
1095 5025 1286 5092 omnia,
1309 5027 1410 5082 nisi
1438 5039 1490 5082 et
1519 5029 1659 5098 ipsas
1682 5030 1887 5086 terribi-

315 5113 394 5170 les
418 5130 692 5186 saevasque
721 5116 1042 5188 passiones?
1071 5117 1289 5174 Sareina
1335 5119 1530 5190 quippe
1557 5121 1644 5175 illa
1673 5121 1888 5189 Christi,

312 5219 432 5274 qam
459 5205 750 5262 infirmitati
787 5209 964 5278 gravis
1005 5217 1126 5276 est,
1181 5209 1316 5266 levis
1365 5209 1593 5266 efticitur
1621 5203 1890 5268 cltaritati.

309 5297 530 5352 Talibus
550 5299 692 5354 enim
719 5300 976 5356 Dominus
998 5301 1132 5357 dixit
1159 5317 1280 5359 esse
1325 5319 1476 5360 suam
1521 5305 1783 5361 sarcinam
1819 5307 1896 5363 le-

317 5381 477 5458 vem'(
513 5388 698 5444 Matth.
749 5405 846 5454 ιιι,
892 5391 961 5448 '50
987 5391 1008 5464 )
1033 5434 1048 5458 ,
1094 5393 1265 5463 qualis
1301 5393 1490 5448 Petrus
1544 5394 1641 5450 fuit
1681 5397 1894 5466 quando

313 5495 502 5551 passus
529 5492 608 5536 est
634 5497 732 5552 pro
767 5481 1000 5549 Christo,
1034 5501 1139 5541 non
1171 5486 1345 5557 qualis
1367 5484 1465 5542 fuit
1493 5487 1703 5558 quando
1728 5503 1889 5561 nega-

314 5572 386 5628 vit
407 5571 699 5628 Christum.

377 5706 398 5776 ξ
431 5705 547 5776 [iditi
566 5740 593 5776 ,_
605 5712 746 5770 ponat
763 5706 886 5776 quis.
914 5709 1074 5776 Abgst,
1097 5716 1220 5771 atas,
1241 5722 1267 5759 a
1301 5719 1652 5776 manuscnptis.

376 5769 398 5798 ⁸
427 5768 732 5820 CorbcienSts
766 5768 866 5825 διδ..
891 5768 1276 5831 νεγβσέειίιδιμιε
1300 5786 1348 5822 ιη
1364 5768 1617 5836 μηωιιᾙιϊ
1635 5786 1770 5837 ergo,
1796 5783 1891 5826 etc.

1723 362 1924 418 LIBER
1966 361 2163 422 UNUS.

3479 338 3584 422 9oz

2081 470 2348 528 54.19am
2378 473 2709 532 eharitatem.
2741 472 2793 529 id
2833 485 2913 532 est
2949 475 3127 532 divino
3168 493 3352 532 amore
3387 479 3578 534 arden-

2005 563 2262 620 tissimam
2296 563 2619 621 voluntatem
2649 569 3030 624 commendans
3075 573 3382 639 Apostolus.
3408 573 3536 628 dicit
3567 593 3580 628 :

2009 652 2134 720 Quis
2165 671 2257 708 nos
2273 655 2525 726 separabit
2561 673 2593 710 a
2634 659 2880 712 charitatc
2925 659 3113 714 Christi
3137 664 3160 716 ?
3185 663 3442 717 trtbulatio
3469 663 3496 718 .’
3517 681 3582 720 an

2004 751 2236 820 angustia
2258 750 2284 803 ?
2331 767 2398 804 an
2436 752 2714 820 persecutio
2735 753 2762 806 ?
2787 769 2853 806 an
2901 756 3058 824 fames
3083 756 3104 809 ?
3135 771 3200 809 an
3241 756 3441 810 nuditas
3464 757 3489 810 ’ἒ
3517 773 3580 813 an

2007 843 2330 912 periculum?
2356 859 2421 896 an
2438 843 2638 912 gladius
2665 845 2690 898 ἰ)
2735 843 2880 898 Sicut
2923 847 3168 916 scriptum
3205 857 3296 912 est,
3325 847 3576 914 Quoniam

2005 943 2210 1002 propter
2231 941 2276 984 te
2296 933 2662 1000 mortificamur
2691 943 2792 986 tota
2809 935 2910 1000 die,
2957 935 3185 1006 deputati
3227 953 3400 992 sumus
3451 939 3584 992 velut

2005 1035 2116 1073 oves
2153 1021 2434 1074 occisionis.
2469 1019 2575 1076 Sed
2589 1023 2640 1075 in
2691 1023 2770 1076 his
2816 1025 3046 1078 omnibus
3075 1027 3470 1096 supervincimus
3500 1041 3586 1098 per
3633 1015 3646 1026 ’

2004 1127 2114 1163 eum
2141 1110 2226 1180 qui
2257 1110 2432 1164 dilexit
2457 1127 2564 1164 nos.
2591 1111 2763 1167 Certus
2792 1131 2904 1167 sum
2933 1116 3062 1168 enim
3085 1117 3202 1185 quia
3231 1135 3390 1189 neque
3418 1135 3576 1183 mors,

2004 1216 2161 1268 neque
2203 1201 2306 1254 vita
2335 1241 2349 1264 ,
2391 1216 2551 1268 neque
2594 1201 2780 1272 angeli,
2833 1219 2990 1272 neque
3045 1206 3374 1276 principatus,
3429 1222 3586 1280 neque

2005 1291 2311 1358 prtesentia,
2358 1306 2516 1358 neque
2547 1289 2740 1359 futura,
2789 1309 2948 1363 neque
2998 1293 3235 1361 altitudo,
3283 1312 3440 1365 neque
3469 1313 3585 1366 pro-

2004 1381 2236 1452 fundum,
2263 1397 2418 1452 neque
2436 1392 2670 1436 creatura
2692 1383 2795 1436 alia
2820 1385 3002 1454 poterit
3026 1403 3118 1440 nos
3141 1403 3378 1455 separare
3399 1405 3430 1440 a
3457 1388 3582 1442 cha-

2001 1471 2149 1523 ritatc
2197 1469 2326 1536 Dei,
2371 1486 2486 1539 qtae
2540 1480 2612 1524 est
2652 1473 2703 1525 in
2735 1470 2936 1526 Christo
2976 1474 3100 1528 Jesu
3147 1474 3366 1531 Domino
3407 1488 3578 1532 nostro

2004 1559 2177 1632 (Rom.
2211 1577 2325 1622 vut,
2358 1561 2572 1630 35-39).
2602 1561 2667 1614 Et
2708 1562 2814 1615 alio
2835 1563 2954 1618 loco
2987 1564 3150 1618 dicit:
3178 1565 3354 1619 Adhuc
3407 1585 3585 1636 super-

2003 1651 2379 1728 emincntiorem
2409 1652 2542 1705 viam
2580 1652 2714 1706 robis
2743 1652 3048 1709 demonstro.
3083 1655 3144 1710 Si
3183 1658 3367 1728 linguis
3418 1659 3584 1714 homi-

2003 1758 2123 1795 num
2145 1742 2322 1812 loquar
2337 1751 2382 1798 et
2403 1743 2719 1814 angelorum,
2738 1744 3032 1800 charitatem
3045 1758 3212 1802 autem
3235 1765 3334 1803 non
3349 1749 3576 1816 habeam,

2003 1837 2166 1902 factus
2186 1852 2294 1888 sum
2319 1845 2648 1890 ammentum
2674 1854 2881 1903 sonans,
2907 1850 2994 1894 aut
3018 1843 3302 1912 cymbalum
3327 1845 3568 1898 tinniens.

2002 1923 2070 1980 Et
2098 1927 2144 1980 si
2163 1927 2382 1981 habuero
2403 1927 2740 1996 prophetiam,
2771 1931 2876 1984 etsi
2895 1932 3052 1984 sciero
3079 1934 3250 1987 omnia
3287 1950 3582 1988 sacramen-

2003 2024 2074 2083 ta,
2103 2026 2149 2070 et
2169 2017 2212 2071 si
2233 2017 2455 2070 habuero
2485 2033 2685 2104 omne.m
2713 2019 2888 2087 ﬁdem,
2927 2021 3000 2074 ita
3029 2031 3084 2074 ut
3125 2032 3316 2076 montes
3353 2028 3575 2094 transfe-

1999 2122 2132 2172 rant,
2156 2107 2450 2160 charitatem
2497 2115 2667 2162 autem
2715 2125 2814 2161 non
2844 2107 3077 2176 habeam,
3111 2111 3238 2164 nihil
3263 2128 3396 2165 sum.
3425 2110 3492 2165 Et
3530 2113 3576 2166 si

2001 2197 2298 2252 distribuere
2325 2198 2496 2252 omnia
2524 2213 2636 2252 mea
2661 2199 2962 2268 pauperibus
2983 2240 2998 2265 ,
3029 2211 3074 2254 et
3109 2202 3152 2254 si
3183 2201 3442 2256 tradidero
3462 2219 3579 2256 cor-

1999 2306 2096 2360 pus
2112 2305 2274 2344 meum
2303 2299 2356 2344 ut
2399 2292 2627 2356 ardeam,
2676 2291 2974 2346 charitatem
3019 2301 3188 2347 autem
3219 2310 3318 2348 non
3345 2293 3577 2361 habeant,

1997 2380 2129 2433 nihil
2151 2381 2275 2433 mihi
2307 2381 2526 2450 prodest.
2577 2381 2812 2436 Charitas
2854 2385 3180 2452 magnanima
3233 2394 3326 2452 est,
3359 2385 3579 2458 benigna

1997 2479 2115 2524 est:
2136 2471 2354 2524 charitas
2379 2487 2478 2524 non
2503 2472 2767 2540 tumulatur
2787 2512 2801 2537 ,
2843 2489 2944 2526 non
2990 2475 3094 2544 agit
3135 2491 3434 2546 perperam,
3480 2495 3583 2532 non

1998 2562 2228 2631 inﬂatur,
2257 2579 2358 2616 non
2383 2563 2762 2629 dehonestatur,
2805 2581 2906 2618 non
2935 2567 3116 2632 (Interit
3157 2584 3270 2638 quw
3293 2585 3386 2622 sua
3429 2580 3568 2634 sunt,

1995 2668 2099 2704 non
2127 2653 2380 2718 irritatur,
2423 2655 2730 2724 noncoyitat
2771 2655 3000 2720 malum,
3048 2673 3150 2711 non
3200 2660 3384 2729 gaudet
3429 2677 3584 2730 super

1997 2742 2261 2812 iniquitate
2283 2784 2296 2806 ,
2338 2744 2620 2814 eongaudet
2665 2755 2834 2798 autent
2899 2748 3097 2800 veritati
3127 2765 3144 2812 ;
3173 2752 3343 2803 omnia
3378 2751 3578 2818 tolerat,

1999 2835 2168 2888 omnia
2191 2833 2379 2900 credit,
2414 2836 2584 2890 omnia
2633 2844 2824 2905 sperat,
2875 2839 3044 2892 omnia
3091 2839 3308 2906 suffert;
3351 2841 3581 2896 charitas

1998 2940 2254 2995 nunquam
2272 2923 2428 2978 cadit.
2454 2924 2522 2980 Et
2569 2927 2726 2994 paulo
2750 2936 2907 2996 post:
2941 2927 3134 2994 Manet,
3187 2931 3376 2999 inquit,
3419 2933 3570 3000 ﬁdes,

1997 3033 2139 3087 spes,
2171 3017 2429 3084 charitas,
2472 3018 2569 3072 tria
2617 3019 2758 3082 hate;
2798 3019 2966 3090 major
3005 3031 3174 3074 autem
3205 3022 3581 3077 hortante/tari-

1998 3119 2078 3164 tas
2103 3124 2122 3164 :
2149 3109 2409 3163 sectamini
2439 3110 2736 3164 cltaritalem
2759 3111 2800 3182 (l
2826 3109 2942 3164 Cor.
2979 3128 3069 3173 xu,
3100 3115 3306 3176 ,δι-κεν.
3344 3116 3418 3184 1).
3446 3115 3577 3170 item

1998 3200 2127 3256 dicit
2149 3198 2218 3254 ad
2247 3199 2500 3256 Galatas:
2540 3199 2637 3254 Vos
2667 3201 2798 3254 enim
2843 3201 2893 3254 in
2917 3201 3196 3256 libertatem
3240 3206 3404 3258 uocati
3430 3207 3568 3268 estis,

1999 3296 2180 3364 fratres
2207 3307 2226 3355 ;
2255 3301 2452 3346 tantum
2475 3309 2538 3348 ne
2561 3293 2838 3347 libertatem
2877 3295 2929 3348 in
2955 3297 3266 3349 occasionem
3289 3297 3458 3350 carnis
3486 3299 3580 3352 de-

1997 3384 2082 3450 tis,
2103 3382 2192 3438 sed
2220 3399 2309 3453 per
2335 3383 2632 3437 charitatem
2659 3385 2838 3438 servile
2855 3385 3083 3439 invicem.
3133 3384 3310 3440 Omnis
3330 3388 3462 3440 enim
3499 3389 3583 3442 lea:

1995 3473 2050 3526 in
2071 3488 2172 3525 uno
2195 3487 2423 3526 sermone
2441 3472 2698 3542 impletur,
2727 3474 2779 3526 in
2804 3489 2862 3526 eo
2901 3474 3037 3543 quod
3071 3474 3250 3546 diliges
3291 3477 3576 3544 proximum

1997 3550 2140 3618 tuum
2161 3572 2400 3632 tanquam
2445 3573 2492 3618 te
2531 3565 2698 3632 ipsum
2720 3563 2911 3636 (Colat.
2961 3583 3015 3632 v,
3043 3569 3128 3632 l5,
3177 3567 3288 3639 14).
3341 3569 3454 3624 lloc
3498 3580 3582 3625 est

1997 3654 2138 3725 quod
2153 3652 2220 3709 ad
2247 3653 2515 3709 Romanos
2535 3655 2628 3718 ait,
2664 3654 2764 3720 Qui
2802 3655 2967 3726 diligit
2991 3657 3226 3718 alterum,
3281 3661 3438 3729 legem
3481 3661 3582 3714 im-

1997 3742 2377 3818 pleoit(liom.
2421 3761 2533 3812 xui,
2590 3745 2690 3817 8).
2738 3745 2867 3800 Item
2895 3745 3026 3801 dicit
3075 3747 3139 3800 ad
3187 3748 3576 3806 Colossenses:

1997 3835 2168 3908 Super
2186 3837 2354 3891 omnia
2377 3845 2545 3891 autem
2571 3835 2678 3890 [uec
2705 3837 3020 3903 charitatem,
3050 3855 3165 3910 qute
3211 3849 3282 3894 est
3327 3841 3582 3896 vinculum

1997 3927 2559 4001 perfectionis(Coloss.
2588 3945 2666 3996 tu,
2692 3929 2758 3985 14
2781 3931 2821 3998 ).
2851 3929 2995 3983 Etad
3015 3929 3378 3996 Timotheum,
3409 3930 3575 3998 Finis,

1999 4019 2192 4090 inquit,
2246 4019 2484 4090 prtecepti
2528 4028 2604 4075 est
2653 4019 2915 4074 charitas:
2967 4027 3022 4074 et
3073 4019 3366 4091 adjungcns
3411 4021 3582 4092 qualis

1996 4109 2248 4178 Charitas,
2269 4109 2334 4164 de
2347 4109 2514 4174 corde,
2549 4110 2740 4180 inqttit,
2769 4127 2918 4181 puro,
2941 4119 2988 4164 et
3011 4112 3314 4166 conscientia
3351 4112 3502 4177 bona,
3527 4123 3574 4167 et

1997 4200 2101 4270 ﬁde
2140 4215 2242 4253 non
2285 4199 2404 4265 ﬁcta
2432 4197 2656 4271 (ITim.
2691 4213 2730 4264 ι,
2775 4198 2874 4268 5).
2915 4198 2998 4253 Ad
3047 4199 3356 4255 Corinthios
3402 4211 3579 4255 autem

1997 4305 2118 4346 cum
2143 4291 2161 4322 ¹
2183 4289 2310 4345 dicit
2321 4278 2552 4356 ,'Omnia
2572 4299 2736 4342 vestra
2777 4305 2891 4343 cum
2939 4289 3186 4345 charitatc
3215 4291 3342 4360 ﬁant
3401 4291 3582 4363 (lCor.

1997 4379 2278 4450 3",”);
2325 4379 2456 4435 satis
2499 4379 2754 4444 ostendit,
2802 4380 2960 4434 etiam
3015 4380 3159 4451 ipsas
3188 4382 3579 4454 correptiones,

1997 4485 2130 4542 quas
2151 4485 2368 4542 asperas
2394 4480 2450 4526 et
2491 4464 2702 4526 amaras
2753 4471 2990 4528 sentiunt
3035 4473 3124 4543 qui
3177 4474 3578 4545 corripiuntur,

1997 4579 2119 4619 cum
2141 4563 2396 4618 charitatc
2421 4577 2540 4618 esse
2563 4562 2849 4620 faciendas.
2877 4563 3031 4620 Unde
3049 4564 3174 4620 alibi
3191 4581 3312 4621 cum
3333 4565 3578 4632 dixisset,

1998 4653 2244 4725 Corripite
2267 4654 2511 4724 inquietos
2536 4697 2550 4719 ,
2575 4655 2906 4710 consolamini
2943 4656 3289 4726 pusillanimes
3309 4696 3325 4723 ,
3367 4657 3586 4726 suscipi-

1999 4756 2048 4801 te
2069 4747 2302 4816 inﬁrmos
2331 4762 2351 4800 :
2378 4749 2621 4818 patientes
2649 4756 2800 4802 estote
2839 4749 2910 4802 ad
2936 4765 3144 4814 omnes;
3173 4763 3293 4803 mox
3310 4748 3576 4815 adiunxit,

2007 4835 2182 4892 Videte
2204 4853 2266 4891 ne
2284 4839 2395 4907 quis
2427 4837 2616 4890 malum
2643 4855 2736 4910 pro
2786 4839 2921 4892 malo
2945 4837 3099 4892 alicui
3129 4839 3306 4892 reddat
3337 4837 3378 4911 (Ι
3405 4838 3583 4894 Thess.

1997 4944 2067 4994 ν,
2097 4929 2165 4983 14
2189 4971 2206 4996 ,
2247 4927 2384 4999 15).
2411 4929 2549 4999 Ergo
2590 4938 2645 4983 et
2688 4929 2901 4999 quando
2940 4929 3300 4997 corripiuntur
3339 4929 3578 5000 inquieti,

1999 5036 2104 5075 non
2156 5019 2353 5074 malum
2381 5035 2477 5090 pro
2524 5019 2684 5086 malo,
2714 5020 2808 5074 sed
2858 5019 3032 5090 potius
3073 5019 3272 5074 bonum
3321 5019 3579 5075 redditur.

2000 5111 2124 5166 llazc
2147 5119 2324 5166 autem
2345 5111 2520 5164 omnia
2547 5125 2665 5181 qua:
2689 5110 2790 5164 nisi
2817 5106 3048 5164 charitas
3074 5110 3372 5180 operatur?

2071 5204 2158 5260 55.
2194 5201 2262 5257 Et
2289 5201 2564 5274 apostolus
2613 5201 2835 5256 Petrus:
2859 5198 2990 5254 Ante
3023 5200 3212 5263 omnia,
3245 5201 3433 5271 inquit,
3464 5217 3580 5256 mu-

2001 5305 2141 5350 tuam
2189 5294 2321 5348 inter
2353 5310 2438 5348 vos
2466 5293 2762 5346 charitatem
2800 5299 3093 5363 perpetuam
3114 5293 3135 5322 ¹
3160 5291 3396 5345 habentes
3422 5333 3436 5356 ,
3461 5293 3583 5363 quia

2000 5386 2219 5439 charitas
2230 5384 2448 5456 cooperit
2465 5381 2828 5437 multitudinem
2842 5391 3158 5453 peccatorum
3175 5382 3221 5454 (1
3243 5381 3384 5437 Patr.
3407 5399 3483 5452 tv,
3503 5385 3580 5457 8).

2004 5477 2136 5532 Dicit
2157 5479 2314 5534 etiam
2342 5476 2615 5547 apostolus
2636 5474 2867 5532 Iacobus
2895 5493 2907 5531 :
2939 5475 3000 5532 Si
3025 5485 3192 5530 tamen
3233 5475 3391 5547 legem
3419 5479 3573 5549 per/i-

2066 5592 2094 5663 '.
2117 5587 2365 5663 Particula,
2392 5600 2519 5650 cum,
2559 5589 2986 5640 atevaniensibus
3023 5595 3077 5640 ct
3115 5601 3146 5639 a
3190 5587 3432 5638 nonnuliis
3469 5594 3578 5637 has.

2000 5659 2310 5825 “imitandi:
2331 5711 2512 5778 aliquot
2531 5719 2661 5775 uss,
2683 5717 2926 5778 perpetrm.
2954 5709 3160 5764 uelleris
3177 5717 3297 5763 notas
3317 5706 3454 5763 Mss,
3471 5715 3584 5766 μετ’·

2003 5789 2057 5825 υ(
2083 5788 2208 5825 nam.

2001 5788 2208 5838 prtumn.
