  <div class='ocr_page' id='page_1' title='image "/cluster/home/n/w/nwhite01/storage/ocr_20150623/44/hvd.32044069687945/457.png"; bbox 0 0 4014 6186; ppageno 0'>
   <div class='ocr_carea' id='block_1_1' title="bbox 401 377 511 436">
    <p class='ocr_par' dir='ltr' id='par_1_1' title="bbox 401 377 511 436">
     <span class='ocr_line' id='line_1_1' title="bbox 401 377 511 436; baseline -0.018 0"><span class='ocrx_word' id='word_1_1' title='bbox 401 377 511 436; x_wconf 62' lang='grc' dir='ltr'><strong><em>9ίῶ</em></strong></span> 
     </span>
    </p>
   </div>
   <div class='ocr_carea' id='block_1_2' title="bbox 400 556 1982 652">
    <p class='ocr_par' dir='ltr' id='par_1_2' title="bbox 400 556 1982 652">
     <span class='ocr_line' id='line_1_2' title="bbox 400 556 1982 652; baseline -0.016 -14"><span class='ocrx_word' id='word_1_2' title='bbox 400 597 541 640; x_wconf 83' lang='grc' dir='ltr'>ιιιιιιιι</span> <span class='ocrx_word' id='word_1_3' title='bbox 568 556 803 652; x_wconf 76' lang='lat' dir='ltr'><strong><em>tanquam</em></strong></span> <span class='ocrx_word' id='word_1_4' title='bbox 831 587 878 631; x_wconf 88' lang='lat' dir='ltr'><strong><em>te</em></strong></span> <span class='ocrx_word' id='word_1_5' title='bbox 924 575 1112 645; x_wconf 85' lang='lat' dir='ltr'><strong><em>ipsum,</em></strong></span> <span class='ocrx_word' id='word_1_6' title='bbox 1157 568 1278 623; x_wconf 79' lang='lat' dir='ltr'><strong><em>bene</em></strong></span> <span class='ocrx_word' id='word_1_7' title='bbox 1327 567 1492 637; x_wconf 83' lang='lat' dir='ltr'><strong><em>facitis</em></strong></span> <span class='ocrx_word' id='word_1_8' title='bbox 1542 559 1759 635; x_wconf 82' lang='lat' dir='ltr'><strong><em>(Jacobi</em></strong></span> <span class='ocrx_word' id='word_1_9' title='bbox 1786 575 1841 623; x_wconf 90' lang='grc' dir='ltr'><strong><em>ιι,</em></strong></span> <span class='ocrx_word' id='word_1_10' title='bbox 1885 556 1982 626; x_wconf 77' lang='lat'><strong><em>8).</em></strong></span> 
     </span>
    </p>
   </div>
   <div class='ocr_carea' id='block_1_3' title="bbox 406 650 1986 736">
    <p class='ocr_par' dir='ltr' id='par_1_3' title="bbox 406 650 1986 736">
     <span class='ocr_line' id='line_1_3' title="bbox 406 650 1986 736; baseline -0.017 -8"><span class='ocrx_word' id='word_1_11' title='bbox 406 678 533 732; x_wconf 90' lang='lat' dir='ltr'><strong><em>Item</em></strong></span> <span class='ocrx_word' id='word_1_12' title='bbox 558 650 791 729; x_wconf 83' lang='lat' dir='ltr'><strong><em>Joannes</em></strong></span> <span class='ocrx_word' id='word_1_13' title='bbox 833 665 1144 736; x_wconf 77' lang='lat' dir='ltr'><strong><em>apostolus:</em></strong></span> <span class='ocrx_word' id='word_1_14' title='bbox 1195 659 1294 726; x_wconf 85' lang='lat' dir='ltr'><strong><em>Qui</em></strong></span> <span class='ocrx_word' id='word_1_15' title='bbox 1336 657 1520 728; x_wconf 87' lang='lat' dir='ltr'><strong><em>diligit,</em></strong></span> <span class='ocrx_word' id='word_1_16' title='bbox 1553 652 1744 722; x_wconf 88' lang='lat' dir='ltr'><strong><em>inquit,</em></strong></span> <span class='ocrx_word' id='word_1_17' title='bbox 1777 650 1986 720; x_wconf 86' lang='lat' dir='ltr'><strong><em>fratrem</em></strong></span> 
     </span>
    </p>
   </div>
   <div class='ocr_carea' id='block_1_4' title="bbox 400 740 1984 831">
    <p class='ocr_par' dir='ltr' id='par_1_4' title="bbox 400 740 1984 831">
     <span class='ocr_line' id='line_1_4' title="bbox 400 740 1984 831; baseline -0.018 -10"><span class='ocrx_word' id='word_1_18' title='bbox 400 782 570 831; x_wconf 84' lang='lat' dir='ltr'><strong><em>suum,</em></strong></span> <span class='ocrx_word' id='word_1_19' title='bbox 596 764 648 818; x_wconf 89' lang='lat' dir='ltr'><strong><em>in</em></strong></span> <span class='ocrx_word' id='word_1_20' title='bbox 678 759 866 814; x_wconf 79' lang='lat' dir='ltr'><strong><em>lumine</em></strong></span> <span class='ocrx_word' id='word_1_21' title='bbox 891 764 1054 810; x_wconf 88' lang='lat' dir='ltr'><strong><em>manet</em></strong></span> <span class='ocrx_word' id='word_1_22' title='bbox 1081 751 1101 825; x_wconf 91' lang='lat'><strong><em>(</em></strong></span> <span class='ocrx_word' id='word_1_23' title='bbox 1130 751 1148 806; x_wconf 94' lang='lat' dir='ltr'><strong><em>l</em></strong></span> <span class='ocrx_word' id='word_1_24' title='bbox 1173 750 1335 805; x_wconf 85' lang='lat' dir='ltr'><strong><em>Joan.</em></strong></span> <span class='ocrx_word' id='word_1_25' title='bbox 1359 763 1418 811; x_wconf 85' lang='grc' dir='ltr'><strong><em>ιι,</em></strong></span> <span class='ocrx_word' id='word_1_26' title='bbox 1445 745 1510 802; x_wconf 81' lang='grc'><strong><em>10</em></strong></span> <span class='ocrx_word' id='word_1_27' title='bbox 1529 743 1662 817; x_wconf 66' lang='grc' dir='ltr'><strong>).οΕι</strong></span> <span class='ocrx_word' id='word_1_28' title='bbox 1683 743 1788 797; x_wconf 88' lang='lat' dir='ltr'><strong><em>alio</em></strong></span> <span class='ocrx_word' id='word_1_29' title='bbox 1835 740 1984 793; x_wconf 87' lang='lat' dir='ltr'><strong><em>loco:</em></strong></span> 
     </span>
    </p>
   </div>
   <div class='ocr_carea' id='block_1_5' title="bbox 404 827 1988 924">
    <p class='ocr_par' dir='ltr' id='par_1_5' title="bbox 404 827 1988 924">
     <span class='ocr_line' id='line_1_5' title="bbox 404 827 1988 924; baseline -0.02 -14"><span class='ocrx_word' id='word_1_30' title='bbox 404 856 506 924; x_wconf 84' lang='lat' dir='ltr'><strong><em>Qui</em></strong></span> <span class='ocrx_word' id='word_1_31' title='bbox 532 827 630 908; x_wconf 76' lang='lat' dir='ltr'><strong><em>non</em></strong></span> <span class='ocrx_word' id='word_1_32' title='bbox 647 861 719 907; x_wconf 88' lang='lat' dir='ltr'><strong><em>est</em></strong></span> <span class='ocrx_word' id='word_1_33' title='bbox 747 851 942 922; x_wconf 87' lang='lat' dir='ltr'><strong><em>justus,</em></strong></span> <span class='ocrx_word' id='word_1_34' title='bbox 971 861 1071 899; x_wconf 90' lang='lat' dir='ltr'><strong><em>non</em></strong></span> <span class='ocrx_word' id='word_1_35' title='bbox 1097 851 1170 897; x_wconf 86' lang='lat' dir='ltr'><strong><em>est</em></strong></span> <span class='ocrx_word' id='word_1_36' title='bbox 1189 857 1256 902; x_wconf 78' lang='lat' dir='ltr'><strong><em>ea:</em></strong></span> <span class='ocrx_word' id='word_1_37' title='bbox 1288 838 1414 906; x_wconf 91' lang='lat' dir='ltr'><strong><em>Deo,</em></strong></span> <span class='ocrx_word' id='word_1_38' title='bbox 1452 846 1498 890; x_wconf 82' lang='lat' dir='ltr'><strong><em>et</em></strong></span> <span class='ocrx_word' id='word_1_39' title='bbox 1541 835 1626 906; x_wconf 88' lang='lat' dir='ltr'><strong><em>qui</em></strong></span> <span class='ocrx_word' id='word_1_40' title='bbox 1667 848 1770 886; x_wconf 88' lang='lat' dir='ltr'><strong><em>non</em></strong></span> <span class='ocrx_word' id='word_1_41' title='bbox 1817 827 1988 898; x_wconf 88' lang='lat' dir='ltr'><strong><em>diligit</em></strong></span> 
     </span>
    </p>
   </div>
   <div class='ocr_carea' id='block_1_6' title="bbox 402 919 1988 1016">
    <p class='ocr_par' dir='ltr' id='par_1_6' title="bbox 402 919 1988 1016">
     <span class='ocr_line' id='line_1_6' title="bbox 402 919 1988 1016; baseline -0.02 -15"><span class='ocrx_word' id='word_1_42' title='bbox 402 948 610 1016; x_wconf 90' lang='lat' dir='ltr'><strong><em>fratrem</em></strong></span> <span class='ocrx_word' id='word_1_43' title='bbox 634 958 782 996; x_wconf 89' lang='lat' dir='ltr'><strong><em>suum</em></strong></span> <span class='ocrx_word' id='word_1_44' title='bbox 811 957 830 994; x_wconf 91' lang='lat'><strong><em>:</em></strong></span> <span class='ocrx_word' id='word_1_45' title='bbox 851 937 968 1008; x_wconf 90' lang='lat' dir='ltr'><strong><em>quia</em></strong></span> <span class='ocrx_word' id='word_1_46' title='bbox 992 937 1098 989; x_wconf 72' lang='lat' dir='ltr'><strong><em>hazc</em></strong></span> <span class='ocrx_word' id='word_1_47' title='bbox 1124 941 1194 987; x_wconf 90' lang='lat' dir='ltr'><strong><em>est</em></strong></span> <span class='ocrx_word' id='word_1_48' title='bbox 1229 927 1548 984; x_wconf 86' lang='lat' dir='ltr'><strong><em>annuntiatio</em></strong></span> <span class='ocrx_word' id='word_1_49' title='bbox 1589 939 1744 994; x_wconf 87' lang='lat' dir='ltr'><strong><em>quam</em></strong></span> <span class='ocrx_word' id='word_1_50' title='bbox 1790 919 1988 972; x_wconf 79' lang='lat' dir='ltr'><strong><em>audiri-</em></strong></span> 
     </span>
    </p>
   </div>
   <div class='ocr_carea' id='block_1_7' title="bbox 407 1010 1986 1098">
    <p class='ocr_par' dir='ltr' id='par_1_7' title="bbox 407 1010 1986 1098">
     <span class='ocr_line' id='line_1_7' title="bbox 407 1010 1986 1098; baseline -0.021 -4"><span class='ocrx_word' id='word_1_51' title='bbox 407 1010 518 1094; x_wconf 69' lang='lat' dir='ltr'><strong><em>inus</em></strong></span> <span class='ocrx_word' id='word_1_52' title='bbox 551 1037 613 1090; x_wconf 88' lang='lat' dir='ltr'><strong><em>ab</em></strong></span> <span class='ocrx_word' id='word_1_53' title='bbox 643 1035 808 1096; x_wconf 87' lang='lat' dir='ltr'><strong><em>initio,</em></strong></span> <span class='ocrx_word' id='word_1_54' title='bbox 853 1043 909 1085; x_wconf 90' lang='lat' dir='ltr'><strong><em>ut</em></strong></span> <span class='ocrx_word' id='word_1_55' title='bbox 961 1028 1233 1098; x_wconf 77' lang='lat' dir='ltr'><strong><em>diligamus</em></strong></span> <span class='ocrx_word' id='word_1_56' title='bbox 1276 1022 1506 1076; x_wconf 83' lang='lat' dir='ltr'><strong><em>invicem.</em></strong></span> <span class='ocrx_word' id='word_1_57' title='bbox 1545 1017 1780 1084; x_wconf 86' lang='lat' dir='ltr'><strong><em>Itemque</em></strong></span> <span class='ocrx_word' id='word_1_58' title='bbox 1823 1010 1986 1065; x_wconf 88' lang='lat' dir='ltr'><strong><em>alibi:</em></strong></span> 
     </span>
    </p>
   </div>
   <div class='ocr_carea' id='block_1_8' title="bbox 411 1103 1990 1197">
    <p class='ocr_par' dir='ltr' id='par_1_8' title="bbox 411 1103 1990 1197">
     <span class='ocr_line' id='line_1_8' title="bbox 411 1103 1990 1197; baseline -0.018 -13"><span class='ocrx_word' id='word_1_59' title='bbox 411 1129 522 1184; x_wconf 82' lang='lat' dir='ltr'><strong><em>Hoc</em></strong></span> <span class='ocrx_word' id='word_1_60' title='bbox 550 1139 644 1194; x_wconf 89' lang='lat' dir='ltr'><strong><em>est,</em></strong></span> <span class='ocrx_word' id='word_1_61' title='bbox 675 1125 865 1197; x_wconf 89' lang='lat' dir='ltr'><strong><em>inquit,</em></strong></span> <span class='ocrx_word' id='word_1_62' title='bbox 894 1121 1190 1176; x_wconf 87' lang='lat' dir='ltr'><strong><em>mandatum</em></strong></span> <span class='ocrx_word' id='word_1_63' title='bbox 1218 1114 1358 1170; x_wconf 89' lang='lat' dir='ltr'><strong><em>illius</em></strong></span> <span class='ocrx_word' id='word_1_64' title='bbox 1377 1155 1392 1180; x_wconf 92' lang='lat'><strong><em>,</em></strong></span> <span class='ocrx_word' id='word_1_65' title='bbox 1419 1123 1472 1165; x_wconf 86' lang='lat' dir='ltr'><strong><em>ut</em></strong></span> <span class='ocrx_word' id='word_1_66' title='bbox 1503 1110 1769 1166; x_wconf 89' lang='lat' dir='ltr'><strong><em>credamus</em></strong></span> <span class='ocrx_word' id='word_1_67' title='bbox 1797 1103 1990 1158; x_wconf 90' lang='lat' dir='ltr'><strong><em>nomini</em></strong></span> 
     </span>
    </p>
   </div>
   <div class='ocr_carea' id='block_1_9' title="bbox 409 1193 1988 1290">
    <p class='ocr_par' dir='ltr' id='par_1_9' title="bbox 409 1193 1988 1290">
     <span class='ocr_line' id='line_1_9' title="bbox 409 1193 1988 1290; baseline -0.019 -14"><span class='ocrx_word' id='word_1_68' title='bbox 409 1221 536 1278; x_wconf 76' lang='lat' dir='ltr'><strong><em>Filii</em></strong></span> <span class='ocrx_word' id='word_1_69' title='bbox 559 1220 668 1290; x_wconf 88' lang='lat' dir='ltr'><strong><em>ejus</em></strong></span> <span class='ocrx_word' id='word_1_70' title='bbox 690 1193 816 1272; x_wconf 71' lang='lat' dir='ltr'><strong><em>Jestt</em></strong></span> <span class='ocrx_word' id='word_1_71' title='bbox 837 1211 1048 1276; x_wconf 85' lang='lat' dir='ltr'><strong><em>Christi,</em></strong></span> <span class='ocrx_word' id='word_1_72' title='bbox 1092 1218 1140 1264; x_wconf 89' lang='lat' dir='ltr'><strong><em>et</em></strong></span> <span class='ocrx_word' id='word_1_73' title='bbox 1193 1207 1467 1276; x_wconf 84' lang='lat' dir='ltr'><strong><em>diligamus</em></strong></span> <span class='ocrx_word' id='word_1_74' title='bbox 1507 1201 1718 1254; x_wconf 84' lang='lat' dir='ltr'><strong><em>invicem</em></strong></span> <span class='ocrx_word' id='word_1_75' title='bbox 1745 1196 1766 1270; x_wconf 86' lang='lat'><strong><em>(</em></strong></span> <span class='ocrx_word' id='word_1_76' title='bbox 1797 1193 1880 1249; x_wconf 91' lang='lat' dir='ltr'><strong><em>ld.</em></strong></span> <span class='ocrx_word' id='word_1_77' title='bbox 1910 1209 1988 1257; x_wconf 90' lang='grc' dir='ltr'>ιιι,</span> 
     </span>
    </p>
   </div>
   <div class='ocr_carea' id='block_1_10' title="bbox 409 1287 1978 1382">
    <p class='ocr_par' dir='ltr' id='par_1_10' title="bbox 409 1287 1978 1382">
     <span class='ocr_line' id='line_1_10' title="bbox 409 1287 1978 1382; baseline -0.019 -13"><span class='ocrx_word' id='word_1_78' title='bbox 409 1315 496 1376; x_wconf 84' lang='grc' dir='ltr'>ιο,</span> <span class='ocrx_word' id='word_1_79' title='bbox 519 1287 592 1367; x_wconf 60' lang='lat'>23</span> <span class='ocrx_word' id='word_1_80' title='bbox 619 1315 660 1382; x_wconf 91' lang='lat'><strong><em>).</em></strong></span> <span class='ocrx_word' id='word_1_81' title='bbox 715 1311 780 1363; x_wconf 83' lang='lat' dir='ltr'><strong><em>Et</em></strong></span> <span class='ocrx_word' id='word_1_82' title='bbox 807 1309 998 1362; x_wconf 96' lang='lat' dir='ltr'><strong><em>iterum</em></strong></span> <span class='ocrx_word' id='word_1_83' title='bbox 1029 1321 1042 1356; x_wconf 93' lang='lat'><strong>:</strong></span> <span class='ocrx_word' id='word_1_84' title='bbox 1084 1299 1214 1365; x_wconf 85' lang='lat' dir='ltr'><strong><em>Hoc,</em></strong></span> <span class='ocrx_word' id='word_1_85' title='bbox 1257 1297 1447 1368; x_wconf 91' lang='lat' dir='ltr'><strong><em>inquit,</em></strong></span> <span class='ocrx_word' id='word_1_86' title='bbox 1480 1291 1777 1346; x_wconf 86' lang='lat' dir='ltr'><strong><em>mandatum</em></strong></span> <span class='ocrx_word' id='word_1_87' title='bbox 1820 1287 1978 1341; x_wconf 85' lang='lat' dir='ltr'><strong><em>habe-</em></strong></span> 
     </span>
    </p>
   </div>
   <div class='ocr_carea' id='block_1_11' title="bbox 406 1383 1994 1472">
    <p class='ocr_par' dir='ltr' id='par_1_11' title="bbox 406 1383 1994 1472">
     <span class='ocr_line' id='line_1_11' title="bbox 406 1383 1994 1472; baseline -0.02 -11"><span class='ocrx_word' id='word_1_88' title='bbox 406 1405 601 1460; x_wconf 84' lang='lat' dir='ltr'><strong><em>musab</em></strong></span> <span class='ocrx_word' id='word_1_89' title='bbox 639 1403 772 1472; x_wconf 85' lang='lat' dir='ltr'><strong><em>ipso,</em></strong></span> <span class='ocrx_word' id='word_1_90' title='bbox 818 1409 873 1452; x_wconf 86' lang='lat' dir='ltr'><strong><em>ut</em></strong></span> <span class='ocrx_word' id='word_1_91' title='bbox 924 1397 1009 1464; x_wconf 87' lang='lat' dir='ltr'><strong><em>qui</em></strong></span> <span class='ocrx_word' id='word_1_92' title='bbox 1051 1393 1217 1464; x_wconf 89' lang='lat' dir='ltr'><strong><em>diligit</em></strong></span> <span class='ocrx_word' id='word_1_93' title='bbox 1250 1389 1432 1454; x_wconf 88' lang='lat' dir='ltr'><strong><em>Deum,</em></strong></span> <span class='ocrx_word' id='word_1_94' title='bbox 1475 1383 1656 1456; x_wconf 89' lang='lat' dir='ltr'><strong><em>diligat</em></strong></span> <span class='ocrx_word' id='word_1_95' title='bbox 1699 1391 1745 1436; x_wconf 93' lang='lat' dir='ltr'><strong><em>et</em></strong></span> <span class='ocrx_word' id='word_1_96' title='bbox 1782 1384 1994 1450; x_wconf 84' lang='lat' dir='ltr'><strong><em>fratrem</em></strong></span> 
     </span>
    </p>
   </div>
   <div class='ocr_carea' id='block_1_12' title="bbox 407 1472 1996 1568">
    <p class='ocr_par' dir='ltr' id='par_1_12' title="bbox 407 1472 1996 1568">
     <span class='ocr_line' id='line_1_12' title="bbox 407 1472 1996 1568; baseline -0.019 -17"><span class='ocrx_word' id='word_1_97' title='bbox 407 1513 556 1552; x_wconf 86' lang='lat' dir='ltr'><strong><em>suum</em></strong></span> <span class='ocrx_word' id='word_1_98' title='bbox 583 1493 694 1568; x_wconf 89' lang='lat' dir='ltr'><strong><em>(ld.</em></strong></span> <span class='ocrx_word' id='word_1_99' title='bbox 723 1508 798 1558; x_wconf 82' lang='lat' dir='ltr'><strong><em>tv,</em></strong></span> <span class='ocrx_word' id='word_1_100' title='bbox 827 1489 942 1557; x_wconf 75' lang='lat'><strong><em>2|).</em></strong></span> <span class='ocrx_word' id='word_1_101' title='bbox 969 1487 1033 1541; x_wconf 85' lang='lat' dir='ltr'><strong><em>Et</em></strong></span> <span class='ocrx_word' id='word_1_102' title='bbox 1063 1483 1220 1555; x_wconf 86' lang='lat' dir='ltr'><strong><em>paulo</em></strong></span> <span class='ocrx_word' id='word_1_103' title='bbox 1264 1490 1381 1552; x_wconf 89' lang='lat' dir='ltr'><strong><em>post</em></strong></span> <span class='ocrx_word' id='word_1_104' title='bbox 1407 1475 1508 1532; x_wconf 88' lang='lat' dir='ltr'><strong><em>:In</em></strong></span> <span class='ocrx_word' id='word_1_105' title='bbox 1530 1477 1645 1541; x_wconf 81' lang='lat' dir='ltr'><strong><em>hoc,</em></strong></span> <span class='ocrx_word' id='word_1_106' title='bbox 1675 1472 1865 1544; x_wconf 79' lang='lat' dir='ltr'><strong><em>inquit.</em></strong></span> <span class='ocrx_word' id='word_1_107' title='bbox 1909 1485 1996 1523; x_wconf 85' lang='lat' dir='ltr'><strong><em>co-</em></strong></span> 
     </span>
    </p>
   </div>
   <div class='ocr_carea' id='block_1_13' title="bbox 408 1560 1998 1661">
    <p class='ocr_par' dir='ltr' id='par_1_13' title="bbox 408 1560 1998 1661">
     <span class='ocr_line' id='line_1_13' title="bbox 408 1560 1998 1661; baseline -0.018 -20"><span class='ocrx_word' id='word_1_108' title='bbox 408 1560 716 1661; x_wconf 83' lang='lat' dir='ltr'><strong><em>gnoscimus,</em></strong></span> <span class='ocrx_word' id='word_1_109' title='bbox 755 1581 873 1652; x_wconf 88' lang='lat' dir='ltr'><strong><em>quia</em></strong></span> <span class='ocrx_word' id='word_1_110' title='bbox 888 1577 1145 1648; x_wconf 87' lang='lat' dir='ltr'><strong><em>diligimus</em></strong></span> <span class='ocrx_word' id='word_1_111' title='bbox 1173 1573 1307 1642; x_wconf 86' lang='lat' dir='ltr'><strong><em>filios</em></strong></span> <span class='ocrx_word' id='word_1_112' title='bbox 1333 1569 1450 1633; x_wconf 90' lang='lat' dir='ltr'><strong><em>Dei,</em></strong></span> <span class='ocrx_word' id='word_1_113' title='bbox 1477 1583 1594 1620; x_wconf 89' lang='lat' dir='ltr'><strong><em>cum</em></strong></span> <span class='ocrx_word' id='word_1_114' title='bbox 1619 1564 1778 1619; x_wconf 88' lang='lat' dir='ltr'><strong><em>Deum</em></strong></span> <span class='ocrx_word' id='word_1_115' title='bbox 1823 1560 1998 1631; x_wconf 82' lang='lat' dir='ltr'><strong><em>diligi-</em></strong></span> 
     </span>
    </p>
   </div>
   <div class='ocr_carea' id='block_1_14' title="bbox 409 1652 1998 1746">
    <p class='ocr_par' dir='ltr' id='par_1_14' title="bbox 409 1652 1998 1746">
     <span class='ocr_line' id='line_1_14' title="bbox 409 1652 1998 1746; baseline -0.018 -13"><span class='ocrx_word' id='word_1_116' title='bbox 409 1652 542 1744; x_wconf 67' lang='lat' dir='ltr'><strong><em>inus,</em></strong></span> <span class='ocrx_word' id='word_1_117' title='bbox 580 1686 626 1732; x_wconf 88' lang='lat' dir='ltr'><strong><em>et</em></strong></span> <span class='ocrx_word' id='word_1_118' title='bbox 663 1682 914 1746; x_wconf 75' lang='lat' dir='ltr'><strong><em>prwcepta</em></strong></span> <span class='ocrx_word' id='word_1_119' title='bbox 960 1670 1068 1742; x_wconf 87' lang='lat' dir='ltr'><strong><em>ejus</em></strong></span> <span class='ocrx_word' id='word_1_120' title='bbox 1095 1666 1348 1737; x_wconf 82' lang='lat' dir='ltr'><strong><em>facimus:</em></strong></span> <span class='ocrx_word' id='word_1_121' title='bbox 1383 1659 1506 1714; x_wconf 78' lang='lat' dir='ltr'><strong><em>litvo</em></strong></span> <span class='ocrx_word' id='word_1_122' title='bbox 1543 1667 1613 1713; x_wconf 87' lang='lat' dir='ltr'><strong><em>est</em></strong></span> <span class='ocrx_word' id='word_1_123' title='bbox 1637 1657 1770 1712; x_wconf 86' lang='lat' dir='ltr'><strong><em>enim</em></strong></span> <span class='ocrx_word' id='word_1_124' title='bbox 1795 1652 1998 1708; x_wconf 88' lang='lat' dir='ltr'><strong><em>dilectio</em></strong></span> 
     </span>
    </p>
   </div>
   <div class='ocr_carea' id='block_1_15' title="bbox 411 1747 2000 1839">
    <p class='ocr_par' dir='ltr' id='par_1_15' title="bbox 411 1747 2000 1839">
     <span class='ocr_line' id='line_1_15' title="bbox 411 1747 2000 1839; baseline -0.02 -13"><span class='ocrx_word' id='word_1_125' title='bbox 411 1771 529 1838; x_wconf 86' lang='lat' dir='ltr'><strong><em>Dei,</em></strong></span> <span class='ocrx_word' id='word_1_126' title='bbox 555 1780 608 1824; x_wconf 90' lang='lat' dir='ltr'><strong><em>ut</em></strong></span> <span class='ocrx_word' id='word_1_127' title='bbox 635 1776 886 1839; x_wconf 79' lang='lat' dir='ltr'><strong><em>prrecepta</em></strong></span> <span class='ocrx_word' id='word_1_128' title='bbox 921 1763 1030 1835; x_wconf 84' lang='lat' dir='ltr'><strong><em>ejus</em></strong></span> <span class='ocrx_word' id='word_1_129' title='bbox 1060 1771 1328 1819; x_wconf 81' lang='lat' dir='ltr'><strong><em>seruemus,</em></strong></span> <span class='ocrx_word' id='word_1_130' title='bbox 1359 1763 1406 1808; x_wconf 88' lang='lat' dir='ltr'><strong><em>et</em></strong></span> <span class='ocrx_word' id='word_1_131' title='bbox 1455 1758 1705 1821; x_wconf 69' lang='lat' dir='ltr'><strong><em>pracepta</em></strong></span> <span class='ocrx_word' id='word_1_132' title='bbox 1733 1747 1841 1818; x_wconf 88' lang='lat' dir='ltr'><strong><em>ejus</em></strong></span> <span class='ocrx_word' id='word_1_133' title='bbox 1880 1759 2000 1815; x_wconf 80' lang='lat' dir='ltr'><strong><em>gra-</em></strong></span> 
     </span>
    </p>
   </div>
   <div class='ocr_carea' id='block_1_16' title="bbox 409 1829 2000 1928">
    <p class='ocr_par' dir='ltr' id='par_1_16' title="bbox 409 1829 2000 1928">
     <span class='ocr_line' id='line_1_16' title="bbox 409 1829 2000 1928; baseline -0.021 -9"><span class='ocrx_word' id='word_1_134' title='bbox 409 1866 491 1918; x_wconf 79' lang='lat' dir='ltr'><strong><em>eia</em></strong></span> <span class='ocrx_word' id='word_1_135' title='bbox 517 1829 1002 1928; x_wconf 34' lang='lat' dir='ltr'><strong><em>nou&#39;sunt(&#39;ld.vv,</em></strong></span> <span class='ocrx_word' id='word_1_136' title='bbox 1045 1849 1102 1912; x_wconf 75' lang='grc'>2,</span> <span class='ocrx_word' id='word_1_137' title='bbox 1131 1849 1167 1904; x_wconf 74' lang='lat'><strong>3</strong></span> <span class='ocrx_word' id='word_1_138' title='bbox 1191 1846 1233 1918; x_wconf 95' lang='lat'><strong><em>).</em></strong></span> <span class='ocrx_word' id='word_1_139' title='bbox 1263 1844 1329 1900; x_wconf 85' lang='lat' dir='ltr'><strong><em>Et</em></strong></span> <span class='ocrx_word' id='word_1_140' title='bbox 1369 1843 1422 1896; x_wconf 90' lang='lat' dir='ltr'><strong><em>in</em></strong></span> <span class='ocrx_word' id='word_1_141' title='bbox 1477 1837 1716 1910; x_wconf 81' lang='lat' dir='ltr'><strong><em>Epistula</em></strong></span> <span class='ocrx_word' id='word_1_142' title='bbox 1766 1829 2000 1928; x_wconf 80' lang='lat' dir='ltr'><strong><em>secunda</em></strong></span> 
     </span>
    </p>
   </div>
   <div class='ocr_carea' id='block_1_17' title="bbox 410 1924 2002 2024">
    <p class='ocr_par' dir='ltr' id='par_1_17' title="bbox 410 1924 2002 2024">
     <span class='ocr_line' id='line_1_17' title="bbox 410 1924 2002 2024; baseline -0.022 -14"><span class='ocrx_word' id='word_1_143' title='bbox 410 1955 668 2024; x_wconf 85' lang='lat' dir='ltr'><strong><em>scriptum</em></strong></span> <span class='ocrx_word' id='word_1_144' title='bbox 693 1924 819 2004; x_wconf 23' lang='lat' dir='ltr'><strong><em>esti:</em></strong></span> <span class='ocrx_word' id='word_1_145' title='bbox 855 1943 976 1999; x_wconf 85' lang='lat' dir='ltr'><strong><em>Non</em></strong></span> <span class='ocrx_word' id='word_1_146' title='bbox 1016 1940 1163 2012; x_wconf 87' lang='lat' dir='ltr'><strong><em>quasi</em></strong></span> <span class='ocrx_word' id='word_1_147' title='bbox 1215 1942 1522 2013; x_wconf 73' lang='lat' dir='ltr'><strong><em>princeptum</em></strong></span> <span class='ocrx_word' id='word_1_148' title='bbox 1569 1944 1750 1983; x_wconf 83' lang='lat' dir='ltr'><strong><em>novum</em></strong></span> <span class='ocrx_word' id='word_1_149' title='bbox 1780 1924 2002 1980; x_wconf 88' lang='lat' dir='ltr'><strong><em>scribam</em></strong></span> 
     </span>
    </p>
   </div>
   <div class='ocr_carea' id='block_1_18' title="bbox 414 2016 1999 2112">
    <p class='ocr_par' dir='ltr' id='par_1_18' title="bbox 414 2016 1999 2112">
     <span class='ocr_line' id='line_1_18' title="bbox 414 2016 1999 2112; baseline -0.021 -12"><span class='ocrx_word' id='word_1_150' title='bbox 414 2016 539 2111; x_wconf 54' lang='lat' dir='ltr'><strong><em>tibi;</em></strong></span> <span class='ocrx_word' id='word_1_151' title='bbox 555 2042 644 2096; x_wconf 90' lang='lat' dir='ltr'><strong><em>sed</em></strong></span> <span class='ocrx_word' id='word_1_152' title='bbox 670 2039 805 2112; x_wconf 87' lang='lat' dir='ltr'><strong><em>quod</em></strong></span> <span class='ocrx_word' id='word_1_153' title='bbox 828 2035 1095 2104; x_wconf 72' lang='lat' dir='ltr'><strong><em>[tabuimus</em></strong></span> <span class='ocrx_word' id='word_1_154' title='bbox 1123 2029 1184 2083; x_wconf 86' lang='lat' dir='ltr'><strong><em>ab</em></strong></span> <span class='ocrx_word' id='word_1_155' title='bbox 1223 2029 1388 2091; x_wconf 91' lang='lat' dir='ltr'><strong><em>initio,</em></strong></span> <span class='ocrx_word' id='word_1_156' title='bbox 1413 2033 1466 2077; x_wconf 87' lang='lat' dir='ltr'><strong><em>ut</em></strong></span> <span class='ocrx_word' id='word_1_157' title='bbox 1489 2019 1763 2092; x_wconf 89' lang='lat' dir='ltr'><strong><em>diligamus</em></strong></span> <span class='ocrx_word' id='word_1_158' title='bbox 1783 2016 1999 2071; x_wconf 78' lang='lat' dir='ltr'><strong><em>invicem</em></strong></span> 
     </span>
    </p>
   </div>
   <div class='ocr_carea' id='block_1_19' title="bbox 420 2129 828 2208">
    <p class='ocr_par' dir='ltr' id='par_1_19' title="bbox 420 2129 828 2208">
     <span class='ocr_line' id='line_1_19' title="bbox 420 2129 828 2208; baseline -0.017 -18"><span class='ocrx_word' id='word_1_159' title='bbox 420 2135 502 2208; x_wconf 90' lang='lat' dir='ltr'><strong><em>(ll</em></strong></span> <span class='ocrx_word' id='word_1_160' title='bbox 527 2133 687 2189; x_wconf 85' lang='lat' dir='ltr'><strong><em>Joan.</em></strong></span> <span class='ocrx_word' id='word_1_161' title='bbox 719 2131 753 2186; x_wconf 84' lang='lat'><strong>5</strong></span> <span class='ocrx_word' id='word_1_162' title='bbox 785 2129 828 2200; x_wconf 90' lang='lat'><strong><em>).</em></strong></span> 
     </span>
    </p>
   </div>
   <div class='ocr_carea' id='block_1_20' title="bbox 486 2219 2006 2308">
    <p class='ocr_par' dir='ltr' id='par_1_20' title="bbox 486 2219 2006 2308">
     <span class='ocr_line' id='line_1_20' title="bbox 486 2219 2006 2308; baseline -0.022 -3"><span class='ocrx_word' id='word_1_163' title='bbox 486 2247 578 2304; x_wconf 79' lang='lat'><strong><em>56.</em></strong></span> <span class='ocrx_word' id='word_1_164' title='bbox 605 2245 735 2299; x_wconf 84' lang='lat' dir='ltr'><strong><em>lticit</em></strong></span> <span class='ocrx_word' id='word_1_165' title='bbox 762 2241 921 2295; x_wconf 88' lang='lat' dir='ltr'><strong><em>etiam</em></strong></span> <span class='ocrx_word' id='word_1_166' title='bbox 951 2239 1064 2308; x_wconf 85' lang='lat' dir='ltr'><strong><em>ipse</em></strong></span> <span class='ocrx_word' id='word_1_167' title='bbox 1088 2232 1344 2290; x_wconf 82' lang='lat' dir='ltr'><strong><em>Dominus</em></strong></span> <span class='ocrx_word' id='word_1_168' title='bbox 1367 2227 1544 2290; x_wconf 87' lang='lat' dir='ltr'><strong><em>Jesns,</em></strong></span> <span class='ocrx_word' id='word_1_169' title='bbox 1569 2225 1622 2280; x_wconf 92' lang='lat' dir='ltr'><strong><em>in</em></strong></span> <span class='ocrx_word' id='word_1_170' title='bbox 1643 2219 1850 2279; x_wconf 87' lang='lat' dir='ltr'><strong><em>duobus</em></strong></span> <span class='ocrx_word' id='word_1_171' title='bbox 1873 2234 2006 2288; x_wconf 72' lang='lat' dir='ltr'><strong><em>pne-</em></strong></span> 
     </span>
    </p>
   </div>
   <div class='ocr_carea' id='block_1_21' title="bbox 415 2311 2008 2410">
    <p class='ocr_par' dir='ltr' id='par_1_21' title="bbox 415 2311 2008 2410">
     <span class='ocr_line' id='line_1_21' title="bbox 415 2311 2008 2410; baseline -0.021 -12"><span class='ocrx_word' id='word_1_172' title='bbox 415 2339 588 2410; x_wconf 87' lang='lat' dir='ltr'><strong><em>ecptis</em></strong></span> <span class='ocrx_word' id='word_1_173' title='bbox 608 2331 908 2392; x_wconf 85' lang='lat' dir='ltr'><strong><em>dilectionis</em></strong></span> <span class='ocrx_word' id='word_1_174' title='bbox 935 2329 1032 2386; x_wconf 79' lang='lat' dir='ltr'><strong><em>Dei</em></strong></span> <span class='ocrx_word' id='word_1_175' title='bbox 1061 2337 1116 2382; x_wconf 89' lang='lat' dir='ltr'><strong><em>et</em></strong></span> <span class='ocrx_word' id='word_1_176' title='bbox 1142 2322 1442 2380; x_wconf 79' lang='lat' dir='ltr'><strong><em>dilectionis</em></strong></span> <span class='ocrx_word' id='word_1_177' title='bbox 1471 2317 1696 2390; x_wconf 74' lang='lat' dir='ltr'><strong><em>proximi</em></strong></span> <span class='ocrx_word' id='word_1_178' title='bbox 1721 2325 1883 2370; x_wconf 88' lang='lat' dir='ltr'><strong><em>totam</em></strong></span> <span class='ocrx_word' id='word_1_179' title='bbox 1909 2311 2008 2366; x_wconf 83' lang='lat' dir='ltr'><strong><em>Le-</em></strong></span> 
     </span>
    </p>
   </div>
   <div class='ocr_carea' id='block_1_22' title="bbox 417 2400 2010 2502">
    <p class='ocr_par' dir='ltr' id='par_1_22' title="bbox 417 2400 2010 2502">
     <span class='ocr_line' id='line_1_22' title="bbox 417 2400 2010 2502; baseline -0.018 -19"><span class='ocrx_word' id='word_1_180' title='bbox 417 2400 537 2502; x_wconf 69' lang='lat' dir='ltr'><strong><em>gein</em></strong></span> <span class='ocrx_word' id='word_1_181' title='bbox 568 2425 960 2500; x_wconf 79' lang='lat' dir='ltr'><strong><em>Prophetasqne</em></strong></span> <span class='ocrx_word' id='word_1_182' title='bbox 989 2418 1221 2488; x_wconf 87' lang='lat' dir='ltr'><strong><em>pemlcrc</em></strong></span> <span class='ocrx_word' id='word_1_183' title='bbox 1247 2411 1460 2477; x_wconf 79' lang='lat' dir='ltr'><strong><em>(Matth.</em></strong></span> <span class='ocrx_word' id='word_1_184' title='bbox 1490 2423 1622 2472; x_wconf 81' lang='lat' dir='ltr'><strong><em>xxu,</em></strong></span> <span class='ocrx_word' id='word_1_185' title='bbox 1651 2405 1869 2502; x_wconf 43' lang='lat' dir='ltr'><strong><em>40)..De</em></strong></span> <span class='ocrx_word' id='word_1_186' title='bbox 1893 2400 2010 2472; x_wconf 84' lang='lat' dir='ltr'><strong><em>qui-</em></strong></span> 
     </span>
    </p>
   </div>
   <div class='ocr_carea' id='block_1_23' title="bbox 422 2493 2010 2584">
    <p class='ocr_par' dir='ltr' id='par_1_23' title="bbox 422 2493 2010 2584">
     <span class='ocr_line' id='line_1_23' title="bbox 422 2493 2010 2584; baseline -0.021 -7"><span class='ocrx_word' id='word_1_187' title='bbox 422 2493 521 2576; x_wconf 73' lang='lat' dir='ltr'><strong><em>bus</em></strong></span> <span class='ocrx_word' id='word_1_188' title='bbox 543 2493 752 2574; x_wconf 71' lang='lat' dir='ltr'><strong><em>duobus</em></strong></span> <span class='ocrx_word' id='word_1_189' title='bbox 773 2510 1054 2584; x_wconf 66' lang='lat' dir='ltr'><strong><em>praeceptis</em></strong></span> <span class='ocrx_word' id='word_1_190' title='bbox 1073 2508 1126 2561; x_wconf 92' lang='lat' dir='ltr'><strong><em>iu</em></strong></span> <span class='ocrx_word' id='word_1_191' title='bbox 1151 2502 1440 2573; x_wconf 77' lang='lat' dir='ltr'><strong><em>Evangelio</em></strong></span> <span class='ocrx_word' id='word_1_192' title='bbox 1461 2496 1755 2554; x_wconf 87' lang='lat' dir='ltr'><strong><em>secundum</em></strong></span> <span class='ocrx_word' id='word_1_193' title='bbox 1778 2493 2010 2548; x_wconf 79' lang='lat' dir='ltr'><strong><em>Marcum</em></strong></span> 
     </span>
    </p>
   </div>
   <div class='ocr_carea' id='block_1_24' title="bbox 419 2583 2012 2682">
    <p class='ocr_par' dir='ltr' id='par_1_24' title="bbox 419 2583 2012 2682">
     <span class='ocr_line' id='line_1_24' title="bbox 419 2583 2012 2682; baseline -0.021 -13"><span class='ocrx_word' id='word_1_194' title='bbox 419 2613 677 2682; x_wconf 85' lang='lat' dir='ltr'><strong><em>scriptum</em></strong></span> <span class='ocrx_word' id='word_1_195' title='bbox 711 2583 794 2662; x_wconf 66' lang='lat' dir='ltr'><strong><em>est</em></strong></span> <span class='ocrx_word' id='word_1_196' title='bbox 823 2623 837 2659; x_wconf 87' lang='lat'><strong>:</strong></span> <span class='ocrx_word' id='word_1_197' title='bbox 871 2603 940 2658; x_wconf 86' lang='lat' dir='ltr'><strong><em>Et</em></strong></span> <span class='ocrx_word' id='word_1_198' title='bbox 967 2597 1176 2655; x_wconf 88' lang='lat' dir='ltr'><strong><em>accessit</em></strong></span> <span class='ocrx_word' id='word_1_199' title='bbox 1202 2611 1331 2648; x_wconf 90' lang='lat' dir='ltr'><strong><em>unus</em></strong></span> <span class='ocrx_word' id='word_1_200' title='bbox 1364 2593 1428 2646; x_wconf 89' lang='lat' dir='ltr'><strong><em>de</em></strong></span> <span class='ocrx_word' id='word_1_201' title='bbox 1463 2589 1639 2645; x_wconf 73' lang='lat' dir='ltr'><strong><em>scribis</em></strong></span> <span class='ocrx_word' id='word_1_202' title='bbox 1671 2585 1756 2653; x_wconf 85' lang='lat' dir='ltr'><strong><em>qui</em></strong></span> <span class='ocrx_word' id='word_1_203' title='bbox 1783 2583 2012 2638; x_wconf 86' lang='lat' dir='ltr'><strong><em>audierat</em></strong></span> 
     </span>
    </p>
   </div>
   <div class='ocr_carea' id='block_1_25' title="bbox 418 2673 2015 2771">
    <p class='ocr_par' dir='ltr' id='par_1_25' title="bbox 418 2673 2015 2771">
     <span class='ocr_line' id='line_1_25' title="bbox 418 2673 2015 2771; baseline -0.021 -12"><span class='ocrx_word' id='word_1_204' title='bbox 418 2673 546 2758; x_wconf 40' lang='lat' dir='ltr'><strong><em>illos.</em></strong></span> <span class='ocrx_word' id='word_1_205' title='bbox 563 2699 922 2771; x_wconf 79' lang='lat' dir='ltr'><strong><em>perquirentes,</em></strong></span> <span class='ocrx_word' id='word_1_206' title='bbox 947 2701 994 2748; x_wconf 90' lang='lat' dir='ltr'><strong><em>et</em></strong></span> <span class='ocrx_word' id='word_1_207' title='bbox 1018 2689 1192 2745; x_wconf 78' lang='lat' dir='ltr'><strong><em>videns</em></strong></span> <span class='ocrx_word' id='word_1_208' title='bbox 1216 2684 1454 2757; x_wconf 88' lang='lat' dir='ltr'><strong><em>quoniam</em></strong></span> <span class='ocrx_word' id='word_1_209' title='bbox 1476 2681 1580 2734; x_wconf 88' lang='lat' dir='ltr'><strong><em>illis</em></strong></span> <span class='ocrx_word' id='word_1_210' title='bbox 1601 2679 1722 2734; x_wconf 86' lang='lat' dir='ltr'><strong><em>bene</em></strong></span> <span class='ocrx_word' id='word_1_211' title='bbox 1743 2673 2015 2746; x_wconf 85' lang='lat' dir='ltr'><strong><em>responde-</em></strong></span> 
     </span>
    </p>
   </div>
   <div class='ocr_carea' id='block_1_26' title="bbox 416 2766 2016 2862">
    <p class='ocr_par' dir='ltr' id='par_1_26' title="bbox 416 2766 2016 2862">
     <span class='ocr_line' id='line_1_26' title="bbox 416 2766 2016 2862; baseline -0.022 -11"><span class='ocrx_word' id='word_1_212' title='bbox 416 2797 510 2861; x_wconf 83' lang='lat' dir='ltr'><strong><em>rit,</em></strong></span> <span class='ocrx_word' id='word_1_213' title='bbox 535 2766 858 2862; x_wconf 74' lang='lat' dir='ltr'><strong><em>interrogavit</em></strong></span> <span class='ocrx_word' id='word_1_214' title='bbox 883 2801 994 2842; x_wconf 84' lang='lat' dir='ltr'><strong><em>eum</em></strong></span> <span class='ocrx_word' id='word_1_215' title='bbox 1013 2780 1148 2854; x_wconf 85' lang='lat' dir='ltr'><strong><em>quod</em></strong></span> <span class='ocrx_word' id='word_1_216' title='bbox 1169 2787 1294 2835; x_wconf 86' lang='lat' dir='ltr'><strong><em>esset</em></strong></span> <span class='ocrx_word' id='word_1_217' title='bbox 1314 2776 1530 2848; x_wconf 85' lang='lat' dir='ltr'><strong><em>primunt</em></strong></span> <span class='ocrx_word' id='word_1_218' title='bbox 1554 2770 1776 2826; x_wconf 89' lang='lat' dir='ltr'><strong><em>onmium</em></strong></span> <span class='ocrx_word' id='word_1_219' title='bbox 1802 2766 2016 2820; x_wconf 86' lang='lat' dir='ltr'><strong><em>manda-</em></strong></span> 
     </span>
    </p>
   </div>
   <div class='ocr_carea' id='block_1_27' title="bbox 421 2862 2016 2946">
    <p class='ocr_par' dir='ltr' id='par_1_27' title="bbox 421 2862 2016 2946">
     <span class='ocr_line' id='line_1_27' title="bbox 421 2862 2016 2946; baseline -0.02 -6"><span class='ocrx_word' id='word_1_220' title='bbox 421 2897 550 2940; x_wconf 87' lang='lat' dir='ltr'><strong><em>tum.</em></strong></span> <span class='ocrx_word' id='word_1_221' title='bbox 577 2882 730 2937; x_wconf 86' lang='lat' dir='ltr'><strong><em>Jesus</em></strong></span> <span class='ocrx_word' id='word_1_222' title='bbox 758 2888 924 2934; x_wconf 86' lang='lat' dir='ltr'><strong><em>autem</em></strong></span> <span class='ocrx_word' id='word_1_223' title='bbox 953 2872 1212 2946; x_wconf 83' lang='lat' dir='ltr'><strong><em>respondit</em></strong></span> <span class='ocrx_word' id='word_1_224' title='bbox 1237 2871 1280 2923; x_wconf 85' lang='lat' dir='ltr'><strong><em>ei</em></strong></span> <span class='ocrx_word' id='word_1_225' title='bbox 1310 2883 1330 2924; x_wconf 90' lang='lat'><strong><em>:</em></strong></span> <span class='ocrx_word' id='word_1_226' title='bbox 1361 2866 1591 2922; x_wconf 84' lang='lat' dir='ltr'><strong><em>Primum</em></strong></span> <span class='ocrx_word' id='word_1_227' title='bbox 1619 2862 1842 2917; x_wconf 89' lang='lat' dir='ltr'><strong><em>omnium</em></strong></span> <span class='ocrx_word' id='word_1_228' title='bbox 1870 2874 2016 2910; x_wconf 89' lang='lat' dir='ltr'><strong><em>man-</em></strong></span> 
     </span>
    </p>
   </div>
   <div class='ocr_carea' id='block_1_28' title="bbox 423 2950 2018 3036">
    <p class='ocr_par' dir='ltr' id='par_1_28' title="bbox 423 2950 2018 3036">
     <span class='ocr_line' id='line_1_28' title="bbox 423 2950 2018 3036; baseline -0.019 -5"><span class='ocrx_word' id='word_1_229' title='bbox 423 2978 598 3030; x_wconf 85' lang='lat' dir='ltr'><strong><em>datum</em></strong></span> <span class='ocrx_word' id='word_1_230' title='bbox 621 2983 715 3032; x_wconf 88' lang='lat' dir='ltr'><strong><em>est.</em></strong></span> <span class='ocrx_word' id='word_1_231' title='bbox 742 2970 898 3036; x_wconf 78' lang='lat' dir='ltr'><strong><em>Audi,</em></strong></span> <span class='ocrx_word' id='word_1_232' title='bbox 927 2966 1112 3030; x_wconf 88' lang='lat' dir='ltr'><strong><em>Israel,</em></strong></span> <span class='ocrx_word' id='word_1_233' title='bbox 1145 2961 1392 3016; x_wconf 76' lang='lat' dir='ltr'><strong><em>D..ntinus</em></strong></span> <span class='ocrx_word' id='word_1_234' title='bbox 1421 2957 1561 3011; x_wconf 86' lang='lat' dir='ltr'><strong><em>Deus</em></strong></span> <span class='ocrx_word' id='word_1_235' title='bbox 1583 2964 1698 3008; x_wconf 87' lang='lat' dir='ltr'><strong><em>tuus</em></strong></span> <span class='ocrx_word' id='word_1_236' title='bbox 1727 2950 1862 3004; x_wconf 83' lang='lat' dir='ltr'><strong><em>Deus</em></strong></span> <span class='ocrx_word' id='word_1_237' title='bbox 1884 2962 2018 3002; x_wconf 86' lang='lat' dir='ltr'><strong><em>unus</em></strong></span> 
     </span>
    </p>
   </div>
   <div class='ocr_carea' id='block_1_29' title="bbox 423 3040 2016 3132">
    <p class='ocr_par' dir='ltr' id='par_1_29' title="bbox 423 3040 2016 3132">
     <span class='ocr_line' id='line_1_29' title="bbox 423 3040 2016 3132; baseline -0.019 -10"><span class='ocrx_word' id='word_1_238' title='bbox 423 3079 528 3132; x_wconf 89' lang='lat' dir='ltr'><strong><em>est;</em></strong></span> <span class='ocrx_word' id='word_1_239' title='bbox 548 3075 622 3131; x_wconf 67' lang='grc' dir='ltr'><strong><em>εδ</em></strong></span> <span class='ocrx_word' id='word_1_240' title='bbox 649 3063 840 3132; x_wconf 75' lang='lat' dir='ltr'><strong><em>Diliges</em></strong></span> <span class='ocrx_word' id='word_1_241' title='bbox 869 3058 1140 3112; x_wconf 88' lang='lat' dir='ltr'><strong><em>Dominum</em></strong></span> <span class='ocrx_word' id='word_1_242' title='bbox 1167 3051 1332 3107; x_wconf 90' lang='lat' dir='ltr'><strong><em>Deum</em></strong></span> <span class='ocrx_word' id='word_1_243' title='bbox 1353 3061 1497 3104; x_wconf 87' lang='lat' dir='ltr'><strong><em>tuum</em></strong></span> <span class='ocrx_word' id='word_1_244' title='bbox 1521 3061 1584 3100; x_wconf 78' lang='lat' dir='ltr'><strong><em>ea:</em></strong></span> <span class='ocrx_word' id='word_1_245' title='bbox 1606 3053 1708 3098; x_wconf 92' lang='lat' dir='ltr'><strong><em>toto</em></strong></span> <span class='ocrx_word' id='word_1_246' title='bbox 1731 3040 1882 3096; x_wconf 88' lang='lat' dir='ltr'><strong><em>corde</em></strong></span> <span class='ocrx_word' id='word_1_247' title='bbox 1904 3049 2016 3102; x_wconf 81' lang='lat' dir='ltr'><strong><em>tuo,</em></strong></span> 
     </span>
    </p>
   </div>
   <div class='ocr_carea' id='block_1_30' title="bbox 423 3130 2020 3213">
    <p class='ocr_par' dir='ltr' id='par_1_30' title="bbox 423 3130 2020 3213">
     <span class='ocr_line' id='line_1_30' title="bbox 423 3130 2020 3213; baseline -0.019 0"><span class='ocrx_word' id='word_1_248' title='bbox 423 3169 472 3213; x_wconf 88' lang='lat' dir='ltr'><strong><em>et</em></strong></span> <span class='ocrx_word' id='word_1_249' title='bbox 589 3130 694 3209; x_wconf 86' lang='lat' dir='ltr'><strong><em>tota</em></strong></span> <span class='ocrx_word' id='word_1_250' title='bbox 721 3130 889 3205; x_wconf 77' lang='lat' dir='ltr'><strong><em>anima</em></strong></span> <span class='ocrx_word' id='word_1_251' title='bbox 915 3159 1033 3212; x_wconf 88' lang='lat' dir='ltr'><strong><em>tua,</em></strong></span> <span class='ocrx_word' id='word_1_252' title='bbox 1057 3155 1104 3200; x_wconf 85' lang='lat' dir='ltr'><strong><em>et</em></strong></span> <span class='ocrx_word' id='word_1_253' title='bbox 1126 3160 1189 3198; x_wconf 68' lang='lat' dir='ltr'><strong><em>ex</em></strong></span> <span class='ocrx_word' id='word_1_254' title='bbox 1215 3151 1318 3196; x_wconf 89' lang='lat' dir='ltr'><strong><em>tota</em></strong></span> <span class='ocrx_word' id='word_1_255' title='bbox 1345 3147 1508 3194; x_wconf 84' lang='lat' dir='ltr'><strong><em>mente</em></strong></span> <span class='ocrx_word' id='word_1_256' title='bbox 1533 3147 1620 3190; x_wconf 87' lang='lat' dir='ltr'><strong><em>tua</em></strong></span> <span class='ocrx_word' id='word_1_257' title='bbox 1640 3149 1661 3190; x_wconf 90' lang='lat'><strong><em>:</em></strong></span> <span class='ocrx_word' id='word_1_258' title='bbox 1687 3135 1781 3188; x_wconf 87' lang='lat' dir='ltr'><strong><em>hoc</em></strong></span> <span class='ocrx_word' id='word_1_259' title='bbox 1808 3140 1883 3188; x_wconf 84' lang='lat' dir='ltr'><strong><em>est</em></strong></span> <span class='ocrx_word' id='word_1_260' title='bbox 1913 3130 2020 3201; x_wconf 77' lang='lat' dir='ltr'><strong><em>pri-</em></strong></span> 
     </span>
    </p>
   </div>
   <div class='ocr_carea' id='block_1_31' title="bbox 425 3223 2018 3302">
    <p class='ocr_par' dir='ltr' id='par_1_31' title="bbox 425 3223 2018 3302">
     <span class='ocr_line' id='line_1_31' title="bbox 425 3223 2018 3302; baseline -0.017 -1"><span class='ocrx_word' id='word_1_261' title='bbox 425 3263 567 3302; x_wconf 87' lang='lat' dir='ltr'><strong><em>mum</em></strong></span> <span class='ocrx_word' id='word_1_262' title='bbox 595 3242 914 3298; x_wconf 88' lang='lat' dir='ltr'><strong><em>mandatum.</em></strong></span> <span class='ocrx_word' id='word_1_263' title='bbox 951 3235 1243 3292; x_wconf 87' lang='lat' dir='ltr'><strong><em>Secundum</em></strong></span> <span class='ocrx_word' id='word_1_264' title='bbox 1276 3240 1443 3284; x_wconf 90' lang='lat' dir='ltr'><strong><em>autem</em></strong></span> <span class='ocrx_word' id='word_1_265' title='bbox 1481 3225 1646 3282; x_wconf 83' lang='lat' dir='ltr'><strong><em>simile</em></strong></span> <span class='ocrx_word' id='word_1_266' title='bbox 1675 3225 1754 3278; x_wconf 89' lang='lat' dir='ltr'><strong><em>illi</em></strong></span> <span class='ocrx_word' id='word_1_267' title='bbox 1779 3240 1799 3278; x_wconf 91' lang='lat'><strong><em>:</em></strong></span> <span class='ocrx_word' id='word_1_268' title='bbox 1830 3223 2018 3292; x_wconf 82' lang='lat' dir='ltr'><strong><em>Diliges</em></strong></span> 
     </span>
    </p>
   </div>
   <div class='ocr_carea' id='block_1_32' title="bbox 427 3304 2020 3410">
    <p class='ocr_par' dir='ltr' id='par_1_32' title="bbox 427 3304 2020 3410">
     <span class='ocr_line' id='line_1_32' title="bbox 427 3304 2020 3410; baseline -0.018 -18"><span class='ocrx_word' id='word_1_269' title='bbox 427 3339 714 3410; x_wconf 72' lang='lat' dir='ltr'><strong><em>proximum</em></strong></span> <span class='ocrx_word' id='word_1_270' title='bbox 753 3336 896 3385; x_wconf 86' lang='lat' dir='ltr'><strong><em>tuum</em></strong></span> <span class='ocrx_word' id='word_1_271' title='bbox 928 3337 1168 3396; x_wconf 84' lang='lat' dir='ltr'><strong><em>tanquam</em></strong></span> <span class='ocrx_word' id='word_1_272' title='bbox 1195 3323 1428 3392; x_wconf 86' lang='lat' dir='ltr'><strong><em>teipsum.</em></strong></span> <span class='ocrx_word' id='word_1_273' title='bbox 1462 3304 1634 3386; x_wconf 74' lang='lat' dir='ltr'><strong><em>Majas</em></strong></span> <span class='ocrx_word' id='word_1_274' title='bbox 1663 3315 1846 3370; x_wconf 87' lang='lat' dir='ltr'><strong><em>horum</em></strong></span> <span class='ocrx_word' id='word_1_275' title='bbox 1876 3311 2020 3366; x_wconf 83' lang='lat' dir='ltr'><strong><em>aliud</em></strong></span> 
     </span>
    </p>
   </div>
   <div class='ocr_carea' id='block_1_33' title="bbox 399 3405 2021 3484">
    <p class='ocr_par' dir='ltr' id='par_1_33' title="bbox 399 3405 2021 3484">
     <span class='ocr_line' id='line_1_33' title="bbox 399 3405 2021 3484; baseline -0.015 1"><span class='ocrx_word' id='word_1_276' title='bbox 399 3405 530 3484; x_wconf 51' lang='grc' dir='ltr'>ιιοιι</span> <span class='ocrx_word' id='word_1_277' title='bbox 563 3435 636 3482; x_wconf 84' lang='lat' dir='ltr'><strong><em>est</em></strong></span> <span class='ocrx_word' id='word_1_278' title='bbox 673 3423 966 3478; x_wconf 88' lang='lat' dir='ltr'><strong><em>mandatum</em></strong></span> <span class='ocrx_word' id='word_1_279' title='bbox 993 3416 1182 3484; x_wconf 75' lang='lat' dir='ltr'><strong><em>(Marc.</em></strong></span> <span class='ocrx_word' id='word_1_280' title='bbox 1217 3429 1315 3480; x_wconf 89' lang='lat' dir='ltr'><strong><em>xu,</em></strong></span> <span class='ocrx_word' id='word_1_281' title='bbox 1344 3409 1560 3480; x_wconf 67' lang='lat'><strong><em>28-50.</em></strong></span> <span class='ocrx_word' id='word_1_282' title='bbox 1597 3407 1732 3463; x_wconf 80' lang='lat' dir='ltr'><strong><em>Dicit</em></strong></span> <span class='ocrx_word' id='word_1_283' title='bbox 1769 3407 1930 3461; x_wconf 82' lang='lat' dir='ltr'><strong><em>etiam</em></strong></span> <span class='ocrx_word' id='word_1_284' title='bbox 1965 3405 2021 3460; x_wconf 91' lang='lat' dir='ltr'><strong><em>in</em></strong></span> 
     </span>
    </p>
   </div>
   <div class='ocr_carea' id='block_1_34' title="bbox 431 3495 2021 3587">
    <p class='ocr_par' dir='ltr' id='par_1_34' title="bbox 431 3495 2021 3587">
     <span class='ocr_line' id='line_1_34' title="bbox 431 3495 2021 3587; baseline -0.014 -15"><span class='ocrx_word' id='word_1_285' title='bbox 431 3515 719 3587; x_wconf 75' lang='lat' dir='ltr'><strong><em>Evangelio</em></strong></span> <span class='ocrx_word' id='word_1_286' title='bbox 747 3510 1038 3568; x_wconf 86' lang='lat' dir='ltr'><strong><em>secundum</em></strong></span> <span class='ocrx_word' id='word_1_287' title='bbox 1073 3506 1334 3563; x_wconf 88' lang='lat' dir='ltr'><strong><em>Joannem</em></strong></span> <span class='ocrx_word' id='word_1_288' title='bbox 1367 3521 1380 3558; x_wconf 94' lang='lat'>:</span> <span class='ocrx_word' id='word_1_289' title='bbox 1411 3500 1712 3556; x_wconf 80' lang='lat' dir='ltr'><strong><em>Mandatum</em></strong></span> <span class='ocrx_word' id='word_1_290' title='bbox 1744 3513 1926 3552; x_wconf 75' lang='lat' dir='ltr'><strong><em>nouum</em></strong></span> <span class='ocrx_word' id='word_1_291' title='bbox 1954 3495 2021 3550; x_wconf 85' lang='lat' dir='ltr'><strong><em>do</em></strong></span> 
     </span>
    </p>
   </div>
   <div class='ocr_carea' id='block_1_35' title="bbox 427 3589 2020 3676">
    <p class='ocr_par' dir='ltr' id='par_1_35' title="bbox 427 3589 2020 3676">
     <span class='ocr_line' id='line_1_35' title="bbox 427 3589 2020 3676; baseline -0.013 -14"><span class='ocrx_word' id='word_1_292' title='bbox 427 3611 586 3676; x_wconf 59' lang='lat' dir='ltr'><strong><em>uobis,</em></strong></span> <span class='ocrx_word' id='word_1_293' title='bbox 614 3619 666 3662; x_wconf 87' lang='lat' dir='ltr'><strong><em>ut</em></strong></span> <span class='ocrx_word' id='word_1_294' title='bbox 696 3603 920 3676; x_wconf 86' lang='lat' dir='ltr'><strong><em>diligatis</em></strong></span> <span class='ocrx_word' id='word_1_295' title='bbox 944 3602 1154 3656; x_wconf 72' lang='lat' dir='ltr'><strong><em>invicem</em></strong></span> <span class='ocrx_word' id='word_1_296' title='bbox 1174 3599 1302 3652; x_wconf 87' lang='lat' dir='ltr'><strong><em>sicut</em></strong></span> <span class='ocrx_word' id='word_1_297' title='bbox 1327 3595 1484 3650; x_wconf 71' lang='lat' dir='ltr'><strong><em>dilexi</em></strong></span> <span class='ocrx_word' id='word_1_298' title='bbox 1509 3610 1616 3657; x_wconf 79' lang='lat' dir='ltr'><strong><em>vos,</em></strong></span> <span class='ocrx_word' id='word_1_299' title='bbox 1644 3599 1698 3645; x_wconf 87' lang='lat' dir='ltr'><strong><em>ut</em></strong></span> <span class='ocrx_word' id='word_1_300' title='bbox 1721 3599 1768 3644; x_wconf 92' lang='lat' dir='ltr'><strong><em>et</em></strong></span> <span class='ocrx_word' id='word_1_301' title='bbox 1792 3605 1878 3644; x_wconf 82' lang='lat' dir='ltr'><strong><em>vos</em></strong></span> <span class='ocrx_word' id='word_1_302' title='bbox 1898 3589 2020 3642; x_wconf 63' lang='lat' dir='ltr'><strong><em>ditio</em></strong></span> 
     </span>
    </p>
   </div>
   <div class='ocr_carea' id='block_1_36' title="bbox 428 3679 2023 3772">
    <p class='ocr_par' dir='ltr' id='par_1_36' title="bbox 428 3679 2023 3772">
     <span class='ocr_line' id='line_1_36' title="bbox 428 3679 2023 3772; baseline -0.012 -19"><span class='ocrx_word' id='word_1_303' title='bbox 428 3700 561 3772; x_wconf 78' lang='lat' dir='ltr'><strong><em>gulis</em></strong></span> <span class='ocrx_word' id='word_1_304' title='bbox 593 3695 823 3750; x_wconf 74' lang='lat' dir='ltr'><strong><em>invicem.</em></strong></span> <span class='ocrx_word' id='word_1_305' title='bbox 863 3691 928 3751; x_wconf 85' lang='lat' dir='ltr'><strong><em>In</em></strong></span> <span class='ocrx_word' id='word_1_306' title='bbox 961 3693 1056 3745; x_wconf 89' lang='lat' dir='ltr'><strong><em>hoc</em></strong></span> <span class='ocrx_word' id='word_1_307' title='bbox 1089 3696 1390 3758; x_wconf 78' lang='lat' dir='ltr'><strong><em>cognoscent</em></strong></span> <span class='ocrx_word' id='word_1_308' title='bbox 1426 3701 1597 3740; x_wconf 85' lang='lat' dir='ltr'><strong><em>omnes</em></strong></span> <span class='ocrx_word' id='word_1_309' title='bbox 1632 3683 1752 3754; x_wconf 82' lang='lat' dir='ltr'><strong><em>quia</em></strong></span> <span class='ocrx_word' id='word_1_310' title='bbox 1784 3679 2023 3751; x_wconf 79' lang='lat' dir='ltr'><strong><em>discipuli</em></strong></span> 
     </span>
    </p>
   </div>
   <div class='ocr_carea' id='block_1_37' title="bbox 430 3769 2020 3850">
    <p class='ocr_par' dir='ltr' id='par_1_37' title="bbox 430 3769 2020 3850">
     <span class='ocr_line' id='line_1_37' title="bbox 430 3769 2020 3850; baseline -0.013 -6"><span class='ocrx_word' id='word_1_311' title='bbox 430 3769 528 3844; x_wconf 74' lang='lat' dir='ltr'><strong><em>inci</em></strong></span> <span class='ocrx_word' id='word_1_312' title='bbox 557 3789 706 3850; x_wconf 80' lang='lat' dir='ltr'><strong><em>estis,</em></strong></span> <span class='ocrx_word' id='word_1_313' title='bbox 741 3787 786 3840; x_wconf 92' lang='lat' dir='ltr'><strong><em>si</em></strong></span> <span class='ocrx_word' id='word_1_314' title='bbox 821 3783 1136 3838; x_wconf 85' lang='lat' dir='ltr'><strong><em>dilectionem</em></strong></span> <span class='ocrx_word' id='word_1_315' title='bbox 1173 3777 1448 3833; x_wconf 83' lang='lat' dir='ltr'><strong><em>habueritis</em></strong></span> <span class='ocrx_word' id='word_1_316' title='bbox 1485 3775 1550 3828; x_wconf 87' lang='lat' dir='ltr'><strong><em>ad</em></strong></span> <span class='ocrx_word' id='word_1_317' title='bbox 1583 3774 1793 3827; x_wconf 82' lang='lat' dir='ltr'><strong><em>invicem</em></strong></span> <span class='ocrx_word' id='word_1_318' title='bbox 1827 3769 2020 3844; x_wconf 85' lang='lat' dir='ltr'><strong><em>(Joan.</em></strong></span> 
     </span>
    </p>
   </div>
   <div class='ocr_carea' id='block_1_38' title="bbox 429 3877 812 3948">
    <p class='ocr_par' dir='ltr' id='par_1_38' title="bbox 429 3877 812 3948">
     <span class='ocr_line' id='line_1_38' title="bbox 429 3877 812 3948; baseline -0.01 -13"><span class='ocrx_word' id='word_1_319' title='bbox 429 3895 549 3948; x_wconf 85' lang='lat' dir='ltr'><strong><em>xm,</em></strong></span> <span class='ocrx_word' id='word_1_320' title='bbox 579 3881 668 3946; x_wconf 70' lang='grc' dir='ltr'>δι,</span> <span class='ocrx_word' id='word_1_321' title='bbox 694 3877 812 3947; x_wconf 83' lang='grc'><strong>55).</strong></span> 
     </span>
    </p>
   </div>
   <div class='ocr_carea' id='block_1_39' title="bbox 501 3997 2022 4072">
    <p class='ocr_par' dir='ltr' id='par_1_39' title="bbox 501 3997 2022 4072">
     <span class='ocr_line' id='line_1_39' title="bbox 501 3997 2022 4072; baseline -0.012 -2"><span class='ocrx_word' id='word_1_322' title='bbox 501 4007 726 4070; x_wconf 79' lang='lat' dir='ltr'><strong><em>CAPUT</em></strong></span> <span class='ocrx_word' id='word_1_323' title='bbox 762 4008 949 4066; x_wconf 79' lang='lat' dir='ltr'><strong><em>XVIII.</em></strong></span> <span class='ocrx_word' id='word_1_324' title='bbox 977 4037 1052 4051; x_wconf 89' lang='lat'><strong><em>——</em></strong></span> <span class='ocrx_word' id='word_1_325' title='bbox 1075 4007 1166 4062; x_wconf 75' lang='lat'><strong><em>37.</em></strong></span> <span class='ocrx_word' id='word_1_326' title='bbox 1201 4005 1328 4060; x_wconf 78' lang='lat' dir='ltr'><strong><em>[hnc</em></strong></span> <span class='ocrx_word' id='word_1_327' title='bbox 1367 4001 1546 4058; x_wconf 85' lang='lat' dir='ltr'><strong><em>omnia</em></strong></span> <span class='ocrx_word' id='word_1_328' title='bbox 1582 4006 1849 4072; x_wconf 68' lang='lat' dir='ltr'><strong><em>prmeepta</em></strong></span> <span class='ocrx_word' id='word_1_329' title='bbox 1888 3997 2022 4052; x_wconf 83' lang='lat' dir='ltr'><strong><em>dile-</em></strong></span> 
     </span>
    </p>
   </div>
   <div class='ocr_carea' id='block_1_40' title="bbox 430 4092 2028 4171">
    <p class='ocr_par' dir='ltr' id='par_1_40' title="bbox 430 4092 2028 4171">
     <span class='ocr_line' id='line_1_40' title="bbox 430 4092 2028 4171; baseline -0.013 -8"><span class='ocrx_word' id='word_1_330' title='bbox 430 4107 656 4171; x_wconf 85' lang='lat' dir='ltr'><strong><em>ctionis,</em></strong></span> <span class='ocrx_word' id='word_1_331' title='bbox 689 4103 740 4158; x_wconf 91' lang='lat' dir='ltr'><strong><em>id</em></strong></span> <span class='ocrx_word' id='word_1_332' title='bbox 768 4111 852 4158; x_wconf 89' lang='lat' dir='ltr'><strong><em>est</em></strong></span> <span class='ocrx_word' id='word_1_333' title='bbox 877 4099 1184 4164; x_wconf 84' lang='lat' dir='ltr'><strong><em>cltaritatis,</em></strong></span> <span class='ocrx_word' id='word_1_334' title='bbox 1215 4111 1336 4168; x_wconf 76' lang='lat' dir='ltr'><strong><em>qua:</em></strong></span> <span class='ocrx_word' id='word_1_335' title='bbox 1363 4103 1506 4150; x_wconf 90' lang='lat' dir='ltr'><strong><em>tanta</em></strong></span> <span class='ocrx_word' id='word_1_336' title='bbox 1534 4101 1590 4148; x_wconf 89' lang='lat' dir='ltr'><strong><em>et</em></strong></span> <span class='ocrx_word' id='word_1_337' title='bbox 1623 4092 1744 4146; x_wconf 91' lang='lat' dir='ltr'><strong><em>talia</em></strong></span> <span class='ocrx_word' id='word_1_338' title='bbox 1782 4099 1938 4155; x_wconf 89' lang='lat' dir='ltr'><strong><em>sunt,</em></strong></span> <span class='ocrx_word' id='word_1_339' title='bbox 1969 4097 2028 4143; x_wconf 91' lang='lat' dir='ltr'><strong><em>ut</em></strong></span> 
     </span>
    </p>
   </div>
   <div class='ocr_carea' id='block_1_41' title="bbox 431 4179 2027 4268">
    <p class='ocr_par' dir='ltr' id='par_1_41' title="bbox 431 4179 2027 4268">
     <span class='ocr_line' id='line_1_41' title="bbox 431 4179 2027 4268; baseline -0.011 -16"><span class='ocrx_word' id='word_1_340' title='bbox 431 4194 684 4268; x_wconf 89' lang='lat' dir='ltr'><strong><em>quidquid</em></strong></span> <span class='ocrx_word' id='word_1_341' title='bbox 725 4209 784 4249; x_wconf 89' lang='lat' dir='ltr'><strong><em>se</em></strong></span> <span class='ocrx_word' id='word_1_342' title='bbox 823 4190 1084 4263; x_wconf 83' lang='lat' dir='ltr'><strong><em>putaverit</em></strong></span> <span class='ocrx_word' id='word_1_343' title='bbox 1113 4188 1273 4243; x_wconf 90' lang='lat' dir='ltr'><strong><em>homo</em></strong></span> <span class='ocrx_word' id='word_1_344' title='bbox 1306 4185 1482 4241; x_wconf 79' lang='lat' dir='ltr'><strong><em>facere</em></strong></span> <span class='ocrx_word' id='word_1_345' title='bbox 1523 4184 1687 4245; x_wconf 90' lang='lat' dir='ltr'><strong><em>bene,</em></strong></span> <span class='ocrx_word' id='word_1_346' title='bbox 1718 4182 1762 4237; x_wconf 88' lang='lat' dir='ltr'><strong><em>si</em></strong></span> <span class='ocrx_word' id='word_1_347' title='bbox 1794 4180 1884 4236; x_wconf 90' lang='lat' dir='ltr'><strong><em>llat</em></strong></span> <span class='ocrx_word' id='word_1_348' title='bbox 1911 4179 2027 4234; x_wconf 88' lang='lat' dir='ltr'><strong><em>sine</em></strong></span> 
     </span>
    </p>
   </div>
   <div class='ocr_carea' id='block_1_42' title="bbox 433 4277 2026 4354">
    <p class='ocr_par' dir='ltr' id='par_1_42' title="bbox 433 4277 2026 4354">
     <span class='ocr_line' id='line_1_42' title="bbox 433 4277 2026 4354; baseline -0.013 -8"><span class='ocrx_word' id='word_1_349' title='bbox 433 4290 722 4354; x_wconf 88' lang='lat' dir='ltr'><strong><em>charnate,</em></strong></span> <span class='ocrx_word' id='word_1_350' title='bbox 755 4285 898 4340; x_wconf 91' lang='lat' dir='ltr'><strong><em>nullo</em></strong></span> <span class='ocrx_word' id='word_1_351' title='bbox 927 4280 1090 4338; x_wconf 80' lang='lat' dir='ltr'><strong><em>modo</em></strong></span> <span class='ocrx_word' id='word_1_352' title='bbox 1117 4280 1206 4334; x_wconf 86' lang='lat' dir='ltr'><strong><em>liat</em></strong></span> <span class='ocrx_word' id='word_1_353' title='bbox 1242 4279 1413 4343; x_wconf 88' lang='lat' dir='ltr'><strong><em>bene;</em></strong></span> <span class='ocrx_word' id='word_1_354' title='bbox 1445 4277 1559 4332; x_wconf 77' lang='lat' dir='ltr'><strong><em>haec</em></strong></span> <span class='ocrx_word' id='word_1_355' title='bbox 1595 4289 1724 4345; x_wconf 78' lang='lat' dir='ltr'><strong><em>ergo</em></strong></span> <span class='ocrx_word' id='word_1_356' title='bbox 1763 4280 2026 4343; x_wconf 71' lang='lat' dir='ltr'><strong><em>prmcepta</em></strong></span> 
     </span>
    </p>
   </div>
   <div class='ocr_carea' id='block_1_43' title="bbox 433 4362 2027 4436">
    <p class='ocr_par' dir='ltr' id='par_1_43' title="bbox 433 4362 2027 4436">
     <span class='ocr_line' id='line_1_43' title="bbox 433 4362 2027 4436; baseline -0.012 -1"><span class='ocrx_word' id='word_1_357' title='bbox 433 4378 710 4436; x_wconf 76' lang='lat' dir='ltr'><strong><em>charitatis</em></strong></span> <span class='ocrx_word' id='word_1_358' title='bbox 735 4375 964 4430; x_wconf 87' lang='lat' dir='ltr'><strong><em>inaniter</em></strong></span> <span class='ocrx_word' id='word_1_359' title='bbox 989 4371 1244 4428; x_wconf 86' lang='lat' dir='ltr'><strong><em>darentur</em></strong></span> <span class='ocrx_word' id='word_1_360' title='bbox 1274 4368 1613 4433; x_wconf 86' lang='lat' dir='ltr'><strong><em>hominibus,</em></strong></span> <span class='ocrx_word' id='word_1_361' title='bbox 1643 4379 1748 4420; x_wconf 92' lang='lat' dir='ltr'><strong><em>non</em></strong></span> <span class='ocrx_word' id='word_1_362' title='bbox 1781 4362 2027 4418; x_wconf 90' lang='lat' dir='ltr'><strong><em>habenti-</em></strong></span> 
     </span>
    </p>
   </div>
   <div class='ocr_carea' id='block_1_44' title="bbox 435 4457 2028 4530">
    <p class='ocr_par' dir='ltr' id='par_1_44' title="bbox 435 4457 2028 4530">
     <span class='ocr_line' id='line_1_44' title="bbox 435 4457 2028 4530; baseline -0.011 -2"><span class='ocrx_word' id='word_1_363' title='bbox 435 4473 536 4528; x_wconf 89' lang='lat' dir='ltr'><strong><em>bus</em></strong></span> <span class='ocrx_word' id='word_1_364' title='bbox 561 4471 785 4524; x_wconf 87' lang='lat' dir='ltr'><strong><em>liberum</em></strong></span> <span class='ocrx_word' id='word_1_365' title='bbox 812 4465 1098 4521; x_wconf 72' lang='lat' dir='ltr'><strong><em>voluntatis</em></strong></span> <span class='ocrx_word' id='word_1_366' title='bbox 1125 4463 1403 4519; x_wconf 85' lang='lat' dir='ltr'><strong><em>arbitrium</em></strong></span> <span class='ocrx_word' id='word_1_367' title='bbox 1434 4478 1447 4514; x_wconf 90' lang='lat'><strong>:</strong></span> <span class='ocrx_word' id='word_1_368' title='bbox 1472 4459 1567 4515; x_wconf 89' lang='lat' dir='ltr'><strong><em>sed</em></strong></span> <span class='ocrx_word' id='word_1_369' title='bbox 1591 4457 1712 4530; x_wconf 88' lang='lat' dir='ltr'><strong><em>quia</em></strong></span> <span class='ocrx_word' id='word_1_370' title='bbox 1737 4473 1834 4528; x_wconf 86' lang='lat' dir='ltr'><strong><em>per</em></strong></span> <span class='ocrx_word' id='word_1_371' title='bbox 1855 4457 2028 4527; x_wconf 78' lang='lat' dir='ltr'><strong><em>legem</em></strong></span> 
     </span>
    </p>
   </div>
   <div class='ocr_carea' id='block_1_45' title="bbox 434 4547 2032 4624">
    <p class='ocr_par' dir='ltr' id='par_1_45' title="bbox 434 4547 2032 4624">
     <span class='ocr_line' id='line_1_45' title="bbox 434 4547 2032 4624; baseline -0.012 -5"><span class='ocrx_word' id='word_1_372' title='bbox 434 4561 632 4619; x_wconf 86' lang='lat' dir='ltr'><strong><em>dantur</em></strong></span> <span class='ocrx_word' id='word_1_373' title='bbox 656 4570 711 4615; x_wconf 91' lang='lat' dir='ltr'><strong><em>ct</em></strong></span> <span class='ocrx_word' id='word_1_374' title='bbox 731 4567 964 4614; x_wconf 88' lang='lat' dir='ltr'><strong><em>veterem</em></strong></span> <span class='ocrx_word' id='word_1_375' title='bbox 995 4567 1049 4611; x_wconf 90' lang='lat' dir='ltr'><strong><em>et</em></strong></span> <span class='ocrx_word' id='word_1_376' title='bbox 1075 4569 1266 4610; x_wconf 88' lang='lat' dir='ltr'><strong><em>novam</em></strong></span> <span class='ocrx_word' id='word_1_377' title='bbox 1293 4551 1559 4624; x_wconf 77' lang='lat' dir='ltr'><strong><em>(quamvis</em></strong></span> <span class='ocrx_word' id='word_1_378' title='bbox 1587 4551 1638 4604; x_wconf 91' lang='lat' dir='ltr'><strong><em>in</em></strong></span> <span class='ocrx_word' id='word_1_379' title='bbox 1667 4564 1800 4604; x_wconf 83' lang='lat' dir='ltr'><strong><em>nova</em></strong></span> <span class='ocrx_word' id='word_1_380' title='bbox 1825 4547 2032 4602; x_wconf 76' lang='lat' dir='ltr'><strong><em>venerit</em></strong></span> 
     </span>
    </p>
   </div>
   <div class='ocr_carea' id='block_1_46' title="bbox 437 4640 2032 4723">
    <p class='ocr_par' dir='ltr' id='par_1_46' title="bbox 437 4640 2032 4723">
     <span class='ocr_line' id='line_1_46' title="bbox 437 4640 2032 4723; baseline -0.008 -17"><span class='ocrx_word' id='word_1_381' title='bbox 437 4653 605 4723; x_wconf 78' lang='lat' dir='ltr'><strong><em>gratia</em></strong></span> <span class='ocrx_word' id='word_1_382' title='bbox 643 4665 763 4722; x_wconf 80' lang='lat' dir='ltr'><strong><em>qua:</em></strong></span> <span class='ocrx_word' id='word_1_383' title='bbox 804 4647 1212 4719; x_wconf 84' lang='lat' dir='ltr'><strong><em>promittebatur</em></strong></span> <span class='ocrx_word' id='word_1_384' title='bbox 1240 4645 1293 4700; x_wconf 93' lang='lat' dir='ltr'><strong><em>in</em></strong></span> <span class='ocrx_word' id='word_1_385' title='bbox 1329 4651 1542 4708; x_wconf 89' lang='lat' dir='ltr'><strong><em>vetere,</em></strong></span> <span class='ocrx_word' id='word_1_386' title='bbox 1574 4643 1658 4698; x_wconf 86' lang='lat' dir='ltr'><strong><em>lex</em></strong></span> <span class='ocrx_word' id='word_1_387' title='bbox 1701 4649 1876 4696; x_wconf 86' lang='lat' dir='ltr'><strong><em>autem</em></strong></span> <span class='ocrx_word' id='word_1_388' title='bbox 1914 4640 2032 4694; x_wconf 86' lang='lat' dir='ltr'><strong><em>sine</em></strong></span> 
     </span>
    </p>
   </div>
   <div class='ocr_carea' id='block_1_47' title="bbox 437 4727 2032 4816">
    <p class='ocr_par' dir='ltr' id='par_1_47' title="bbox 437 4727 2032 4816">
     <span class='ocr_line' id='line_1_47' title="bbox 437 4727 2032 4816; baseline -0.01 -18"><span class='ocrx_word' id='word_1_389' title='bbox 437 4745 602 4816; x_wconf 75' lang='lat' dir='ltr'><strong><em>gratia</em></strong></span> <span class='ocrx_word' id='word_1_390' title='bbox 631 4744 806 4798; x_wconf 81' lang='lat' dir='ltr'><strong><em>littera</em></strong></span> <span class='ocrx_word' id='word_1_391' title='bbox 831 4749 914 4795; x_wconf 90' lang='lat' dir='ltr'><strong><em>est</em></strong></span> <span class='ocrx_word' id='word_1_392' title='bbox 937 4737 1212 4802; x_wconf 87' lang='lat' dir='ltr'><strong><em>occidens,</em></strong></span> <span class='ocrx_word' id='word_1_393' title='bbox 1237 4735 1288 4790; x_wconf 91' lang='lat' dir='ltr'><strong><em>in</em></strong></span> <span class='ocrx_word' id='word_1_394' title='bbox 1316 4735 1483 4806; x_wconf 80' lang='lat' dir='ltr'><strong><em>gratia</em></strong></span> <span class='ocrx_word' id='word_1_395' title='bbox 1507 4747 1634 4788; x_wconf 89' lang='lat' dir='ltr'><strong><em>vero</em></strong></span> <span class='ocrx_word' id='word_1_396' title='bbox 1657 4731 1876 4801; x_wconf 86' lang='lat' dir='ltr'><strong><em>spiritus</em></strong></span> <span class='ocrx_word' id='word_1_397' title='bbox 1900 4727 2032 4783; x_wconf 81' lang='lat' dir='ltr'><strong><em>vivi-</em></strong></span> 
     </span>
    </p>
   </div>
   <div class='ocr_carea' id='block_1_48' title="bbox 441 4823 2028 4903">
    <p class='ocr_par' dir='ltr' id='par_1_48' title="bbox 441 4823 2028 4903">
     <span class='ocr_line' id='line_1_48' title="bbox 441 4823 2028 4903; baseline -0.011 -12"><span class='ocrx_word' id='word_1_398' title='bbox 441 4837 648 4903; x_wconf 81' lang='lat' dir='ltr'><strong><em>tteans).</em></strong></span> <span class='ocrx_word' id='word_1_399' title='bbox 671 4834 812 4890; x_wconf 92' lang='lat' dir='ltr'><strong><em>unde</em></strong></span> <span class='ocrx_word' id='word_1_400' title='bbox 832 4840 914 4886; x_wconf 85' lang='lat' dir='ltr'><strong><em>est</em></strong></span> <span class='ocrx_word' id='word_1_401' title='bbox 935 4833 988 4885; x_wconf 87' lang='lat' dir='ltr'><strong><em>in</em></strong></span> <span class='ocrx_word' id='word_1_402' title='bbox 1011 4827 1316 4885; x_wconf 87' lang='lat' dir='ltr'><strong><em>hominibus</em></strong></span> <span class='ocrx_word' id='word_1_403' title='bbox 1333 4825 1567 4882; x_wconf 89' lang='lat' dir='ltr'><strong><em>charitas</em></strong></span> <span class='ocrx_word' id='word_1_404' title='bbox 1592 4825 1685 4880; x_wconf 90' lang='lat' dir='ltr'><strong><em>Dei</em></strong></span> <span class='ocrx_word' id='word_1_405' title='bbox 1705 4831 1758 4878; x_wconf 90' lang='lat' dir='ltr'><strong><em>et</em></strong></span> <span class='ocrx_word' id='word_1_406' title='bbox 1781 4823 2028 4893; x_wconf 76' lang='lat' dir='ltr'><strong><em>proximi,</em></strong></span> 
     </span>
    </p>
   </div>
   <div class='ocr_carea' id='block_1_49' title="bbox 441 4911 2030 4996">
    <p class='ocr_par' dir='ltr' id='par_1_49' title="bbox 441 4911 2030 4996">
     <span class='ocr_line' id='line_1_49' title="bbox 441 4911 2030 4996; baseline -0.011 -16"><span class='ocrx_word' id='word_1_407' title='bbox 441 4929 540 4981; x_wconf 81' lang='lat' dir='ltr'><strong><em>nisi</em></strong></span> <span class='ocrx_word' id='word_1_408' title='bbox 564 4943 630 4982; x_wconf 87' lang='lat' dir='ltr'><strong><em>ex</em></strong></span> <span class='ocrx_word' id='word_1_409' title='bbox 657 4927 771 4996; x_wconf 91' lang='lat' dir='ltr'><strong><em>ipso</em></strong></span> <span class='ocrx_word' id='word_1_410' title='bbox 800 4921 947 4977; x_wconf 73' lang='lat' dir='ltr'><strong><em>Deo?</em></strong></span> <span class='ocrx_word' id='word_1_411' title='bbox 973 4919 1106 4976; x_wconf 84' lang='lat' dir='ltr'><strong><em>Nam</em></strong></span> <span class='ocrx_word' id='word_1_412' title='bbox 1132 4917 1177 4973; x_wconf 92' lang='lat' dir='ltr'><strong><em>si</em></strong></span> <span class='ocrx_word' id='word_1_413' title='bbox 1207 4934 1311 4972; x_wconf 88' lang='lat' dir='ltr'><strong><em>non</em></strong></span> <span class='ocrx_word' id='word_1_414' title='bbox 1337 4933 1402 4971; x_wconf 86' lang='lat' dir='ltr'><strong><em>ex</em></strong></span> <span class='ocrx_word' id='word_1_415' title='bbox 1433 4916 1560 4979; x_wconf 92' lang='lat' dir='ltr'><strong><em>Deo,</em></strong></span> <span class='ocrx_word' id='word_1_416' title='bbox 1590 4913 1683 4970; x_wconf 88' lang='lat' dir='ltr'><strong><em>sed</em></strong></span> <span class='ocrx_word' id='word_1_417' title='bbox 1712 4929 1777 4969; x_wconf 91' lang='lat' dir='ltr'><strong><em>ex</em></strong></span> <span class='ocrx_word' id='word_1_418' title='bbox 1805 4911 2030 4966; x_wconf 87' lang='lat' dir='ltr'><strong><em>homini-</em></strong></span> 
     </span>
    </p>
   </div>
   <div class='ocr_carea' id='block_1_50' title="bbox 443 5005 2032 5094">
    <p class='ocr_par' dir='ltr' id='par_1_50' title="bbox 443 5005 2032 5094">
     <span class='ocr_line' id='line_1_50' title="bbox 443 5005 2032 5094; baseline -0.01 -19"><span class='ocrx_word' id='word_1_419' title='bbox 443 5024 562 5087; x_wconf 85' lang='lat' dir='ltr'><strong><em>bus,</em></strong></span> <span class='ocrx_word' id='word_1_420' title='bbox 586 5019 828 5094; x_wconf 69' lang='lat' dir='ltr'><strong><em>vicerunt</em></strong></span> <span class='ocrx_word' id='word_1_421' title='bbox 852 5013 1118 5086; x_wconf 83' lang='lat' dir='ltr'><strong><em>Pelagiani</em></strong></span> <span class='ocrx_word' id='word_1_422' title='bbox 1143 5030 1157 5064; x_wconf 91' lang='lat'><strong>:</strong></span> <span class='ocrx_word' id='word_1_423' title='bbox 1181 5011 1225 5066; x_wconf 92' lang='lat' dir='ltr'><strong><em>si</em></strong></span> <span class='ocrx_word' id='word_1_424' title='bbox 1255 5019 1430 5065; x_wconf 86' lang='lat' dir='ltr'><strong><em>autem</em></strong></span> <span class='ocrx_word' id='word_1_425' title='bbox 1457 5025 1522 5065; x_wconf 88' lang='lat' dir='ltr'><strong><em>ex</em></strong></span> <span class='ocrx_word' id='word_1_426' title='bbox 1545 5009 1674 5071; x_wconf 87' lang='lat' dir='ltr'><strong><em>Deo,</em></strong></span> <span class='ocrx_word' id='word_1_427' title='bbox 1698 5006 1922 5061; x_wconf 87' lang='lat' dir='ltr'><strong><em>vicimus</em></strong></span> <span class='ocrx_word' id='word_1_428' title='bbox 1944 5005 2032 5060; x_wconf 82' lang='lat' dir='ltr'><strong><em>Pe-</em></strong></span> 
     </span>
    </p>
   </div>
   <div class='ocr_carea' id='block_1_51' title="bbox 445 5097 2029 5183">
    <p class='ocr_par' dir='ltr' id='par_1_51' title="bbox 445 5097 2029 5183">
     <span class='ocr_line' id='line_1_51' title="bbox 445 5097 2029 5183; baseline -0.011 -15"><span class='ocrx_word' id='word_1_429' title='bbox 445 5113 699 5183; x_wconf 78' lang='lat' dir='ltr'><strong><em>lagianos.</em></strong></span> <span class='ocrx_word' id='word_1_430' title='bbox 729 5109 922 5164; x_wconf 82' lang='lat' dir='ltr'><strong><em>Sedeat</em></strong></span> <span class='ocrx_word' id='word_1_431' title='bbox 949 5122 1076 5176; x_wconf 80' lang='lat' dir='ltr'><strong><em>ergo</em></strong></span> <span class='ocrx_word' id='word_1_432' title='bbox 1105 5105 1244 5160; x_wconf 87' lang='lat' dir='ltr'><strong><em>inter</em></strong></span> <span class='ocrx_word' id='word_1_433' title='bbox 1267 5119 1364 5158; x_wconf 89' lang='lat' dir='ltr'><strong><em>nos</em></strong></span> <span class='ocrx_word' id='word_1_434' title='bbox 1385 5101 1546 5171; x_wconf 84' lang='lat' dir='ltr'><strong><em>judex</em></strong></span> <span class='ocrx_word' id='word_1_435' title='bbox 1573 5101 1846 5172; x_wconf 79' lang='lat' dir='ltr'><strong><em>apostolus</em></strong></span> <span class='ocrx_word' id='word_1_436' title='bbox 1865 5097 2029 5154; x_wconf 89' lang='lat' dir='ltr'><strong><em>Joan-</em></strong></span> 
     </span>
    </p>
   </div>
   <div class='ocr_carea' id='block_1_52' title="bbox 445 5188 2030 5270">
    <p class='ocr_par' dir='ltr' id='par_1_52' title="bbox 445 5188 2030 5270">
     <span class='ocr_line' id='line_1_52' title="bbox 445 5188 2030 5270; baseline -0.01 -14"><span class='ocrx_word' id='word_1_437' title='bbox 445 5219 562 5270; x_wconf 91' lang='lat' dir='ltr'><strong><em>nes,</em></strong></span> <span class='ocrx_word' id='word_1_438' title='bbox 592 5211 647 5258; x_wconf 85' lang='lat' dir='ltr'><strong><em>et</em></strong></span> <span class='ocrx_word' id='word_1_439' title='bbox 671 5203 814 5255; x_wconf 89' lang='lat' dir='ltr'><strong><em>dicat</em></strong></span> <span class='ocrx_word' id='word_1_440' title='bbox 842 5199 994 5251; x_wconf 82' lang='lat' dir='ltr'><strong><em>nobis</em></strong></span> <span class='ocrx_word' id='word_1_441' title='bbox 1019 5215 1035 5251; x_wconf 86' lang='lat'><strong>:</strong></span> <span class='ocrx_word' id='word_1_442' title='bbox 1065 5193 1381 5258; x_wconf 81' lang='lat' dir='ltr'><strong><em>Cltarissimi,</em></strong></span> <span class='ocrx_word' id='word_1_443' title='bbox 1414 5192 1686 5264; x_wconf 86' lang='lat' dir='ltr'><strong><em>diligamus</em></strong></span> <span class='ocrx_word' id='word_1_444' title='bbox 1713 5191 1939 5244; x_wconf 81' lang='lat' dir='ltr'><strong><em>invicem.</em></strong></span> <span class='ocrx_word' id='word_1_445' title='bbox 1976 5188 2030 5241; x_wconf 94' lang='lat' dir='ltr'><strong><em>ln</em></strong></span> 
     </span>
    </p>
   </div>
   <div class='ocr_carea' id='block_1_53' title="bbox 448 5281 2034 5351">
    <p class='ocr_par' dir='ltr' id='par_1_53' title="bbox 448 5281 2034 5351">
     <span class='ocr_line' id='line_1_53' title="bbox 448 5281 2034 5351; baseline -0.011 -3"><span class='ocrx_word' id='word_1_446' title='bbox 448 5295 530 5348; x_wconf 85' lang='lat' dir='ltr'><strong><em>his</em></strong></span> <span class='ocrx_word' id='word_1_447' title='bbox 563 5294 744 5348; x_wconf 82' lang='lat' dir='ltr'><strong><em>verbis</em></strong></span> <span class='ocrx_word' id='word_1_448' title='bbox 781 5289 1004 5346; x_wconf 82' lang='lat' dir='ltr'><strong><em>Joannis</em></strong></span> <span class='ocrx_word' id='word_1_449' title='bbox 1033 5303 1154 5342; x_wconf 85' lang='lat' dir='ltr'><strong><em>cum</em></strong></span> <span class='ocrx_word' id='word_1_450' title='bbox 1192 5302 1251 5342; x_wconf 90' lang='lat' dir='ltr'><strong><em>se</em></strong></span> <span class='ocrx_word' id='word_1_451' title='bbox 1289 5286 1362 5338; x_wconf 87' lang='lat' dir='ltr'><strong><em>illi</em></strong></span> <span class='ocrx_word' id='word_1_452' title='bbox 1402 5283 1659 5338; x_wconf 80' lang='lat' dir='ltr'><strong><em>extollere</em></strong></span> <span class='ocrx_word' id='word_1_453' title='bbox 1693 5281 1953 5351; x_wconf 69' lang='lat' dir='ltr'><strong><em>cmperiut</em></strong></span> <span class='ocrx_word' id='word_1_454' title='bbox 1979 5291 2034 5333; x_wconf 74' lang='lat' dir='ltr'><strong><em>et</em></strong></span> 
     </span>
    </p>
   </div>
   <div class='ocr_carea' id='block_1_54' title="bbox 445 5375 2024 5454">
    <p class='ocr_par' dir='ltr' id='par_1_54' title="bbox 445 5375 2024 5454">
     <span class='ocr_line' id='line_1_54' title="bbox 445 5375 2024 5454; baseline -0.009 -15"><span class='ocrx_word' id='word_1_455' title='bbox 445 5387 644 5447; x_wconf 77' lang='lat' dir='ltr'><strong><em>dicere,</em></strong></span> <span class='ocrx_word' id='word_1_456' title='bbox 673 5382 883 5454; x_wconf 52' lang='lat' dir='ltr'><strong><em>thuid&#39;</em></strong></span> <span class='ocrx_word' id='word_1_457' title='bbox 900 5379 1055 5435; x_wconf 88' lang='lat' dir='ltr'><strong><em>nobis</em></strong></span> <span class='ocrx_word' id='word_1_458' title='bbox 1082 5379 1183 5433; x_wconf 90' lang='lat' dir='ltr'><strong><em>hoc</em></strong></span> <span class='ocrx_word' id='word_1_459' title='bbox 1212 5377 1536 5450; x_wconf 70' lang='lat' dir='ltr'><strong><em>prmcipitur,</em></strong></span> <span class='ocrx_word' id='word_1_460' title='bbox 1569 5375 1668 5430; x_wconf 87' lang='lat' dir='ltr'><strong><em>nisi</em></strong></span> <span class='ocrx_word' id='word_1_461' title='bbox 1695 5375 1815 5446; x_wconf 87' lang='lat' dir='ltr'><strong><em>quia</em></strong></span> <span class='ocrx_word' id='word_1_462' title='bbox 1841 5388 1910 5428; x_wconf 79' lang='lat' dir='ltr'><strong><em>ex</em></strong></span> <span class='ocrx_word' id='word_1_463' title='bbox 1935 5388 2024 5426; x_wconf 89' lang='lat' dir='ltr'><strong><em>no-</em></strong></span> 
     </span>
    </p>
   </div>
   <div class='ocr_carea' id='block_1_55' title="bbox 380 5464 2032 5540">
    <p class='ocr_par' dir='ltr' id='par_1_55' title="bbox 380 5464 2032 5540">
     <span class='ocr_line' id='line_1_55' title="bbox 380 5464 2032 5540; baseline -0.009 -7"><span class='ocrx_word' id='word_1_464' title='bbox 380 5485 389 5492; x_wconf 85' lang='lat'>&#39;</span> <span class='ocrx_word' id='word_1_465' title='bbox 447 5479 530 5532; x_wconf 78' lang='lat' dir='ltr'><strong><em>bis</em></strong></span> <span class='ocrx_word' id='word_1_466' title='bbox 553 5476 810 5530; x_wconf 83' lang='lat' dir='ltr'><strong><em>habemus</em></strong></span> <span class='ocrx_word' id='word_1_467' title='bbox 836 5483 892 5528; x_wconf 90' lang='lat' dir='ltr'><strong><em>ut</em></strong></span> <span class='ocrx_word' id='word_1_468' title='bbox 921 5473 1146 5540; x_wconf 76' lang='lat' dir='ltr'><strong><em>invicem</em></strong></span> <span class='ocrx_word' id='word_1_469' title='bbox 1176 5467 1490 5539; x_wconf 76' lang='lat' dir='ltr'><strong><em>diligamus?</em></strong></span> <span class='ocrx_word' id='word_1_470' title='bbox 1514 5468 1751 5538; x_wconf 88' lang='lat' dir='ltr'><strong><em>sequitur</em></strong></span> <span class='ocrx_word' id='word_1_471' title='bbox 1778 5464 2032 5520; x_wconf 88' lang='lat' dir='ltr'><strong><em>continuo</em></strong></span> 
     </span>
    </p>
   </div>
   <div class='ocr_carea' id='block_1_56' title="bbox 448 5555 2032 5628">
    <p class='ocr_par' dir='ltr' id='par_1_56' title="bbox 448 5555 2032 5628">
     <span class='ocr_line' id='line_1_56' title="bbox 448 5555 2032 5628; baseline -0.009 -7"><span class='ocrx_word' id='word_1_472' title='bbox 448 5569 588 5622; x_wconf 89' lang='lat' dir='ltr'><strong><em>idem</em></strong></span> <span class='ocrx_word' id='word_1_473' title='bbox 617 5565 872 5628; x_wconf 81' lang='lat' dir='ltr'><strong><em>Joannes,</em></strong></span> <span class='ocrx_word' id='word_1_474' title='bbox 901 5560 1232 5618; x_wconf 82' lang='lat' dir='ltr'><strong><em>confundens</em></strong></span> <span class='ocrx_word' id='word_1_475' title='bbox 1261 5574 1354 5614; x_wconf 89' lang='lat' dir='ltr'><strong><em>eos</em></strong></span> <span class='ocrx_word' id='word_1_476' title='bbox 1379 5569 1433 5614; x_wconf 88' lang='lat' dir='ltr'><strong><em>et</em></strong></span> <span class='ocrx_word' id='word_1_477' title='bbox 1457 5557 1660 5621; x_wconf 90' lang='lat' dir='ltr'><strong><em>dicens,</em></strong></span> <span class='ocrx_word' id='word_1_478' title='bbox 1687 5557 1806 5623; x_wconf 87' lang='lat' dir='ltr'><strong><em>quia</em></strong></span> <span class='ocrx_word' id='word_1_479' title='bbox 1833 5555 2032 5610; x_wconf 84' lang='lat' dir='ltr'><strong><em>dilectio</em></strong></span> 
     </span>
    </p>
   </div>
   <div class='ocr_carea' id='block_1_57' title="bbox 451 5644 2020 5726">
    <p class='ocr_par' dir='ltr' id='par_1_57' title="bbox 451 5644 2020 5726">
     <span class='ocr_line' id='line_1_57' title="bbox 451 5644 2020 5726; baseline -0.011 -10"><span class='ocrx_word' id='word_1_480' title='bbox 451 5677 514 5716; x_wconf 64' lang='lat' dir='ltr'><strong><em>ea</em></strong></span> <span class='ocrx_word' id='word_1_481' title='bbox 549 5657 653 5712; x_wconf 83' lang='lat' dir='ltr'><strong><em>Deo</em></strong></span> <span class='ocrx_word' id='word_1_482' title='bbox 679 5669 752 5710; x_wconf 88' lang='lat' dir='ltr'><strong><em>est</em></strong></span> <span class='ocrx_word' id='word_1_483' title='bbox 778 5656 818 5726; x_wconf 76' lang='lat' dir='ltr'><strong><em>(l</em></strong></span> <span class='ocrx_word' id='word_1_484' title='bbox 837 5655 998 5710; x_wconf 87' lang='lat' dir='ltr'><strong><em>Joan.</em></strong></span> <span class='ocrx_word' id='word_1_485' title='bbox 1025 5671 1099 5718; x_wconf 82' lang='lat' dir='ltr'><strong><em>tv,</em></strong></span> <span class='ocrx_word' id='word_1_486' title='bbox 1117 5656 1192 5724; x_wconf 77' lang='grc' dir='ltr'><strong>τ).</strong></span> <span class='ocrx_word' id='word_1_487' title='bbox 1210 5651 1327 5706; x_wconf 82' lang='grc' dir='ltr'>Νοιι</span> <span class='ocrx_word' id='word_1_488' title='bbox 1353 5651 1536 5720; x_wconf 85' lang='lat' dir='ltr'><strong><em>itaque</em></strong></span> <span class='ocrx_word' id='word_1_489' title='bbox 1555 5664 1618 5703; x_wconf 81' lang='lat' dir='ltr'><strong><em>ex</em></strong></span> <span class='ocrx_word' id='word_1_490' title='bbox 1643 5648 1820 5706; x_wconf 80' lang='lat' dir='ltr'><strong><em>nobis.</em></strong></span> <span class='ocrx_word' id='word_1_491' title='bbox 1844 5644 1934 5698; x_wconf 81' lang='lat' dir='ltr'><strong><em>sed</em></strong></span> <span class='ocrx_word' id='word_1_492' title='bbox 1957 5661 2020 5698; x_wconf 75' lang='lat' dir='ltr'><strong><em>ex</em></strong></span> 
     </span>
    </p>
   </div>
   <div class='ocr_carea' id='block_1_58' title="bbox 457 5739 2029 5815">
    <p class='ocr_par' dir='ltr' id='par_1_58' title="bbox 457 5739 2029 5815">
     <span class='ocr_line' id='line_1_58' title="bbox 457 5739 2029 5815; baseline -0.01 -9"><span class='ocrx_word' id='word_1_493' title='bbox 457 5753 566 5808; x_wconf 82' lang='lat' dir='ltr'><strong><em>Deo</em></strong></span> <span class='ocrx_word' id='word_1_494' title='bbox 585 5761 684 5805; x_wconf 71' lang='lat' dir='ltr'><strong><em>est.</em></strong></span> <span class='ocrx_word' id='word_1_495' title='bbox 704 5750 814 5803; x_wconf 76' lang='lat' dir='ltr'><strong><em>Cur</em></strong></span> <span class='ocrx_word' id='word_1_496' title='bbox 831 5763 960 5815; x_wconf 79' lang='lat' dir='ltr'><strong><em>ergo</em></strong></span> <span class='ocrx_word' id='word_1_497' title='bbox 977 5747 1187 5800; x_wconf 59' lang='lat' dir='ltr'><strong><em>dictum</em></strong></span> <span class='ocrx_word' id='word_1_498' title='bbox 1203 5754 1304 5807; x_wconf 82' lang='lat' dir='ltr'><strong><em>est,</em></strong></span> <span class='ocrx_word' id='word_1_499' title='bbox 1329 5741 1622 5813; x_wconf 84' lang='lat' dir='ltr'><strong><em>Diligamns</em></strong></span> <span class='ocrx_word' id='word_1_500' title='bbox 1647 5740 1883 5802; x_wconf 66' lang='lat' dir='ltr'><strong><em>invicem,</em></strong></span> <span class='ocrx_word' id='word_1_501' title='bbox 1907 5739 2029 5806; x_wconf 72' lang='lat' dir='ltr'><strong><em>quia</em></strong></span> 
     </span>
    </p>
   </div>
   <div class='ocr_carea' id='block_1_59' title="bbox 1165 349 2852 420">
    <p class='ocr_par' dir='ltr' id='par_1_59' title="bbox 1165 349 2852 420">
     <span class='ocr_line' id='line_1_59' title="bbox 1165 349 2852 420; baseline -0.01 0"><span class='ocrx_word' id='word_1_502' title='bbox 1165 365 1252 420; x_wconf 76' lang='lat' dir='ltr'><strong><em>DE</em></strong></span> <span class='ocrx_word' id='word_1_503' title='bbox 1290 359 1542 418; x_wconf 68' lang='lat' dir='ltr'><strong><em>GRATM</em></strong></span> <span class='ocrx_word' id='word_1_504' title='bbox 1589 357 1674 413; x_wconf 81' lang='grc' dir='ltr'><strong><em>ΕΤ</em></strong></span> <span class='ocrx_word' id='word_1_505' title='bbox 1716 353 1964 411; x_wconf 62' lang='lat' dir='ltr'><strong><em>Liui-Illi)</em></strong></span> <span class='ocrx_word' id='word_1_506' title='bbox 2005 351 2348 414; x_wconf 72' lang='grc' dir='ltr'>Μιιιιίἰιιι),</span> <span class='ocrx_word' id='word_1_507' title='bbox 2390 351 2446 406; x_wconf 89' lang='lat' dir='ltr'><strong><em>S.</em></strong></span> <span class='ocrx_word' id='word_1_508' title='bbox 2487 349 2852 407; x_wconf 68' lang='lat' dir='ltr'><strong><em>AUGUSTlNI</em></strong></span> 
     </span>
    </p>
   </div>
   <div class='ocr_carea' id='block_1_60' title="bbox 404 469 1984 564">
    <p class='ocr_par' dir='ltr' id='par_1_60' title="bbox 404 469 1984 564">
     <span class='ocr_line' id='line_1_60' title="bbox 404 469 1984 564; baseline -0.021 -12"><span class='ocrx_word' id='word_1_509' title='bbox 404 497 518 551; x_wconf 83' lang='lat' dir='ltr'><strong><em>citis</em></strong></span> <span class='ocrx_word' id='word_1_510' title='bbox 534 491 774 564; x_wconf 80' lang='lat' dir='ltr'><strong><em>regalem,</em></strong></span> <span class='ocrx_word' id='word_1_511' title='bbox 804 482 1074 540; x_wconf 84' lang='lat' dir='ltr'><strong><em>secundum</em></strong></span> <span class='ocrx_word' id='word_1_512' title='bbox 1100 477 1392 547; x_wconf 74' lang='lat' dir='ltr'><strong><em>Scriptores</em></strong></span> <span class='ocrx_word' id='word_1_513' title='bbox 1416 516 1431 539; x_wconf 93' lang='lat'><strong><em>,</em></strong></span> <span class='ocrx_word' id='word_1_514' title='bbox 1463 471 1653 542; x_wconf 86' lang='lat' dir='ltr'><strong><em>Diliges</em></strong></span> <span class='ocrx_word' id='word_1_515' title='bbox 1697 469 1984 542; x_wconf 78' lang='lat' dir='ltr'><strong><em>proximum</em></strong></span> 
     </span>
    </p>
   </div>
   <div class='ocr_carea' id='block_1_61' title="bbox 3573 349 3675 404">
    <p class='ocr_par' dir='ltr' id='par_1_61' title="bbox 3573 349 3675 404">
     <span class='ocr_line' id='line_1_61' title="bbox 3573 349 3675 404; baseline 0.01 -1"><span class='ocrx_word' id='word_1_516' title='bbox 3573 349 3675 404; x_wconf 60' lang='lat'><strong><em>90$</em></strong></span> 
     </span>
    </p>
   </div>
   <div class='ocr_carea' id='block_1_62' title="bbox 2095 459 3679 532">
    <p class='ocr_par' dir='ltr' id='par_1_62' title="bbox 2095 459 3679 532">
     <span class='ocr_line' id='line_1_62' title="bbox 2095 459 3679 532; baseline -0.003 -14"><span class='ocrx_word' id='word_1_517' title='bbox 2095 465 2296 518; x_wconf 81' lang='lat' dir='ltr'><strong><em>dilectio</em></strong></span> <span class='ocrx_word' id='word_1_518' title='bbox 2321 481 2383 518; x_wconf 80' lang='lat' dir='ltr'><strong><em>ea:</em></strong></span> <span class='ocrx_word' id='word_1_519' title='bbox 2409 463 2513 517; x_wconf 92' lang='lat' dir='ltr'><strong><em>Deo</em></strong></span> <span class='ocrx_word' id='word_1_520' title='bbox 2538 473 2610 518; x_wconf 83' lang='lat' dir='ltr'><strong><em>est</em></strong></span> <span class='ocrx_word' id='word_1_521' title='bbox 2625 480 2642 525; x_wconf 87' lang='lat'><em>;</em></span> <span class='ocrx_word' id='word_1_522' title='bbox 2671 463 2769 517; x_wconf 86' lang='lat' dir='ltr'><strong><em>nisi</em></strong></span> <span class='ocrx_word' id='word_1_523' title='bbox 2795 463 2915 532; x_wconf 84' lang='lat' dir='ltr'><strong><em>quia</em></strong></span> <span class='ocrx_word' id='word_1_524' title='bbox 2948 469 3214 532; x_wconf 70' lang='lat' dir='ltr'><strong><em>praceplo</em></strong></span> <span class='ocrx_word' id='word_1_525' title='bbox 3238 459 3567 516; x_wconf 86' lang='lat' dir='ltr'><strong><em>admonitum</em></strong></span> <span class='ocrx_word' id='word_1_526' title='bbox 3593 471 3679 516; x_wconf 75' lang='lat' dir='ltr'><strong><em>est</em></strong></span> 
     </span>
    </p>
   </div>
   <div class='ocr_carea' id='block_1_63' title="bbox 2092 551 3679 624">
    <p class='ocr_par' dir='ltr' id='par_1_63' title="bbox 2092 551 3679 624">
     <span class='ocr_line' id='line_1_63' title="bbox 2092 551 3679 624; baseline -0.003 -15"><span class='ocrx_word' id='word_1_527' title='bbox 2092 556 2318 612; x_wconf 82' lang='lat' dir='ltr'><strong><em>liberum</em></strong></span> <span class='ocrx_word' id='word_1_528' title='bbox 2338 555 2636 621; x_wconf 86' lang='lat' dir='ltr'><strong><em>arbitrium,</em></strong></span> <span class='ocrx_word' id='word_1_529' title='bbox 2661 565 2716 608; x_wconf 90' lang='lat' dir='ltr'><strong><em>ut</em></strong></span> <span class='ocrx_word' id='word_1_530' title='bbox 2735 561 2998 624; x_wconf 68' lang='lat' dir='ltr'><strong><em>quaereret</em></strong></span> <span class='ocrx_word' id='word_1_531' title='bbox 3018 553 3110 608; x_wconf 86' lang='lat' dir='ltr'><strong><em>Dei</em></strong></span> <span class='ocrx_word' id='word_1_532' title='bbox 3130 551 3367 608; x_wconf 84' lang='lat' dir='ltr'><strong><em>donum?</em></strong></span> <span class='ocrx_word' id='word_1_533' title='bbox 3388 551 3539 621; x_wconf 85' lang='lat' dir='ltr'><strong><em>Quod</em></strong></span> <span class='ocrx_word' id='word_1_534' title='bbox 3561 553 3679 622; x_wconf 74' lang='lat' dir='ltr'><strong><em>qui-</em></strong></span> 
     </span>
    </p>
   </div>
   <div class='ocr_carea' id='block_1_64' title="bbox 2091 644 3680 714">
    <p class='ocr_par' dir='ltr' id='par_1_64' title="bbox 2091 644 3680 714">
     <span class='ocr_line' id='line_1_64' title="bbox 2091 644 3680 714; baseline -0.002 -14"><span class='ocrx_word' id='word_1_535' title='bbox 2091 645 2214 701; x_wconf 91' lang='lat' dir='ltr'><strong><em>dem</em></strong></span> <span class='ocrx_word' id='word_1_536' title='bbox 2243 646 2360 702; x_wconf 90' lang='lat' dir='ltr'><strong><em>sine</em></strong></span> <span class='ocrx_word' id='word_1_537' title='bbox 2390 662 2486 702; x_wconf 92' lang='lat' dir='ltr'><strong><em>suo</em></strong></span> <span class='ocrx_word' id='word_1_538' title='bbox 2519 646 2690 701; x_wconf 88' lang='lat' dir='ltr'><strong><em>l&#39;ructu</em></strong></span> <span class='ocrx_word' id='word_1_539' title='bbox 2727 659 2944 714; x_wconf 75' lang='lat' dir='ltr'><strong><em>prorsus</em></strong></span> <span class='ocrx_word' id='word_1_540' title='bbox 2976 644 3370 705; x_wconf 85' lang='lat' dir='ltr'><strong><em>admoneretur.</em></strong></span> <span class='ocrx_word' id='word_1_541' title='bbox 3401 644 3498 698; x_wconf 90' lang='lat' dir='ltr'><strong><em>nisi</em></strong></span> <span class='ocrx_word' id='word_1_542' title='bbox 3532 645 3680 712; x_wconf 89' lang='lat' dir='ltr'><strong><em>prius</em></strong></span> 
     </span>
    </p>
   </div>
   <div class='ocr_carea' id='block_1_65' title="bbox 2093 725 3682 806">
    <p class='ocr_par' dir='ltr' id='par_1_65' title="bbox 2093 725 3682 806">
     <span class='ocr_line' id='line_1_65' title="bbox 2093 725 3682 806; baseline -0.002 -16"><span class='ocrx_word' id='word_1_543' title='bbox 2093 738 2354 804; x_wconf 84' lang='lat' dir='ltr'><strong><em>acciperet</em></strong></span> <span class='ocrx_word' id='word_1_544' title='bbox 2374 737 2571 806; x_wconf 83' lang='lat' dir='ltr'><strong><em>aliquid</em></strong></span> <span class='ocrx_word' id='word_1_545' title='bbox 2589 725 2909 796; x_wconf 82' lang='lat' dir='ltr'><strong><em>dilectionis.</em></strong></span> <span class='ocrx_word' id='word_1_546' title='bbox 2930 743 2986 789; x_wconf 92' lang='lat' dir='ltr'><strong><em>ut</em></strong></span> <span class='ocrx_word' id='word_1_547' title='bbox 3005 735 3125 789; x_wconf 86' lang='lat' dir='ltr'><strong><em>addi</em></strong></span> <span class='ocrx_word' id='word_1_548' title='bbox 3146 735 3246 788; x_wconf 89' lang='lat' dir='ltr'><strong><em>sibi</em></strong></span> <span class='ocrx_word' id='word_1_549' title='bbox 3265 745 3520 802; x_wconf 69' lang='lat' dir='ltr'><strong><em>quaereret</em></strong></span> <span class='ocrx_word' id='word_1_550' title='bbox 3542 733 3682 788; x_wconf 85' lang='lat' dir='ltr'><strong><em>unde</em></strong></span> 
     </span>
    </p>
   </div>
   <div class='ocr_carea' id='block_1_66' title="bbox 2093 825 3681 902">
    <p class='ocr_par' dir='ltr' id='par_1_66' title="bbox 2093 825 3681 902">
     <span class='ocr_line' id='line_1_66' title="bbox 2093 825 3681 902; baseline -0.004 -19"><span class='ocrx_word' id='word_1_551' title='bbox 2093 831 2232 902; x_wconf 88' lang='lat' dir='ltr'><strong><em>quod</em></strong></span> <span class='ocrx_word' id='word_1_552' title='bbox 2253 829 2538 900; x_wconf 84' lang='lat' dir='ltr'><strong><em>jubebatur</em></strong></span> <span class='ocrx_word' id='word_1_553' title='bbox 2557 829 2819 896; x_wconf 86' lang='lat' dir='ltr'><strong><em>impleret.</em></strong></span> <span class='ocrx_word' id='word_1_554' title='bbox 2841 827 2974 882; x_wconf 90' lang='lat' dir='ltr'><strong><em>Cum</em></strong></span> <span class='ocrx_word' id='word_1_555' title='bbox 2997 827 3208 889; x_wconf 89' lang='lat' dir='ltr'><strong><em>dicitur,</em></strong></span> <span class='ocrx_word' id='word_1_556' title='bbox 3238 825 3524 895; x_wconf 82' lang='lat' dir='ltr'><strong><em>Ditigamus</em></strong></span> <span class='ocrx_word' id='word_1_557' title='bbox 3549 825 3681 878; x_wconf 80' lang='lat' dir='ltr'><strong><em>inui-</em></strong></span> 
     </span>
    </p>
   </div>
   <div class='ocr_carea' id='block_1_67' title="bbox 2095 913 3684 986">
    <p class='ocr_par' dir='ltr' id='par_1_67' title="bbox 2095 913 3684 986">
     <span class='ocr_line' id='line_1_67' title="bbox 2095 913 3684 986; baseline -0.003 -13"><span class='ocrx_word' id='word_1_558' title='bbox 2095 937 2222 984; x_wconf 87' lang='lat' dir='ltr'><strong><em>cem,</em></strong></span> <span class='ocrx_word' id='word_1_559' title='bbox 2249 921 2332 975; x_wconf 86' lang='lat' dir='ltr'><strong><em>lex</em></strong></span> <span class='ocrx_word' id='word_1_560' title='bbox 2353 929 2436 975; x_wconf 87' lang='lat' dir='ltr'><strong><em>est</em></strong></span> <span class='ocrx_word' id='word_1_561' title='bbox 2459 939 2472 974; x_wconf 73' lang='grc' dir='ltr'>ε</span> <span class='ocrx_word' id='word_1_562' title='bbox 2495 935 2614 974; x_wconf 89' lang='lat' dir='ltr'><strong><em>cum</em></strong></span> <span class='ocrx_word' id='word_1_563' title='bbox 2637 919 2850 979; x_wconf 82' lang='lat' dir='ltr'><strong><em>dicitur,</em></strong></span> <span class='ocrx_word' id='word_1_564' title='bbox 2871 919 2991 986; x_wconf 86' lang='lat' dir='ltr'><strong><em>quia</em></strong></span> <span class='ocrx_word' id='word_1_565' title='bbox 3010 917 3210 970; x_wconf 87' lang='lat' dir='ltr'><strong><em>dilectio</em></strong></span> <span class='ocrx_word' id='word_1_566' title='bbox 3231 932 3294 970; x_wconf 75' lang='lat' dir='ltr'><strong><em>ex</em></strong></span> <span class='ocrx_word' id='word_1_567' title='bbox 3321 913 3426 969; x_wconf 85' lang='lat' dir='ltr'><strong><em>Deo</em></strong></span> <span class='ocrx_word' id='word_1_568' title='bbox 3447 927 3540 978; x_wconf 83' lang='lat' dir='ltr'><strong><em>est,</em></strong></span> <span class='ocrx_word' id='word_1_569' title='bbox 3561 931 3684 984; x_wconf 76' lang='lat' dir='ltr'><strong><em>gra-</em></strong></span> 
     </span>
    </p>
   </div>
   <div class='ocr_carea' id='block_1_68' title="bbox 2096 1007 3686 1082">
    <p class='ocr_par' dir='ltr' id='par_1_68' title="bbox 2096 1007 3686 1082">
     <span class='ocr_line' id='line_1_68' title="bbox 2096 1007 3686 1082; baseline -0.004 -17"><span class='ocrx_word' id='word_1_570' title='bbox 2096 1013 2165 1066; x_wconf 87' lang='lat' dir='ltr'><strong><em>tia</em></strong></span> <span class='ocrx_word' id='word_1_571' title='bbox 2190 1022 2290 1066; x_wconf 83' lang='lat' dir='ltr'><strong><em>est.</em></strong></span> <span class='ocrx_word' id='word_1_572' title='bbox 2321 1011 2584 1082; x_wconf 84' lang='lat' dir='ltr'><strong><em>Sapientia</em></strong></span> <span class='ocrx_word' id='word_1_573' title='bbox 2611 1013 2804 1080; x_wconf 85' lang='lat' dir='ltr'><strong><em>quippe</em></strong></span> <span class='ocrx_word' id='word_1_574' title='bbox 2832 1009 2925 1064; x_wconf 87' lang='lat' dir='ltr'><strong><em>Dei</em></strong></span> <span class='ocrx_word' id='word_1_575' title='bbox 2955 1009 3113 1080; x_wconf 78' lang='lat' dir='ltr'><strong><em>legem</em></strong></span> <span class='ocrx_word' id='word_1_576' title='bbox 3137 1017 3182 1062; x_wconf 88' lang='lat' dir='ltr'><strong><em>et</em></strong></span> <span class='ocrx_word' id='word_1_577' title='bbox 3209 1007 3606 1060; x_wconf 81' lang='lat' dir='ltr'><strong><em>misericordium</em></strong></span> <span class='ocrx_word' id='word_1_578' title='bbox 3633 1009 3686 1059; x_wconf 88' lang='lat' dir='ltr'><strong><em>in</em></strong></span> 
     </span>
    </p>
   </div>
   <div class='ocr_carea' id='block_1_69' title="bbox 2097 1097 3684 1174">
    <p class='ocr_par' dir='ltr' id='par_1_69' title="bbox 2097 1097 3684 1174">
     <span class='ocr_line' id='line_1_69' title="bbox 2097 1097 3684 1174; baseline -0.006 -19"><span class='ocrx_word' id='word_1_579' title='bbox 2097 1100 2271 1174; x_wconf 88' lang='lat' dir='ltr'><strong><em>lingua</em></strong></span> <span class='ocrx_word' id='word_1_580' title='bbox 2299 1109 2464 1172; x_wconf 84' lang='lat' dir='ltr'><strong><em>portat</em></strong></span> <span class='ocrx_word' id='word_1_581' title='bbox 2485 1100 2661 1170; x_wconf 85' lang='lat' dir='ltr'><strong><em>(Prov.</em></strong></span> <span class='ocrx_word' id='word_1_582' title='bbox 2697 1115 2774 1164; x_wconf 89' lang='lat' dir='ltr'><strong><em>ttt,</em></strong></span> <span class='ocrx_word' id='word_1_583' title='bbox 2801 1099 2888 1164; x_wconf 72' lang='lat'><strong><em>16,</em></strong></span> <span class='ocrx_word' id='word_1_584' title='bbox 2911 1116 3010 1153; x_wconf 85' lang='lat' dir='ltr'><strong><em>sec.</em></strong></span> <span class='ocrx_word' id='word_1_585' title='bbox 3037 1097 3224 1164; x_wconf 74' lang='lat' dir='ltr'><strong><em>LXX).</em></strong></span> <span class='ocrx_word' id='word_1_586' title='bbox 3252 1097 3398 1154; x_wconf 86' lang='lat' dir='ltr'><strong><em>Unde</em></strong></span> <span class='ocrx_word' id='word_1_587' title='bbox 3423 1101 3684 1164; x_wconf 84' lang='lat' dir='ltr'><strong><em>scriptum</em></strong></span> 
     </span>
    </p>
   </div>
   <div class='ocr_carea' id='block_1_70' title="bbox 2097 1189 3689 1258">
    <p class='ocr_par' dir='ltr' id='par_1_70' title="bbox 2097 1189 3689 1258">
     <span class='ocr_line' id='line_1_70' title="bbox 2097 1189 3689 1258; baseline -0.006 -10"><span class='ocrx_word' id='word_1_588' title='bbox 2097 1204 2179 1248; x_wconf 83' lang='lat' dir='ltr'><strong><em>est</em></strong></span> <span class='ocrx_word' id='word_1_589' title='bbox 2205 1195 2258 1248; x_wconf 90' lang='lat' dir='ltr'><strong><em>in</em></strong></span> <span class='ocrx_word' id='word_1_590' title='bbox 2289 1193 2500 1248; x_wconf 79' lang='lat' dir='ltr'><strong><em>PSalnto</em></strong></span> <span class='ocrx_word' id='word_1_591' title='bbox 2531 1209 2544 1246; x_wconf 92' lang='lat'>:</span> <span class='ocrx_word' id='word_1_592' title='bbox 2575 1190 2776 1245; x_wconf 85' lang='lat' dir='ltr'><strong><em>Etenim</em></strong></span> <span class='ocrx_word' id='word_1_593' title='bbox 2809 1190 3199 1244; x_wconf 83' lang='lat' dir='ltr'><strong><em>benedictionem</em></strong></span> <span class='ocrx_word' id='word_1_594' title='bbox 3234 1189 3370 1242; x_wconf 84' lang='lat' dir='ltr'><strong><em>dabit</em></strong></span> <span class='ocrx_word' id='word_1_595' title='bbox 3407 1190 3492 1258; x_wconf 86' lang='lat' dir='ltr'><strong><em>qui</em></strong></span> <span class='ocrx_word' id='word_1_596' title='bbox 3526 1189 3689 1257; x_wconf 76' lang='lat' dir='ltr'><strong><em>legem</em></strong></span> 
     </span>
    </p>
   </div>
   <div class='ocr_carea' id='block_1_71' title="bbox 2095 1281 2859 1353">
    <p class='ocr_par' dir='ltr' id='par_1_71' title="bbox 2095 1281 2859 1353">
     <span class='ocr_line' id='line_1_71' title="bbox 2095 1281 2859 1353; baseline -0.004 -16"><span class='ocrx_word' id='word_1_597' title='bbox 2095 1283 2234 1337; x_wconf 86' lang='lat' dir='ltr'><strong><em>dedit</em></strong></span> <span class='ocrx_word' id='word_1_598' title='bbox 2265 1281 2436 1353; x_wconf 83' lang='lat' dir='ltr'><strong><em>(Psut.</em></strong></span> <span class='ocrx_word' id='word_1_599' title='bbox 2470 1297 2684 1344; x_wconf 72' lang='lat' dir='ltr'><strong><em>Lsxxm,</em></strong></span> <span class='ocrx_word' id='word_1_600' title='bbox 2719 1281 2799 1351; x_wconf 89' lang='lat'><strong><em>8).</em></strong></span> <span class='ocrx_word' id='word_1_601' title='bbox 2853 1318 2859 1325; x_wconf 67' lang='grc' dir='ltr'><strong><em>ι</em></strong></span> 
     </span>
    </p>
   </div>
   <div class='ocr_carea' id='block_1_72' title="bbox 2169 1369 3690 1443">
    <p class='ocr_par' dir='ltr' id='par_1_72' title="bbox 2169 1369 3690 1443">
     <span class='ocr_line' id='line_1_72' title="bbox 2169 1369 3690 1443; baseline -0.004 -15"><span class='ocrx_word' id='word_1_602' title='bbox 2169 1372 2256 1428; x_wconf 77' lang='grc'><strong><em>58.</em></strong></span> <span class='ocrx_word' id='word_1_603' title='bbox 2285 1371 2454 1430; x_wconf 84' lang='lat' dir='ltr'><strong><em>Nemo</em></strong></span> <span class='ocrx_word' id='word_1_604' title='bbox 2473 1387 2602 1443; x_wconf 71' lang='lat' dir='ltr'><strong><em>ergo</em></strong></span> <span class='ocrx_word' id='word_1_605' title='bbox 2621 1387 2717 1427; x_wconf 77' lang='lat' dir='ltr'><strong><em>Vos</em></strong></span> <span class='ocrx_word' id='word_1_606' title='bbox 2744 1372 2908 1434; x_wconf 79' lang='lat' dir='ltr'><strong><em>fallat,</em></strong></span> <span class='ocrx_word' id='word_1_607' title='bbox 2935 1369 3120 1425; x_wconf 78' lang='lat' dir='ltr'><strong><em>fratres</em></strong></span> <span class='ocrx_word' id='word_1_608' title='bbox 3145 1370 3248 1424; x_wconf 90' lang='lat' dir='ltr'><strong><em>mei</em></strong></span> <span class='ocrx_word' id='word_1_609' title='bbox 3272 1387 3287 1424; x_wconf 88' lang='lat'><strong>:</strong></span> <span class='ocrx_word' id='word_1_610' title='bbox 3313 1369 3435 1437; x_wconf 87' lang='lat' dir='ltr'><strong><em>quia</em></strong></span> <span class='ocrx_word' id='word_1_611' title='bbox 3463 1384 3558 1422; x_wconf 85' lang='lat' dir='ltr'><strong><em>nos</em></strong></span> <span class='ocrx_word' id='word_1_612' title='bbox 3579 1385 3690 1422; x_wconf 84' lang='lat' dir='ltr'><strong><em>non</em></strong></span> 
     </span>
    </p>
   </div>
   <div class='ocr_carea' id='block_1_73' title="bbox 2099 1461 3691 1536">
    <p class='ocr_par' dir='ltr' id='par_1_73' title="bbox 2099 1461 3691 1536">
     <span class='ocr_line' id='line_1_73' title="bbox 2099 1461 3691 1536; baseline -0.004 -17"><span class='ocrx_word' id='word_1_613' title='bbox 2099 1464 2442 1536; x_wconf 74' lang='lat' dir='ltr'><strong><em>diligeremus</em></strong></span> <span class='ocrx_word' id='word_1_614' title='bbox 2471 1465 2658 1526; x_wconf 85' lang='lat' dir='ltr'><strong><em>Deum.</em></strong></span> <span class='ocrx_word' id='word_1_615' title='bbox 2691 1464 2792 1518; x_wconf 92' lang='lat' dir='ltr'><strong><em>nisi</em></strong></span> <span class='ocrx_word' id='word_1_616' title='bbox 2820 1478 2917 1517; x_wconf 85' lang='lat' dir='ltr'><strong><em>nos</em></strong></span> <span class='ocrx_word' id='word_1_617' title='bbox 2944 1463 3086 1532; x_wconf 83' lang='lat' dir='ltr'><strong><em>prior</em></strong></span> <span class='ocrx_word' id='word_1_618' title='bbox 3110 1463 3223 1530; x_wconf 87' lang='lat' dir='ltr'><strong><em>ipse</em></strong></span> <span class='ocrx_word' id='word_1_619' title='bbox 3249 1461 3510 1530; x_wconf 69' lang='lat' dir='ltr'><strong><em>diligeret.</em></strong></span> <span class='ocrx_word' id='word_1_620' title='bbox 3545 1461 3691 1514; x_wconf 83' lang='lat' dir='ltr'><strong><em>idem</em></strong></span> 
     </span>
    </p>
   </div>
   <div class='ocr_carea' id='block_1_74' title="bbox 2099 1550 3694 1624">
    <p class='ocr_par' dir='ltr' id='par_1_74' title="bbox 2099 1550 3694 1624">
     <span class='ocr_line' id='line_1_74' title="bbox 2099 1550 3694 1624; baseline -0.005 -12"><span class='ocrx_word' id='word_1_621' title='bbox 2099 1554 2334 1612; x_wconf 86' lang='lat' dir='ltr'><strong><em>Joannes</em></strong></span> <span class='ocrx_word' id='word_1_622' title='bbox 2358 1555 2693 1624; x_wconf 85' lang='lat' dir='ltr'><strong><em>apertissime</em></strong></span> <span class='ocrx_word' id='word_1_623' title='bbox 2729 1555 2830 1609; x_wconf 90' lang='lat' dir='ltr'><strong><em>hoc</em></strong></span> <span class='ocrx_word' id='word_1_624' title='bbox 2862 1553 3122 1616; x_wconf 64' lang='lat' dir='ltr'><strong><em>ostendit,</em></strong></span> <span class='ocrx_word' id='word_1_625' title='bbox 3155 1564 3206 1607; x_wconf 90' lang='lat' dir='ltr'><strong><em>et</em></strong></span> <span class='ocrx_word' id='word_1_626' title='bbox 3235 1553 3393 1616; x_wconf 89' lang='lat' dir='ltr'><strong><em>dicit,</em></strong></span> <span class='ocrx_word' id='word_1_627' title='bbox 3429 1550 3540 1604; x_wconf 71' lang='lat' dir='ltr'><strong><em>Nos</em></strong></span> <span class='ocrx_word' id='word_1_628' title='bbox 3568 1552 3694 1604; x_wconf 87' lang='lat' dir='ltr'><strong><em>dili-</em></strong></span> 
     </span>
    </p>
   </div>
   <div class='ocr_carea' id='block_1_75' title="bbox 2100 1641 3700 1717">
    <p class='ocr_par' dir='ltr' id='par_1_75' title="bbox 2100 1641 3700 1717">
     <span class='ocr_line' id='line_1_75' title="bbox 2100 1641 3700 1717; baseline -0.003 -19"><span class='ocrx_word' id='word_1_629' title='bbox 2100 1663 2278 1717; x_wconf 86' lang='lat' dir='ltr'><strong><em>gamus</em></strong></span> <span class='ocrx_word' id='word_1_630' title='bbox 2301 1647 2338 1710; x_wconf 77' lang='lat'><strong><em>’,</em></strong></span> <span class='ocrx_word' id='word_1_631' title='bbox 2359 1647 2475 1714; x_wconf 88' lang='lat' dir='ltr'><strong><em>quia</em></strong></span> <span class='ocrx_word' id='word_1_632' title='bbox 2495 1645 2602 1714; x_wconf 87' lang='lat' dir='ltr'><strong><em>ipse</em></strong></span> <span class='ocrx_word' id='word_1_633' title='bbox 2621 1647 2760 1717; x_wconf 87' lang='lat' dir='ltr'><strong><em>prior</em></strong></span> <span class='ocrx_word' id='word_1_634' title='bbox 2779 1644 2955 1698; x_wconf 70' lang='lat' dir='ltr'><strong><em>dilexit</em></strong></span> <span class='ocrx_word' id='word_1_635' title='bbox 2976 1659 3066 1696; x_wconf 89' lang='lat' dir='ltr'><strong><em>nos</em></strong></span> <span class='ocrx_word' id='word_1_636' title='bbox 3089 1642 3130 1714; x_wconf 87' lang='grc' dir='ltr'><strong><em>(Ι</em></strong></span> <span class='ocrx_word' id='word_1_637' title='bbox 3149 1642 3306 1696; x_wconf 83' lang='lat' dir='ltr'><strong><em>Joan.</em></strong></span> <span class='ocrx_word' id='word_1_638' title='bbox 3329 1657 3397 1705; x_wconf 88' lang='lat' dir='ltr'><strong><em>tv,</em></strong></span> <span class='ocrx_word' id='word_1_639' title='bbox 3430 1641 3513 1712; x_wconf 84' lang='lat' dir='ltr'><strong><em>l9)</em></strong></span> <span class='ocrx_word' id='word_1_640' title='bbox 3559 1642 3700 1697; x_wconf 77' lang='lat' dir='ltr'><strong><em>Gra-</em></strong></span> 
     </span>
    </p>
   </div>
   <div class='ocr_carea' id='block_1_76' title="bbox 2103 1735 3698 1807">
    <p class='ocr_par' dir='ltr' id='par_1_76' title="bbox 2103 1735 3698 1807">
     <span class='ocr_line' id='line_1_76' title="bbox 2103 1735 3698 1807; baseline -0.003 -15"><span class='ocrx_word' id='word_1_641' title='bbox 2103 1738 2174 1792; x_wconf 89' lang='lat' dir='ltr'><strong><em>tia</em></strong></span> <span class='ocrx_word' id='word_1_642' title='bbox 2204 1751 2302 1791; x_wconf 87' lang='lat' dir='ltr'><strong><em>nos</em></strong></span> <span class='ocrx_word' id='word_1_643' title='bbox 2333 1737 2456 1791; x_wconf 82' lang='lat' dir='ltr'><strong><em>facit</em></strong></span> <span class='ocrx_word' id='word_1_644' title='bbox 2484 1737 2614 1807; x_wconf 81' lang='lat' dir='ltr'><strong><em>legis</em></strong></span> <span class='ocrx_word' id='word_1_645' title='bbox 2643 1737 2948 1800; x_wconf 84' lang='lat' dir='ltr'><strong><em>dilectores,</em></strong></span> <span class='ocrx_word' id='word_1_646' title='bbox 2983 1737 3065 1790; x_wconf 84' lang='lat' dir='ltr'><strong><em>lex</em></strong></span> <span class='ocrx_word' id='word_1_647' title='bbox 3098 1751 3222 1789; x_wconf 86' lang='lat' dir='ltr'><strong><em>vero</em></strong></span> <span class='ocrx_word' id='word_1_648' title='bbox 3253 1735 3362 1800; x_wconf 75' lang='lat' dir='ltr'><strong><em>ipSn</em></strong></span> <span class='ocrx_word' id='word_1_649' title='bbox 3387 1740 3501 1787; x_wconf 81' lang='lat' dir='ltr'><strong><em>sine</em></strong></span> <span class='ocrx_word' id='word_1_650' title='bbox 3522 1737 3698 1804; x_wconf 74' lang='lat' dir='ltr'><strong><em>gratia</em></strong></span> 
     </span>
    </p>
   </div>
   <div class='ocr_carea' id='block_1_77' title="bbox 2106 1828 3698 1900">
    <p class='ocr_par' dir='ltr' id='par_1_77' title="bbox 2106 1828 3698 1900">
     <span class='ocr_line' id='line_1_77' title="bbox 2106 1828 3698 1900; baseline -0.002 -16"><span class='ocrx_word' id='word_1_651' title='bbox 2106 1832 2316 1885; x_wconf 92' lang='lat' dir='ltr'><strong><em>nonnisi</em></strong></span> <span class='ocrx_word' id='word_1_652' title='bbox 2361 1830 2794 1900; x_wconf 70' lang='lat' dir='ltr'><strong><em>praevaricatores</em></strong></span> <span class='ocrx_word' id='word_1_653' title='bbox 2828 1830 2971 1884; x_wconf 79' lang='lat' dir='ltr'><strong><em>facit.</em></strong></span> <span class='ocrx_word' id='word_1_654' title='bbox 3012 1829 3078 1883; x_wconf 80' lang='lat' dir='ltr'><strong><em>Et</em></strong></span> <span class='ocrx_word' id='word_1_655' title='bbox 3112 1828 3252 1898; x_wconf 92' lang='lat' dir='ltr'><strong><em>quod</em></strong></span> <span class='ocrx_word' id='word_1_656' title='bbox 3281 1829 3555 1898; x_wconf 78' lang='lat' dir='ltr'><strong><em>dise’pulis</em></strong></span> <span class='ocrx_word' id='word_1_657' title='bbox 3582 1830 3698 1881; x_wconf 85' lang='lat' dir='ltr'><strong><em>suis</em></strong></span> 
     </span>
    </p>
   </div>
   <div class='ocr_carea' id='block_1_78' title="bbox 2105 1917 3701 1989">
    <p class='ocr_par' dir='ltr' id='par_1_78' title="bbox 2105 1917 3701 1989">
     <span class='ocr_line' id='line_1_78' title="bbox 2105 1917 3701 1989; baseline -0.001 -17"><span class='ocrx_word' id='word_1_658' title='bbox 2105 1917 2229 1973; x_wconf 89' lang='lat' dir='ltr'><strong><em>dicit</em></strong></span> <span class='ocrx_word' id='word_1_659' title='bbox 2263 1919 2548 1983; x_wconf 89' lang='lat' dir='ltr'><strong><em>Dominus,</em></strong></span> <span class='ocrx_word' id='word_1_660' title='bbox 2580 1917 2701 1972; x_wconf 86' lang='lat' dir='ltr'><strong><em>Non</em></strong></span> <span class='ocrx_word' id='word_1_661' title='bbox 2727 1933 2813 1972; x_wconf 79' lang='lat' dir='ltr'><strong><em>vos</em></strong></span> <span class='ocrx_word' id='word_1_662' title='bbox 2838 1935 2917 1972; x_wconf 90' lang='lat' dir='ltr'><strong><em>me</em></strong></span> <span class='ocrx_word' id='word_1_663' title='bbox 2943 1919 3188 1989; x_wconf 84' lang='lat' dir='ltr'><strong><em>elegistis,</em></strong></span> <span class='ocrx_word' id='word_1_664' title='bbox 3217 1917 3305 1970; x_wconf 77' lang='lat' dir='ltr'><strong><em>sed</em></strong></span> <span class='ocrx_word' id='word_1_665' title='bbox 3337 1933 3427 1988; x_wconf 87' lang='lat' dir='ltr'><strong><em>ego</em></strong></span> <span class='ocrx_word' id='word_1_666' title='bbox 3455 1919 3580 1986; x_wconf 79' lang='lat' dir='ltr'><strong><em>elegi</em></strong></span> <span class='ocrx_word' id='word_1_667' title='bbox 3609 1934 3701 1970; x_wconf 79' lang='lat' dir='ltr'><strong><em>nos</em></strong></span> 
     </span>
    </p>
   </div>
   <div class='ocr_carea' id='block_1_79' title="bbox 2105 2007 3704 2083">
    <p class='ocr_par' dir='ltr' id='par_1_79' title="bbox 2105 2007 3704 2083">
     <span class='ocr_line' id='line_1_79' title="bbox 2105 2007 3704 2083; baseline 0 -21"><span class='ocrx_word' id='word_1_668' title='bbox 2105 2007 2286 2083; x_wconf 85' lang='lat' dir='ltr'><strong><em>(Joan.</em></strong></span> <span class='ocrx_word' id='word_1_669' title='bbox 2316 2025 2406 2077; x_wconf 86' lang='lat' dir='ltr'><strong><em>xv,</em></strong></span> <span class='ocrx_word' id='word_1_670' title='bbox 2439 2010 2562 2081; x_wconf 64' lang='lat'><strong><em>16);</em></strong></span> <span class='ocrx_word' id='word_1_671' title='bbox 2589 2009 2718 2064; x_wconf 83' lang='lat' dir='ltr'><strong><em>nihil</em></strong></span> <span class='ocrx_word' id='word_1_672' title='bbox 2745 2010 2888 2064; x_wconf 81' lang='lat' dir='ltr'><strong><em>aliud</em></strong></span> <span class='ocrx_word' id='word_1_673' title='bbox 2918 2009 3117 2063; x_wconf 78' lang='lat' dir='ltr'><strong><em>indicat</em></strong></span> <span class='ocrx_word' id='word_1_674' title='bbox 3147 2009 3318 2062; x_wconf 76' lang='lat' dir='ltr'><strong><em>nobis.</em></strong></span> <span class='ocrx_word' id='word_1_675' title='bbox 3343 2009 3399 2064; x_wconf 85' lang='lat' dir='ltr'><strong><em>Si</em></strong></span> <span class='ocrx_word' id='word_1_676' title='bbox 3426 2009 3568 2063; x_wconf 82' lang='lat' dir='ltr'><strong><em>enim</em></strong></span> <span class='ocrx_word' id='word_1_677' title='bbox 3599 2024 3704 2062; x_wconf 73' lang='lat' dir='ltr'><strong><em>nos</em></strong></span> 
     </span>
    </p>
   </div>
   <div class='ocr_carea' id='block_1_80' title="bbox 2107 2099 3704 2171">
    <p class='ocr_par' dir='ltr' id='par_1_80' title="bbox 2107 2099 3704 2171">
     <span class='ocr_line' id='line_1_80' title="bbox 2107 2099 3704 2171; baseline -0.001 -17"><span class='ocrx_word' id='word_1_678' title='bbox 2107 2099 2256 2171; x_wconf 87' lang='lat' dir='ltr'><strong><em>prius</em></strong></span> <span class='ocrx_word' id='word_1_679' title='bbox 2275 2099 2580 2166; x_wconf 77' lang='lat' dir='ltr'><strong><em>dileximus,</em></strong></span> <span class='ocrx_word' id='word_1_680' title='bbox 2599 2109 2658 2154; x_wconf 92' lang='lat' dir='ltr'><strong><em>ut</em></strong></span> <span class='ocrx_word' id='word_1_681' title='bbox 2675 2101 2775 2154; x_wconf 91' lang='lat' dir='ltr'><strong><em>hoc</em></strong></span> <span class='ocrx_word' id='word_1_682' title='bbox 2792 2099 2984 2154; x_wconf 88' lang='lat' dir='ltr'><strong><em>merito</em></strong></span> <span class='ocrx_word' id='word_1_683' title='bbox 3007 2115 3104 2153; x_wconf 88' lang='lat' dir='ltr'><strong><em>nos</em></strong></span> <span class='ocrx_word' id='word_1_684' title='bbox 3124 2100 3236 2168; x_wconf 86' lang='lat' dir='ltr'><strong><em>ipse</em></strong></span> <span class='ocrx_word' id='word_1_685' title='bbox 3255 2099 3526 2169; x_wconf 77' lang='lat' dir='ltr'><strong><em>dil’gcret;</em></strong></span> <span class='ocrx_word' id='word_1_686' title='bbox 3551 2101 3704 2169; x_wconf 83' lang='lat' dir='ltr'><strong><em>prius</em></strong></span> 
     </span>
    </p>
   </div>
   <div class='ocr_carea' id='block_1_81' title="bbox 2109 2190 3705 2262">
    <p class='ocr_par' dir='ltr' id='par_1_81' title="bbox 2109 2190 3705 2262">
     <span class='ocr_line' id='line_1_81' title="bbox 2109 2190 3705 2262; baseline 0.001 -18"><span class='ocrx_word' id='word_1_687' title='bbox 2109 2191 2262 2246; x_wconf 89' lang='lat' dir='ltr'><strong><em>illum</em></strong></span> <span class='ocrx_word' id='word_1_688' title='bbox 2299 2205 2400 2246; x_wconf 86' lang='lat' dir='ltr'><strong><em>nos</em></strong></span> <span class='ocrx_word' id='word_1_689' title='bbox 2435 2191 2727 2262; x_wconf 81' lang='lat' dir='ltr'><strong><em>elegimus,</em></strong></span> <span class='ocrx_word' id='word_1_690' title='bbox 2757 2199 2816 2245; x_wconf 91' lang='lat' dir='ltr'><strong><em>ut</em></strong></span> <span class='ocrx_word' id='word_1_691' title='bbox 2848 2191 2916 2244; x_wconf 92' lang='lat' dir='ltr'><strong><em>ab</em></strong></span> <span class='ocrx_word' id='word_1_692' title='bbox 2945 2190 3034 2244; x_wconf 87' lang='lat' dir='ltr'><strong><em>illo</em></strong></span> <span class='ocrx_word' id='word_1_693' title='bbox 3062 2190 3182 2260; x_wconf 77' lang='lat' dir='ltr'><strong><em>eligi</em></strong></span> <span class='ocrx_word' id='word_1_694' title='bbox 3214 2205 3558 2262; x_wconf 70' lang='lat' dir='ltr'><strong><em>mererentur.</em></strong></span> <span class='ocrx_word' id='word_1_695' title='bbox 3591 2190 3705 2245; x_wconf 73' lang='lat' dir='ltr'><strong><em>Sed</em></strong></span> 
     </span>
    </p>
   </div>
   <div class='ocr_carea' id='block_1_82' title="bbox 2110 2279 3705 2353">
    <p class='ocr_par' dir='ltr' id='par_1_82' title="bbox 2110 2279 3705 2353">
     <span class='ocr_line' id='line_1_82' title="bbox 2110 2279 3705 2353; baseline -0.001 -17"><span class='ocrx_word' id='word_1_696' title='bbox 2110 2281 2225 2352; x_wconf 88' lang='lat' dir='ltr'><strong><em>ipse</em></strong></span> <span class='ocrx_word' id='word_1_697' title='bbox 2250 2284 2338 2353; x_wconf 91' lang='lat' dir='ltr'><strong><em>qtti</em></strong></span> <span class='ocrx_word' id='word_1_698' title='bbox 2366 2283 2564 2338; x_wconf 82' lang='lat' dir='ltr'><strong><em>veritas</em></strong></span> <span class='ocrx_word' id='word_1_699' title='bbox 2587 2292 2688 2348; x_wconf 87' lang='lat' dir='ltr'><strong><em>est,</em></strong></span> <span class='ocrx_word' id='word_1_700' title='bbox 2712 2280 2856 2336; x_wconf 91' lang='lat' dir='ltr'><strong><em>aliud</em></strong></span> <span class='ocrx_word' id='word_1_701' title='bbox 2884 2282 3030 2342; x_wconf 88' lang='lat' dir='ltr'><strong><em>dicit.</em></strong></span> <span class='ocrx_word' id='word_1_702' title='bbox 3061 2292 3112 2335; x_wconf 85' lang='lat' dir='ltr'><strong><em>et</em></strong></span> <span class='ocrx_word' id='word_1_703' title='bbox 3138 2281 3259 2335; x_wconf 84' lang='lat' dir='ltr'><strong><em>huic</em></strong></span> <span class='ocrx_word' id='word_1_704' title='bbox 3280 2279 3498 2334; x_wconf 85' lang='lat' dir='ltr'><strong><em>vanitati</em></strong></span> <span class='ocrx_word' id='word_1_705' title='bbox 3524 2283 3705 2334; x_wconf 84' lang='lat' dir='ltr'><strong><em>homi-</em></strong></span> 
     </span>
    </p>
   </div>
   <div class='ocr_carea' id='block_1_83' title="bbox 2109 2371 3706 2444">
    <p class='ocr_par' dir='ltr' id='par_1_83' title="bbox 2109 2371 3706 2444">
     <span class='ocr_line' id='line_1_83' title="bbox 2109 2371 3706 2444; baseline -0.003 -14"><span class='ocrx_word' id='word_1_706' title='bbox 2109 2389 2238 2430; x_wconf 85' lang='lat' dir='ltr'><strong><em>num</em></strong></span> <span class='ocrx_word' id='word_1_707' title='bbox 2277 2376 2614 2444; x_wconf 88' lang='lat' dir='ltr'><strong><em>apertissime</em></strong></span> <span class='ocrx_word' id='word_1_708' title='bbox 2646 2374 2964 2429; x_wconf 88' lang='lat' dir='ltr'><strong><em>contradicit</em></strong></span> <span class='ocrx_word' id='word_1_709' title='bbox 2991 2390 3012 2430; x_wconf 66' lang='grc' dir='ltr'>ς</span> <span class='ocrx_word' id='word_1_710' title='bbox 3058 2371 3176 2426; x_wconf 80' lang='lat' dir='ltr'><strong><em>Non</em></strong></span> <span class='ocrx_word' id='word_1_711' title='bbox 3212 2389 3298 2428; x_wconf 78' lang='lat' dir='ltr'><strong><em>ros</em></strong></span> <span class='ocrx_word' id='word_1_712' title='bbox 3335 2389 3414 2427; x_wconf 87' lang='lat' dir='ltr'><strong><em>me</em></strong></span> <span class='ocrx_word' id='word_1_713' title='bbox 3451 2373 3706 2443; x_wconf 82' lang='lat' dir='ltr'><strong><em>elegistis,</em></strong></span> 
     </span>
    </p>
   </div>
   <div class='ocr_carea' id='block_1_84' title="bbox 2113 2464 3706 2537">
    <p class='ocr_par' dir='ltr' id='par_1_84' title="bbox 2113 2464 3706 2537">
     <span class='ocr_line' id='line_1_84' title="bbox 2113 2464 3706 2537; baseline -0.001 -17"><span class='ocrx_word' id='word_1_714' title='bbox 2113 2465 2302 2537; x_wconf 90' lang='lat' dir='ltr'><strong><em>inquit.</em></strong></span> <span class='ocrx_word' id='word_1_715' title='bbox 2327 2465 2382 2520; x_wconf 91' lang='lat' dir='ltr'><strong><em>Si</em></strong></span> <span class='ocrx_word' id='word_1_716' title='bbox 2403 2479 2532 2536; x_wconf 82' lang='lat' dir='ltr'><strong><em>ergo</em></strong></span> <span class='ocrx_word' id='word_1_717' title='bbox 2553 2478 2657 2520; x_wconf 93' lang='lat' dir='ltr'><strong><em>non</em></strong></span> <span class='ocrx_word' id='word_1_718' title='bbox 2677 2464 2935 2535; x_wconf 78' lang='lat' dir='ltr'><strong><em>elegistis,</em></strong></span> <span class='ocrx_word' id='word_1_719' title='bbox 2959 2465 3074 2519; x_wconf 90' lang='lat' dir='ltr'><strong><em>sine</em></strong></span> <span class='ocrx_word' id='word_1_720' title='bbox 3097 2464 3259 2518; x_wconf 83' lang='lat' dir='ltr'><strong><em>dubio</em></strong></span> <span class='ocrx_word' id='word_1_721' title='bbox 3282 2479 3383 2520; x_wconf 93' lang='lat' dir='ltr'><strong><em>nec</em></strong></span> <span class='ocrx_word' id='word_1_722' title='bbox 3403 2465 3706 2518; x_wconf 60' lang='lat' dir='ltr'><strong><em>ditt-sistis:</em></strong></span> 
     </span>
    </p>
   </div>
   <div class='ocr_carea' id='block_1_85' title="bbox 2112 2553 3712 2628">
    <p class='ocr_par' dir='ltr' id='par_1_85' title="bbox 2112 2553 3712 2628">
     <span class='ocr_line' id='line_1_85' title="bbox 2112 2553 3712 2628; baseline -0.001 -18"><span class='ocrx_word' id='word_1_723' title='bbox 2112 2554 2384 2628; x_wconf 90' lang='lat' dir='ltr'><strong><em>quomodo</em></strong></span> <span class='ocrx_word' id='word_1_724' title='bbox 2407 2555 2550 2610; x_wconf 90' lang='lat' dir='ltr'><strong><em>enim</em></strong></span> <span class='ocrx_word' id='word_1_725' title='bbox 2576 2570 2700 2612; x_wconf 90' lang='lat' dir='ltr'><strong><em>eum</em></strong></span> <span class='ocrx_word' id='word_1_726' title='bbox 2736 2555 2993 2625; x_wconf 68' lang='lat' dir='ltr'><strong><em>eligerent</em></strong></span> <span class='ocrx_word' id='word_1_727' title='bbox 3013 2595 3028 2618; x_wconf 91' lang='lat'><strong><em>,</em></strong></span> <span class='ocrx_word' id='word_1_728' title='bbox 3060 2570 3216 2622; x_wconf 84' lang='lat' dir='ltr'><strong><em>quem</em></strong></span> <span class='ocrx_word' id='word_1_729' title='bbox 3248 2569 3353 2608; x_wconf 88' lang='lat' dir='ltr'><strong><em>non</em></strong></span> <span class='ocrx_word' id='word_1_730' title='bbox 3382 2553 3712 2622; x_wconf 69' lang='lat' dir='ltr'><strong><em>diligerent?</em></strong></span> 
     </span>
    </p>
   </div>
   <div class='ocr_carea' id='block_1_86' title="bbox 2117 2645 3712 2720">
    <p class='ocr_par' dir='ltr' id='par_1_86' title="bbox 2117 2645 3712 2720">
     <span class='ocr_line' id='line_1_86' title="bbox 2117 2645 3712 2720; baseline -0.004 -16"><span class='ocrx_word' id='word_1_731' title='bbox 2117 2647 2226 2704; x_wconf 85' lang='lat' dir='ltr'><strong><em>Sed</em></strong></span> <span class='ocrx_word' id='word_1_732' title='bbox 2245 2665 2358 2720; x_wconf 76' lang='lat' dir='ltr'><strong><em>ego,</em></strong></span> <span class='ocrx_word' id='word_1_733' title='bbox 2388 2646 2578 2716; x_wconf 89' lang='lat' dir='ltr'><strong><em>inquit,</em></strong></span> <span class='ocrx_word' id='word_1_734' title='bbox 2605 2663 2692 2702; x_wconf 77' lang='lat' dir='ltr'><strong><em>eos</em></strong></span> <span class='ocrx_word' id='word_1_735' title='bbox 2717 2647 2862 2717; x_wconf 82' lang='lat' dir='ltr'><strong><em>elegi.</em></strong></span> <span class='ocrx_word' id='word_1_736' title='bbox 2894 2645 3155 2714; x_wconf 87' lang='lat' dir='ltr'><strong><em>Numquid</em></strong></span> <span class='ocrx_word' id='word_1_737' title='bbox 3182 2660 3286 2698; x_wconf 91' lang='lat' dir='ltr'><strong><em>non</em></strong></span> <span class='ocrx_word' id='word_1_738' title='bbox 3315 2653 3369 2699; x_wconf 89' lang='lat' dir='ltr'><strong><em>et</em></strong></span> <span class='ocrx_word' id='word_1_739' title='bbox 3394 2645 3491 2712; x_wconf 81' lang='lat' dir='ltr'><strong><em>ipsi</em></strong></span> <span class='ocrx_word' id='word_1_740' title='bbox 3521 2655 3712 2713; x_wconf 59' lang='grc' dir='ltr'>ιιιιμιθει</span> 
     </span>
    </p>
   </div>
   <div class='ocr_carea' id='block_1_87' title="bbox 2116 2723 3714 2812">
    <p class='ocr_par' dir='ltr' id='par_1_87' title="bbox 2116 2723 3714 2812">
     <span class='ocr_line' id='line_1_87' title="bbox 2116 2723 3714 2812; baseline -0.007 -13"><span class='ocrx_word' id='word_1_741' title='bbox 2116 2743 2393 2812; x_wconf 72' lang='lat' dir='ltr'><strong><em>elegerunt</em></strong></span> <span class='ocrx_word' id='word_1_742' title='bbox 2421 2755 2569 2806; x_wconf 83' lang='lat' dir='ltr'><strong><em>eum,</em></strong></span> <span class='ocrx_word' id='word_1_743' title='bbox 2597 2749 2650 2796; x_wconf 90' lang='lat' dir='ltr'><strong><em>et</em></strong></span> <span class='ocrx_word' id='word_1_744' title='bbox 2675 2739 2924 2793; x_wconf 81' lang='lat' dir='ltr'><strong><em>onmihus</em></strong></span> <span class='ocrx_word' id='word_1_745' title='bbox 2951 2738 3105 2792; x_wconf 85' lang='lat' dir='ltr'><strong><em>bouis</em></strong></span> <span class='ocrx_word' id='word_1_746' title='bbox 3131 2736 3286 2804; x_wconf 88' lang='lat' dir='ltr'><strong><em>hujus</em></strong></span> <span class='ocrx_word' id='word_1_747' title='bbox 3299 2723 3484 2790; x_wconf 70' lang='lat' dir='ltr'><strong><em>surculi</em></strong></span> <span class='ocrx_word' id='word_1_748' title='bbox 3512 2748 3714 2803; x_wconf 76' lang='lat' dir='ltr'><strong><em>prauu-</em></strong></span> 
     </span>
    </p>
   </div>
   <div class='ocr_carea' id='block_1_88' title="bbox 2118 2827 3716 2902">
    <p class='ocr_par' dir='ltr' id='par_1_88' title="bbox 2118 2827 3716 2902">
     <span class='ocr_line' id='line_1_88' title="bbox 2118 2827 3716 2902; baseline -0.005 -13"><span class='ocrx_word' id='word_1_749' title='bbox 2118 2832 2330 2889; x_wconf 82' lang='lat' dir='ltr'><strong><em>lerunt?</em></strong></span> <span class='ocrx_word' id='word_1_750' title='bbox 2349 2831 2458 2888; x_wconf 84' lang='lat' dir='ltr'><strong><em>Sed</em></strong></span> <span class='ocrx_word' id='word_1_751' title='bbox 2478 2831 2600 2902; x_wconf 90' lang='lat' dir='ltr'><strong><em>quia</em></strong></span> <span class='ocrx_word' id='word_1_752' title='bbox 2627 2831 2780 2886; x_wconf 86' lang='lat' dir='ltr'><strong><em>electi</em></strong></span> <span class='ocrx_word' id='word_1_753' title='bbox 2808 2839 2949 2894; x_wconf 89' lang='lat' dir='ltr'><strong><em>sunt,</em></strong></span> <span class='ocrx_word' id='word_1_754' title='bbox 2976 2829 3252 2898; x_wconf 77' lang='lat' dir='ltr'><strong><em>elegerunt</em></strong></span> <span class='ocrx_word' id='word_1_755' title='bbox 3275 2844 3288 2878; x_wconf 91' lang='lat'><strong>:</strong></span> <span class='ocrx_word' id='word_1_756' title='bbox 3313 2842 3417 2881; x_wconf 88' lang='lat' dir='ltr'><strong><em>non</em></strong></span> <span class='ocrx_word' id='word_1_757' title='bbox 3447 2828 3570 2894; x_wconf 84' lang='lat' dir='ltr'><strong><em>quia</em></strong></span> <span class='ocrx_word' id='word_1_758' title='bbox 3593 2827 3716 2881; x_wconf 87' lang='lat' dir='ltr'><strong><em>ele-</em></strong></span> 
     </span>
    </p>
   </div>
   <div class='ocr_carea' id='block_1_89' title="bbox 2118 2914 3715 2996">
    <p class='ocr_par' dir='ltr' id='par_1_89' title="bbox 2118 2914 3715 2996">
     <span class='ocr_line' id='line_1_89' title="bbox 2118 2914 3715 2996; baseline -0.004 -17"><span class='ocrx_word' id='word_1_759' title='bbox 2118 2932 2344 2996; x_wconf 78' lang='lat' dir='ltr'><strong><em>gerunt,</em></strong></span> <span class='ocrx_word' id='word_1_760' title='bbox 2381 2914 2536 2978; x_wconf 87' lang='lat' dir='ltr'><strong><em>electi</em></strong></span> <span class='ocrx_word' id='word_1_761' title='bbox 2577 2931 2721 2977; x_wconf 90' lang='lat' dir='ltr'><strong><em>sunt.</em></strong></span> <span class='ocrx_word' id='word_1_762' title='bbox 2767 2919 3086 2990; x_wconf 83' lang='lat' dir='ltr'><strong><em>Eligentium</em></strong></span> <span class='ocrx_word' id='word_1_763' title='bbox 3137 2919 3408 2972; x_wconf 80' lang='lat' dir='ltr'><strong><em>hominum</em></strong></span> <span class='ocrx_word' id='word_1_764' title='bbox 3457 2920 3715 2972; x_wconf 85' lang='lat' dir='ltr'><strong><em>meritum</em></strong></span> 
     </span>
    </p>
   </div>
   <div class='ocr_carea' id='block_1_90' title="bbox 2119 3009 3715 3082">
    <p class='ocr_par' dir='ltr' id='par_1_90' title="bbox 2119 3009 3715 3082">
     <span class='ocr_line' id='line_1_90' title="bbox 2119 3009 3715 3082; baseline -0.004 -12"><span class='ocrx_word' id='word_1_765' title='bbox 2119 3017 2322 3070; x_wconf 88' lang='lat' dir='ltr'><strong><em>nullmn</em></strong></span> <span class='ocrx_word' id='word_1_766' title='bbox 2355 3023 2514 3080; x_wconf 85' lang='lat' dir='ltr'><strong><em>esset,</em></strong></span> <span class='ocrx_word' id='word_1_767' title='bbox 2545 3014 2644 3068; x_wconf 85' lang='lat' dir='ltr'><strong><em>nisi</em></strong></span> <span class='ocrx_word' id='word_1_768' title='bbox 2671 3027 2766 3067; x_wconf 86' lang='lat' dir='ltr'><strong><em>eos</em></strong></span> <span class='ocrx_word' id='word_1_769' title='bbox 2787 3011 3027 3082; x_wconf 75' lang='lat' dir='ltr'><strong><em>eligentis</em></strong></span> <span class='ocrx_word' id='word_1_770' title='bbox 3051 3012 3219 3082; x_wconf 73' lang='lat' dir='ltr'><strong><em>gratia</em></strong></span> <span class='ocrx_word' id='word_1_771' title='bbox 3249 3009 3340 3064; x_wconf 85' lang='lat' dir='ltr'><strong><em>Dei</em></strong></span> <span class='ocrx_word' id='word_1_772' title='bbox 3371 3011 3715 3079; x_wconf 70' lang='lat' dir='ltr'><strong><em>prawettirct.</em></strong></span> 
     </span>
    </p>
   </div>
   <div class='ocr_carea' id='block_1_91' title="bbox 2119 3085 3719 3176">
    <p class='ocr_par' dir='ltr' id='par_1_91' title="bbox 2119 3085 3719 3176">
     <span class='ocr_line' id='line_1_91' title="bbox 2119 3085 3719 3176; baseline -0.006 -12"><span class='ocrx_word' id='word_1_773' title='bbox 2119 3104 2276 3164; x_wconf 83' lang='lat' dir='ltr'><strong><em>Unde</em></strong></span> <span class='ocrx_word' id='word_1_774' title='bbox 2304 3115 2357 3162; x_wconf 91' lang='lat' dir='ltr'><strong><em>et</em></strong></span> <span class='ocrx_word' id='word_1_775' title='bbox 2383 3085 2656 3176; x_wconf 72' lang='lat' dir='ltr'><strong><em>apostolus</em></strong></span> <span class='ocrx_word' id='word_1_776' title='bbox 2684 3103 2876 3159; x_wconf 84' lang='lat' dir='ltr'><strong><em>Paulus</em></strong></span> <span class='ocrx_word' id='word_1_777' title='bbox 2915 3102 3235 3157; x_wconf 84' lang='lat' dir='ltr'><strong><em>benedicens</em></strong></span> <span class='ocrx_word' id='word_1_778' title='bbox 3263 3100 3719 3156; x_wconf 80' lang='lat' dir='ltr'><strong><em>Thessalonicen-</em></strong></span> 
     </span>
    </p>
   </div>
   <div class='ocr_carea' id='block_1_92' title="bbox 2121 3192 3723 3266">
    <p class='ocr_par' dir='ltr' id='par_1_92' title="bbox 2121 3192 3723 3266">
     <span class='ocr_line' id='line_1_92' title="bbox 2121 3192 3723 3266; baseline -0.004 -13"><span class='ocrx_word' id='word_1_779' title='bbox 2121 3213 2206 3254; x_wconf 85' lang='lat' dir='ltr'><strong><em>ses</em></strong></span> <span class='ocrx_word' id='word_1_780' title='bbox 2228 3199 2250 3230; x_wconf 80' lang='lat'>&#39;</span> <span class='ocrx_word' id='word_1_781' title='bbox 2285 3216 2300 3253; x_wconf 87' lang='lat'><strong>:</strong></span> <span class='ocrx_word' id='word_1_782' title='bbox 2347 3195 2473 3260; x_wconf 82' lang='lat' dir='ltr'><strong><em>Vos,</em></strong></span> <span class='ocrx_word' id='word_1_783' title='bbox 2505 3195 2704 3266; x_wconf 89' lang='lat' dir='ltr'><strong><em>inquit,</em></strong></span> <span class='ocrx_word' id='word_1_784' title='bbox 2739 3193 2986 3254; x_wconf 84' lang='lat' dir='ltr'><strong><em>Dominus</em></strong></span> <span class='ocrx_word' id='word_1_785' title='bbox 3015 3192 3340 3263; x_wconf 73' lang='lat' dir='ltr'><strong><em>multiplicat,</em></strong></span> <span class='ocrx_word' id='word_1_786' title='bbox 3374 3202 3419 3245; x_wconf 91' lang='lat' dir='ltr'><strong><em>et</em></strong></span> <span class='ocrx_word' id='word_1_787' title='bbox 3452 3192 3723 3247; x_wconf 83' lang='lat' dir='ltr'><strong><em>abundare</em></strong></span> 
     </span>
    </p>
   </div>
   <div class='ocr_carea' id='block_1_93' title="bbox 2122 3279 3720 3358">
    <p class='ocr_par' dir='ltr' id='par_1_93' title="bbox 2122 3279 3720 3358">
     <span class='ocr_line' id='line_1_93' title="bbox 2122 3279 3720 3358; baseline -0.003 -18"><span class='ocrx_word' id='word_1_788' title='bbox 2122 3287 2277 3358; x_wconf 88' lang='lat' dir='ltr'><strong><em>faciat</em></strong></span> <span class='ocrx_word' id='word_1_789' title='bbox 2305 3287 2362 3344; x_wconf 88' lang='lat' dir='ltr'><strong><em>in</em></strong></span> <span class='ocrx_word' id='word_1_790' title='bbox 2387 3285 2636 3340; x_wconf 84' lang='lat' dir='ltr'><strong><em>cltaritate</em></strong></span> <span class='ocrx_word' id='word_1_791' title='bbox 2661 3284 2713 3338; x_wconf 89' lang='lat' dir='ltr'><strong><em>in</em></strong></span> <span class='ocrx_word' id='word_1_792' title='bbox 2742 3282 2951 3338; x_wconf 83' lang='lat' dir='ltr'><strong><em>inricem</em></strong></span> <span class='ocrx_word' id='word_1_793' title='bbox 2979 3292 3024 3334; x_wconf 82' lang='lat' dir='ltr'><strong><em>et</em></strong></span> <span class='ocrx_word' id='word_1_794' title='bbox 3053 3282 3106 3336; x_wconf 89' lang='lat' dir='ltr'><strong><em>in</em></strong></span> <span class='ocrx_word' id='word_1_795' title='bbox 3131 3297 3300 3336; x_wconf 89' lang='lat' dir='ltr'><strong><em>omnes</em></strong></span> <span class='ocrx_word' id='word_1_796' title='bbox 3322 3283 3340 3352; x_wconf 94' lang='lat'><strong><em>(</em></strong></span> <span class='ocrx_word' id='word_1_797' title='bbox 3363 3281 3378 3334; x_wconf 91' lang='grc' dir='ltr'><strong>Ι</strong></span> <span class='ocrx_word' id='word_1_798' title='bbox 3405 3279 3586 3336; x_wconf 82' lang='lat' dir='ltr'><strong><em>Thess.</em></strong></span> <span class='ocrx_word' id='word_1_799' title='bbox 3619 3297 3720 3350; x_wconf 89' lang='grc' dir='ltr'>ιιι,</span> 
     </span>
    </p>
   </div>
   <div class='ocr_carea' id='block_1_94' title="bbox 2124 3373 3720 3449">
    <p class='ocr_par' dir='ltr' id='par_1_94' title="bbox 2124 3373 3720 3449">
     <span class='ocr_line' id='line_1_94' title="bbox 2124 3373 3720 3449; baseline -0.004 -15"><span class='ocrx_word' id='word_1_800' title='bbox 2124 3379 2252 3449; x_wconf 70' lang='grc'><strong>12).</strong></span> <span class='ocrx_word' id='word_1_801' title='bbox 2287 3377 2432 3432; x_wconf 88' lang='lat' dir='ltr'><strong><em>lianc</em></strong></span> <span class='ocrx_word' id='word_1_802' title='bbox 2462 3374 2886 3441; x_wconf 74' lang='lat' dir='ltr'><strong><em>benedictionem</em></strong></span> <span class='ocrx_word' id='word_1_803' title='bbox 2910 3373 3054 3430; x_wconf 89' lang='lat' dir='ltr'><strong><em>dedit</em></strong></span> <span class='ocrx_word' id='word_1_804' title='bbox 3079 3385 3133 3428; x_wconf 93' lang='lat' dir='ltr'><strong><em>ut</em></strong></span> <span class='ocrx_word' id='word_1_805' title='bbox 3156 3388 3258 3428; x_wconf 88' lang='lat' dir='ltr'><strong><em>nos</em></strong></span> <span class='ocrx_word' id='word_1_806' title='bbox 3281 3374 3506 3428; x_wconf 83' lang='lat' dir='ltr'><strong><em>invicem</em></strong></span> <span class='ocrx_word' id='word_1_807' title='bbox 3525 3373 3720 3443; x_wconf 72' lang='lat' dir='ltr'><strong><em>dilige-</em></strong></span> 
     </span>
    </p>
   </div>
   <div class='ocr_carea' id='block_1_95' title="bbox 2122 3465 3721 3539">
    <p class='ocr_par' dir='ltr' id='par_1_95' title="bbox 2122 3465 3721 3539">
     <span class='ocr_line' id='line_1_95' title="bbox 2122 3465 3721 3539; baseline -0.002 -15"><span class='ocrx_word' id='word_1_808' title='bbox 2122 3484 2304 3525; x_wconf 86' lang='lat' dir='ltr'><strong><em>remus</em></strong></span> <span class='ocrx_word' id='word_1_809' title='bbox 2324 3510 2338 3533; x_wconf 92' lang='lat'><strong><em>,</em></strong></span> <span class='ocrx_word' id='word_1_810' title='bbox 2372 3468 2460 3539; x_wconf 90' lang='lat' dir='ltr'><strong><em>qui</em></strong></span> <span class='ocrx_word' id='word_1_811' title='bbox 2493 3469 2660 3538; x_wconf 79' lang='lat' dir='ltr'><strong><em>legem</em></strong></span> <span class='ocrx_word' id='word_1_812' title='bbox 2685 3465 2910 3522; x_wconf 88' lang='lat' dir='ltr'><strong><em>dederat</em></strong></span> <span class='ocrx_word' id='word_1_813' title='bbox 2934 3475 2991 3520; x_wconf 91' lang='lat' dir='ltr'><strong><em>ut</em></strong></span> <span class='ocrx_word' id='word_1_814' title='bbox 3021 3465 3245 3534; x_wconf 71' lang='lat' dir='ltr'><strong><em>invicem</em></strong></span> <span class='ocrx_word' id='word_1_815' title='bbox 3273 3465 3578 3535; x_wconf 78' lang='lat' dir='ltr'><strong><em>diligamus.</em></strong></span> <span class='ocrx_word' id='word_1_816' title='bbox 3609 3465 3721 3521; x_wconf 81' lang='lat' dir='ltr'><strong><em>Dc-</em></strong></span> 
     </span>
    </p>
   </div>
   <div class='ocr_carea' id='block_1_96' title="bbox 2124 3557 3726 3633">
    <p class='ocr_par' dir='ltr' id='par_1_96' title="bbox 2124 3557 3726 3633">
     <span class='ocr_line' id='line_1_96' title="bbox 2124 3557 3726 3633; baseline -0.002 -16"><span class='ocrx_word' id='word_1_817' title='bbox 2124 3563 2285 3633; x_wconf 87' lang='lat' dir='ltr'><strong><em>nique</em></strong></span> <span class='ocrx_word' id='word_1_818' title='bbox 2311 3561 2415 3616; x_wconf 86' lang='lat' dir='ltr'><strong><em>alio</em></strong></span> <span class='ocrx_word' id='word_1_819' title='bbox 2437 3561 2558 3616; x_wconf 88' lang='lat' dir='ltr'><strong><em>loco</em></strong></span> <span class='ocrx_word' id='word_1_820' title='bbox 2585 3561 2650 3614; x_wconf 90' lang='lat' dir='ltr'><strong><em>ad</em></strong></span> <span class='ocrx_word' id='word_1_821' title='bbox 2675 3559 2916 3626; x_wconf 88' lang='lat' dir='ltr'><strong><em>eosdem,</em></strong></span> <span class='ocrx_word' id='word_1_822' title='bbox 2937 3559 3062 3629; x_wconf 89' lang='lat' dir='ltr'><strong><em>quia</em></strong></span> <span class='ocrx_word' id='word_1_823' title='bbox 3085 3558 3200 3612; x_wconf 86' lang='lat' dir='ltr'><strong><em>sine</em></strong></span> <span class='ocrx_word' id='word_1_824' title='bbox 3225 3557 3390 3612; x_wconf 89' lang='lat' dir='ltr'><strong><em>dubio</em></strong></span> <span class='ocrx_word' id='word_1_825' title='bbox 3417 3559 3469 3611; x_wconf 94' lang='lat' dir='ltr'><strong><em>in</em></strong></span> <span class='ocrx_word' id='word_1_826' title='bbox 3495 3557 3726 3626; x_wconf 73' lang='lat' dir='ltr'><strong><em>quilntso</em></strong></span> 
     </span>
    </p>
   </div>
   <div class='ocr_carea' id='block_1_97' title="bbox 2124 3652 3719 3722">
    <p class='ocr_par' dir='ltr' id='par_1_97' title="bbox 2124 3652 3719 3722">
     <span class='ocr_line' id='line_1_97' title="bbox 2124 3652 3719 3722; baseline -0.001 -12"><span class='ocrx_word' id='word_1_827' title='bbox 2124 3654 2246 3710; x_wconf 89' lang='lat' dir='ltr'><strong><em>dam</em></strong></span> <span class='ocrx_word' id='word_1_828' title='bbox 2289 3668 2476 3710; x_wconf 89' lang='lat' dir='ltr'><strong><em>eorum</em></strong></span> <span class='ocrx_word' id='word_1_829' title='bbox 2512 3657 2622 3721; x_wconf 79' lang='lat' dir='ltr'><strong><em>jam</em></strong></span> <span class='ocrx_word' id='word_1_830' title='bbox 2653 3663 2770 3708; x_wconf 88' lang='lat' dir='ltr'><strong><em>erat</em></strong></span> <span class='ocrx_word' id='word_1_831' title='bbox 2789 3694 2804 3718; x_wconf 95' lang='lat'><strong><em>,</em></strong></span> <span class='ocrx_word' id='word_1_832' title='bbox 2835 3652 2978 3722; x_wconf 88' lang='lat' dir='ltr'><strong><em>quod</em></strong></span> <span class='ocrx_word' id='word_1_833' title='bbox 3017 3653 3096 3707; x_wconf 85' lang='lat' dir='ltr'><strong><em>eis</em></strong></span> <span class='ocrx_word' id='word_1_834' title='bbox 3125 3660 3184 3706; x_wconf 90' lang='lat' dir='ltr'><strong><em>ut</em></strong></span> <span class='ocrx_word' id='word_1_835' title='bbox 3215 3660 3358 3706; x_wconf 69' lang='lat' dir='ltr'><strong><em>esset</em></strong></span> <span class='ocrx_word' id='word_1_836' title='bbox 3390 3661 3668 3722; x_wconf 83' lang='lat' dir='ltr'><strong><em>optaverat</em></strong></span> <span class='ocrx_word' id='word_1_837' title='bbox 3703 3670 3719 3707; x_wconf 91' lang='lat'><strong>:</strong></span> 
     </span>
    </p>
   </div>
   <div class='ocr_carea' id='block_1_98' title="bbox 2128 3741 3723 3814">
    <p class='ocr_par' dir='ltr' id='par_1_98' title="bbox 2128 3741 3723 3814">
     <span class='ocr_line' id='line_1_98' title="bbox 2128 3741 3723 3814; baseline -0.003 -14"><span class='ocrx_word' id='word_1_838' title='bbox 2128 3743 2364 3809; x_wconf 77' lang='lat' dir='ltr'><strong><em>Gratias,</em></strong></span> <span class='ocrx_word' id='word_1_839' title='bbox 2397 3743 2596 3814; x_wconf 87' lang='lat' dir='ltr'><strong><em>inquit,</em></strong></span> <span class='ocrx_word' id='word_1_840' title='bbox 2624 3759 2771 3814; x_wconf 88' lang='lat' dir='ltr'><strong><em>agere</em></strong></span> <span class='ocrx_word' id='word_1_841' title='bbox 2798 3742 3029 3796; x_wconf 87' lang='lat' dir='ltr'><strong><em>debentus</em></strong></span> <span class='ocrx_word' id='word_1_842' title='bbox 3057 3741 3164 3796; x_wconf 80' lang='lat' dir='ltr'><strong><em>Deo</em></strong></span> <span class='ocrx_word' id='word_1_843' title='bbox 3191 3757 3388 3812; x_wconf 86' lang='lat' dir='ltr'><strong><em>semper</em></strong></span> <span class='ocrx_word' id='word_1_844' title='bbox 3421 3758 3514 3810; x_wconf 81' lang='lat' dir='ltr'><strong><em>pro</em></strong></span> <span class='ocrx_word' id='word_1_845' title='bbox 3541 3743 3723 3810; x_wconf 71' lang='lat' dir='ltr'><strong><em>nobis,</em></strong></span> 
     </span>
    </p>
   </div>
   <div class='ocr_carea' id='block_1_99' title="bbox 2127 3832 3724 3909">
    <p class='ocr_par' dir='ltr' id='par_1_99' title="bbox 2127 3832 3724 3909">
     <span class='ocr_line' id='line_1_99' title="bbox 2127 3832 3724 3909; baseline -0.001 -19"><span class='ocrx_word' id='word_1_846' title='bbox 2127 3833 2344 3909; x_wconf 82' lang='lat' dir='ltr'><strong><em>fratres,</em></strong></span> <span class='ocrx_word' id='word_1_847' title='bbox 2384 3834 2514 3888; x_wconf 89' lang='lat' dir='ltr'><strong><em>sicut</em></strong></span> <span class='ocrx_word' id='word_1_848' title='bbox 2554 3833 2760 3904; x_wconf 89' lang='lat' dir='ltr'><strong><em>dignum</em></strong></span> <span class='ocrx_word' id='word_1_849' title='bbox 2805 3843 2875 3887; x_wconf 89' lang='lat' dir='ltr'><strong><em>est</em></strong></span> <span class='ocrx_word' id='word_1_850' title='bbox 2896 3874 2910 3896; x_wconf 89' lang='lat'><strong><em>,</em></strong></span> <span class='ocrx_word' id='word_1_851' title='bbox 2949 3835 3189 3904; x_wconf 85' lang='lat' dir='ltr'><strong><em>quoniam</em></strong></span> <span class='ocrx_word' id='word_1_852' title='bbox 3227 3832 3558 3901; x_wconf 85' lang='lat' dir='ltr'><strong><em>supercrescit</em></strong></span> <span class='ocrx_word' id='word_1_853' title='bbox 3592 3833 3724 3902; x_wconf 75' lang='lat' dir='ltr'><strong><em>fides</em></strong></span> 
     </span>
    </p>
   </div>
   <div class='ocr_carea' id='block_1_100' title="bbox 2127 3899 3741 3994">
    <p class='ocr_par' dir='ltr' id='par_1_100' title="bbox 2127 3899 3741 3994">
     <span class='ocr_line' id='line_1_100' title="bbox 2127 3899 3741 3994; baseline -0.004 -13"><span class='ocrx_word' id='word_1_854' title='bbox 2127 3937 2311 3994; x_wconf 75' lang='lat' dir='ltr'><strong><em>vestra,</em></strong></span> <span class='ocrx_word' id='word_1_855' title='bbox 2343 3934 2389 3980; x_wconf 87' lang='lat' dir='ltr'><strong><em>et</em></strong></span> <span class='ocrx_word' id='word_1_856' title='bbox 2415 3923 2638 3978; x_wconf 89' lang='lat' dir='ltr'><strong><em>abundat</em></strong></span> <span class='ocrx_word' id='word_1_857' title='bbox 2664 3923 2887 3978; x_wconf 88' lang='lat' dir='ltr'><strong><em>charitas</em></strong></span> <span class='ocrx_word' id='word_1_858' title='bbox 2913 3899 3302 3994; x_wconf 82' lang='lat' dir='ltr'><strong><em>uniuscujusque</em></strong></span> <span class='ocrx_word' id='word_1_859' title='bbox 3329 3932 3546 3976; x_wconf 79' lang='lat' dir='ltr'><strong><em>vestrum</em></strong></span> <span class='ocrx_word' id='word_1_860' title='bbox 3569 3899 3622 3976; x_wconf 83' lang='lat' dir='ltr'><strong><em>in</em></strong></span> <span class='ocrx_word' id='word_1_861' title='bbox 3641 3899 3741 3975; x_wconf 53' lang='lat' dir='ltr'><strong><em>in:</em></strong></span> 
     </span>
    </p>
   </div>
   <div class='ocr_carea' id='block_1_101' title="bbox 2128 4013 3728 4091">
    <p class='ocr_par' dir='ltr' id='par_1_101' title="bbox 2128 4013 3728 4091">
     <span class='ocr_line' id='line_1_101' title="bbox 2128 4013 3728 4091; baseline -0.005 -17"><span class='ocrx_word' id='word_1_862' title='bbox 2128 4020 2282 4074; x_wconf 81' lang='lat' dir='ltr'><strong><em>vicem</em></strong></span> <span class='ocrx_word' id='word_1_863' title='bbox 2304 4018 2370 4091; x_wconf 85' lang='lat' dir='ltr'><strong><em>(ll</em></strong></span> <span class='ocrx_word' id='word_1_864' title='bbox 2394 4015 2574 4073; x_wconf 84' lang='lat' dir='ltr'><strong><em>Thess.</em></strong></span> <span class='ocrx_word' id='word_1_865' title='bbox 2599 4031 2638 4082; x_wconf 92' lang='grc' dir='ltr'><strong><em>ι,</em></strong></span> <span class='ocrx_word' id='word_1_866' title='bbox 2660 4019 2736 4088; x_wconf 77' lang='lat'><strong><em>3).</em></strong></span> <span class='ocrx_word' id='word_1_867' title='bbox 2763 4015 2873 4070; x_wconf 88' lang='lat' dir='ltr'><strong><em>lloe</em></strong></span> <span class='ocrx_word' id='word_1_868' title='bbox 2893 4015 3046 4081; x_wconf 78' lang='lat' dir='ltr'><strong><em>dixit,</em></strong></span> <span class='ocrx_word' id='word_1_869' title='bbox 3073 4029 3142 4070; x_wconf 91' lang='lat' dir='ltr'><strong><em>ne</em></strong></span> <span class='ocrx_word' id='word_1_870' title='bbox 3169 4014 3303 4070; x_wconf 78' lang='lat' dir='ltr'><strong><em>forte</em></strong></span> <span class='ocrx_word' id='word_1_871' title='bbox 3321 4013 3390 4070; x_wconf 87' lang='lat' dir='ltr'><strong><em>de</em></strong></span> <span class='ocrx_word' id='word_1_872' title='bbox 3411 4023 3559 4068; x_wconf 79' lang='lat' dir='ltr'><strong><em>tutuo</em></strong></span> <span class='ocrx_word' id='word_1_873' title='bbox 3580 4015 3728 4069; x_wconf 87' lang='lat' dir='ltr'><strong><em>bono</em></strong></span> 
     </span>
    </p>
   </div>
   <div class='ocr_carea' id='block_1_102' title="bbox 2129 4105 3729 4184">
    <p class='ocr_par' dir='ltr' id='par_1_102' title="bbox 2129 4105 3729 4184">
     <span class='ocr_line' id='line_1_102' title="bbox 2129 4105 3729 4184; baseline -0.006 -18"><span class='ocrx_word' id='word_1_874' title='bbox 2129 4111 2270 4184; x_wconf 93' lang='lat' dir='ltr'><strong><em>quod</em></strong></span> <span class='ocrx_word' id='word_1_875' title='bbox 2297 4127 2362 4168; x_wconf 84' lang='lat' dir='ltr'><strong><em>ex</em></strong></span> <span class='ocrx_word' id='word_1_876' title='bbox 2391 4111 2500 4165; x_wconf 91' lang='lat' dir='ltr'><strong><em>Deo</em></strong></span> <span class='ocrx_word' id='word_1_877' title='bbox 2525 4109 2808 4174; x_wconf 88' lang='lat' dir='ltr'><strong><em>habebant,</em></strong></span> <span class='ocrx_word' id='word_1_878' title='bbox 2833 4117 3080 4178; x_wconf 82' lang='lat' dir='ltr'><strong><em>tanquam</em></strong></span> <span class='ocrx_word' id='word_1_879' title='bbox 3109 4121 3174 4161; x_wconf 87' lang='lat' dir='ltr'><strong><em>ex</em></strong></span> <span class='ocrx_word' id='word_1_880' title='bbox 3201 4119 3260 4160; x_wconf 89' lang='lat' dir='ltr'><strong><em>se</em></strong></span> <span class='ocrx_word' id='word_1_881' title='bbox 3284 4105 3413 4176; x_wconf 88' lang='lat' dir='ltr'><strong><em>ipsis</em></strong></span> <span class='ocrx_word' id='word_1_882' title='bbox 3438 4105 3491 4160; x_wconf 89' lang='lat' dir='ltr'><strong><em>id</em></strong></span> <span class='ocrx_word' id='word_1_883' title='bbox 3521 4105 3729 4159; x_wconf 76' lang='lat' dir='ltr'><strong><em>habeti-</em></strong></span> 
     </span>
    </p>
   </div>
   <div class='ocr_carea' id='block_1_103' title="bbox 2131 4197 3724 4272">
    <p class='ocr_par' dir='ltr' id='par_1_103' title="bbox 2131 4197 3724 4272">
     <span class='ocr_line' id='line_1_103' title="bbox 2131 4197 3724 4272; baseline -0.006 -12"><span class='ocrx_word' id='word_1_884' title='bbox 2131 4213 2214 4260; x_wconf 88' lang='lat' dir='ltr'><strong><em>tes</em></strong></span> <span class='ocrx_word' id='word_1_885' title='bbox 2237 4203 2638 4272; x_wconf 77' lang='lat' dir='ltr'><strong><em>extollereutur.</em></strong></span> <span class='ocrx_word' id='word_1_886' title='bbox 2661 4199 2813 4269; x_wconf 81' lang='lat' dir='ltr'><strong><em>Quod</em></strong></span> <span class='ocrx_word' id='word_1_887' title='bbox 2833 4213 2962 4270; x_wconf 75' lang='lat' dir='ltr'><strong><em>ergo</em></strong></span> <span class='ocrx_word' id='word_1_888' title='bbox 2985 4197 3340 4270; x_wconf 82' lang='lat' dir='ltr'><strong><em>supercrescit</em></strong></span> <span class='ocrx_word' id='word_1_889' title='bbox 3366 4197 3498 4252; x_wconf 89' lang='lat' dir='ltr'><strong><em>tides</em></strong></span> <span class='ocrx_word' id='word_1_890' title='bbox 3517 4207 3724 4263; x_wconf 82' lang='lat' dir='ltr'><strong><em>vestra,</em></strong></span> 
     </span>
    </p>
   </div>
   <div class='ocr_carea' id='block_1_104' title="bbox 2133 4287 3726 4365">
    <p class='ocr_par' dir='ltr' id='par_1_104' title="bbox 2133 4287 3726 4365">
     <span class='ocr_line' id='line_1_104' title="bbox 2133 4287 3726 4365; baseline -0.006 -14"><span class='ocrx_word' id='word_1_891' title='bbox 2133 4295 2324 4365; x_wconf 84' lang='lat' dir='ltr'><strong><em>inquit,</em></strong></span> <span class='ocrx_word' id='word_1_892' title='bbox 2355 4301 2412 4350; x_wconf 87' lang='lat' dir='ltr'><strong><em>et</em></strong></span> <span class='ocrx_word' id='word_1_893' title='bbox 2439 4291 2672 4347; x_wconf 88' lang='lat' dir='ltr'><strong><em>abundat</em></strong></span> <span class='ocrx_word' id='word_1_894' title='bbox 2701 4290 2934 4346; x_wconf 85' lang='lat' dir='ltr'><strong><em>charitas</em></strong></span> <span class='ocrx_word' id='word_1_895' title='bbox 2962 4289 3376 4358; x_wconf 73' lang='lat' dir='ltr'><strong><em>uniuscujusque</em></strong></span> <span class='ocrx_word' id='word_1_896' title='bbox 3401 4297 3637 4342; x_wconf 84' lang='lat' dir='ltr'><strong><em>vestrum</em></strong></span> <span class='ocrx_word' id='word_1_897' title='bbox 3669 4287 3726 4341; x_wconf 91' lang='lat' dir='ltr'><strong><em>in</em></strong></span> 
     </span>
    </p>
   </div>
   <div class='ocr_carea' id='block_1_105' title="bbox 2133 4377 3728 4455">
    <p class='ocr_par' dir='ltr' id='par_1_105' title="bbox 2133 4377 3728 4455">
     <span class='ocr_line' id='line_1_105' title="bbox 2133 4377 3728 4455; baseline -0.005 -13"><span class='ocrx_word' id='word_1_898' title='bbox 2133 4387 2398 4452; x_wconf 87' lang='lat' dir='ltr'><strong><em>invicem,</em></strong></span> <span class='ocrx_word' id='word_1_899' title='bbox 2428 4385 2628 4455; x_wconf 79' lang='lat' dir='ltr'><strong><em>gratias</em></strong></span> <span class='ocrx_word' id='word_1_900' title='bbox 2655 4396 2814 4452; x_wconf 77' lang='lat' dir='ltr'><strong><em>agere</em></strong></span> <span class='ocrx_word' id='word_1_901' title='bbox 2840 4380 3096 4436; x_wconf 86' lang='lat' dir='ltr'><strong><em>debemus</em></strong></span> <span class='ocrx_word' id='word_1_902' title='bbox 3127 4380 3236 4434; x_wconf 87' lang='lat' dir='ltr'><strong><em>Deo</em></strong></span> <span class='ocrx_word' id='word_1_903' title='bbox 3263 4379 3330 4434; x_wconf 89' lang='lat' dir='ltr'><strong><em>de</em></strong></span> <span class='ocrx_word' id='word_1_904' title='bbox 3353 4377 3506 4434; x_wconf 86' lang='lat' dir='ltr'><strong><em>vobis</em></strong></span> <span class='ocrx_word' id='word_1_905' title='bbox 3525 4377 3581 4443; x_wconf 87' lang='grc'><strong><em>³;</em></strong></span> <span class='ocrx_word' id='word_1_906' title='bbox 3616 4393 3728 4435; x_wconf 84' lang='grc' dir='ltr'>ιιοιι</span> 
     </span>
    </p>
   </div>
   <div class='ocr_carea' id='block_1_106' title="bbox 2136 4469 3576 4544">
    <p class='ocr_par' dir='ltr' id='par_1_106' title="bbox 2136 4469 3576 4544">
     <span class='ocr_line' id='line_1_106' title="bbox 2136 4469 3576 4544; baseline -0.01 -8"><span class='ocrx_word' id='word_1_907' title='bbox 2136 4481 2206 4536; x_wconf 89' lang='lat' dir='ltr'><strong><em>ita</em></strong></span> <span class='ocrx_word' id='word_1_908' title='bbox 2237 4494 2331 4533; x_wconf 88' lang='lat' dir='ltr'><strong><em>vos</em></strong></span> <span class='ocrx_word' id='word_1_909' title='bbox 2361 4477 2600 4543; x_wconf 84' lang='lat' dir='ltr'><strong><em>laudare,</em></strong></span> <span class='ocrx_word' id='word_1_910' title='bbox 2633 4483 2881 4544; x_wconf 81' lang='lat' dir='ltr'><strong><em>tanquam</em></strong></span> <span class='ocrx_word' id='word_1_911' title='bbox 2913 4473 3014 4526; x_wconf 89' lang='lat' dir='ltr'><strong><em>hoc</em></strong></span> <span class='ocrx_word' id='word_1_912' title='bbox 3040 4470 3284 4526; x_wconf 83' lang='lat' dir='ltr'><strong><em>habeatis</em></strong></span> <span class='ocrx_word' id='word_1_913' title='bbox 3309 4485 3376 4526; x_wconf 85' lang='lat' dir='ltr'><strong><em>ex</em></strong></span> <span class='ocrx_word' id='word_1_914' title='bbox 3403 4469 3576 4525; x_wconf 87' lang='lat' dir='ltr'><strong><em>vobis.</em></strong></span> 
     </span>
    </p>
   </div>
   <div class='ocr_carea' id='block_1_107' title="bbox 2206 4559 3730 4627">
    <p class='ocr_par' dir='ltr' id='par_1_107' title="bbox 2206 4559 3730 4627">
     <span class='ocr_line' id='line_1_107' title="bbox 2206 4559 3730 4627; baseline -0.009 0"><span class='ocrx_word' id='word_1_915' title='bbox 2206 4570 2294 4627; x_wconf 75' lang='lat'><strong><em>59.</em></strong></span> <span class='ocrx_word' id='word_1_916' title='bbox 2330 4562 2397 4624; x_wconf 77' lang='lat' dir='ltr'><strong><em>Et</em></strong></span> <span class='ocrx_word' id='word_1_917' title='bbox 2432 4566 2498 4622; x_wconf 90' lang='lat' dir='ltr'><strong><em>ad</em></strong></span> <span class='ocrx_word' id='word_1_918' title='bbox 2535 4564 2872 4620; x_wconf 82' lang='lat' dir='ltr'><strong><em>Timotheum</em></strong></span> <span class='ocrx_word' id='word_1_919' title='bbox 2901 4561 3032 4616; x_wconf 90' lang='lat' dir='ltr'><strong><em>dicit</em></strong></span> <span class='ocrx_word' id='word_1_920' title='bbox 3061 4579 3074 4615; x_wconf 86' lang='lat'><strong>:</strong></span> <span class='ocrx_word' id='word_1_921' title='bbox 3107 4559 3224 4615; x_wconf 89' lang='lat' dir='ltr'><strong><em>Non</em></strong></span> <span class='ocrx_word' id='word_1_922' title='bbox 3252 4561 3386 4614; x_wconf 86' lang='lat' dir='ltr'><strong><em>enim</em></strong></span> <span class='ocrx_word' id='word_1_923' title='bbox 3413 4559 3553 4615; x_wconf 86' lang='lat' dir='ltr'><strong><em>dedit</em></strong></span> <span class='ocrx_word' id='word_1_924' title='bbox 3581 4559 3730 4614; x_wconf 87' lang='lat' dir='ltr'><strong><em>nobis</em></strong></span> 
     </span>
    </p>
   </div>
   <div class='ocr_carea' id='block_1_108' title="bbox 2136 4653 3732 4730">
    <p class='ocr_par' dir='ltr' id='par_1_108' title="bbox 2136 4653 3732 4730">
     <span class='ocr_line' id='line_1_108' title="bbox 2136 4653 3732 4730; baseline -0.007 -13"><span class='ocrx_word' id='word_1_925' title='bbox 2136 4661 2276 4717; x_wconf 84' lang='lat' dir='ltr'><strong><em>Deus</em></strong></span> <span class='ocrx_word' id='word_1_926' title='bbox 2303 4660 2537 4730; x_wconf 83' lang='lat' dir='ltr'><strong><em>spiritum</em></strong></span> <span class='ocrx_word' id='word_1_927' title='bbox 2560 4657 2777 4722; x_wconf 89' lang='lat' dir='ltr'><strong><em>timoris,</em></strong></span> <span class='ocrx_word' id='word_1_928' title='bbox 2804 4654 2893 4710; x_wconf 87' lang='lat' dir='ltr'><strong><em>sed</em></strong></span> <span class='ocrx_word' id='word_1_929' title='bbox 2917 4654 3112 4708; x_wconf 80' lang='lat' dir='ltr'><strong><em>uirtutis</em></strong></span> <span class='ocrx_word' id='word_1_930' title='bbox 3137 4665 3182 4708; x_wconf 91' lang='lat' dir='ltr'><strong><em>et</em></strong></span> <span class='ocrx_word' id='word_1_931' title='bbox 3206 4653 3465 4707; x_wconf 83' lang='lat' dir='ltr'><strong><em>charitatis</em></strong></span> <span class='ocrx_word' id='word_1_932' title='bbox 3491 4662 3540 4708; x_wconf 89' lang='lat' dir='ltr'><strong><em>et</em></strong></span> <span class='ocrx_word' id='word_1_933' title='bbox 3564 4655 3732 4708; x_wconf 86' lang='lat' dir='ltr'><strong><em>canti-</em></strong></span> 
     </span>
    </p>
   </div>
   <div class='ocr_carea' id='block_1_109' title="bbox 2137 4743 3730 4821">
    <p class='ocr_par' dir='ltr' id='par_1_109' title="bbox 2137 4743 3730 4821">
     <span class='ocr_line' id='line_1_109' title="bbox 2137 4743 3730 4821; baseline -0.005 -15"><span class='ocrx_word' id='word_1_934' title='bbox 2137 4752 2320 4807; x_wconf 80' lang='lat' dir='ltr'><strong><em>neutite</em></strong></span> <span class='ocrx_word' id='word_1_935' title='bbox 2344 4749 2408 4821; x_wconf 92' lang='lat' dir='ltr'><strong><em>(ll</em></strong></span> <span class='ocrx_word' id='word_1_936' title='bbox 2436 4749 2571 4803; x_wconf 86' lang='lat' dir='ltr'><strong><em>Tim.</em></strong></span> <span class='ocrx_word' id='word_1_937' title='bbox 2601 4763 2640 4813; x_wconf 89' lang='lat' dir='ltr'><strong><em>t,</em></strong></span> <span class='ocrx_word' id='word_1_938' title='bbox 2671 4747 2750 4818; x_wconf 86' lang='lat'><strong><em>7).</em></strong></span> <span class='ocrx_word' id='word_1_939' title='bbox 2781 4743 2838 4800; x_wconf 89' lang='lat' dir='ltr'><strong><em>lu</em></strong></span> <span class='ocrx_word' id='word_1_940' title='bbox 2865 4759 2972 4816; x_wconf 87' lang='lat' dir='ltr'><strong><em>quo</em></strong></span> <span class='ocrx_word' id='word_1_941' title='bbox 2997 4758 3128 4799; x_wconf 83' lang='lat' dir='ltr'><strong><em>sane</em></strong></span> <span class='ocrx_word' id='word_1_942' title='bbox 3153 4744 3393 4814; x_wconf 83' lang='lat' dir='ltr'><strong><em>Apostoli</em></strong></span> <span class='ocrx_word' id='word_1_943' title='bbox 3421 4744 3730 4798; x_wconf 71' lang='lat' dir='ltr'><strong><em>testimonio</em></strong></span> 
     </span>
    </p>
   </div>
   <div class='ocr_carea' id='block_1_110' title="bbox 2136 4833 3730 4904">
    <p class='ocr_par' dir='ltr' id='par_1_110' title="bbox 2136 4833 3730 4904">
     <span class='ocr_line' id='line_1_110' title="bbox 2136 4833 3730 4904; baseline -0.006 -7"><span class='ocrx_word' id='word_1_944' title='bbox 2136 4857 2328 4897; x_wconf 84' lang='lat' dir='ltr'><strong><em>cavere</em></strong></span> <span class='ocrx_word' id='word_1_945' title='bbox 2347 4840 2626 4900; x_wconf 85' lang='lat' dir='ltr'><strong><em>debemus,</em></strong></span> <span class='ocrx_word' id='word_1_946' title='bbox 2649 4851 2717 4892; x_wconf 89' lang='lat' dir='ltr'><strong><em>ne</em></strong></span> <span class='ocrx_word' id='word_1_947' title='bbox 2736 4849 2834 4890; x_wconf 89' lang='lat' dir='ltr'><strong><em>nos</em></strong></span> <span class='ocrx_word' id='word_1_948' title='bbox 2853 4833 3174 4890; x_wconf 88' lang='lat' dir='ltr'><strong><em>arbitremur</em></strong></span> <span class='ocrx_word' id='word_1_949' title='bbox 3193 4849 3298 4888; x_wconf 91' lang='lat' dir='ltr'><strong><em>non</em></strong></span> <span class='ocrx_word' id='word_1_950' title='bbox 3320 4833 3594 4902; x_wconf 86' lang='lat' dir='ltr'><strong><em>accepisse</em></strong></span> <span class='ocrx_word' id='word_1_951' title='bbox 3614 4836 3730 4904; x_wconf 89' lang='lat' dir='ltr'><strong><em>spi-</em></strong></span> 
     </span>
    </p>
   </div>
   <div class='ocr_carea' id='block_1_111' title="bbox 2137 4922 3728 4994">
    <p class='ocr_par' dir='ltr' id='par_1_111' title="bbox 2137 4922 3728 4994">
     <span class='ocr_line' id='line_1_111' title="bbox 2137 4922 3728 4994; baseline -0.004 -9"><span class='ocrx_word' id='word_1_952' title='bbox 2137 4930 2296 4986; x_wconf 87' lang='lat' dir='ltr'><strong><em>ritum</em></strong></span> <span class='ocrx_word' id='word_1_953' title='bbox 2323 4928 2530 4982; x_wconf 88' lang='lat' dir='ltr'><strong><em>timoris</em></strong></span> <span class='ocrx_word' id='word_1_954' title='bbox 2571 4925 2698 4992; x_wconf 90' lang='lat' dir='ltr'><strong><em>Dei,</em></strong></span> <span class='ocrx_word' id='word_1_955' title='bbox 2727 4922 2870 4994; x_wconf 90' lang='lat' dir='ltr'><strong><em>quod</em></strong></span> <span class='ocrx_word' id='word_1_956' title='bbox 2899 4923 3015 4978; x_wconf 75' lang='lat' dir='ltr'><strong><em>sine</em></strong></span> <span class='ocrx_word' id='word_1_957' title='bbox 3046 4922 3210 4978; x_wconf 87' lang='lat' dir='ltr'><strong><em>dubio</em></strong></span> <span class='ocrx_word' id='word_1_958' title='bbox 3243 4937 3492 4992; x_wconf 78' lang='lat' dir='ltr'><strong><em>magnum</em></strong></span> <span class='ocrx_word' id='word_1_959' title='bbox 3517 4933 3602 4976; x_wconf 85' lang='lat' dir='ltr'><strong><em>est</em></strong></span> <span class='ocrx_word' id='word_1_960' title='bbox 3635 4923 3728 4979; x_wconf 84' lang='lat' dir='ltr'><strong><em>Dei</em></strong></span> 
     </span>
    </p>
   </div>
   <div class='ocr_carea' id='block_1_112' title="bbox 2137 5015 3729 5090">
    <p class='ocr_par' dir='ltr' id='par_1_112' title="bbox 2137 5015 3729 5090">
     <span class='ocr_line' id='line_1_112' title="bbox 2137 5015 3729 5090; baseline -0.006 -12"><span class='ocrx_word' id='word_1_961' title='bbox 2137 5023 2358 5086; x_wconf 89' lang='lat' dir='ltr'><strong><em>donutn,</em></strong></span> <span class='ocrx_word' id='word_1_962' title='bbox 2381 5021 2448 5076; x_wconf 81' lang='lat' dir='ltr'><strong><em>de</em></strong></span> <span class='ocrx_word' id='word_1_963' title='bbox 2472 5036 2578 5090; x_wconf 88' lang='lat' dir='ltr'><strong><em>quo</em></strong></span> <span class='ocrx_word' id='word_1_964' title='bbox 2603 5019 2728 5073; x_wconf 86' lang='lat' dir='ltr'><strong><em>dicit</em></strong></span> <span class='ocrx_word' id='word_1_965' title='bbox 2753 5018 3010 5090; x_wconf 80' lang='lat' dir='ltr'><strong><em>propheta</em></strong></span> <span class='ocrx_word' id='word_1_966' title='bbox 3039 5017 3200 5072; x_wconf 87' lang='lat' dir='ltr'><strong><em>Isaias</em></strong></span> <span class='ocrx_word' id='word_1_967' title='bbox 3223 5035 3235 5069; x_wconf 91' lang='lat'>:</span> <span class='ocrx_word' id='word_1_968' title='bbox 3264 5015 3557 5084; x_wconf 77' lang='lat' dir='ltr'><strong><em>Requiescet</em></strong></span> <span class='ocrx_word' id='word_1_969' title='bbox 3575 5033 3729 5084; x_wconf 77' lang='lat' dir='ltr'><strong><em>super</em></strong></span> 
     </span>
    </p>
   </div>
   <div class='ocr_carea' id='block_1_113' title="bbox 2137 5109 3728 5185">
    <p class='ocr_par' dir='ltr' id='par_1_113' title="bbox 2137 5109 3728 5185">
     <span class='ocr_line' id='line_1_113' title="bbox 2137 5109 3728 5185; baseline -0.004 -18"><span class='ocrx_word' id='word_1_970' title='bbox 2137 5131 2250 5168; x_wconf 89' lang='lat' dir='ltr'><strong><em>eum</em></strong></span> <span class='ocrx_word' id='word_1_971' title='bbox 2280 5114 2488 5185; x_wconf 85' lang='lat' dir='ltr'><strong><em>spiritus</em></strong></span> <span class='ocrx_word' id='word_1_972' title='bbox 2517 5111 2775 5179; x_wconf 70' lang='lat' dir='ltr'><strong><em>sapientitv</em></strong></span> <span class='ocrx_word' id='word_1_973' title='bbox 2803 5120 2852 5164; x_wconf 89' lang='lat' dir='ltr'><strong><em>et</em></strong></span> <span class='ocrx_word' id='word_1_974' title='bbox 2879 5109 3156 5163; x_wconf 86' lang='lat' dir='ltr'><strong><em>intellectus</em></strong></span> <span class='ocrx_word' id='word_1_975' title='bbox 3173 5147 3192 5175; x_wconf 86' lang='lat'><strong><em>,</em></strong></span> <span class='ocrx_word' id='word_1_976' title='bbox 3223 5109 3432 5176; x_wconf 85' lang='lat' dir='ltr'><strong><em>spiritus</em></strong></span> <span class='ocrx_word' id='word_1_977' title='bbox 3457 5109 3658 5162; x_wconf 84' lang='lat' dir='ltr'><strong><em>consilii</em></strong></span> <span class='ocrx_word' id='word_1_978' title='bbox 3685 5118 3728 5160; x_wconf 60' lang='lat' dir='ltr'><strong><em>et</em></strong></span> 
     </span>
    </p>
   </div>
   <div class='ocr_carea' id='block_1_114' title="bbox 2138 5198 3729 5275">
    <p class='ocr_par' dir='ltr' id='par_1_114' title="bbox 2138 5198 3729 5275">
     <span class='ocr_line' id='line_1_114' title="bbox 2138 5198 3729 5275; baseline -0.005 -17"><span class='ocrx_word' id='word_1_979' title='bbox 2138 5205 2467 5275; x_wconf 88' lang='lat' dir='ltr'><strong><em>fortitudinis,</em></strong></span> <span class='ocrx_word' id='word_1_980' title='bbox 2496 5203 2703 5272; x_wconf 84' lang='lat' dir='ltr'><strong><em>spiritus</em></strong></span> <span class='ocrx_word' id='word_1_981' title='bbox 2729 5200 2949 5254; x_wconf 69' lang='lat' dir='ltr'><strong><em>scientiis</em></strong></span> <span class='ocrx_word' id='word_1_982' title='bbox 2975 5209 3021 5254; x_wconf 88' lang='lat' dir='ltr'><strong><em>et</em></strong></span> <span class='ocrx_word' id='word_1_983' title='bbox 3052 5199 3268 5267; x_wconf 82' lang='lat' dir='ltr'><strong><em>pietatis,</em></strong></span> <span class='ocrx_word' id='word_1_984' title='bbox 3298 5199 3506 5269; x_wconf 84' lang='lat' dir='ltr'><strong><em>spiritus</em></strong></span> <span class='ocrx_word' id='word_1_985' title='bbox 3535 5198 3729 5250; x_wconf 88' lang='lat' dir='ltr'><strong><em>timoris</em></strong></span> 
     </span>
    </p>
   </div>
   <div class='ocr_carea' id='block_1_115' title="bbox 2138 5289 3728 5366">
    <p class='ocr_par' dir='ltr' id='par_1_115' title="bbox 2138 5289 3728 5366">
     <span class='ocr_line' id='line_1_115' title="bbox 2138 5289 3728 5366; baseline -0.004 -18"><span class='ocrx_word' id='word_1_986' title='bbox 2138 5294 2343 5348; x_wconf 84' lang='lat' dir='ltr'><strong><em>Domini</em></strong></span> <span class='ocrx_word' id='word_1_987' title='bbox 2379 5293 2538 5366; x_wconf 89' lang='lat' dir='ltr'><strong><em>(lsai.</em></strong></span> <span class='ocrx_word' id='word_1_988' title='bbox 2571 5309 2648 5358; x_wconf 87' lang='lat' dir='ltr'><strong><em>xt,</em></strong></span> <span class='ocrx_word' id='word_1_989' title='bbox 2677 5293 2730 5356; x_wconf 70' lang='lat'><strong><em>2,</em></strong></span> <span class='ocrx_word' id='word_1_990' title='bbox 2761 5291 2836 5362; x_wconf 81' lang='grc'><strong>5).</strong></span> <span class='ocrx_word' id='word_1_991' title='bbox 2869 5289 2982 5345; x_wconf 78' lang='lat' dir='ltr'><strong><em>Non</em></strong></span> <span class='ocrx_word' id='word_1_992' title='bbox 3009 5304 3114 5360; x_wconf 88' lang='lat' dir='ltr'><strong><em>quo</em></strong></span> <span class='ocrx_word' id='word_1_993' title='bbox 3141 5290 3332 5344; x_wconf 86' lang='lat' dir='ltr'><strong><em>timore</em></strong></span> <span class='ocrx_word' id='word_1_994' title='bbox 3359 5289 3546 5344; x_wconf 85' lang='lat' dir='ltr'><strong><em>Petrus</em></strong></span> <span class='ocrx_word' id='word_1_995' title='bbox 3571 5289 3728 5343; x_wconf 84' lang='lat' dir='ltr'><strong><em>Chri-</em></strong></span> 
     </span>
    </p>
   </div>
   <div class='ocr_carea' id='block_1_116' title="bbox 2139 5381 3725 5451">
    <p class='ocr_par' dir='ltr' id='par_1_116' title="bbox 2139 5381 3725 5451">
     <span class='ocr_line' id='line_1_116' title="bbox 2139 5381 3725 5451; baseline -0.004 -13"><span class='ocrx_word' id='word_1_996' title='bbox 2139 5397 2277 5438; x_wconf 85' lang='lat' dir='ltr'><strong><em>Stum</em></strong></span> <span class='ocrx_word' id='word_1_997' title='bbox 2307 5387 2550 5451; x_wconf 68' lang='lat' dir='ltr'><strong><em>negavit,</em></strong></span> <span class='ocrx_word' id='word_1_998' title='bbox 2579 5385 2670 5436; x_wconf 85' lang='lat' dir='ltr'><strong><em>sed</em></strong></span> <span class='ocrx_word' id='word_1_999' title='bbox 2711 5383 2850 5436; x_wconf 86' lang='lat' dir='ltr'><strong><em>illius</em></strong></span> <span class='ocrx_word' id='word_1_1000' title='bbox 2880 5381 3088 5436; x_wconf 88' lang='lat' dir='ltr'><strong><em>timoris</em></strong></span> <span class='ocrx_word' id='word_1_1001' title='bbox 3116 5381 3359 5449; x_wconf 86' lang='lat' dir='ltr'><strong><em>spiritum</em></strong></span> <span class='ocrx_word' id='word_1_1002' title='bbox 3387 5381 3725 5450; x_wconf 78' lang='lat' dir='ltr'><strong><em>accepimus,</em></strong></span> 
     </span>
    </p>
   </div>
   <div class='ocr_carea' id='block_1_117' title="bbox 2140 5469 3723 5545">
    <p class='ocr_par' dir='ltr' id='par_1_117' title="bbox 2140 5469 3723 5545">
     <span class='ocr_line' id='line_1_117' title="bbox 2140 5469 3723 5545; baseline -0.006 -16"><span class='ocrx_word' id='word_1_1003' title='bbox 2140 5477 2206 5529; x_wconf 92' lang='lat' dir='ltr'><strong><em>de</em></strong></span> <span class='ocrx_word' id='word_1_1004' title='bbox 2236 5492 2342 5545; x_wconf 90' lang='lat' dir='ltr'><strong><em>quo</em></strong></span> <span class='ocrx_word' id='word_1_1005' title='bbox 2370 5475 2496 5527; x_wconf 87' lang='lat' dir='ltr'><strong><em>dicit</em></strong></span> <span class='ocrx_word' id='word_1_1006' title='bbox 2527 5475 2640 5544; x_wconf 55' lang='lat' dir='ltr'><strong><em>ipse</em></strong></span> <span class='ocrx_word' id='word_1_1007' title='bbox 2656 5472 2902 5527; x_wconf 75' lang='lat' dir='ltr'><strong><em>Christus</em></strong></span> <span class='ocrx_word' id='word_1_1008' title='bbox 2933 5490 2946 5526; x_wconf 87' lang='lat'><strong>:</strong></span> <span class='ocrx_word' id='word_1_1009' title='bbox 2977 5470 3108 5524; x_wconf 83' lang='lat' dir='ltr'><strong><em>Eum</em></strong></span> <span class='ocrx_word' id='word_1_1010' title='bbox 3129 5472 3318 5538; x_wconf 88' lang='lat' dir='ltr'><strong><em>timete,</em></strong></span> <span class='ocrx_word' id='word_1_1011' title='bbox 3345 5470 3430 5540; x_wconf 86' lang='lat' dir='ltr'><strong><em>qui</em></strong></span> <span class='ocrx_word' id='word_1_1012' title='bbox 3457 5469 3604 5524; x_wconf 88' lang='lat' dir='ltr'><strong><em>habet</em></strong></span> <span class='ocrx_word' id='word_1_1013' title='bbox 3630 5470 3723 5538; x_wconf 66' lang='lat' dir='ltr'><strong><em>pol</em></strong></span> 
     </span>
    </p>
   </div>
   <div class='ocr_carea' id='block_1_118' title="bbox 2205 5621 3714 5688">
    <p class='ocr_par' dir='ltr' id='par_1_118' title="bbox 2205 5621 3714 5688">
     <span class='ocr_line' id='line_1_118' title="bbox 2205 5621 3714 5688; baseline -0.005 -12"><span class='ocrx_word' id='word_1_1014' title='bbox 2205 5630 2221 5660; x_wconf 77' lang='grc' dir='ltr'>ί</span> <span class='ocrx_word' id='word_1_1015' title='bbox 2259 5633 2307 5676; x_wconf 88' lang='lat' dir='ltr'><strong><em>In</em></strong></span> <span class='ocrx_word' id='word_1_1016' title='bbox 2331 5627 2666 5688; x_wconf 81' lang='lat' dir='ltr'><strong><em>manuscriptis</em></strong></span> <span class='ocrx_word' id='word_1_1017' title='bbox 2685 5625 2930 5688; x_wconf 63' lang='grc' dir='ltr'><strong><em>Δνειιλιειιιιίς.</em></strong></span> <span class='ocrx_word' id='word_1_1018' title='bbox 2963 5633 3015 5673; x_wconf 90' lang='lat' dir='ltr'><strong><em>et</em></strong></span> <span class='ocrx_word' id='word_1_1019' title='bbox 3043 5622 3318 5681; x_wconf 82' lang='lat' dir='ltr'><strong><em>Gallicanis,</em></strong></span> <span class='ocrx_word' id='word_1_1020' title='bbox 3343 5631 3433 5673; x_wconf 67' lang='lat' dir='ltr'><strong><em>Nos</em></strong></span> <span class='ocrx_word' id='word_1_1021' title='bbox 3458 5621 3714 5685; x_wconf 59' lang='lat' dir='ltr'><strong><em>diligimus.</em></strong></span> 
     </span>
    </p>
   </div>
   <div class='ocr_carea' id='block_1_119' title="bbox 2204 5685 2921 5742">
    <p class='ocr_par' dir='ltr' id='par_1_119' title="bbox 2204 5685 2921 5742">
     <span class='ocr_line' id='line_1_119' title="bbox 2204 5685 2921 5742; baseline 0 -8"><span class='ocrx_word' id='word_1_1022' title='bbox 2204 5693 2222 5721; x_wconf 70' lang='grc'>³</span> <span class='ocrx_word' id='word_1_1023' title='bbox 2257 5701 2435 5737; x_wconf 75' lang='lat' dir='ltr'><strong><em>ontues</em></strong></span> <span class='ocrx_word' id='word_1_1024' title='bbox 2457 5703 2470 5730; x_wconf 67' lang='grc' dir='ltr'><strong><em>ι</em></strong></span> <span class='ocrx_word' id='word_1_1025' title='bbox 2488 5685 2586 5742; x_wconf 75' lang='lat' dir='ltr'><strong><em>ss.;</em></strong></span> <span class='ocrx_word' id='word_1_1026' title='bbox 2611 5685 2921 5736; x_wconf 76' lang='lat' dir='ltr'><strong><em>(‘olossenscs.</em></strong></span> 
     </span>
    </p>
   </div>
   <div class='ocr_carea' id='block_1_120' title="bbox 2205 5745 3382 5810">
    <p class='ocr_par' dir='ltr' id='par_1_120' title="bbox 2205 5745 3382 5810">
     <span class='ocr_line' id='line_1_120' title="bbox 2205 5745 3382 5810; baseline -0.003 -12"><span class='ocrx_word' id='word_1_1027' title='bbox 2205 5753 2226 5782; x_wconf 82' lang='grc'>³</span> <span class='ocrx_word' id='word_1_1028' title='bbox 2257 5759 2384 5808; x_wconf 86' lang='lat' dir='ltr'><strong><em>Lov.,</em></strong></span> <span class='ocrx_word' id='word_1_1029' title='bbox 2411 5762 2499 5810; x_wconf 77' lang='grc' dir='ltr'><strong><em>ρ.οό</em></strong></span> <span class='ocrx_word' id='word_1_1030' title='bbox 2523 5747 2663 5800; x_wconf 61' lang='lat' dir='ltr'><strong><em>ruit.</em></strong></span> <span class='ocrx_word' id='word_1_1031' title='bbox 2681 5747 2763 5798; x_wconf 58' lang='lat' dir='ltr'><strong><em>alii</em></strong></span> <span class='ocrx_word' id='word_1_1032' title='bbox 2789 5747 2907 5797; x_wconf 88' lang='lat' dir='ltr'><strong><em>editi</em></strong></span> <span class='ocrx_word' id='word_1_1033' title='bbox 2931 5754 2981 5797; x_wconf 88' lang='lat' dir='ltr'><strong><em>et</em></strong></span> <span class='ocrx_word' id='word_1_1034' title='bbox 3003 5753 3130 5800; x_wconf 57' lang='grc' dir='ltr'><strong><em>διες..</em></strong></span> <span class='ocrx_word' id='word_1_1035' title='bbox 3153 5747 3213 5796; x_wconf 80' lang='lat' dir='ltr'><strong><em>de</em></strong></span> <span class='ocrx_word' id='word_1_1036' title='bbox 3240 5745 3382 5796; x_wconf 69' lang='lat' dir='ltr'><strong><em>vobis.</em></strong></span> 
     </span>
    </p>
   </div>
  </div>
