3972 6178
306 337 412 394 905

304 468 524 511 tcslalem
549 463 594 507 et
621 452 842 506 animum
871 459 917 506 et
945 465 1128 517 corpus
1155 448 1359 517 perdere
1390 447 1442 501 in
1471 444 1747 518 gehennam
1773 459 1792 498 :
1816 444 1888 496 ita

303 550 416 601 dico
441 545 596 610 vobis,
625 544 757 597 hunc
782 545 964 596 timete.
988 540 1101 596 Hoc
1122 549 1297 595 autem
1322 538 1475 602 dixit,
1497 553 1566 593 ne
1589 536 1679 591 illo
1701 536 1891 591 timore

306 651 621 707 negaremus
645 650 790 697 eum,
818 647 925 703 quo
952 632 1191 687 turbatus
1217 639 1299 685 est
1325 629 1532 684 Petrus.
1566 626 1719 682 llunc
1745 625 1888 680 enim

303 729 503 786 auferri
530 727 697 784 voluit
723 742 753 780 a
780 726 952 791 nobis,
983 739 1104 779 cum
1134 722 1283 794 prius
1310 721 1484 777 dixit:
1516 716 1692 774 Nolite
1718 718 1893 772 timere

303 839 387 876 eos
404 822 491 889 qui
509 836 692 889 corpus
712 816 968 873 occidunt.
986 823 1033 869 et
1054 823 1223 883 postea
1244 826 1345 866 non
1366 810 1547 865 habent
1564 807 1686 876 quid
1702 806 1892 877 faciant

303 913 466 982 (an.
502 926 596 977 xu,
626 911 681 977 5,
712 910 803 979 ι).
834 907 1000 977 Hujus
1028 904 1233 959 timoris
1266 918 1371 958 non
1402 900 1703 969 accepimus
1730 896 1887 966 spiri-

305 1017 445 1063 tum.
477 988 570 1058 sed
598 1003 809 1057 virtutis
832 1011 886 1055 et
913 997 1189 1053 charitatis
1213 1004 1268 1050 et
1293 992 1652 1048 continentiae.
1686 989 1762 1043 De
1784 1001 1892 1056 quo

302 1098 489 1152 sairitu
521 1096 657 1149 idem
698 1095 811 1163 ipse
850 1092 915 1146 ad
955 1091 1223 1146 Rmuaros
1255 1086 1330 1142 ait
1360 1105 1373 1140 :
1400 1084 1694 1140 Gloriamur
1720 1082 1774 1135 in
1802 1080 1893 1133 tri-

304 1189 639 1243 bulationibus
659 1203 678 1250 ;
699 1187 905 1239 scientes
928 1182 1165 1253 quoniant
1185 1178 1441 1232 tribulatio
1461 1173 1754 1247 patientiant
1773 1185 1898 1239 ope-

304 1289 464 1344 ratur,
492 1276 730 1345 patientia
760 1273 1119 1338 probationem,
1150 1268 1378 1339 probatio
1405 1281 1565 1334 spent,
1587 1278 1699 1333 spes
1723 1269 1892 1314 autem

305 1387 404 1424 non
433 1366 695 1435 confundit
725 1380 744 1418 :
768 1365 885 1435 quia
911 1362 1130 1416 charitas
1156 1359 1251 1414 Dei
1279 1355 1466 1424 (li/fusa
1490 1365 1563 1410 est
1586 1353 1639 1407 in
1660 1350 1893 1406 cordibus

306 1458 488 1513 nostris
509 1472 598 1528 per
623 1454 873 1524 Spiritum
894 1459 1142 1516 sanctum,
1166 1449 1251 1521 qui
1276 1448 1427 1501 datus
1455 1452 1526 1500 est
1554 1442 1695 1497 nobis
1716 1439 1890 1513 (Rom.

308 1566 359 1609 v.
384 1548 502 1615 5-5)
547 1545 660 1601 Non
683 1546 858 1612 itaque
882 1557 976 1613 per
999 1556 1117 1605 uos,
1141 1540 1232 1595 sed
1262 1553 1355 1609 per
1374 1536 1628 1607 Spiritum
1651 1540 1894 1588 sanctum

306 1639 396 1711 qui
422 1640 577 1694 datus
602 1647 683 1692 est
712 1636 885 1698 nobis,
939 1635 1050 1704 ipsa
1078 1632 1338 1687 charitate
1365 1629 1457 1694 tit,
1488 1643 1644 1699 quam
1675 1626 1770 1681 Dei
1800 1625 1895 1677 do-

310 1747 433 1787 num
474 1744 594 1785 esse
632 1726 966 1787 manifestat,
1002 1733 1058 1778 ut
1093 1722 1359 1777 tribulatio
1394 1734 1497 1775 non
1533 1717 1765 1781 auferat,
1798 1714 1891 1769 sed

310 1823 483 1892 potius
508 1830 759 1889 operetur
790 1816 1111 1885 patientiam.
1143 1813 1220 1867 Ad
1254 1811 1508 1880 Ephesios
1537 1810 1694 1863 etiam
1715 1848 1729 1869 ,
1758 1821 1888 1875 pax,

308 1912 497 1980 inquit,
526 1909 766 1982 fratribus
793 1917 840 1961 et
866 1905 1087 1960 charitas
1112 1920 1225 1957 cum
1249 1902 1368 1972 ﬁde.
1394 1900 1576 1957 Mazna
1601 1899 1735 1953 bona
1763 1915 1775 1949 :
1799 1895 1893 1951 sed

307 2003 444 2059 dicat
475 2001 652 2056 unde?
676 2017 707 2053 a
734 1998 857 2057 Deo.
888 1998 1076 2067 inquit,
1107 1994 1262 2049 Patre
1285 2003 1331 2048 et
1361 1992 1572 2046 Domino
1594 1988 1721 2043 Iesu
1744 1987 1894 2042 Chri-

307 2105 385 2150 sto
411 2093 625 2164 (Epties.
657 2107 730 2155 vt,
759 2090 874 2161 23).
905 2089 1043 2158 Ergo
1070 2086 1186 2141 haec
1212 2098 1400 2154 magna
1438 2082 1574 2138 bona
1592 2121 1606 2148 ,
1638 2094 1745 2133 non
1773 2083 1897 2133 sunt

311 2185 410 2239 nisi
442 2184 531 2238 Dei
558 2182 717 2236 dona.

376 2273 602 2330 CAPUT
626 2270 746 2333 XIX
795 2300 865 2311 -
891 2269 976 2325 ιο.
1008 2267 1112 2323 Sed
1144 2282 1245 2320 non
1273 2274 1356 2320 est
1380 2263 1594 2329 mirum,
1621 2262 1664 2317 si
1695 2261 1779 2316 lux
1809 2261 1894 2316 lu-

310 2374 396 2420 cet
421 2367 471 2419 in
504 2364 736 2421 tenebris
757 2405 769 2421 ,
802 2370 856 2415 et
885 2359 1118 2415 tenebras
1151 2372 1269 2411 eam
1307 2372 1411 2411 non
1438 2351 1898 2423 comprehendunt

313 2456 486 2529 (Ioan.
524 2471 561 2513 ι.
591 2456 664 2521 5).
694 2452 748 2506 lu
774 2452 979 2506 Joanne
1008 2451 1093 2504 lux
1119 2448 1267 2513 dicit,
1295 2447 1421 2500 Ecce
1448 2446 1647 2515 qualem
1670 2442 1899 2497 dilectio-

311 2563 423 2601 nem
463 2545 599 2600 dedit
638 2543 778 2597 nobis
818 2541 993 2599 Pater.
1026 2550 1080 2593 ut
1120 2538 1216 2608 ﬁlii
1251 2536 1347 2591 Dei
1387 2551 1620 2590 vocemur
1655 2534 1900 2590 et‘simus

314 2635 366 2707 (I
392 2635 546 2690 Ioau.
584 2650 658 2693 Ill.
692 2634 766 2701 l).
799 2634 862 2686 Et
892 2631 943 2685 iu
973 2628 1268 2700 Pelagianis
1295 2628 1529 2682 tenebrae
1556 2626 1774 2688 dicunt,
1804 2623 1900 2678 Di-

310 2725 469 2781 lectio
495 2726 648 2779 nobis
673 2739 743 2778 ex
771 2722 922 2776 nobis
944 2731 1045 2775 est.
1068 2720 1235 2786 Quam
1262 2719 1306 2771 si
1332 2731 1534 2782 veram,
1564 2715 1616 2769 id
1640 2724 1744 2780 est,
1766 2713 1904 2769 chri-

311 2820 539 2874 stianam
568 2816 907 2871 dilectionem
934 2812 1221 2875 haberent,
1254 2809 1455 2864 scirent
1481 2816 1536 2863 et
1564 2806 1703 2863 unde
1734 2806 1900 2862 habe-

313 2921 466 2972 rent;
496 2907 635 2961 sicut
661 2904 863 2960 sciebat
888 2901 1195 2972 Apostolus,
1222 2900 1311 2970 qui
1337 2899 1563 2962 dicebat,
1595 2894 1708 2952 Nos
1735 2905 1902 2952 autem

312 3017 413 3057 non
438 3000 674 3071 spiritum
702 2997 855 3068 hujus
888 2994 1062 3049 mundi
1085 2994 1367 3064 accepimus
1385 3031 1401 3058 ,
1433 2989 1522 3045 sed
1554 2989 1789 3061 spiritum
1816 2989 1901 3060 qui

308 3109 376 3149 ea:
410 3091 517 3145 Deo
550 3102 654 3152 est,
694 3098 746 3142 ut
785 3088 1001 3142 sciamus
1037 3100 1151 3154 quin
1181 3101 1212 3136 a
1246 3081 1356 3137 Deo
1390 3082 1579 3136 donata
1606 3089 1724 3134 sunt
1761 3079 1902 3134 nobis

314 3183 357 3251 (l
380 3184 497 3236 Cor.
527 3196 586 3245 tt,
618 3182 724 3247 li).
756 3178 990 3234 Joannes
1013 3176 1162 3239 dicit,
1193 3173 1328 3228 Deus
1350 3172 1552 3227 dilectio
1572 3182 1644 3226 est
1671 3170 1711 3242 (l
1741 3169 1899 3226 Ioan.

315 3286 388 3336 tv,
420 3272 529 3339 16).
563 3270 628 3323 Et
657 3267 925 3337 Pelagiani
955 3266 1114 3320 etiam
1146 3265 1317 3334 ipsum
1350 3263 1513 3317 Deum
1542 3278 1646 3316 non
1668 3276 1734 3317 ex
1767 3261 1898 3328 Deo,

313 3363 409 3419 sed
437 3377 501 3416 ex
529 3358 831 3425 semetipsis
859 3357 1053 3411 habere
1074 3370 1134 3411 se
1152 3354 1374 3409 dicunt:
1399 3365 1454 3408 et
1479 3368 1599 3408 cum
1625 3352 1899 3407 scientiam

314 3456 447 3525 legis
463 3468 531 3508 ex
555 3453 662 3506 Deo
685 3450 838 3504 nobis
859 3464 979 3504 esse
1002 3446 1287 3513 fateantur,
1317 3446 1628 3502 charitatem
1655 3460 1719 3498 cx
1749 3444 1901 3498 nobis

316 3545 447 3617 ipsis
470 3544 675 3598 volunt.
701 3540 809 3596 Nec
833 3540 1055 3595 audiunt
1077 3537 1389 3605 Apostolum
1411 3536 1695 3595 dicentem,
1723 3533 1899 3589 Scien-

315 3638 385 3689 tia
408 3635 577 3704 inﬂat,
605 3632 826 3686 charitas
854 3639 1019 3683 autent
1043 3627 1262 3695 tediﬁcat
1287 3626 1336 3697 (ι
1365 3623 1484 3681 Cor.
1513 3640 1623 3684 vut.
1658 3622 1733 3697 l).
1763 3622 1900 3690 Quid

314 3737 400 3781 est
438 3726 699 3793 ineptius,
732 3722 838 3777 imo
862 3735 989 3776 vero
1013 3718 1138 3790 quid
1170 3728 1253 3775 est
1287 3720 1551 3773 anicntius
1571 3758 1584 3781 ,
1613 3725 1668 3771 et
1695 3718 1762 3772 ab
1789 3717 1901 3785 ipsa

315 3820 596 3873 sanctitate
631 3816 904 3870 eburitatis
936 3814 1197 3878 alienius,
1228 3827 1386 3880 quam
1415 3808 1659 3865 conlitcri
1688 3824 1752 3863 ex
1793 3808 1902 3861 Deo

316 3927 439 3967 esse
467 3910 762 3971 si-ii-ntiam,
792 3922 910 3977 quin
941 3907 1056 3959 sine
1084 3904 1342 3959 cbaritatc
1378 3905 1546 3967 inﬂat,
1573 3912 1626 3955 et
1655 3917 1720 3955 ex
1749 3899 1901 3955 nobis

319 4019 436 4058 esse
461 4002 791 4061 charitatetn,
814 4015 932 4068 qua:
959 3996 1080 4051 facit
1106 4006 1161 4049 ut
1184 3995 1403 4049 scicntia
1433 3994 1615 4047 inﬂare
1643 4009 1746 4046 non
1771 4006 1900 4062 pos-

315 4096 424 4151 sit?
458 4095 583 4149 ltem
614 4109 733 4147 cum
761 4091 904 4145 dicat
934 4087 1246 4157 Apostolus;
1273 4084 1717 4154 supereminentem
1743 4083 1904 4136 scicn-

314 4189 403 4243 ιὶω
427 4188 720 4241 charitatem
752 4182 938 4237 Christi
965 4188 980 4245 (
1003 4179 1192 4248 Ephes.
1223 4196 1299 4244 ιιι,
1333 4179 1469 4245 19);
1500 4178 1626 4248 quid
1652 4185 1735 4232 est
1765 4178 1905 4232 iusa-

318 4277 475 4340 nius,
505 4290 660 4341 quam
694 4285 880 4343 putare
906 4286 972 4326 ex
1013 4271 1121 4325 Deo
1154 4284 1272 4324 esse
1300 4268 1604 4332 scientiam,
1634 4283 1754 4338 qua:
1780 4269 1906 4322 sub-

318 4367 494 4423 denda
523 4373 605 4420 est
631 4363 893 4425 t-haritati,
926 4370 979 4415 et
1004 4377 1067 4415 cx
1101 4359 1400 4414 hominibus
1425 4358 1760 4425 cbaritatem,
1784 4375 1906 4429 qua;

321 4459 683 4527 supereminet
719 4453 996 4510 scientiae?
1025 4452 1186 4507 Fides
1219 4462 1395 4505 autem
1426 4465 1551 4505 vera
1581 4459 1635 4504 et
1665 4449 1904 4505 doctrina

317 4564 447 4605 sana
477 4548 661 4602 ambas
686 4561 805 4601 esse
838 4545 962 4599 dicit
992 4561 1056 4599 cx
1090 4544 1231 4610 Deo,
1263 4543 1386 4612 quia
1428 4543 1685 4611 scriptum
1718 4552 1830 4611 est,
1862 4543 1907 4597 Α

320 4642 449 4710 facie
478 4641 586 4711 ejus
613 4640 820 4694 scientia
849 4648 895 4692 et
922 4639 1202 4692 intellectus
1240 4635 1468 4709 procedit
1497 4635 1683 4705 (Prov.
1715 4653 1774 4698 tt,
1804 4653 1904 4692 sec.

319 4732 490 4799 LXX)
518 4750 532 4784 :
561 4733 814 4799 scriptum
841 4738 923 4785 est
941 4771 955 4793 ,
987 4727 1219 4784 Charitas
1242 4746 1307 4784 ea:
1337 4728 1444 4784 Deo
1468 4738 1539 4784 est
1565 4729 1614 4800 (I
1640 4728 1797 4783 Ioan.
1829 4745 1906 4797 tv,

319 4825 399 4895 7).
434 4824 501 4879 Et
527 4824 785 4895 legimus.
816 4821 1067 4890 Spiritum
1092 4823 1313 4878 scientia?
1339 4833 1385 4876 et
1414 4822 1611 4894 pietatis
1635 4822 1798 4895 (Isai.
1829 4839 1909 4884 ιι.

319 4917 379 4987 2)
409 4934 422 4970 :
455 4917 697 4985 legimus,
728 4914 976 4983 Spiritum
1006 4914 1199 4968 uirtutis
1222 4922 1270 4968 et
1293 4914 1553 4969 charitatis
1579 4924 1625 4968 et
1648 4916 1909 4969 continen-

321 5008 407 5060 οἱα»
428 5007 494 5075 (ll
526 5004 658 5060 Tim.
686 5022 724 5066 ι,
751 5006 828 5072 7).
855 5004 957 5060 Sed
983 5003 1151 5073 majus
1175 5013 1257 5059 est
1277 5003 1474 5059 donum
1500 5005 1731 5059 cltaritas
1752 5021 1908 5075 quam

322 5097 544 5152 scicntia
574 5115 586 5151 :
611 5110 732 5151 nam
757 5096 972 5150 scicntia
995 5094 1209 5163 quando
1233 5104 1312 5149 est
1341 5094 1393 5149 in
1420 5094 1655 5158 homine,
1679 5095 1912 5153 charitas

322 5198 408 5242 est
436 5187 760 5252 necessaria,
789 5201 858 5241 ne
886 5184 1132 5249 inﬂetur;
1162 5186 1384 5240 charitas
1411 5196 1589 5240 autem
1622 5201 1726 5243 non
1752 5201 1913 5242 temu-

326 5281 482 5344 latur,
512 5295 612 5332 non
638 5279 740 5349 agit
768 5293 1060 5349 perperam,
1088 5293 1191 5331 non
1218 5276 1428 5347 inﬂatur
1455 5276 1510 5348 (l
1533 5275 1652 5334 Cor.
1687 5295 1776 5333 xm
1793 5320 1806 5339 ,
1832 5278 1908 5351 4).

397 5365 623 5425 CAPUT
661 5367 781 5423 XX.
808 5397 881 5408 —
911 5367 1000 5423 ιι.
1036 5367 1177 5423 Satis
1217 5382 1301 5422 me
1344 5367 1643 5437 disputasse
1683 5369 1913 5425 arbitror

324 5473 581 5527 adversus
609 5482 704 5523 eos
723 5466 811 5536 qui
839 5464 1064 5535 gratiam
1093 5462 1188 5518 Dei
1215 5463 1559 5518 vehementer
1581 5471 1909 5534 oppugnant,

328 5578 431 5634 qua
456 5563 700 5616 voluntas
725 5558 957 5613 humana
988 5571 1093 5611 non
1124 5556 1342 5621 tollitur,
1371 5554 1463 5610 sed
1488 5568 1555 5610 ex
1581 5555 1716 5610 mala
1742 5564 1914 5612 muta-

328 5663 418 5709 tur
450 5651 504 5712 in
541 5650 768 5710 bouum,
802 5656 856 5700 ct
888 5661 1010 5703 cum
1046 5646 1179 5700 bona
1216 5643 1375 5701 fuerit
1412 5643 1727 5713 adiuvatur;
1754 5654 1805 5700 et
1836 5645 1915 5702 sic

330 5747 630 5819 disputasse
682 5749 740 5795 ut
762 5755 868 5795 non
894 5738 1063 5808 magis
1091 5753 1209 5809 ego.
1240 5754 1398 5810 quam
1424 5737 1600 5794 divina
1630 5737 1744 5809 ipsa
1767 5736 1839 5796 Sc
1854 5739 1910 5791 'i-

588 5846 862 5911 Ρλτιιοι..
897 5832 1116 5925 χμν.
1632 5930 1644 5937 .
1712 5934 1715 5935 ν
1867 5864 1893 5902 )

1719 325 1917 385 LIBER
1956 325 2154 382 UNUS.

3475 330 3576 381 ενοι.

1995 447 2147 510 ptura
2184 437 2457 495 vobiscum
2494 437 2667 492 locuta
2709 438 2772 491 sit
2815 436 3224 493 mideutissimis
3266 440 3578 493 testimoniis

1994 529 2234 585 veritatis
2260 547 2275 585 :
2304 545 2423 599 qua:
2450 527 2720 599 Scriptura
2745 528 2924 584 divina
2954 530 2997 584 si
3024 529 3307 600 diligenter
3332 530 3575 603 inspient-

1998 629 2111 687 tur,
2140 619 2373 676 ostendit
2412 634 2519 674 non
2560 619 2731 674 solum
2770 619 2937 675 bonas
2977 619 3249 674 hominum
3282 620 3581 676 voluntates

1994 726 2128 783 quas
2152 711 2264 782 ipse
2290 710 2415 767 facit
2438 727 2505 767 ex
2535 711 2708 773 malis.
2740 719 2794 766 ct
2818 726 2846 765 a
2877 726 2937 767 se
2967 710 3133 767 factas
3159 711 3327 766 bonas
3357 713 3407 767 in
3433 723 3584 769 actus

1996 803 2167 860 bonos
2194 813 2249 859 et
2276 804 2328 859 in
2359 813 2615 859 teternam
2642 803 2821 873 dirigit
2848 804 3033 867 vitam,
3063 819 3247 859 verum
3276 804 3434 858 etiam
3467 804 3585 859 illas

1995 912 2115 967 quae
2138 905 2461 952 conservant
2486 894 2563 967 (a)
2593 895 2771 951 saculi
2800 908 3134 961 creaturam,
3162 895 3233 950 ita
3260 908 3385 951 esse
3412 896 3463 950 in
3496 897 3584 950 [)i-i

1998 998 2279 1059 potestate,
2309 998 2367 1045 ut
2390 1004 2484 1045 eas
2508 1004 2619 1059 quo
2647 988 2892 1054 voluerit,
2915 988 3128 1058 quando
3151 988 3398 1051 voluerit,
3430 988 3586 1042 faciat

1995 1080 2262 1148 inclinari,
2295 1081 2375 1135 vel
2407 1079 2472 1134 ad
2512 1080 2768 1135 beneﬁcia
2799 1079 3118 1150 quibusdam
3151 1078 3473 1148 prmstauda,
3504 1096 3584 1130 vei

1996 1169 2061 1225 ad
2090 1185 2277 1240 pinnas
2304 1171 2618 1241 quibusdam
2662 1169 3007 1239 iuget‘ettdas,
3039 1170 3176 1224 sicut
3209 1171 3324 1240 ᾕρεε
3350 1168 3582 1240 judicat,

1996 1263 2357 1319 occultissimo
2379 1262 2592 1332 quidem
2619 1261 2839 1329 judicio,
2862 1261 2956 1317 sed
2980 1261 3095 1316 sine
3120 1262 3226 1316 ulla
3254 1262 3584 1316 dubitatimm

1992 1354 2309 1424 justissimo.
2342 1353 2471 1408 Nam
2505 1353 2805 1409 invenimus
2832 1352 3006 1422 aliqua
3039 1362 3253 1422 peccata
3283 1353 3442 1407 etiam
3472 1368 3585 1422 pd:-

1998 1459 2093 1497 uas
2130 1444 2250 1499 esse
2287 1444 2510 1497 aliorum
2551 1451 2888 1512 peccatorum
2920 1457 2933 1494 :
2969 1442 3106 1496 sicut
3140 1451 3263 1496 sunt
3297 1456 3421 1496 vasa
3461 1442 3586 1503 ine,

1996 1551 2114 1606 quae
2142 1535 2369 1605 perlecta
2392 1535 2520 1589 dicit
2541 1534 2828 1604 Apostolus
2852 1534 2903 1587 in
2928 1533 3282 1603 perditionem
3309 1533 3483 1607 (Rom.
3509 1549 3587 1598 ix,

1996 1626 2089 1699 εἳ)
2121 1646 2134 1682 :
2163 1630 2298 1682 sicut
2325 1636 2408 1682 est
2436 1626 2701 1682 iuduratio
2728 1626 3040 1691 Pharaonis,
3068 1625 3220 1696 cujus
3248 1637 3301 1681 ct
3325 1642 3484 1684 causa
3511 1627 3590 1681 di—

1997 1722 2152 1786 citur,
2181 1721 2247 1776 ad
2273 1718 2655 1776 ostendendam
2682 1719 2734 1774 iu
2762 1718 2855 1773 illo
2880 1719 3125 1773 virtutem
3157 1718 3247 1772 Dei
3271 1718 3463 1790 (Exod.
3489 1734 3586 1780 vn,

1998 1816 2051 1877 3,
2079 1824 2125 1868 et
2148 1830 2201 1879 x,
2229 1813 2283 1881 l)
2308 1832 2322 1868 :
2345 1813 2484 1869 sicut
2501 1822 2581 1868 est
2611 1811 2730 1881 fuga
2754 1810 3110 1865 lsraelitarum
3136 1826 3165 1864 a
3195 1809 3328 1865 facie
3356 1809 3605 1865 hostium

1997 1905 2064 1960 de
2089 1905 2301 1960 civitate
2322 1903 2421 1959 Gai
2441 1903 2533 1966 ;'in
2562 1902 2742 1957 animo
2768 1902 2908 1956 enim
2939 1899 3109 1956 factus
3129 1908 3212 1956 est
3233 1902 3390 1954 timor
3418 1913 3474 1953 ut
3505 1902 3582 1954 l‘u-

1996 2005 2204 2068 gerent,
2227 2005 2281 2051 et
2308 1994 2409 2050 hoc
2437 1993 2632 2049 factum
2654 2003 2733 2047 est
2759 2001 2816 2047 ut
2841 1992 3203 2047 vindicaretur
3229 2002 3501 2061 peccatum
3527 2000 3582 2046 et

1998 2086 2186 2149 modo,
2212 2100 2319 2156 quo
2348 2083 2517 2140 fuerat
2545 2081 2921 2138 vindicandum
2952 2099 2966 2136 :
2998 2081 3139 2138 unde
3167 2082 3296 2137 dicit
3332 2081 3588 2137 Dominus

1998 2178 2064 2233 ad
2083 2177 2265 2233 Iesum
2285 2175 2451 2239 Nave,
2476 2173 2597 2229 Non
2627 2183 2859 2244 poterunt
2879 2174 2976 2244 ﬁlii
3000 2172 3167 2229 Israel
3190 2173 3455 2230 subsistere
3472 2185 3589 2228 ante

1999 2270 2180 2340 [aciem
2202 2270 2219 2302 ¹
2248 2269 2565 2323 inimicorum
2592 2284 2799 2322 suorum
2828 2266 3024 2339 (Iosue
3055 2282 3130 2323 vu
3151 2309 3166 2334 ,
3196 2268 3260 2334 4.
3296 2266 3420 2339 l2).
3452 2268 3587 2334 Quid

1998 2374 2115 2429 est,
2147 2362 2267 2417 Non
2296 2371 2527 2433 poterunt
2561 2360 2865 2414 subsistere?
2890 2359 3069 2428 Quare
3095 2376 3200 2414 non
3233 2360 3588 2415 subsistebant

1998 2469 2097 2527 per
2126 2452 2351 2507 liberum
2382 2451 2698 2517 arbitrium,
2726 2449 2820 2504 sed
2855 2464 2947 2519 per
2978 2451 3220 2505 timorem
3254 2450 3461 2505 turbata
3491 2468 3587 2502 vo-

2001 2546 2206 2601 luntate
2227 2544 2531 2614 fugiebant;
2561 2544 2662 2598 nisi
2685 2545 2807 2613 quia
2837 2544 2973 2601 Deus
2999 2545 3303 2600 dominatur
3326 2555 3381 2602 et
3404 2546 3591 2601 \oluu-

2004 2639 2198 2694 tatibus
2224 2637 2521 2705 hominum,
2550 2645 2605 2693 et
2628 2653 2765 2708 quos
2789 2639 2900 2693 vult
2928 2639 2978 2693 in
3005 2638 3341 2694 formidinem
3367 2656 3593 2696 conver-

2005 2731 2069 2786 tit
2087 2731 2290 2786 iratus?
2314 2728 2579 2801 Numquid
2608 2745 2714 2784 non
2747 2730 2928 2785 hostes
2954 2728 3310 2785 Israelitarum
3337 2731 3592 2786 adversus

2002 2823 2254 2896 populum
2284 2821 2413 2887 Dei,
2442 2835 2602 2889 quem
2628 2819 2859 2876 ducebat
2881 2819 3036 2877 Iesus
3062 2820 3205 2876 Nave
3225 2862 3240 2888 ,
3272 2836 3365 2876 sua
3390 2823 3589 2877 volun-

2004 2922 2111 2969 tate
2133 2911 2462 2984 pugnarunt?
2481 2910 2547 2966 Et
2569 2920 2744 2966 tamen
2766 2910 2895 2966 dicit
2916 2910 3210 2982 Scriptura,
3232 2913 3352 2979 quia
3378 2930 3465 2981 per
3488 2913 3592 2967 Do-

2002 3005 2194 3060 minum
2220 3006 2407 3075 factum
2432 3012 2504 3058 est
2528 3004 2804 3074 confortari
2827 3019 2914 3058 cor
2941 3019 3134 3069 eorum,
3165 3013 3219 3058 ut
3242 3004 3435 3058 obviam
3463 3005 3593 3059 irent

2002 3096 2071 3150 ad
2094 3094 2281 3149 bellum
2308 3092 2377 3147 ad
2403 3092 2595 3158 Israel,
2627 3101 2683 3148 ut
2710 3094 3163 3149 exterminarentur
3188 3093 3310 3166 (Id.
3341 3111 3427 3158 xI,
3458 3095 3589 3167 ΞΟ).

2002 3184 2267 3254 Numquid
2296 3199 2401 3239 non
2430 3199 2522 3239 sua
2551 3184 2824 3240 voluntate
2849 3183 3012 3240 homo
3039 3186 3309 3256 improbus
3331 3185 3468 3241 ﬁlius
3490 3187 3595 3244 Gc-

2003 3283 2132 3338 tnini
2169 3283 2518 3339 maledicebat
2554 3283 2664 3353 regi
2700 3283 2907 3338 David?
2936 3283 3005 3339 Et
3034 3291 3209 3339 tamen
3237 3284 3361 3354 quid
3390 3282 3466 3339 ait
3495 3284 3595 3338 Da-

2002 3375 2113 3443 vid,
2145 3376 2332 3446 plenus
2357 3391 2481 3430 vera
2511 3384 2563 3430 et
2586 3378 2688 3431 alta
2717 3385 2773 3431 et
2799 3376 2880 3446 pia
2909 3376 3242 3446 sapientia’?
3268 3377 3391 3446 quul
3419 3378 3492 3432 ait
3518 3378 3591 3432 illi

2005 3467 2093 3536 qui
2120 3466 2524 3522 maledicentem
2542 3474 2831 3535 percutere
2855 3466 3054 3520 voluit?
3077 3466 3212 3532 Quid
3232 3468 3374 3534 mihi,
3402 3469 3592 3538 inquit,

2004 3565 2049 3610 et
2074 3556 2231 3622 vobis,
2255 3555 2352 3625 ﬁlii
2378 3556 2614 3611 Sumite?
2645 3554 2892 3609 Dimittite
2915 3570 3052 3621 eum,
3085 3567 3131 3610 et
3158 3558 3456 3623 maledicat;
3477 3560 3596 3629 quia

2004 3643 2253 3699 Dominus
2284 3645 2415 3698 dixit
2451 3645 2530 3698 illi
2568 3644 2864 3699 maledicere
2904 3644 3084 3699 David.
3129 3638 3194 3699 Et
3218 3648 3329 3718 quis
3356 3649 3484 3703 dicet
3512 3650 3559 3702 ei
3580 3692 3592 3710 .

2008 3734 2178 3801 Quare
2197 3736 2357 3808 fecisti
2378 3736 2449 3790 sic
2468 3735 2493 3789 .’
2515 3735 2715 3791 Deinde
2735 3735 3007 3805 Scriptura
3030 3737 3211 3791 divina
3241 3740 3447 3807 plenam
3472 3756 3598 3797 scn-

2005 3828 2225 3882 teutiam
2252 3829 2393 3897 regis
2420 3827 2569 3883 velut
2593 3828 2660 3883 ab
2687 3829 2796 3883 alio
2824 3829 2976 3883 initio
3005 3830 3297 3899 repetendo
3320 3847 3596 3889 Commen-

2007 3916 2140 3973 dans
2166 3936 2180 3973 :
2212 3916 2280 3972 Et
2310 3917 2458 3984 dixit,
2486 3918 2678 3988 inquit,
2714 3918 2878 3973 David
2904 3920 2974 3973 ad
3001 3919 3184 3975 Abesse
3206 3919 3228 3953 ³
3254 3932 3300 3976 et
3330 3923 3397 3977 ad
3423 3940 3597 3979 omnes

2007 4029 2186 4083 pueros
2203 4013 2312 4085 ejus
2332 4028 2351 4068 :
2368 4012 2500 4068 Ecce
2512 4013 2649 4083 ﬁlius
2669 4029 2808 4069 meus
2826 4013 2912 4085 qui
2927 4014 3047 4070 exiit
3063 4015 3126 4068 de
3145 4024 3287 4069 utero
3303 4033 3443 4082 meo;
3458 4034 3597 4085 (Iul!!-

2006 4104 2072 4156 rit
2091 4105 2315 4158 animam
2337 4121 2521 4171 nteant,
2544 4112 2591 4158 et
2611 4104 2779 4158 adhuc
2799 4104 2946 4158 modo
2966 4104 3107 4173 ﬁlius
3129 4102 3326 4160 Gemini
3346 4105 3408 4161 ‘i
3433 4107 3598 4163 Sinite

2006 4193 2173 4257 illum,
2200 4194 2488 4257 maledicat,
2520 4195 2759 4264 quoniant
2788 4193 2916 4248 dixit
2942 4194 3019 4248 illi
3050 4193 3314 4261 Dominus,
3348 4207 3402 4250 ut
3430 4198 3597 4253 videat

2007 4284 2254 4338 Dominus
2274 4285 2605 4338 humilitatem
2628 4300 2807 4348 meam,
2833 4294 2878 4338 ct
2901 4285 3141 4339 retribuat
3156 4286 3177 4318 '
3203 4287 3327 4341 mihi
3349 4287 3479 4342 bona
3503 4305 3598 4359 pro

2007 4375 2273 4430 maledicto
2294 4375 2402 4446 ejus
2427 4375 2478 4429 in
2506 4375 2588 4429 die
2609 4375 2706 4429 isto
2728 4372 2790 4445 (ll
2822 4375 2949 4445 Reg.
2979 4391 3091 4442 xvt,
3114 4375 3294 4447 542).
3318 4377 3598 4444 Quomodo

2009 4466 2203 4523 dixerit
2232 4467 2485 4522 Dominus
2513 4467 2636 4522 huic
2666 4468 2862 4521 homini
2895 4468 3216 4525 maledicere
3247 4470 3443 4539 David,
3475 4474 3594 4543 quis

2010 4561 2222 4629 sapiens
2240 4569 2294 4615 et
2315 4559 2606 4629 intelliget?
2625 4558 2738 4614 Non
2760 4560 2900 4614 enim
2924 4559 3161 4630 iubendo
3182 4561 3331 4628 dixit,
3359 4564 3446 4619 ubi
3469 4565 3594 4620 obes

2010 4652 2208 4708 dientia
2231 4651 2570 4717 laudaretur;
2598 4650 2691 4707 sed
2716 4651 2858 4721 quod
2886 4652 3005 4722 ejus
3030 4653 3353 4711 voluntatem
3383 4658 3599 4725 proprio

2009 4742 2141 4798 vitio
2163 4757 2261 4798 suo
2289 4741 2481 4797 malam
2512 4742 2564 4797 in
2592 4741 2694 4798 hoc
2730 4752 3005 4813 peccatum
3030 4743 3234 4812 judicio
3258 4761 3355 4799 suo
3377 4746 3521 4816 justo
3549 4757 3602 4801 ct

2012 4833 2221 4889 occulto
2248 4833 2552 4898 inclinavit,
2586 4832 2708 4889 ideo
2732 4833 2928 4889 dictum
2954 4844 3070 4901 est,
3099 4835 3227 4889 dixit
3254 4836 3300 4891 ei
3329 4834 3597 4899 Dominus.
3689 4850 3693 4857 ‘

2010 4923 2143 4981 Nam
2174 4925 2219 4980 si
2247 4924 2454 4996 jubeuti
2485 4926 2903 4997 obtemperasset
2929 4926 3067 4993 Dco,
3103 4927 3398 4984 laudandus
3429 4932 3604 4999 potius

2014 5034 2172 5091 quam
2209 5016 2506 5089 puniendus
2534 5026 2712 5084 esset,
2741 5018 2879 5072 sicut
2914 5033 2980 5073 ex
3016 5017 3120 5072 hoc
3158 5027 3378 5094 peceato
3418 5031 3599 5089 postea

2079 5192 2111 5264 ﬂ
2130 5191 2285 5251 Editi,
2326 5203 2359 5241 a
2378 5187 2522 5255 facie.
2565 5190 2872 5241 mrbeiensis
2893 5197 2999 5240 uss.
3026 5198 3078 5241 et
3099 5190 3195 5241 duo
3232 5193 3458 5253 Vaticani,
3496 5201 3604 5245 mite

2013 5253 2438 5386 fag'egndrbeiensls.
2454 5321 2555 5386 ys.)
2580 5318 2628 5386 rt
2643 5311 2740 5386 alta
2762 5310 3030 5386 sapientia;
3051 5314 3246 5386 omisso,
3269 5321 3324 5386 (et
3348 5315 3446 5378 pi'i.

2082 5378 2104 5410 ³
2135 5375 2356 5433 Editi,ttd
2399 5373 2556 5426 «litati.
2580 5373 2865 5431 lituss.,utl
2927 5373 3169 5426 bcxsamt
3193 5379 3238 5426 iu
3266 5373 3390 5426 ixi.

2079 5437 2103 5471 δ
2132 5439 2205 5487 sic
2248 5436 2557 5503 atauusga'ipti
2596 5435 2844 5503 radianti,
2892 5438 3101 5503 \‘allmtti
3152 5446 3197 5486 et
3225 5439 3419 5503 _l'.f'lgici
3466 5440 3603 5499 juxta

2147 5512 2229 5548 um
2252 5505 2358 5568 Lttx
2378 5531 2393 5555 ,
2418 5495 2505 5568 lta't'
2521 5495 2815 5568 prpstftinﬁn
2837 5509 2868 5547 ο
2890 5495 2993 5568 uias
3014 5498 3095 5550 toil
3120 5498 3290 5553 tentiui
3327 5495 3449 5553 ’ἑώιὶ
3466 5495 3605 5552 lere-

2082 5568 2154 5629 nt,
2176 5566 2351 5624 quanto
2364 5556 2615 5629 "Eligis/tie
2636 5556 2768 5623 [ilius
2783 5557 2986 5610 Gemini.

2079 5623 2103 5656 ⁸
2137 5620 2264 5680 stris...
2288 5620 2532 5671 retribuet.

2077 5682 2155 5746 (a)
2189 5681 2333 5731 Morel
2378 5680 2642 5791 [aquarium
2681 5688 2851 5733 censet
2871 5718 2887 5744 ,
2921 5689 3175 5737 exornant.
3201 5686 3317 5738 vide
3366 5685 3601 5740 moment.

2077 5754 2199 5791 περ..
2235 5754 2377 5791 ωιια.
2402 5747 2434 5790 n
2469 5775 2484 5791 .
2510 5740 2590 5791 02.
2780 5752 2835 5791 st.

2024 5740 2199 5804 critico
2234 5754 2377 5809 tags-
2402 5740 2484 5805 ιη,
2510 5740 2590 5793 υἰ.
2780 5752 2835 5793 si.

2807 5829 3242 5909 {l’ingl-neul‘.
3254 5837 3281 5904 )
