3972 6178
401 357 501 410 inti

399 481 646 524 nummus
679 479 800 520 esse
837 463 1106 538 punitum.
1135 459 1242 516 Nec
1276 473 1434 513 causa
1471 457 1630 512 tacita
1665 467 1780 522 est,
1811 471 1909 512 cur
1934 457 1987 512 ei

394 561 656 616 Dominus
677 558 779 611 isto
805 553 964 609 modo
985 552 1178 607 dixerit
1205 549 1527 606 maledicere
1543 549 1736 615 David,
1755 549 1864 604 hoc
1882 557 1982 614 est,

395 667 491 708 cor
511 651 626 720 ejus
647 649 844 704 malum
867 647 918 701 in
943 647 1044 700 hoc
1064 653 1339 715 peccatum
1362 640 1567 696 miserit
1585 641 1668 696 vel
1689 639 1949 694 dimiserit
1970 657 1984 694 :

397 752 450 796 ut
478 741 662 802 videat,
693 737 882 808 inquit,
914 736 1160 790 Dominus
1189 732 1522 788 humilitatem
1552 748 1734 798 meam,
1764 741 1812 786 et
1839 731 2002 786 τεῖνε-

395 834 515 886 buat
537 831 659 885 milii
684 830 816 885 bona
839 846 931 899 pro
951 825 1220 882 maledicto
1245 826 1352 896 ejus
1379 825 1433 878 in
1456 823 1538 878 die
1558 823 1672 878 isto.
1699 823 1836 878 Ecce
1859 837 1986 894 quo-

395 922 556 977 modo
583 921 854 991 probatur,
885 919 1050 972 Deum
1073 917 1151 971 uti
1177 915 1428 970 cordibus
1452 914 1612 970 etiam
1638 913 1896 969 malorum
1920 912 1988 968 ad

395 1014 605 1069 laudent
629 1023 786 1082 atque
806 997 1174 1081 adjumentum
1197 1009 1476 1062 bonorum.
1497 1006 1585 1062 Sic
1606 1021 1733 1060 usus
1753 1015 1838 1060 est
1853 1004 1986 1060 Juda

395 1105 638 1160 tradente
657 1105 952 1170 Christum,
976 1103 1054 1157 sic
1077 1117 1204 1156 usus
1229 1111 1310 1156 est
1334 1099 1536 1156 Iudaeis
1557 1098 1988 1168 crucifigentibus

389 1197 688 1252 Christum.
718 1195 786 1250 Et
814 1204 1011 1265 quanta
1039 1192 1163 1248 inde
1189 1193 1325 1246 bona
1356 1191 1602 1260 prmstitit
1629 1189 1838 1260 populis
1865 1202 1988 1243 cre-

391 1287 581 1341 dituris
597 1287 610 1342 !
629 1285 727 1354 Qui
749 1295 800 1340 et
820 1285 936 1354 ipso
951 1282 1165 1338 diabolo
1185 1282 1349 1336 utitur
1369 1281 1626 1350 pessimo,
1646 1280 1740 1334 sed
1761 1279 1984 1348 Optime,

394 1379 460 1432 ad
491 1377 846 1434 exercendam
885 1385 940 1432 et
975 1374 1298 1444 probandam
1329 1373 1487 1428 fidem
1517 1383 1572 1427 et
1605 1372 1852 1442 pietatem
1888 1371 1988 1428 bo-

395 1485 584 1524 norum
603 1512 615 1534 ,
649 1485 754 1524 non
782 1468 916 1533 sibi,
943 1467 1030 1538 qui
1061 1467 1239 1520 omnia
1267 1465 1367 1520 scit
1391 1474 1676 1534 antequam
1709 1465 1865 1530 llant,
1891 1463 1987 1520 sed

397 1559 572 1625 nobis,
603 1558 797 1628 quibus
821 1565 937 1612 erat
967 1555 1348 1620 necessarium,
1377 1563 1435 1610 ut
1461 1569 1527 1610 eo
1555 1555 1717 1610 modo
1740 1566 1988 1626 ageretur

397 1649 693 1704 nobiseum.
717 1646 979 1718 Numquid
1005 1662 1108 1701 non
1130 1661 1225 1702 sua
1247 1645 1518 1702 voluntate
1538 1646 1866 1702 Abessalon‘
1886 1647 1989 1702 ele-

392 1737 468 1809 git
498 1737 779 1794 Consilium
810 1737 952 1807 quod
981 1737 1081 1792 sibi
1112 1735 1338 1792 eberat?
1367 1736 1434 1791 Et
1471 1744 1648 1791 tamen
1679 1735 1799 1791 ideo
1827 1737 1948 1792 fecit
1967 1779 1984 1803 ,

394 1831 514 1900 quia
539 1829 851 1886 exaudierat
875 1829 1130 1884 Dominus
1149 1828 1265 1898 ejus
1293 1836 1495 1898 patrem
1517 1836 1782 1894 orantem,
1807 1836 1865 1882 ut
1885 1827 1988 1883 hoc

393 1922 562 1976 licret.
598 1921 824 1989 Propter
849 1919 991 1990 quod
1017 1920 1290 1989 Scriptura
1317 1919 1392 1973 ait
1424 1936 1437 1972 :
1471 1916 1540 1972 Et
1571 1917 1816 1973 Dominus
1844 1901 1990 1974 man;-

396 2012 530 2066 davit
559 2013 806 2083 dissipare
831 2013 1097 2068 consilium
1123 2009 1422 2082 Acltitophel
1457 2011 1640 2065 bonum
1658 2053 1673 2076 ,
1700 2022 1754 2066 ut
1780 2012 1988 2066 inducat

397 2101 642 2159 Dominus
662 2103 1096 2177 superAbessalon
1115 2105 1285 2158 omnia
1312 2102 1448 2156 mala
1469 2103 1533 2170 (Il
1553 2101 1680 2174 Reg.
1698 2119 1805 2160 xvu
1825 2147 1841 2170 ,
1873 2102 1984 2176 14).

395 2194 598 2251 Bonum
619 2195 898 2252 consilium
925 2195 1075 2260 dixit,
1100 2194 1242 2264 quod
1269 2193 1334 2248 ad
1359 2203 1570 2264 tempus
1595 2193 1843 2264 proderat
1861 2209 1989 2250 cau-

392 2304 490 2351 sae,
508 2288 630 2358 quia
653 2302 748 2356 pro
770 2287 886 2356 ipso
903 2296 1017 2340 erat
1035 2292 1220 2340 contra
1240 2293 1443 2356 patrem
1465 2283 1600 2356 ejus,
1620 2295 1804 2341 contra
1824 2300 1985 2356 quem

397 2381 764 2444 rebellaverat,
794 2388 851 2434 ut
878 2388 1056 2448 posset
1082 2393 1204 2432 eum
1235 2377 1560 2447 opprimere.
1593 2376 1694 2431 nisi
1730 2376 1984 2432 Dominus

395 2473 675 2528 consilium
694 2470 1008 2539 dissipasset
1023 2468 1164 2540 quod
1181 2468 1402 2524 dederat
1417 2467 1761 2538 Achitophel,
1779 2468 1986 2538 agendo

385 2563 447 2620 in
475 2563 638 2618 corde
665 2561 986 2624 Abessalon,
1023 2571 1080 2615 ut
1099 2561 1218 2615 tale
1247 2559 1534 2616 consilium
1567 2558 1902 2629 repudiaret,
1927 2568 1987 2616 et

393 2647 536 2702 aliud
563 2647 702 2716 quod
728 2647 776 2701 ei
807 2662 910 2700 non
939 2645 1256 2716 expediebat
1282 2643 1522 2716 eligeret.

462 2736 688 2794 CAPUT
725 2735 867 2793 XXI.
907 2765 978 2776 —
1014 2736 1104 2792 42.
1143 2735 1274 2803 Quis
1298 2751 1404 2791 non
1434 2735 1532 2791 ista
1567 2734 1765 2806 judicia
1795 2734 1978 2791 divina

393 2827 790 2890 cinttremiscat,
812 2826 1006 2897 quibus
1033 2827 1142 2897 agit
1165 2826 1304 2881 Deus
1329 2826 1386 2881 in
1413 2825 1662 2881 cordibus
1680 2825 1840 2882 etiam
1861 2840 1982 2882 ma-

397 2921 564 2974 lorum
611 2917 887 2974 hominum
931 2916 1186 2988 quidquid
1229 2917 1364 2984 vult,
1409 2915 1646 2972 reddens
1678 2915 1758 2972 eis
1799 2925 1980 2972 tamen

392 3009 686 3066 secundum
731 3009 920 3065 merita
955 3007 1178 3064 eorum?
1216 3006 1457 3062 Roboam
1499 3005 1644 3062 illius
1681 3005 1982 3064 Salomonis

394 3100 599 3170 respuit
635 3099 920 3154 consilium
964 3098 1182 3153 salubre
1225 3097 1520 3164 seniorum,
1547 3096 1689 3168 quod
1729 3097 1780 3153 ei
1814 3097 1980 3155 dede-

395 3199 534 3257 rant,
577 3205 644 3246 ne
669 3204 792 3244 cum
830 3189 1025 3260 populo
1068 3189 1203 3244 dure
1239 3197 1445 3262 ageret,
1473 3199 1529 3246 et
1567 3191 1744 3246 verbis
1769 3205 1980 3248 coaevo-

401 3297 519 3338 rum
545 3295 763 3336 suorum
797 3281 974 3350 potius
1003 3280 1288 3350 acquievit,
1308 3279 1681 3351 respondendo
1704 3282 1981 3339 minaciter

391 3374 589 3446 quibus
618 3373 811 3428 leniter
836 3371 1038 3427 debuit.
1067 3370 1219 3427 Unde
1250 3371 1372 3439 hoc,
1398 3372 1500 3426 nisi
1538 3373 1754 3444 propria
1787 3373 1978 3429 volun-

393 3463 542 3520 tate?
597 3463 703 3520 Sed
753 3462 882 3518 hinc
927 3464 996 3518 ab
1053 3477 1121 3519 eo
1171 3471 1510 3519 recesserunt
1569 3463 1755 3520 decem
1808 3464 1980 3522 tribus

383 3556 576 3622 'israci,
598 3565 651 3611 et
677 3555 841 3610 alium
884 3569 1064 3624 regem
1106 3553 1206 3610 sibi
1247 3555 1644 3610 constituerunt
1667 3554 1975 3624 Jerohoam,

396 3660 456 3703 ut
486 3649 608 3704 irati
635 3647 730 3702 Dei
759 3649 1004 3702 voluntas
1033 3648 1204 3713 lieret,
1231 3646 1374 3717 quod
1393 3648 1552 3702 etiam
1583 3646 1816 3703 futurum
1857 3662 1978 3705 esse

389 3737 733 3807 prtedixerat.
755 3735 894 3808 Quid
915 3737 1060 3794 enim
1089 3737 1363 3806 Scriptura
1389 3736 1556 3803 dicit?
1597 3735 1668 3792 Et
1695 3754 1796 3792 non
1821 3737 1975 3792 audi-

389 3830 462 3884 vit
490 3846 580 3885 rea:
607 3827 824 3899 plebem,
851 3827 1092 3901 quoniam
1133 3837 1240 3882 erat
1281 3827 1538 3882 conversio
1582 3845 1614 3881 a
1654 3825 1892 3895 Domino,
1921 3838 1977 3884 ut

391 3931 626 3977 statueret
655 3921 856 3974 verbum
890 3935 1037 3974 suum
1061 3918 1197 3988 quod
1225 3919 1422 3973 locutus
1446 3929 1518 3972 est
1541 3918 1596 3972 in
1625 3935 1778 3972 manu
1803 3919 1978 3974 Acltiat

387 4014 634 4070 Solonius
682 4013 747 4068 de
791 4010 1068 4068 Jeroboant
1111 4011 1219 4079 ﬁlio
1274 4007 1482 4064 Nabatlt
1545 4009 1644 4082 (ΙΙΙ
1695 4010 1822 4083 Reg.
1874 4027 1972 4080 xu,

392 4107 564 4178 5-20).
615 4105 817 4177 Nempe
865 4105 944 4162 sic
987 4103 1186 4160 factum
1214 4113 1298 4160 est
1322 4103 1452 4158 illud
1493 4119 1591 4176 per
1615 4103 1846 4162 hominis
1871 4121 1971 4162 vo-

393 4201 664 4265 luntatem,
690 4208 748 4254 ut
778 4205 957 4256 tamen
984 4198 1266 4255 conversio
1294 4208 1436 4254 esset
1454 4213 1486 4253 a
1517 4199 1759 4256 Domino.
1787 4199 1974 4271 Legite

387 4294 554 4347 libros
584 4291 1050 4363 Paralipomenon,
1079 4302 1132 4346 et
1159 4291 1441 4347 invenietis
1475 4291 1527 4346 in
1555 4293 1793 4348 secundo
1836 4295 1972 4350 libro

390 4387 642 4454 sﬂl'ipilllll
667 4401 681 4438 :
717 4385 778 4438 Et
798 4385 1053 4440 suscitavit
1082 4383 1330 4440 Dominus
1358 4401 1510 4456 super
1533 4384 1714 4440 Joram
1737 4389 1972 4458 spiritum

397 4476 672 4530 I’ltilistiint
700 4485 744 4529 et
771 4477 993 4529 Arabum
1019 4476 1106 4546 qui
1131 4475 1334 4545 ﬁnitimi
1363 4486 1503 4541 erant
1545 4475 1894 4548 Ethiopibus,
1923 4487 1972 4532 et

385 4567 722 4624 ascenderunt
767 4566 819 4620 in
864 4576 1050 4621 terram
1094 4565 1256 4633 Iuda,
1287 4577 1333 4622 et
1364 4567 1732 4637 dissipaverunt
1761 4585 1889 4636 eam,
1921 4578 1970 4624 et

383 4669 624 4731 (cperunt
663 4674 865 4715 onmem
897 4657 1248 4720 substantiam.
1277 4674 1390 4729 quas
1436 4661 1493 4714 in
1535 4660 1684 4714 domo
1729 4663 1860 4732 regis
1886 4663 1969 4716 in-

389 4761 534 4807 venta
573 4760 646 4805 est
674 4749 748 4823 (ll
781 4747 904 4804 Par.
924 4763 1036 4814 χιι,
1066 4748 1151 4813 l6,
1184 4747 1294 4819 i7).
1331 4748 1430 4804 llic
1453 4749 1770 4816 ostenditur,
1804 4751 1968 4806 Deum

389 4845 648 4900 suscitare
673 4841 857 4898 hostes
898 4841 977 4896 eis
1014 4847 1172 4895 terris
1202 4838 1490 4906 vastandis,
1521 4855 1653 4910 quas
1682 4839 1773 4895 tali
1813 4855 1968 4910 pinna

376 4934 582 5006 judicat
609 4932 818 5004 dignas.
848 4930 1113 5002 Numquid
1146 4941 1320 4986 tamen
1358 4930 1641 4986 Philistiim
1678 4941 1734 4986 et
1766 4931 1969 4988 Arabes

385 5047 438 5081 in
481 5039 677 5082 terram
714 5023 957 5081 Julia-ain
997 5022 1358 5092 dissipandam
1407 5023 1524 5077 sine
1563 5036 1658 5076 sua
1698 5021 1969 5079 voluntate

390 5130 670 5184 venerunt,
696 5127 790 5174 aut
817 5118 894 5173 sic
919 5126 1180 5172 venerunt
1215 5129 1308 5172 sua
1335 5114 1626 5182 voluntate,
1659 5124 1718 5170 ut
1744 5115 1966 5172 menda-

387 5211 520 5268 riter
562 5212 820 5282 scriptum
863 5209 932 5264 sit
955 5207 1096 5278 quod
1141 5207 1397 5264 Dominus
1433 5207 1500 5264 ad
1531 5207 1632 5262 hoc
1669 5206 1967 5264 faciendum

383 5317 576 5358 eorum
621 5303 868 5374 spiritum
919 5299 1234 5356 suscitavit?
1282 5299 1394 5354 lino
1446 5307 1730 5368 utrumque
1780 5313 1966 5354 verum

383 5403 486 5457 est,
513 5393 635 5465 quia
662 5402 716 5449 et
755 5407 851 5448 sua
884 5391 1153 5447 voluntate
1191 5399 1471 5454 venerunt,
1503 5397 1558 5444 et
1600 5397 1775 5444 tamen
1804 5388 1965 5458 spiri-

385 5493 498 5539 tnnt
527 5497 710 5541 eorum
764 5486 1016 5538 Dottiinus
1057 5481 1353 5536 suscitavit.
1387 5479 1539 5546 Quod
1567 5478 1726 5534 etiam
1759 5479 1836 5534 sic
1861 5477 1966 5534 dici

451 5655 466 5686 ⁸
503 5654 642 5711 aliti,
688 5653 884 5702 tltsttlmt.
908 5659 962 5702 Et
994 5652 1145 5711 in'ra,
1182 5665 1230 5702 ιι.
1259 5650 1336 5710 42,
1375 5651 1494 5702 enim
1516 5649 1741 5702 silonitrc.
1783 5661 1837 5704 At
1867 5666 1968 5703 ma-

387 5715 616 5780 nuscripti
660 5726 768 5762 cum
805 5719 910 5760 LXX
947 5723 1225 5762 constanter
1252 5716 1436 5772 lerunt,
1505 5712 1764 5772 rbeastilon,
1819 5713 1970 5766 «hic

391 5783 621 5826 sciuntur.

1219 348 1306 402 DE
1343 343 1595 403 GRATIA
1641 345 1725 401 ET
1763 344 2014 402 LIBERO
2054 345 2396 414 ARBITRIO,
2436 349 2492 405 S.
2535 347 2903 408 A’UGUSTINI

3577 359 3674 416 908

2100 467 2277 528 potest
2304 501 2318 524 ,
2357 468 2412 515 et
2431 475 2618 516 eorum
2646 461 2891 534 spiritum
2913 462 3171 520 Dominus
3199 467 3500 533 suscitavit.
3523 481 3578 526 ct
3606 485 3675 526 ta-

2097 565 2220 604 men
2260 565 2353 604 sua
2381 553 2656 608 voluntate
2685 565 2965 609 venerunt.
3012 555 3135 626 Agit
3162 558 3305 611 enim
3333 557 3675 630 Omnipotens

2095 639 2150 694 in
2167 641 2420 698 cordibus
2447 643 2721 698 hominum
2743 645 2904 700 etiam
2931 657 3130 701 motum
3159 650 3448 705 voluntatis
3471 666 3670 721 eorum,

2096 743 2154 788 ut
2181 747 2280 802 per
2306 747 2402 789 eos
2425 744 2547 804 agat
2577 735 2718 806 quod
2750 751 2846 806 per
2865 752 2958 792 eos
2997 752 3157 808 agere
3181 740 3294 810 ipse
3325 727 3571 810 voluerit,
3590 747 3674 814 qui

2095 824 2318 880 omnino
2345 825 2542 896 injuste
2565 826 2766 898 aliquid
2792 827 2929 882 velle
2955 843 3062 883 non
3089 831 3253 885 novit.
3271 831 3409 900 Quid
3439 843 3521 887 est
3541 835 3672 905 quod

2096 914 2259 970 homo
2293 916 2384 972 Dei
2413 916 2546 972 dixit
2569 917 2638 972 ad
2663 920 2961 973 Amessiam
2979 920 2994 950 ⁸
3026 935 3226 990 regem,
3269 921 3391 978 Non
3418 925 3583 978 veniat
3609 936 3672 979 te.

2095 1020 2209 1058 cum
2226 1007 2473 1061 exercitus
2492 1005 2681 1074 Israel,
2700 1025 2802 1063 non
2822 1018 2896 1066 est
2913 1011 3044 1064 enim
3061 1010 3310 1067 Dominus
3323 1030 3438 1067 cum
3457 1013 3619 1069 Israel
3633 1018 3672 1082 ³,

2094 1095 2324 1150 omnibus
2351 1097 2476 1166 ﬁliis
2504 1095 2732 1168 Ephrem
2756 1115 2776 1154 :
2807 1100 3048 1170 quoniam
3089 1102 3136 1155 si
3169 1105 3419 1171 putaveris
3460 1103 3677 1160 obtinere

2093 1187 2148 1239 in
2175 1186 2298 1252 illis,
2325 1188 2379 1242 in
2407 1192 2582 1260 fugam
2610 1201 2862 1244 convertet
2893 1201 2940 1246 te
2969 1191 3107 1247 Deus
3131 1203 3252 1247 ante
3277 1195 3528 1262 inimicos,
3553 1213 3672 1268 quo-

2094 1277 2232 1332 niam
2257 1280 2414 1333 virtus
2453 1289 2526 1334 est
2558 1280 2664 1335 Deo
2709 1281 2784 1335 vel
2809 1283 3056 1352 adjuvare
3091 1284 3170 1338 vel
3207 1285 3264 1338 in
3288 1285 3464 1356 fugam
3491 1299 3673 1342 vertere

2097 1368 2169 1440 (ll
2198 1367 2326 1423 Par.
2356 1386 2484 1432 xxv,
2518 1372 2571 1437 7,
2599 1370 2698 1443 8)?
2733 1373 3014 1438 Quomodo
3049 1375 3218 1430 virtus
3247 1375 3336 1429 Dei
3362 1376 3498 1431 alios
3525 1375 3672 1446 adju-

2093 1468 2182 1515 vat
2207 1461 2261 1515 in
2286 1461 2425 1517 bello
2449 1462 2626 1518 dando
2653 1463 2735 1519 eis
2763 1463 3038 1528 ﬁduciam,
3061 1467 3196 1521 alios
3220 1466 3460 1522 immisso
3489 1468 3673 1524 timore

2085 1552 2252 1606 vertit
2274 1552 2326 1606 in
2355 1553 2552 1623 fugam,
2581 1555 2680 1609 nisi
2712 1555 2834 1625 quia
2881 1555 2970 1610 ille
3008 1557 3098 1626 qui
3128 1557 3179 1611 in
3209 1558 3350 1612 caelo
3372 1569 3426 1614 et
3457 1558 3510 1612 in
3538 1567 3672 1613 terra

2091 1643 2270 1696 omnia
2291 1658 2643 1714 quaecumque
2659 1645 2824 1700 voluit
2841 1644 2963 1700 fecit
2989 1645 3398 1716 (l’sal.>cxxx1v,
3415 1645 3494 1718 6),
3515 1647 3672 1702 etiam

2091 1731 2144 1786 in
2165 1733 2420 1790 cordibus
2440 1733 2715 1794 hominum
2738 1736 3032 1805 operatur?
3060 1735 3312 1804 Legimus
3334 1737 3460 1807 quid
3483 1737 3674 1793 dixerit

2089 1821 2218 1876 Joas
2237 1838 2330 1877 rex
2358 1821 2542 1890 Israel,
2563 1825 2780 1879 mittens
2807 1824 3050 1879 nuntium
3076 1824 3144 1880 ad
3173 1825 3470 1880 Amessiam
3495 1841 3670 1896 regem

2091 1913 2355 1969 volentem
2403 1930 2640 1986 pugnare
2664 1931 2785 1970 cum
2817 1916 2929 1971 illo.
2976 1916 3109 1972 Nam
3153 1926 3270 1986 post
3295 1919 3471 1989 aliqua
3507 1919 3668 1974 dixit:

2093 2003 2249 2060 Nunc
2283 2007 2403 2060 sede
2440 2008 2495 2062 in
2520 2007 2671 2061 domo
2717 2017 2823 2062 tua.
2855 2008 2992 2074 Quid
3035 2025 3276 2080 provocas
3302 2010 3355 2064 in
3387 2012 3597 2080 malum,
3623 2021 3673 2068 et

2089 2098 2312 2158 cadis,tu
2339 2108 2384 2152 et
2409 2097 2552 2152 Iuda
2577 2107 2740 2152 tecum
2783 2096 2882 2166 (IV
2911 2099 3040 2170 Reg.
3073 2115 3182 2163 XIV,
3212 2099 3265 2166 9,
3302 2101 3431 2173 10)?
3475 2102 3672 2160 Deinde

2089 2189 2361 2259 Scriptura
2397 2190 2716 2260 subjunxit:
2759 2189 2826 2244 Et
2857 2207 2958 2246 non
2997 2190 3197 2246 audivi!
3217 2191 3508 2270 Amessias;
3545 2212 3668 2266 quo-

2091 2281 2228 2334 niam
2270 2299 2302 2335 a
2347 2281 2458 2336 Deo
2496 2291 2604 2336 erat
2633 2291 2688 2336 ut
2734 2282 3017 2338 traderetur
3057 2284 3112 2338 in
3154 2285 3388 2350 munus',
3436 2289 3671 2356 quoniam

2087 2373 2393 2442 quasicrunt
2435 2372 2555 2428 deos
2585 2372 2749 2427 Edam
2779 2372 2858 2444 (ll
2889 2371 3019 2428 Par.
3059 2389 3190 2442 xxv,
3217 2374 3332 2446 20).
3365 2375 3506 2432 Ecce
3535 2378 3672 2432 Deus

2089 2465 2404 2521 idololatria.-
2450 2475 2726 2537 peccatum
2761 2467 2948 2523 volens
2966 2467 3267 2533 vindicare,
3301 2467 3404 2524 hoc
3425 2481 3672 2538 operatus

2087 2564 2171 2611 est
2207 2572 2262 2612 ιιι
2299 2558 2419 2627 ejus
2454 2558 2646 2622 corde,
2675 2557 2762 2612 cui
2807 2559 2990 2614 utiuue
3029 2558 3174 2628 juste
3219 2559 3564 2628 irascebatur,
3613 2573 3666 2617 ut

2087 2645 2510 2704 admonitionem
2565 2648 2834 2704 salubrem
2882 2664 2993 2703 non
3039 2648 3268 2714 audiret,
3297 2651 3394 2705 sed
3440 2666 3502 2707 ea
3541 2665 3666 2707 con-

2087 2746 2288 2810 tempta
2319 2741 2420 2794 iret
2443 2741 2495 2794 in
2522 2739 2745 2806 bellum,
2777 2740 2864 2796 ubi
2895 2755 3018 2796 cum
3047 2755 3145 2795 suo
3167 2743 3406 2796 exercitu
3431 2741 3666 2798 caderet.

2085 2829 2192 2886 Per
2225 2829 2562 2886 Ezechielem
2603 2831 2915 2901 prophetam
2945 2831 3072 2886 dicit
3113 2831 3274 2898 Deus,
3310 2830 3382 2887 Et
3423 2833 3670 2904 propheta

2084 2922 2130 2976 si
2152 2922 2394 2976 erraverit
2420 2930 2468 2977 et
2503 2921 2700 2976 locutus
2727 2922 2900 2994 fuerit,
2931 2937 3024 2993 ego
3061 2921 3314 2977 Dominus
3340 2924 3520 2978 seduxi
3545 2941 3669 2996 pro-

2086 3012 2288 3084 phetam
2317 3013 2484 3080 illum,
2510 3021 2557 3066 et
2597 3013 2864 3068 extendant
2893 3029 3101 3067 manum
3144 3029 3309 3068 meant
3352 3031 3508 3085 super
3532 3033 3666 3080 eum,

2083 3115 2131 3160 et
2158 3103 2500 3159 exterminabo
2518 3120 2632 3160 eum
2657 3105 2720 3159 de
2741 3105 2908 3159 medio
2935 3105 3111 3175 populi
3139 3105 3236 3159 mei
3261 3103 3426 3159 Israel
3450 3104 3668 3176 (Eucti.

2084 3209 2196 3263 xiv,
2227 3194 2307 3266 9).
2341 3193 2397 3250 In
2427 3195 2564 3250 libro
2596 3193 2795 3250 Esther
2821 3193 3078 3265 scriptum
3105 3203 3208 3260 est,
3238 3211 3357 3264 qua:
3383 3194 3574 3252 mulier
3598 3211 3670 3254 ex

2085 3287 2285 3358 popqu
2335 3285 2500 3342 Israel
2551 3287 2604 3341 in
2659 3294 2800 3342 terra
2839 3286 3160 3356 captivitatis
3205 3285 3343 3342 facta
3381 3295 3499 3342 erat
3534 3303 3669 3343 uxor

2083 3377 2394 3449 alienigeme
2421 3378 2562 3449 regis
2588 3377 2804 3434 Assueri
2828 3394 2842 3432 :
2869 3392 3000 3448 ergo
3025 3376 3078 3432 in
3105 3377 3222 3448 ejus
3249 3377 3386 3433 libro
3409 3379 3666 3448 scriptum

2082 3477 2187 3535 est,
2221 3467 2364 3540 quod
2411 3484 2533 3523 cum
2585 3467 2808 3524 haberet
2855 3468 3226 3524 necessitatem
3278 3469 3666 3524 interveniendi

2084 3573 2182 3629 pro
2212 3554 2406 3632 'pupulo
2439 3573 2558 3624 suo,
2581 3574 2740 3629 quem
2783 3573 2896 3623 rex,
2921 3558 3242 3629 ubicumque
3267 3559 3318 3614 in
3349 3575 3512 3629 regno
3546 3561 3666 3630 ejus

2071 3657 2247 3714 esset,
2273 3648 2510 3718 jusserat
2535 3647 2808 3713 trucidari,
2836 3647 3011 3704 oravit
3044 3647 3113 3704 ad
3144 3647 3425 3703 Dominum
3451 3665 3467 3706 :
3500 3663 3662 3720 coge.

2083 3739 2172 3795 bat
2197 3740 2340 3796 enim
2381 3755 2502 3796 eam
2545 3755 2735 3810 magna
2779 3739 3086 3806 necessitas,
3132 3748 3192 3794 ut
3232 3748 3427 3810 prater
3455 3739 3663 3810 iussum

2081 3832 2225 3904 regis
2252 3841 2302 3888 et
2337 3841 2530 3902 praeter
2556 3831 2797 3887 ordinem
2841 3846 2996 3888 suum
3036 3831 3103 3886 ad
3145 3831 3290 3886 illum
3319 3831 3542 3888 auderet
3579 3833 3662 3887 in-

2083 3930 2223 3977 trare
2254 3921 2459 3992 (Esther
2485 3935 2545 3976 ιιι
2577 3930 2624 3976 et
2669 3922 2766 3992 tv).
2809 3921 2876 3976 Et
2901 3920 3077 3976 videte
3117 3921 3244 3992 quid
3274 3921 3548 3992 Scriptura
3577 3923 3664 3978 di-

2080 4023 2166 4068 cat
2189 4031 2204 4070 :
2231 4013 2299 4068 Et
2341 4013 2553 4068 intuitus
2585 4021 2659 4068 est
2683 4028 2795 4066 eam
2836 4021 3079 4083 tanquam
3109 4022 3284 4068 taurus
3309 4013 3498 4082 impetu
3522 4013 3663 4067 indi-

2078 4105 2332 4176 gnationis
2357 4120 2486 4170 suae,
2513 4113 2562 4157 et
2607 4104 2772 4158 timuit
2800 4103 2996 4174 regina,
3023 4112 3070 4157 et
3096 4119 3367 4160 conversus
3407 4113 3482 4160 est
3523 4103 3669 4159 color

2083 4197 2194 4266 ejus
2215 4210 2305 4266 per
2331 4193 2732 4258 dissolutionem,
2759 4202 2805 4247 et
2832 4193 3092 4248 inclinavit
3125 4211 3178 4248 se
3203 4209 3358 4264 super
3384 4204 3538 4266 caput
3574 4195 3668 4249 de-

2079 4287 2244 4342 licata:
2285 4302 2412 4354 suc,
2445 4302 2558 4356 qua
2601 4286 2911 4357 praecedebat
2951 4303 3064 4341 eam
3089 4302 3108 4341 :
3135 4296 3183 4342 et
3219 4289 3460 4342 convertit
3503 4285 3664 4354 Deus,

2078 4387 2124 4432 et
2161 4378 2418 4432 transtulit
2465 4377 2865 4450 indignationem
2911 4379 3020 4450 ejus
3057 4378 3110 4432 in
3153 4379 3408 4434 lenitatem
3449 4377 3560 4452 (Id.
3603 4395 3663 4447 v,

2076 4485 2176 4526 sec.
2207 4468 2406 4541 LXX).
2436 4469 2703 4540 Scriptum
2727 4479 2814 4525 est
2833 4478 2888 4525 et
2914 4471 2966 4524 in
2993 4469 3295 4526 Proverbiis
3323 4471 3624 4528 Salomonis
3645 4491 3663 4528 :

2078 4559 2224 4616 Sicut
2254 4561 2470 4630 impetus
2493 4575 2659 4631 aqua,
2700 4560 2774 4614 sic
2797 4575 2885 4613 cor
2911 4560 3042 4630 regis
3084 4560 3136 4614 in
3183 4577 3338 4615 manu
3365 4559 3498 4626 Dei;
3535 4578 3666 4631 quo-

2076 4666 2285 4721 cumque
2310 4651 2540 4717 voluerit,
2577 4649 2847 4704 declinabit
2887 4649 3019 4705 illud
3057 4650 3236 4722 (Prov.
3267 4667 3378 4716 ut,
3411 4651 3484 4724 i).
3515 4653 3582 4708 Et
3605 4655 3669 4709 in

2078 4741 2283 4812 psalmo
2303 4739 2598 4794 centesimo
2614 4749 2802 4809 quarto
2829 4739 3021 4810 legitur
3050 4741 3249 4796 dictum
3273 4741 3341 4796 de
3367 4740 3665 4814 Egyptiis,

2075 4829 2204 4900 quid
2232 4829 2311 4886 eis
2337 4828 2522 4884 fecerit
2553 4828 2692 4884 Deus
2721 4845 2735 4882 :
2769 4828 2836 4883 Et
2861 4831 3098 4884 convertit
3114 4847 3205 4885 cor
3225 4848 3399 4886 eorum
3436 4843 3492 4886 ut
3517 4833 3668 4889 odis-

2074 4929 2186 4974 sent
2229 4919 2474 4990 populum
2515 4920 2658 4990 ejus,
2700 4929 2754 4973 ut
2795 4919 2972 4974 dolum
3014 4923 3234 4994 facerent
3276 4923 3329 4976 in
3356 4939 3526 4979 servos
3549 4926 3672 4995 ejus

2077 5009 2248 5091 (Psat.
2277 5024 2386 5075 etv,
2415 5008 2528 5081 25).
2559 5009 2616 5064 lu
2667 5009 2881 5066 Litteris
2925 5011 3086 5068 etiam
3131 5012 3437 5083 apostolicis
3483 5014 3673 5070 videte

2077 5118 2196 5174 qua:
2253 5101 2449 5172 scripta
2513 5112 2671 5168 sunt;
2719 5103 2772 5158 in
2835 5103 3072 5173 Epistula
3117 5103 3268 5160 Pauli
3318 5105 3549 5176 apostoli
3590 5105 3673 5162 ad

2075 5195 2384 5252 Romanos:
2419 5193 2701 5265 Propterea
2736 5196 2944 5250 tradidit
2971 5194 3091 5254 illos
3125 5193 3267 5252 οιιιη
3308 5197 3364 5252 in

2073 5283 2246 5340 cordis
2279 5300 2472 5350 eorum,
2497 5283 2549 5339 in
2573 5285 2968 5339 immunditiam.
2998 5286 3128 5342 Item
3158 5287 3316 5356 paulo
3339 5296 3495 5358 post:
3529 5286 3674 5342 Pro-

2077 5385 2183 5446 pter
2209 5375 2307 5431 hoc
2343 5375 2554 5430 tradidit
2591 5375 2706 5430 illos
2749 5374 2888 5430 Deus
2936 5376 2990 5430 in
3036 5378 3294 5446 passiam
3342 5377 3666 5450 ignominia.

2137 5533 2154 5564 ι
2191 5531 2264 5579 sic
2285 5528 2622 5590 manuscripti,
2639 5529 2780 5590 juxta
2800 5535 2928 5590 LXX.
2954 5536 3009 5579 At
3029 5529 3163 5590 editi,
3192 5527 3447 5580 .mtasitmt.

2137 5595 2160 5666 ξ
2192 5593 2276 5668 stic
2292 5589 2604 5668 partiwlam,
2627 5589 2674 5640 et
2691 5625 2706 5650 ,
2728 5589 3020 5653 delevimus,
3043 5593 3156 5654 quia
3179 5593 3322 5642 abest
3342 5603 3370 5640 a
3395 5603 3671 5642 malum

2075 5655 2169 5786 ι’ῗίὲ
2434 5720 2525 5785 Mss
2543 5747 2571 5786 ,_
2586 5709 2636 5762 in
2894 5711 3031 5773 mliti,
3055 5711 3104 5764 in
3123 5725 3292 5766 manus
3313 5712 3436 5778 ejus.
3479 5715 3662 5775 Abest.

2079 5777 2200 5838 ejus,
2219 5789 2244 5825 ιι
2267 5777 2602 5838 manuscriptis
2620 5782 2669 5825 et
2693 5781 2818 5824 LXX.
