3972 6178
337 331 441 387 909

337 446 464 501 item
493 444 646 516 paulo
682 452 798 513 post
829 460 844 498 :
874 443 1019 498 Sicut
1046 461 1146 498 non
1175 444 1503 514 probaverunt
1548 443 1708 499 Deum
1733 443 1916 498 habere

334 540 385 592 in
415 537 664 600 notitiam,
695 537 907 589 tradidit
931 537 1047 590 illos
1078 536 1216 592 Deus
1235 538 1286 591 in
1315 537 1580 608 reprobant
1607 544 1842 598 mentem,
1862 544 1917 589 ut

335 629 522 700 faciant
567 644 680 697 qua
707 644 807 680 non
835 629 1134 682 conveniunt
1173 627 1347 696 (Rom.
1391 645 1427 691 I,
1455 629 1547 694 24,
1578 628 1669 694 26,
1697 627 1813 698 ‘28).
1849 627 1918 681 Et

331 719 398 773 ad
428 718 933 773 Thessalonicenses
961 719 1010 772 in
1055 719 1288 787 Epistola
1332 719 1564 773 secunda
1605 719 1678 772 ait
1703 718 1768 771 de
1794 718 1914 787 qui~

332 811 557 866 busdam
586 827 605 864 :
639 810 744 864 Pro
783 827 840 864 eo
882 811 1017 880 quod
1047 811 1363 864 dilectionem
1399 811 1622 864 veritatis
1651 826 1752 862 non
1777 824 1914 862 rece-

332 912 532 972 perunt,
565 911 617 954 ut
647 901 776 955 salri
810 903 1004 969 ﬁerent,
1035 912 1083 955 et
1113 903 1224 955 ideo
1251 903 1407 955 mittet
1436 900 1540 956 illis
1571 901 1706 955 Deus
1729 916 1914 969 opera-

331 995 515 1047 tionem
546 995 751 1056 erroris,
780 1003 834 1046 ut
863 993 1069 1046 credant
1100 993 1380 1055 mendacio,
1407 1001 1462 1045 ut
1495 991 1784 1058 iudicentur
1808 1007 1916 1044 om-

331 1101 418 1137 nes
465 1084 551 1148 qui
608 1100 708 1136 non
768 1083 1083 1136 crediderunt
1132 1083 1366 1147 veritati;
1425 1084 1514 1138 sed
1559 1091 1916 1137 consenserunt

331 1173 587 1243 iniquitati
617 1174 691 1242 (il
725 1172 904 1228 Thess.
947 1190 1003 1237 tt,
1041 1175 1127 1241 lt),
1163 1175 1272 1243 ll).

347 1335 352 1340 Ι
399 1265 488 1319 45.
534 1265 626 1320 llis
653 1273 707 1319 ct
745 1265 938 1318 talibus
977 1266 1297 1321 testimoniis
1335 1266 1635 1320 divinorum
1677 1265 1918 1335 eloquio-

329 1373 468 1417 rum.
499 1373 618 1425 qua:
662 1357 840 1410 omnia
882 1372 1305 1412 commemorare
1348 1359 1508 1413 nimis
1554 1359 1769 1428 longum
1810 1367 1912 1422 est,

329 1447 480 1512 satis,
508 1455 765 1515 quantum
794 1447 1066 1513 existimo,
1094 1448 1482 1509 manifestatur.
1509 1449 1719 1518 Operari
1750 1449 1912 1502 Deum

329 1535 382 1590 in
407 1537 656 1591 cordibus
688 1536 961 1590 hominum
998 1537 1062 1591 ad
1103 1537 1434 1592 iuclinandas
1457 1553 1642 1593 eorum
1675 1539 1917 1592 volunta-

268 1622 290 1640 ⁸
331 1639 411 1685 tes
440 1645 774 1699 quocumque
803 1630 1053 1694 voluerit,
1082 1630 1195 1684 sive
1221 1630 1286 1684 ad
1326 1631 1462 1685 bona
1497 1646 1594 1700 pro
1617 1645 1711 1685 sua
1755 1631 1919 1684 misc-

329 1721 580 1784 riCordia,
630 1721 743 1774 sive
789 1719 853 1773 ad
898 1721 1032 1773 mala
1086 1737 1182 1789 pro
1233 1721 1437 1774 meritis
1480 1735 1686 1786 eorum,
1713 1719 1916 1790 judicio

330 1813 512 1882 utique
539 1825 638 1866 suo
661 1811 946 1881 aliquando
973 1820 1180 1880 aperto,
1210 1811 1495 1880 aliquando
1521 1811 1749 1872 occulto.
1775 1826 1916 1866 sem-

331 1919 427 1973 per
451 1914 624 1957 tamen
656 1903 822 1971 justo.
852 1901 1041 1956 Fixum
1063 1901 1204 1956 enim
1231 1903 1391 1957 debet
1415 1918 1534 1958 esse
1561 1913 1615 1958 et
1645 1904 1916 1959 immobile

330 1996 383 2049 in
410 1995 572 2049 corde
601 2005 800 2061 vestro,
838 1994 958 2064 quia
1008 2010 1114 2048 non
1159 2001 1242 2047 est
1285 1995 1537 2064 iniquitas
1566 1995 1705 2065 apud
1751 1997 1914 2050 Deum

331 2085 506 2157 (Rom.
542 2101 620 2148 Ix,
653 2084 762 2157 14).
797 2087 873 2139 Ac
900 2101 996 2153 per
1025 2086 1126 2140 hoc
1154 2085 1366 2154 quando
1407 2086 1580 2155 legitis
1623 2088 1672 2140 in
1700 2086 1916 2141 Litteris

329 2177 587 2238 veritatis,
616 2192 645 2229 a
682 2177 789 2230 Deo
816 2176 996 2230 seduci
1028 2176 1291 2243 homines,
1323 2186 1416 2231 aut
1445 2177 1664 2232 obtundi
1704 2177 1786 2231 vel
1816 2176 1918 2232 ob"

329 2268 506 2322 durari
530 2267 691 2322 corda
721 2283 931 2333 eorum,
961 2269 1122 2321 nolite
1143 2267 1387 2323 dubitare
1414 2269 1754 2338 prmcessisse
1776 2267 1914 2322 mala

330 2360 514 2413 merita
543 2375 749 2419 eorum,
780 2369 832 2411 ut
855 2358 996 2428 juste
1027 2360 1126 2414 ista
1158 2369 1468 2428 paterentur
1494 2378 1508 2413 :
1537 2361 1605 2413 ne
1632 2359 1917 2413 incurratis

331 2451 383 2505 in
415 2450 537 2504 illud
572 2450 904 2520 proverbium
949 2451 1272 2518 Salomonis,
1307 2450 1612 2522 (nsipientia
1641 2453 1736 2505 viri
1763 2452 1916 2505 violat

327 2545 435 2597 vias
473 2545 601 2614 ejus,
639 2543 800 2597 Deum
847 2556 1012 2598 autem
1039 2557 1276 2600 causatur
1316 2547 1370 2599 in
1415 2547 1566 2600 corde
1606 2563 1698 2600 suo
1731 2544 1912 2616 (Prov.

329 2651 439 2698 tux,
468 2636 546 2705 '5).
574 2635 757 2690 Gratia
784 2652 909 2688 vero
939 2651 1044 2690 non
1076 2637 1368 2691 secundum
1411 2637 1598 2692 merita
1641 2639 1913 2692 hominum

327 2727 506 2793 datur,
539 2728 769 2796 alioquin
812 2728 978 2797 gratia
1017 2727 1127 2797 jam
1161 2745 1264 2783 non
1296 2739 1379 2784 est
1415 2730 1584 2800 gratia
1633 2730 1810 2800 (Rom.
1839 2746 1912 2793 ιιι,

329 2817 384 2887 6)
412 2835 425 2870 :
451 2817 570 2886 quia
621 2817 740 2871 ideo
784 2818 950 2888 gratia
994 2829 1234 2886 vocatur,
1265 2821 1390 2890 quia
1437 2822 1604 2890 gratis
1651 2822 1824 2875 datur.
1857 2823 1914 2876 Si

328 2917 506 2962 autem
541 2917 728 2976 potens
770 2919 872 2974 est,
904 2909 1014 2965 sive
1060 2926 1156 2979 per
1201 2911 1457 2981 Angelos,
1487 2913 1571 2966 vel
1621 2914 1789 2969 honos
1829 2913 1915 2968 vel

329 3000 518 3063 unius,
553 2999 666 3053 sive
693 3014 1029 3070 quocumque
1073 3002 1178 3056 alio
1222 3002 1380 3056 modo
1423 3006 1632 3073 Operari
1672 3004 1911 3060 etiamin

328 3093 580 3148 cordibus
608 3094 889 3159 malorum,
923 3110 1016 3162 pro
1058 3095 1265 3150 meritis
1307 3111 1514 3160 eorum,
1544 3112 1767 3167 quorum
1799 3113 1913 3152 ma-

331 3183 496 3238 litiam
528 3198 630 3237 non
672 3184 788 3252 ipse
814 3185 957 3250 fecit,
989 3184 1083 3239 sed
1133 3195 1224 3238 aut
1263 3185 1592 3256 originaliter
1642 3197 1806 3243 tracta
1833 3199 1916 3244 est

329 3275 398 3329 ab
426 3276 615 3341 Adam,
646 3287 739 3330 aut
764 3277 932 3331 crevit
959 3293 1055 3346 per
1085 3279 1350 3349 propriam
1391 3280 1714 3335 voluntatem
1747 3299 1760 3335 :
1789 3282 1914 3354 quid

330 3368 522 3421 mirum
542 3377 645 3429 est,
681 3368 725 3422 si
759 3383 854 3437 per
882 3367 1137 3437 Spiritum
1168 3379 1407 3424 sanctum
1436 3381 1689 3440 operatur
1717 3373 1768 3426 in
1797 3388 1914 3428 cor-

330 3457 484 3512 dibus
526 3459 820 3514 eleCtorum
865 3475 1082 3514 suorum
1125 3461 1287 3527 bona,
1318 3462 1410 3532 qui
1452 3471 1704 3534 operatus
1745 3473 1829 3519 est
1855 3473 1915 3520 ut

331 3547 443 3619 ipsa
465 3549 626 3604 corda
650 3559 832 3605 essent
867 3567 932 3606 ex
963 3552 1120 3606 malis
1148 3553 1331 3607 bona?

399 3638 626 3696 CAPUT
680 3640 845 3695 XXII.
884 3672 956 3682 —
997 3643 1085 3697 44.
1146 3643 1252 3700 Sed
1289 3645 1630 3714 suspicentur
1669 3646 1914 3704 homines

329 3732 579 3802 quaelibet
627 3734 814 3788 merita
864 3733 1035 3800 bona,
1082 3751 1200 3805 qua:
1247 3747 1432 3805 putant
1481 3740 1818 3809 praecedere,
1858 3751 1917 3797 ut

323 3824 684 3894 justiﬁcentur
707 3842 800 3895 per
828 3827 920 3881 Dei
947 3829 1203 3897 gratiam;
1235 3843 1340 3882 non
1367 3829 1758 3901 iutelligentes,
1790 3849 1913 3890 cum

329 3917 430 3972 hoc
459 3917 665 3983 dicunt,
696 3919 826 3973 nihil
856 3920 996 3974 aliud
1024 3937 1181 3990 quam
1205 3937 1262 3976 se
1284 3937 1477 3992 negare
1503 3919 1724 3994 gratiam
1751 3944 1764 3978 :
1793 3927 1910 3994 sed,

326 4019 386 4064 ut
410 4010 551 4072 dixi,
581 4010 720 4080 quod
761 4011 944 4064 volunt
987 4011 1054 4067 de
1103 4011 1395 4081 majoribus
1437 4015 1802 4083 suSpicentur;
1846 4017 1914 4073 de

328 4099 562 4168 parvulis
591 4109 738 4155 certe
780 4099 1044 4170 Pelagiani
1074 4100 1201 4170 quid
1233 4102 1592 4173 respondeant
1621 4119 1728 4159 non
1760 4107 1911 4161 inve-

327 4188 512 4256 niunt,
562 4205 787 4258 quorum
835 4205 934 4244 nec
953 4191 1199 4247 voluntas
1230 4192 1332 4248 ulla
1375 4201 1458 4247 est
1505 4195 1557 4248 in
1602 4197 1913 4266 accipienda

324 4283 495 4352 gratia
516 4323 530 4346 ,
561 4281 714 4350 cujus
741 4283 1027 4338 voluntatis
1057 4284 1303 4337 tneritum
1336 4286 1674 4352 pra‘cessisse
1701 4288 1908 4355 dicant,

327 4381 382 4426 et
409 4371 628 4440 insuper
669 4386 765 4426 eos
809 4372 969 4426 etiam
1010 4371 1299 4427 cum‘tletu
1341 4374 1590 4430 reluctari
1634 4377 1910 4444 videmus,

325 4463 540 4534 quando
574 4462 908 4532 baptizantur
933 4470 986 4518 et
1008 4462 1180 4518 divina
1215 4462 1556 4521 Sacramenta
1585 4468 1910 4538 percipiunt;

326 4553 468 4621 quod
488 4556 565 4607 eis
586 4553 651 4607 ad
675 4569 921 4624 magnum
941 4554 1226 4624 impietatis
1245 4567 1519 4624 peccatum
1540 4558 1908 4628 imputaretur,

326 4643 370 4697 si
395 4643 506 4712 jam
536 4642 704 4697 libero
751 4653 1031 4698 uterentur
1077 4643 1301 4699 arbitrio
1350 4663 1365 4699 :
1416 4654 1472 4700 et
1523 4656 1700 4704 tamen
1749 4649 1914 4718 lueret

325 4733 488 4788 etiam
512 4735 564 4789 in
608 4734 987 4790 reluctantibus
1012 4736 1179 4806 gratia
1195 4777 1211 4802 ,
1238 4737 1574 4806 apertissime
1599 4740 1748 4795 nullo
1770 4740 1913 4797 bono

324 4826 520 4881 merito
570 4827 934 4895 praecedente,
979 4828 1213 4898 alioquin
1256 4829 1423 4900 gratia
1464 4831 1574 4901 jam
1621 4847 1726 4888 non
1771 4843 1913 4889 esset

325 4916 514 4988 gratia.
549 4918 617 4976 Et
649 4918 930 4990 aliqtuindo
976 4919 1100 4976 ﬁliis
1145 4919 1434 4978 infidelium
1478 4933 1758 4994 praestatur
1799 4925 1916 4982 haec

323 5007 496 5077 gratia
514 5047 533 5074 ,
557 5024 677 5063 cum
702 5010 908 5065 occulta
940 5010 1032 5065 Dei
1061 5011 1390 5080 providentia
1411 5012 1463 5068 in
1490 5029 1680 5070 manus
1699 5014 1910 5088 piorum

323 5099 822 5171 quomodocumque
849 5101 1200 5169 perveniunt:
1218 5102 1503 5173 aliquando
1530 5113 1708 5161 autem
1738 5106 1828 5161 lilii
1849 5107 1911 5160 li-

324 5188 522 5243 delium
558 5205 663 5244 non
707 5205 824 5246 eam
865 5200 1279 5262 consequuntur,
1311 5193 1488 5264 aliquo
1532 5195 1912 5266 impedimento

321 5277 638 5346 exsistente,
671 5297 738 5337 ne
781 5283 948 5352 possit
976 5283 1393 5352 periclitantibus
1431 5285 1722 5341 subveniri.
1754 5287 1912 5344 Fiunt

325 5389 454 5428 vero
484 5375 579 5428 ista
637 5389 730 5444 per
771 5375 1032 5444 occultam
1061 5375 1152 5430 Dei
1185 5376 1600 5445 providentiam,
1631 5380 1784 5449 cujus
1824 5382 1908 5434 in-

321 5467 628 5522 scrutabilia
652 5468 977 5538 suntjudieia
995 5509 1009 5532 ,
1028 5479 1082 5524 et
1104 5469 1494 5540 investigabiles
1523 5473 1622 5526 vim
1647 5491 1662 5529 :
1688 5474 1828 5544 quod
1853 5485 1909 5528 ut

325 5559 615 5629 Apostolus
645 5557 867 5620 diceret,
891 5559 1015 5629 quid
1055 5559 1361 5630 praedixerit
1383 5562 1677 5617 intuemini.
1704 5565 1909 5634 Agebat

317 5652 462 5705 enim
478 5649 752 5707 deludazis
768 5661 820 5708 ct
834 5651 1111 5717 Gentibus,
1125 5669 1246 5710 cum
1259 5656 1518 5712 scriberet
1532 5657 1598 5712 ad
1616 5658 1903 5725 Romanos,

322 5743 374 5795 id
405 5750 486 5798 est
506 5782 520 5805 ,
552 5742 617 5797 ad
659 5742 883 5808 Gentes.
916 5753 969 5800 et
995 5744 1068 5800 ait
1097 5762 1110 5801 :
1136 5744 1280 5801 Sicut
1325 5749 1468 5827 enim
1503 5751 1777 5820 aliquando
1824 5774 1907 5812 ros

1753 329 1954 384 LIBER
1996 327 2192 384 UNUS.

3504 337 3606 391 9N

2023 457 2122 495 non
2149 441 2432 497 credidistis
2462 441 2563 496 Deo
2588 485 2601 508 ,
2635 460 2768 497 nunc
2809 455 2976 500 autem
3004 446 3398 501 misericordiam
3427 465 3606 503 consec

2021 533 2125 586 cuti
2151 533 2268 588 estis
2297 535 2349 587 in
2379 533 2582 588 illorum
2630 535 3024 602 incredulitate;
3062 537 3134 590 ita
3157 547 3205 592 et
3240 538 3294 591 hi
3335 555 3469 593 nunc
3507 557 3608 593 non

2019 626 2340 679 crediderunt
2372 626 2426 680 in
2451 636 2612 680 uestra
2641 629 2987 682 misericordia
3006 671 3018 691 ,
3052 641 3102 681 ut
3130 641 3174 684 et
3201 632 3300 701 ipsi
3328 633 3609 686 misericor-

2017 716 2156 769 diam
2183 728 2551 789 consequantur
2587 734 2607 772 :
2642 720 2886 774 conclusit
2909 721 3041 774 enim
3068 721 3201 776 Deus
3220 739 3389 777 omnes
3410 725 3460 777 in
3483 725 3605 792 inﬁ-

2019 807 2240 870 delitate.
2252 810 2529 863 utamnium
2545 810 3282 882 misereatur(Rom.xr,50—53)
3294 857 3302 866 .
3314 815 3506 868 Etcum
3525 832 3549 865 a
3559 825 3604 868 t-

2024 899 2280 954 teodisset
2303 899 2427 970 quid
2445 900 2656 964 dixerit,
2680 902 2950 956 admirans
2966 903 3244 956 sententia!
3261 920 3370 958 suae
3399 914 3598 960 certam

2018 990 2230 1059 quidem
2259 992 2536 1046 veritatem
2560 1033 2576 1057 ,
2607 992 2700 1046 sed
2733 1009 2976 1063 magnam
3006 994 3453 1063 profunditatem,
3483 1012 3608 1066 quo-

2017 1082 2180 1137 modo
2209 1084 2537 1138 concluserit
2567 1085 2705 1139 Deus
2743 1101 2932 1140 omnes
2955 1086 3006 1139 in
3040 1086 3377 1151 infidi-litate,
3403 1097 3458 1142 ut
3486 1104 3605 1142 om-

2019 1171 2167 1226 nium
2185 1173 2520 1240 misereatur,
2541 1175 2689 1244 quasi
2710 1175 2909 1229 faciens
2937 1176 3072 1229 mala
3101 1187 3156 1230 ut
3178 1178 3418 1234 venirent
3446 1179 3602 1244 bona,

2017 1278 2142 1318 mox
2166 1265 2479 1318 exclamavit
2506 1276 2664 1335 atque
2691 1266 2764 1320 ait
2796 1284 2808 1320 :
2858 1265 2905 1322 0
2947 1267 3163 1322 altitudo
3194 1268 3482 1323 divitiarum
3524 1289 3608 1325 sa-

2015 1357 2220 1426 pientia:
2242 1367 2287 1409 et
2305 1357 2527 1410 scientia:
2556 1355 2692 1410 Dei!
2711 1373 2862 1428 quant
2889 1358 3243 1412 inscrutabilia
3271 1370 3387 1414 sunt
3407 1361 3608 1432 judicia

2017 1448 2164 1517 ejus,
2193 1455 2240 1500 et
2279 1447 2643 1519 investigabiles
2685 1450 2778 1503 vite
2805 1450 2954 1521 ejus!
2991 1450 3118 1505 [lare
3156 1455 3297 1506 enim
3337 1453 3603 1509 inscruta-
3658 1494 3660 1496 τ

2018 1537 2141 1592 bilia
2166 1537 2364 1608 judicia
2407 1547 2461 1594 et
2491 1539 2892 1610 investigabiles
2935 1543 3045 1596 vias
3085 1544 3321 1612 perversi
3361 1544 3606 1600 homines

2016 1643 2123 1681 non
2158 1628 2456 1698 cogitantes
2480 1669 2495 1692 ,
2549 1639 2604 1683 et
2645 1631 2911 1700 proclives
2966 1631 3032 1686 ad
3071 1634 3600 1702 reprehendendum,

2015 1733 2124 1773 non
2155 1719 2329 1773 idonei
2359 1718 2426 1773 ad
2453 1719 2854 1791 intelligendum
2882 1763 2896 1786 ,
2928 1723 3184 1792 putabant
3213 1736 3264 1780 et
3288 1725 3606 1795 jactitabant

2015 1810 2328 1878 Apostolum
2361 1811 2570 1876 dicere,
2606 1809 2880 1867 Faciamus
2919 1811 3074 1877 mala,
3127 1825 3183 1868 ut
3232 1816 3431 1870 ueniant
3473 1816 3605 1872 bona

2018 1901 2037 1974 (
2065 1900 2151 1955 Id.
2198 1918 2286 1966 ιιι,
2335 1903 2390 1958 8.
2425 1904 2442 1972 )
2469 1901 2619 1969 Quod
2646 1903 2784 1957 absit
2827 1910 2885 1957 ut
2913 1905 3195 1973 Apostolus
3224 1906 3428 1962 diceret
3461 1925 3474 1962 :
3505 1909 3602 1963 sed

2018 1993 2262 2048 homines
2288 2009 2393 2048 non
2424 1993 2782 2064 intelligentes
2811 1995 2912 2048 hoc
2942 1994 3199 2064 putabant
3226 1995 3331 2052 dici
3352 2039 3367 2062 ,
3393 1997 3605 2066 quando

2016 2083 2304 2138 audiebant
2329 2084 2470 2152 quod
2515 2083 2646 2138 dixit
2679 2085 2998 2153 Apostolus,
3029 2084 3139 2140 Lee:
3165 2095 3330 2140 autem
3351 2086 3607 2141 subintrao

2016 2175 2100 2234 vit,
2132 2183 2184 2226 ut
2213 2173 2491 2228 abundaret
2515 2173 2754 2227 delictum
2775 2189 2794 2228 :
2835 2173 2917 2228 ubi
2945 2185 3114 2229 autem
3160 2175 3435 2231 abundauit
3473 2177 3602 2232 deli-

2017 2273 2172 2328 ctum,
2215 2263 2636 2333 superabundavit
2675 2266 2840 2336 gratia
2881 2263 2990 2335 (Id.
3039 2267 3094 2332 5,
3139 2265 3252 2338 20).
3294 2266 3399 2323 Sed
3423 2269 3604 2339 utique

2015 2353 2183 2422 gratia
2207 2354 2257 2408 id
2279 2355 2406 2424 agit,
2439 2362 2495 2408 ut
2537 2354 2646 2422 jam
2679 2356 2808 2408 liam
2836 2355 2971 2409 bona
3017 2357 3084 2410 ab
3118 2357 3197 2412 eis
3236 2358 3324 2426 qui
3371 2357 3606 2412 fecerunt

2017 2444 2182 2506 mala;
2215 2458 2318 2497 non
2349 2451 2408 2497 ut
2431 2454 2776 2512 perseverent
2813 2447 2864 2498 in
2894 2446 3067 2514 malis,
3090 2455 3146 2502 et
3177 2447 3324 2502 reddi
3355 2447 3456 2502 sibi
3483 2450 3568 2503 exi
3587 2463 3605 2488 -'

2016 2533 2234 2588 stiment
2281 2532 2441 2587 bona.
2481 2532 2594 2588 Non
2623 2533 2798 2604 itaque
2835 2534 3032 2590 debent
3069 2536 3280 2604 dicere,
3326 2536 3606 2594 Faciamus

2016 2622 2171 2690 mala,
2191 2635 2247 2678 ut
2260 2625 2458 2678 ueniant
2480 2625 2609 2679 bona
2631 2639 2651 2679 :
2669 2625 2781 2690 sed,
2809 2625 3053 2682 Fecimus
3070 2628 3229 2695 mala,
3252 2637 3306 2683 et
3343 2643 3605 2686 venerunt

2015 2715 2152 2769 bona
2177 2731 2192 2781 ;
2232 2715 2342 2786 jam
2372 2715 2628 2770 faciamus
2652 2715 2814 2783 bona,
2844 2727 2900 2770 ut
2931 2717 2980 2770 in
3029 2716 3206 2773 futuro
3235 2719 3435 2774 saeculo
3464 2720 3599 2777 reci-

2016 2806 2226 2876 piamus
2251 2821 2348 2876 pro
2377 2807 2534 2862 bonis
2552 2806 2722 2871 bona.
2755 2807 2844 2877 qui
2879 2807 2931 2862 in
2961 2807 3066 2864 hoc
3090 2809 3288 2864 stucqu
3317 2810 3603 2880 recipimus

2016 2912 2114 2967 pro
2135 2898 2289 2952 malis
2307 2897 2464 2952 bona.
2488 2897 2716 2966 Propter
2736 2897 2876 2966 quod
2902 2899 3158 2970 scriptum
3179 2901 3328 2956 estin
3352 2901 3561 2956 Psalmo
3586 2921 3598 2957 :

2016 2984 2422 3041 Misericordia":
2447 2997 2496 3042 et
2535 2987 2785 3058 judicium
2814 2988 3026 3044 cantabo
3051 2990 3160 3056 tibi,
3192 2990 3406 3046 Domine
3430 2992 3599 3064 (Psal.

2014 3091 2069 3143 c,
2108 3076 2182 3148 l).
2216 3076 2392 3151 Prius,
2417 3078 2597 3150 itaque
2625 3095 2731 3133 non
2763 3079 2883 3134 ideo
2903 3079 3051 3144 venit
3085 3079 3250 3137 Filius
3274 3081 3508 3138 hominis
3545 3086 3600 3143 in

2016 3169 2294 3236 mundum,
2321 3179 2378 3224 ut
2396 3170 2602 3241 judicct
2621 3169 2898 3239 mundum,
2931 3173 3022 3227 sed
3047 3181 3103 3228 ut
3124 3175 3357 3231 salvetur
3375 3177 3604 3233 mundus

2015 3275 2112 3330 per
2133 3261 2304 3331 ipsum
2334 3260 2512 3334 (Joan.
2541 3278 2618 3327 III,
2646 3263 2765 3334 l7):
2789 3265 2888 3320 hoc
2909 3275 3124 3336 propter
3146 3269 3599 3327 misericordiam:

2016 3362 2198 3421 postea
2245 3367 2371 3408 vero
2418 3364 2637 3424 propter
2660 3355 2917 3423 judicium
2962 3368 3219 3414 venturus
3255 3369 3338 3416 est
3361 3359 3602 3432 judicare.

2012 3444 2164 3498 vivos
2211 3452 2266 3498 et
2313 3453 2588 3510 mortuos;
2632 3447 2874 3516 quamvis
2912 3446 3048 3502 etin
3081 3447 3182 3504 hoc
3225 3458 3461 3520 tempore
3490 3453 3600 3526 ipsa

2013 3535 2236 3589 salvatio
2263 3551 2367 3589 non
2398 3535 2490 3589 Iiat
2515 3535 2630 3589 sine
2655 3536 2886 3606 judicio,
2912 3537 3004 3592 sed
3029 3539 3269 3604 occulto,
3316 3541 3437 3598 ideo
3481 3545 3550 3599 ait
3583 3588 3598 3608 .

2016 3625 2080 3680 In
2100 3626 2356 3698 judicium
2399 3627 2509 3679 ueni
2536 3627 2588 3680 in
2617 3626 2750 3680 hunc
2781 3627 3044 3695 mundum,
3077 3640 3128 3683 ut
3157 3631 3245 3701 qui
3269 3649 3367 3688 non
3394 3635 3557 3690 uident
3583 3678 3602 3702 ,

2013 3719 2236 3784 uideant;
2264 3729 2310 3773 et
2333 3721 2419 3789 qni
2438 3719 2622 3783 vident,
2650 3721 2770 3773 αιξεὶ
2796 3721 2922 3788 [iant
2947 3719 3056 3794 (Id.
3085 3737 3165 3789 lx,
3194 3723 3311 3795 59).

2085 3807 2312 3866 CAPUT
2342 3807 2528 3864 XXIII.
2560 3839 2632 3850 --
2658 3809 2749 3866 45.
2785 3809 2867 3866 Ad
2893 3811 3097 3867 occulta
3122 3827 3253 3884 ergo
3282 3814 3372 3870 Dei
3398 3815 3594 3885 judicia

2019 3910 2298 3967 revocate,
2338 3901 2550 3972 quando
2581 3900 2778 3958 videtis
2804 3901 2858 3956 in
2904 3917 3006 3956 una
3045 3918 3226 3972 causa,
3257 3919 3414 3975 quam
3451 3919 3598 3964 certe

2016 3992 2214 4048 habent
2235 3981 2422 4048 omnes
2444 3993 2667 4062 parvuli,
2697 3992 3089 4048 btereditarium
3109 3996 3303 4051 malum
3327 3998 3599 4056 trahentes

2014 4099 2080 4141 ex
2107 4083 2298 4151 Adam,
2331 4084 2453 4138 huic
2478 4083 2746 4139 subveniri
2779 4092 2835 4138 ut
2878 4085 3195 4154 baptizatur,
3233 4087 3305 4142 illi
3333 4105 3438 4145 non
3471 4092 3599 4146 sub-

2015 4176 2184 4232 veniri
2212 4183 2270 4230 ιιι
2295 4175 2346 4228 in
2375 4174 2490 4243 ipsa
2515 4173 2840 4244 obligatione
2865 4175 3156 4241 moriatur;
3187 4177 3330 4232 illum
3359 4179 3599 4250 baptiza~

2015 4279 2124 4325 tum
2148 4270 2198 4323 in
2227 4269 2326 4324 hac
2351 4268 2452 4321 vita
2476 4266 2722 4336 relinqui,
2747 4281 2902 4333 quem
2925 4269 3190 4337 prmscivit
3217 4271 3354 4326 Deus
3377 4271 3596 4344 impium

2014 4361 2271 4426 futurum,
2305 4359 2463 4414 istum
2496 4373 2623 4413 vero
2648 4358 2970 4430 baptizatum
3003 4364 3116 4430 rapi
3145 4377 3214 4416 ex
3247 4362 3345 4418 bac
3368 4365 3496 4431 vita,
3529 4383 3598 4422 ne

2015 4451 2214 4506 malitia
2245 4458 2411 4504 mutet
2449 4447 2774 4503 intellectum
2806 4449 2923 4518 ejus
2961 4449 3126 4522 (Sap.
3155 4467 3233 4520 tv,
3259 4452 3348 4528 ll)
3379 4471 3394 4511 ε
3420 4466 3475 4513 ει
3504 4474 3600 4513 no-

2013 4544 2104 4598 lite
2129 4543 2182 4598 in
2206 4542 2320 4597 istis
2343 4541 2469 4596 dare
2491 4540 2796 4610 injustitiam
2819 4542 2903 4598 vel
2925 4544 3279 4620 insipietttiam
3304 4549 3435 4617 Deo,
3453 4552 3594 4621 apud

2014 4649 2170 4702 quem
2191 4632 2410 4702 justitiae
2439 4632 2556 4688 fons
2584 4640 2664 4687 est
2687 4639 2740 4687 et
2763 4633 3035 4702 sapientiae
3067 4651 3082 4687 :
3105 4636 3196 4691 sed
3220 4637 3357 4693 sicut
3382 4654 3478 4694 vos
3498 4655 3597 4697 ex-

2016 4723 2256 4779 hortatus
2279 4738 2394 4777 sum
2425 4724 2493 4778 ab
2529 4723 2680 4778 initio
2708 4725 2969 4779 sernwuis
2996 4725 3185 4795 hujus,
3222 4728 3274 4782 in
3302 4730 3443 4800 quod
3472 4747 3594 4802 per-

2015 4817 2264 4882 venistis,
2296 4817 2346 4869 in
2375 4830 2442 4869 eo
2465 4815 2763 4883 ambulate,
2787 4827 2841 4871 et
2871 4817 2887 4849 ⁸
2919 4817 3019 4872 hoc
3043 4835 3254 4890 quoque
3275 4821 3425 4880 vobis
3455 4825 3596 4880 Deus

2016 4909 2266 4964 revelabit
2299 4906 2555 4977 (Philipp.
2585 4923 2661 4971 tn,
2693 4906 2758 4961 16
2777 4915 2824 4962 et
2845 4908 2951 4975 I5).
2975 4909 3092 4963 etsi
3124 4925 3228 4964 non
3259 4913 3312 4966 in
3337 4912 3436 4968 hac
3463 4914 3592 4978 vita,

2013 5010 2158 5056 certe
2189 5000 2243 5054 in
2290 4999 2456 5053 altera
2492 5015 2504 5051 :
2547 4996 2676 5052 nihil
2715 5008 2799 5054 est
2840 4999 2981 5053 cnim
3009 4999 3273 5056 occultum
3301 5001 3444 5074 quod
3489 5021 3596 5061 non
3675 5042 3694 5062 ι

2013 5091 2334 5148 revelabitur
2362 5087 2577 5158 (Matth.
2623 5103 2659 5144 x
2680 5128 2695 5152 ,
2725 5087 2843 5158 26).
2889 5089 3112 5155 Quando
3139 5106 3269 5162 ergo
3295 5093 3492 5152 auditis
3517 5095 3599 5150 die

2014 5194 2222 5240 cantem
2256 5182 2557 5244 Dominum.
2601 5180 2711 5251 Ego
2738 5179 2988 5237 Dominus
3011 5182 3191 5238 seduxi
3214 5187 3510 5255 prophetam
3535 5190 3602 5247 il-

2013 5278 2121 5331 lum
2145 5274 2357 5345 (Ezech.
2391 5290 2498 5337 xiv,
2527 5273 2606 5340 9);
2637 5280 2692 5328 et
2709 5273 2850 5344 quod
2872 5274 2946 5328 ait
2974 5275 3284 5346 Apostolus,
3311 5278 3470 5351 Cujus
3495 5283 3600 5339 vult

2014 5369 2308 5432 miseretur,
2336 5375 2383 5420 et
2411 5383 2556 5435 quem
2584 5366 2689 5419 uult
2715 5365 2927 5420 obdurat
2959 5365 3132 5440 (Rom.
3165 5386 3216 5427 tx
3237 5409 3256 5438 ,
3294 5374 3387 5446 l8)
3413 5393 3425 5429 :
3455 5376 3508 5435 in
3533 5393 3598 5433 eo

2014 5476 2170 5532 quem
2202 5458 2380 5514 seduci
2422 5458 2682 5527 permittit
2718 5459 2798 5513 vel
2827 5459 3077 5517 obdurari
3106 5465 3148 5530 ',
3176 5467 3312 5520 mala
3341 5468 3458 5538 ejus
3483 5485 3598 5525 me-

2078 5639 2093 5670 ⁸
2127 5645 2228 5708 _n_uc
2251 5637 2300 5687 In
2324 5635 2471 5708 editis
2500 5636 2762 5708 Immissmn
2786 5645 2894 5698 est,
2936 5637 2979 5692 si
3010 5638 3196 5704 aliquid
3220 5644 3358 5692 aliter
3399 5641 3597 5708 sapitis,

2013 5702 2141 5768 qttod
2166 5704 2212 5768 In
2238 5699 2572 5760 manuscriptis
2595 5711 2688 5768 pou
2717 5708 2838 5768 erat.

2083 5770 2100 5797 ³
2136 5765 2318 5818 .tliQuot
2358 5757 2504 5820 Μεθ’,
2534 5757 2605 5810 t'cl
2642 5758 2861 5815 obdurat.
