4014 6186
402 306 496 361 illi
1346 306 1666 362 EPISTULA
1710 305 2072 363 VALENTINI
2112 309 2203 365 AD
2242 307 2709 367 AUGUSTINUM.

402 417 501 469 rita
526 416 764 485 credite;
794 417 845 471 in
876 431 941 472 eo
966 431 1096 472 vero
1124 417 1276 487 cujus
1298 418 1606 485 miseretur,
1636 420 1858 488 gratiam
1886 412 1981 475 Dei

404 520 509 560 non
550 504 820 562 reddentis
849 506 985 561 mala
1025 521 1122 577 pro
1148 506 1325 574 malis,
1358 507 1452 563 sed
1481 508 1617 563 bona
1663 524 1757 578 pro
1798 508 1975 572 malis,

402 594 631 652 lideliter
654 605 706 652 et
732 595 1092 652 indubitanter
1115 599 1410 668 agnoscite.
1435 596 1542 654 Nec
1579 597 1700 653 ideo
1727 597 1979 655 auferatis

400 694 435 734 ει·
462 686 737 743 Pharaone
763 686 987 741 liberum
1017 688 1314 753 arbitrium,
1345 688 1467 758 quia
1490 687 1673 742 multis
1692 687 1827 743 locis
1851 688 1981 743 diett

304 796 309 799 ·
400 780 572 845 licus,
605 776 717 850 Ego
746 778 983 834 induravi
1016 779 1377 844 Pharaonem;
1416 780 1534 846 vel,
1582 780 1816 835 induravi
1839 821 1854 845 ,
1889 788 1981 834 aut

395 871 642 925 indurabo
668 887 759 925 cor
790 871 1075 927 Pharaonis
1101 871 1294 944 (Exod.
1337 887 1539 938 tv-nv,
1586 873 1817 942 passim).
1862 870 1979 925 Non

395 960 538 1015 enim
566 969 842 1031 propterea
872 961 985 1032 ipse
1024 962 1229 1018 Pharao
1250 977 1357 1017 non
1394 962 1658 1017 induravit
1681 977 1775 1018 cor
1801 977 1977 1017 suum.

396 1046 528 1104 Nam
555 1060 609 1105 et
630 1049 733 1107 hoc
760 1049 829 1106 de
853 1051 945 1106 illo
966 1052 1179 1122 legitur,
1204 1052 1416 1121 quando
1438 1052 1607 1108 ablata
1633 1061 1716 1106 est
1735 1052 1802 1106 ab
1824 1052 1983 1123 Egy-

398 1139 522 1207 ptiis
566 1142 883 1212 cyuomyia,
938 1140 1149 1197 dicente
1196 1141 1469 1211 Scriptura
1519 1159 1533 1197 :
1582 1141 1651 1196 Et
1702 1143 1982 1212 ingraaattit

398 1226 608 1283 Pharao
632 1245 720 1284 cor
747 1246 899 1283 suum
927 1239 973 1283 et
995 1230 1051 1284 in
1078 1230 1175 1285 isto
1202 1239 1444 1301 tempore,
1471 1240 1518 1283 et
1540 1230 1705 1284 uoluit
1729 1231 1991 1307 dimittere

395 1326 639 1389 populum
664 1316 774 1390 (Id.
802 1334 918 1384 vui,
952 1318 1068 1392 52).
1096 1320 1174 1374 Ac
1215 1335 1311 1389 per
1336 1319 1438 1375 hoc
1466 1329 1520 1376 et
1550 1321 1687 1375 Deus
1714 1321 1983 1377 induravit

400 1424 493 1475 per
513 1409 713 1478 justum
739 1408 1020 1478 judicium,
1048 1417 1104 1464 et
1132 1408 1246 1480 ipse
1274 1409 1481 1465 Pharao
1506 1425 1601 1480 per
1637 1410 1861 1466 liberum
1886 1426 1979 1466 ar-

400 1497 636 1552 bitrium.
678 1498 820 1553 Certi
846 1513 975 1570 ergo
1012 1507 1184 1555 estote
1207 1500 1329 1569 quia
1353 1515 1458 1554 non
1500 1500 1603 1555 erit
1630 1500 1801 1555 inanis
1827 1501 1979 1556 labor

400 1596 575 1644 vester
594 1630 609 1655 ,
639 1589 685 1643 si
712 1589 765 1643 in
795 1589 935 1645 bono
961 1590 1235 1660 proposito
1257 1590 1598 1661 prolicientes
1628 1591 1979 1660 perseveretis

398 1694 564 1750 usque
588 1680 641 1734 in
686 1678 865 1734 finem.
899 1678 1042 1735 Deus
1068 1683 1210 1737 enim
1239 1679 1329 1750 qui
1357 1680 1519 1735 modo
1549 1680 1654 1735 illis
1683 1695 1817 1752 quos
1841 1680 1979 1736 libe-

398 1782 479 1826 rat
517 1787 623 1828 non
660 1771 837 1828 reddit
870 1772 1163 1829 secundum
1190 1786 1351 1843 opera
1380 1786 1564 1827 eorum
1584 1814 1599 1838 ,
1628 1780 1758 1827 tunc
1796 1771 1983 1827 reddet

396 1862 679 1931 unicuique
726 1861 1018 1916 secundum
1072 1876 1236 1931 opera
1277 1861 1394 1930 ejus
1437 1860 1649 1933 (Matth.
1700 1876 1809 1926 xvt,
1860 1859 1977 1932 27).

400 1952 607 2008 Reddet
634 1952 855 2007 omnino
884 1954 1022 2008 Deus
1045 1962 1098 2008 et
1118 1953 1254 2007 mala
1286 1939 1385 2022 pro
1415 1952 1591 2019 malis,
1618 1952 1867 2023 Quoniam
1891 1952 1980 2022 ju-

395 2055 512 2099 stus
552 2051 667 2109 est;
712 2052 767 2100 et
793 2044 930 2101 bona
961 2059 1059 2114 pro
1081 2044 1267 2109 malis,
1298 2044 1549 2114 quoniam
1579 2044 1752 2099 bonus
1777 2053 1894 2111 est;
1927 2053 1984 2100 et

398 2136 533 2189 bona
573 2148 671 2205 pro
710 2134 896 2198 bonis,
931 2134 1182 2204 quoniam
1212 2133 1385 2189 bonus
1413 2142 1467 2189 et
1501 2133 1675 2203 justus
1705 2143 1825 2199 est;
1860 2144 1978 2188 tan-

400 2224 673 2279 tummodo
695 2224 836 2279 mala
874 2238 975 2294 pro
1003 2222 1158 2280 bonis
1183 2239 1290 2279 non
1317 2222 1525 2289 reddet,
1558 2224 1813 2296 quoniam
1846 2224 1983 2295 inju-

396 2323 512 2367 stns
528 2327 637 2368 non
660 2321 763 2369 est.
791 2312 997 2369 Reddet
1014 2327 1145 2384 ergo
1166 2313 1301 2369 mala
1323 2328 1422 2383 pro
1446 2314 1623 2379 malis,
1650 2328 1859 2383 poenam
1886 2328 1983 2384 pro

398 2403 687 2472 iniustitia;
709 2411 763 2459 et
784 2403 972 2459 reddet
990 2403 1126 2457 bona
1144 2418 1248 2473 pro
1273 2402 1446 2466 malis,
1471 2404 1695 2474 gratiam
1718 2419 1816 2474 pro
1845 2404 1983 2474 inju-

398 2495 571 2562 stitia;
598 2504 654 2551 et
675 2495 863 2552 reddet
889 2495 1028 2551 bona
1056 2510 1154 2566 pro
1181 2494 1355 2558 bonis,
1379 2496 1601 2565 gratiam
1631 2511 1728 2565 pro
1750 2495 1942 2566 gratia.

468 2586 695 2644 CAPUT
759 2585 946 2642 XXIV.
989 2616 1064 2628 -—
1105 2587 1195 2642 ιθ.
1238 2585 1479 2656 Repetite
1523 2586 1736 2643 assidue
1789 2587 1982 2643 librum

400 2678 582 2743 istum,
612 2685 666 2732 et
694 2677 739 2731 si
771 2676 1085 2748 intelligitis,
1117 2676 1230 2732 Deo
1258 2677 1459 2747 gratias
1478 2679 1622 2750 agile
1649 2678 1774 2734 :ubi
1803 2688 1980 2735 autem

3558 314 3660 370 9i:

2086 436 2192 476 non
2217 422 2525 493 intelligitis,
2549 432 2696 478 orate
2724 429 2779 475 ut
2804 420 3108 492 intelligatis
3136 441 3148 477 :
3175 423 3319 479 dabit
3344 426 3485 480 enim
3515 427 3668 484 vobis

2088 511 2341 567 Dominus
2384 513 2726 569 intellectum.
2759 513 3075 569 Mementote
3116 516 3370 584 scriptum
3413 530 3533 573 esse
3565 537 3577 571 :
3606 518 3668 574 Si

2084 604 2196 673 quis
2221 614 2431 658 uestrum
2459 605 2647 676 indiget
2684 606 2950 676 sapientia,
2983 606 3201 676 postulet
3226 624 3259 660 a
3288 606 3400 663 Deo
3423 650 3438 672 ,
3467 611 3551 680 qui
3574 611 3668 664 dat

2085 694 2313 750 omnibus
2350 697 2620 767 afﬂuenter
2664 707 2835 752 etnon
2885 698 3192 769 improperat
3214 741 3231 767 ,
3282 709 3330 754 et
3378 700 3583 755 dabitur
3621 705 3672 755 ei

2086 784 2286 856 (Jacobi
2316 802 2353 854 ι,
2378 789 2455 856 5).
2481 787 2593 857 Ipsa
2624 798 2706 842 est
2727 787 2983 857 sapientia
3007 788 3286 845 desursum
3315 790 3668 855 descendens,

2084 877 2219 930 sicut
2250 876 2362 945 ipse
2390 877 2666 947 apostolus
2695 878 2923 934 Jacobus
2949 878 3098 933 dicit.
3129 880 3276 934 illam
3304 896 3436 937 vero
3460 882 3673 951 sapien-

2086 968 2212 1023 tiam
2252 968 2493 1038 repellite
2522 984 2550 1022 a
2581 970 2759 1034 vobis,
2788 978 2843 1025 et
2870 981 3018 1025 orate
3046 981 3101 1025 ut
3143 987 3249 1028 non
3292 975 3362 1027 sit
3402 974 3455 1028 in
3485 974 3668 1039 vobis,

2084 1072 2242 1128 quam
2268 1058 2560 1115 detestatus
2590 1071 2671 1115 est
2696 1103 2710 1128 ,
2737 1060 2825 1116 ubi
2847 1061 2924 1116 ait
2956 1079 2969 1115 :
3005 1063 3154 1128 Quod
3172 1064 3216 1117 si
3241 1065 3406 1117 selum
3434 1081 3674 1119 amarunt

2085 1150 2300 1215 habetis,
2324 1160 2371 1204 et
2393 1153 2734 1207 contentiones
2754 1154 2805 1206 in
2829 1154 2966 1207 vobis
2986 1164 3124 1221 sunt,
3145 1170 3245 1209 non
3265 1166 3335 1209 est
3352 1161 3450 1210 ista
3469 1158 3673 1226 sapien-

2086 1242 2157 1294 tia
2181 1242 2446 1295 desursum
2466 1242 2806 1306 descendens;
2836 1243 2927 1297 sed
2954 1253 3173 1309 terrena,
3204 1247 3466 1313 animalis,
3495 1247 3673 1302 diabo-

2084 1332 2201 1386 lica.
2248 1330 2346 1387 Ubi
2370 1333 2502 1386 enim
2539 1333 2675 1388 zelus
2700 1342 2746 1388 et
2774 1335 3025 1388 contentio
3050 1343 3142 1401 est,
3165 1334 3235 1388 ibi
3254 1337 3598 1391 inconstantia
3622 1346 3673 1390 et

2083 1437 2232 1476 omne
2257 1438 2387 1492 opus
2412 1436 2643 1494 pravum.
2675 1424 2804 1492 Quae
2821 1432 2989 1478 autem
3013 1424 3281 1479 desursum
3304 1436 3377 1482 est
3397 1428 3672 1498 sapientia,

2084 1515 2302 1583 primum
2329 1513 2530 1584 quidem
2551 1514 2746 1583 pudica
2773 1524 2876 1581 est,
2928 1515 3111 1571 deinde
3139 1517 3378 1586 paci/ica,
3406 1519 3636 1574 modesta
3654 1561 3673 1585 ,

2083 1603 2368 1672 suadibilis,
2398 1606 2550 1676 plena
2577 1606 2922 1660 misericordia
2947 1616 2994 1661 et
3015 1609 3261 1676 fructibus
3286 1608 3453 1675 bonis,
3476 1612 3678 1666 intesti-

2083 1694 2282 1749 mabilis
2306 1735 2321 1761 ,
2350 1695 2459 1749 sine
2496 1695 2818 1749 simulatione
2845 1693 2958 1766 (Id.
2999 1711 3087 1763 ttt,
3117 1694 3336 1771 14-17.)
3365 1698 3501 1767 Quid
3542 1700 3676 1755 boni

2083 1799 2212 1855 ergo
2248 1801 2353 1840 non
2382 1784 2632 1852 habebit,
2663 1787 2753 1857 qui
2794 1786 2933 1843 hanc
2958 1789 3272 1858 sapientiam
3302 1791 3590 1859 postularit
3616 1803 3699 1847 et'

2084 1877 2436 1947 impetrarita
2482 1878 2746 1934 Domino?
2787 1880 2850 1934 Et
2900 1879 3023 1935 hinc
3073 1881 3356 1951 intelligite
3400 1884 3673 1953 gratiam;

2083 1970 2206 2040 quia
2234 1970 2281 2024 si
2321 1984 2387 2024 ex
2416 1970 2570 2025 nobis
2592 1979 2736 2025 esset
2773 1970 2875 2026 ista
2919 1972 3177 2041 sapientia
3198 2015 3213 2038 ,
3254 1973 3535 2031 desursum
3564 1994 3677 2033 non

2083 2070 2245 2129 esset,
2272 2076 2372 2117 nec
2397 2063 2466 2117 ab
2486 2062 2605 2131 ipso
2630 2062 2720 2133 qui
2748 2078 2847 2117 nos
2869 2066 3071 2119 creavit
3097 2064 3207 2119 Deo
3234 2067 3552 2135 postulanda
3579 2084 3674 2124 es-

2084 2162 2185 2208 set.
2212 2152 2445 2219 Fratres,
2467 2161 2617 2210 orate
2635 2163 2690 2209 et
2714 2169 2810 2224 pro
2828 2155 3003 2221 nobis,
3029 2163 3088 2210 ut
3114 2165 3476 2227 temperanter
3499 2168 3553 2215 et
3582 2161 3676 2229 pie

2084 2254 2139 2301 et
2162 2245 2306 2316 iuste
2341 2246 2582 2301 vivamus
2619 2245 2672 2300 in
2704 2245 2806 2300 hoc
2841 2246 3064 2311 saeculo,
3111 2259 3485 2317 exspectantes
3525 2251 3677 2306 illam

2085 2337 2293 2394 beatam
2314 2353 2463 2409 spem
2483 2380 2498 2404 ,
2525 2345 2582 2392 et
2605 2336 3087 2392 manifestationem
3113 2339 3325 2393 Domini
3350 2352 3403 2394 et
3427 2340 3681 2396 Salvato-

2085 2429 2161 2483 ris
2183 2429 2348 2482 nostri
2376 2428 2498 2483 Jesu
2522 2429 2715 2483 Christi
2744 2427 2886 2499 (Tit.
2922 2445 2979 2494 ll,
3009 2429 3094 2493 i2,
3127 2431 3193 2485 i3
3213 2428 3253 2501 ),
3285 2430 3371 2485 cui
3396 2440 3479 2485 est
3504 2432 3682 2486 honor

2085 2532 2141 2575 et
2180 2520 2345 2589 gloria
2371 2529 2425 2574 et
2464 2535 2686 2590 regnum
2714 2535 2833 2575 cum
2875 2520 3033 2575 Patre
3074 2532 3129 2575 et
3152 2520 3360 2591 Spiritu
3402 2531 3593 2576 sancto
3623 2524 3680 2577 in

2086 2612 2280 2667 saecula
2307 2612 2650 2668 seculorum.
2684 2611 2875 2666 Amen.

1581 2796 2017 2805 ————————

1581 2796 2017 2805 -—————
3596 2795 3631 2801 -

401 2792 3683 2845 Μ

1236 2902 1355 2985 IN
1409 2876 1863 2987 LIBRUM
1917 2903 2860 3012 SUBSEQUENTEM

491 3036 642 3099 Vide
669 3035 777 3118 lib.
808 3035 871 3118 2,
902 3054 1039 3118 capi.
1070 3036 1219 3118 ult.,
1247 3036 1796 3118 Retractationnm
1821 3079 1837 3111 ,
1858 3044 2020 3118 (tom.
2054 3036 2114 3112 1,
2142 3035 2261 3101 col.
2315 3033 2457 3110 656,
2489 3054 2529 3096 a
2560 3033 2783 3104 verbis,
2838 3035 3087 3097 Rursus
3142 3035 3224 3097 ad
3271 3035 3527 3098 eosdem
3562 3037 3687 3118 (a),

398 3134 587 3198 usque
615 3115 696 3177 ad
728 3115 935 3187 verba,
967 3114 1314 3179 Valentine
1350 3114 1548 3178 frater
1566 3115 2002 3178 dilectissime.
2056 3170 2059 3174 .

461 3217 538 3283 (a)
560 3217 860 3293 Valentinum
881 3218 1069 3293 scilicet
1089 3206 1300 3293 eumque
1317 3217 1705 3293 lilqutnonacbos
1728 3219 2085 3293 Atii-umetinum
2114 3220 2387 3293 canonum
2414 3217 2702 3293 incolentes.
2717 3281 2727 3291 ο
2743 3217 2869 3293 Vide
2882 3230 3050 3293 supra,
3068 3217 3163 3293 col.
3188 3218 3431 3293 873-874,
3453 3221 3687 3293 not.-(a).

397 3279 599 3353 Prosper
643 3281 906 3353 Augustino
947 3283 1169 3353 scribens
1210 3279 1340 3353 ἐμὶ-
1372 3298 1396 3329 ι
1418 3281 1593 3353 librum
1635 3280 1699 3330 de
1741 3283 2057 3353 correptione
2097 3289 2151 3353 et
2191 3282 2348 3353 Gratia
2393 3279 2591 3353 plenum
2629 3279 2829 3353 divinas,
2852 3279 3194 3353 auctoritatiss
3243 3289 3515 3353 opportune
3560 3279 3692 3353 tunc

397 3339 627 3405 emissum
651 3339 763 3405 esse
788 3350 840 3393 et
875 3343 926 3392 in
946 3342 1184 3405 Gallorum
1204 3343 1421 3392 notitiam
1455 3342 1701 3392 delatum:
1730 3359 1753 3388 ι
1770 3339 2154 3404 quia'universis
2172 3339 2522 3405 quaestionibus
2532 3357 2564 3405 r_
2585 3339 2646 3389 ad
2662 3340 2841 3390 divinae
2869 3342 3040 3404 gratias
3074 3339 3358 3405 mysterium
3390 3343 3690 3404 pertinenti-

395 3406 491 3453 bus
560 3404 625 3453 de
641 3403 820 3467 quibus
838 3402 1162 3454 «mandendus
1176 3420 1199 3449 ι
1243 3405 1305 3453 ab
1342 3405 1402 3454 iis
1443 3421 1466 3450 ι
1490 3411 1596 3453 erat
1616 3419 1639 3449 ι
1667 3400 1861 3453 sanctus
1882 3410 2070 3464 Doctor,
2097 3420 2119 3449 ι
2141 3400 2290 3465 plene
2313 3401 2411 3452 illic
2430 3400 2753 3464 absolutoque
2768 3400 3062 3463 responsum
3085 3400 3186 3463 est;
3201 3418 3224 3447 ι
3248 3400 3432 3465 eosque
3462 3419 3485 3448 ι
3504 3416 3690 3452 recen-

395 3465 488 3514 zn'to
504 3440 631 3514 libro
645 3501 660 3514 .
686 3465 770 3514 nui
788 3471 1001 3514 sanctam
1014 3471 1163 3514 atoue
1181 3464 1486 3514 anostolicam
1506 3465 1752 3514 doctrinae.
1786 3480 1808 3509 ι
1838 3464 2010 3514 innuit.
2044 3482 2067 3510 ι
2089 3471 2185 3514 tute
2198 3464 2535 3514 auctoritatem
2564 3469 2708 3512 antea
2724 3463 3079 3514 sequebantur.
3103 3461 3512 3514 intelliaentiores
3529 3464 3687 3513 multo

395 3465 488 3514 :n'to
508 3461 631 3514 libro
645 3461 675 3523 ,'
686 3465 770 3527 qui
788 3471 1001 3514 sanctam
1014 3471 1163 3528 atque
1181 3464 1486 3527 apostolicam
1506 3465 1752 3523 doctrinae,
1786 3480 1808 3509 ι
1838 3464 2010 3527 inquit,
2044 3461 2067 3510 ti
2089 3461 2185 3514 tuin
2198 3464 2535 3514 auctoritatem
2564 3461 2708 3512 antea
2724 3461 3079 3525 sequebantur,
3103 3461 3512 3527 intelligentiam
3529 3464 3687 3513 multo

398 3525 836 3596 instructioresque
844 3531 957 3596 sunt
975 3526 1138 3596 tactis
1168 3526 1643 3596 Universatndivinaa
1664 3526 1833 3587 gratia:
1853 3527 2167 3596 mepnomiam
2189 3523 2343 3575 oculis
2360 3525 2556 3596 mbjicit
2568 3523 2699 3596 idem
2721 3522 3164 3596 libentibqutljmr
3179 3524 3389 3596 historiae
3410 3522 3688 3596 lfelagiana

803 3587 1031 3648 senatus,
1054 3588 1137 3649 qui
1161 3600 1275 3639 eum
1296 3586 1509 3651 appellat
1530 3583 1730 3646 clauem,
1754 3599 1850 3650 qua
1870 3587 1937 3637 ad
1954 3584 2226 3637 tatioersam
2249 3583 2495 3652 ,λιφαιιῦιὶ
2510 3584 2573 3637 de
2588 3583 2753 3636 divina
2772 3585 2933 3649 gratia
2953 3590 2999 3635 et
3017 3583 3168 3635 libero
3187 3583 3684 3637 arbitriodoetr'inant

396 3664 422 3693 ν
794 3681 808 3695 ο

396 3664 557 3695 nauus
574 3664 808 3695 αυιηιιιτ.

877 3832 1727 3938 VALENTINI
1865 3831 2073 3939 ΑΙ)
2191 3829 3194 3936 AUGUSTINUM

1376 4020 1504 4063 POS‘I'
1543 4022 1731 4062 LIBBUII
1771 4022 1839 4061 οε
1877 4022 2073 4062 GRA'I'IA
2111 4020 2179 4061 ιτ
2216 4020 2406 4061 ΗΒΕκο
2438 4019 2688 4061 Αιιιτιιιο

1061 4120 1166 4183 ΕΤ
1208 4118 1689 4184 SUPEBJORES
1743 4119 1927 4181 EJUS
1966 4118 2361 4180 LITTEBAS
2402 4118 2965 4182 RESCRIBENTIS
2992 4162 3009 4193 ,

1359 4257 1682 4313 EPISTOLA,
1728 4257 1922 4300 INTER
1963 4255 2463 4302 Αυθυετιημιηε
2503 4256 2715 4303 CCXVI.

402 4365 629 4424 Domino
666 4382 794 4423 vere
818 4374 1024 4431 sancto,
1055 4380 1117 4420 ac
1141 4364 1296 4419 nobis
1320 4362 1695 4417 venerabiliter
1721 4375 1881 4429 super
1910 4359 2087 4415 omnia
2117 4359 2469 4431 praeferendo,
2500 4368 2555 4416 et
2582 4360 2669 4431 pia
2695 4360 3050 4417 exsultatione
3076 4359 3304 4417 colendo
3321 4402 3336 4427 ,
3364 4360 3684 4417 beatissimo

473 4473 623 4530 papa:
654 4460 975 4521 Aucusrtuo,
1002 4456 1339 4513 VALEN‘HNUS
1369 4467 1554 4509 servus
1583 4463 1685 4508 tua:
1710 4452 2035 4519 Sanctitatis,
2056 4462 2110 4509 et
2138 4452 2314 4508 omnis
2336 4453 2677 4523 congregatio
2700 4453 2943 4524 qumtuis
2967 4453 3297 4509 orationibus
3317 4468 3525 4509 mecum
3552 4471 3685 4526 spe-

472 4559 577 4618 rat,
606 4550 659 4606 in
691 4549 917 4605 Domino
945 4548 1191 4603 salutem.

472 4643 528 4698 ι.
568 4639 904 4697 Venerabilia
943 4638 1160 4708 scripta,
1188 4644 1242 4691 et
1271 4635 1462 4690 librum
1492 4642 1597 4689 tua:
1633 4632 1939 4689 Sanctitatis
1983 4633 2052 4688 ita
2099 4632 2451 4693 tremebundo
2491 4632 2653 4690 corde
2691 4634 3045 4706 suscepimus,
3074 4643 3133 4690 ut
3157 4635 3295 4691 sicut
3317 4635 3508 4691 beatus
3530 4636 3680 4693 Elias

401 4750 524 4790 cum
564 4733 621 4790 in
647 4732 915 4803 spelunca:
938 4730 1120 4785 limine
1143 4737 1329 4794 staret,
1363 4726 1550 4783 faciem
1581 4741 1730 4781 suam
1760 4726 1924 4797 gloria
1949 4727 2155 4782 Domini
2183 4736 2491 4784 transeunte
2515 4729 2742 4795 velavit;
2772 4730 2843 4786 ita
2872 4746 2970 4786 nos
2997 4731 3305 4802 obiurgatus
3327 4732 3516 4788 oculos
3546 4732 3686 4788 texi-

407 4840 547 4892 tnus,
574 4824 695 4895 quia
725 4838 819 4894 per
845 4822 1197 4877 rusticitatem
1226 4818 1447 4874 fratrum
1478 4826 1780 4873 nostrorum
1809 4825 1991 4873 nostro
2012 4818 2213 4888 judicio
2239 4818 2566 4884 erubuimus,
2593 4836 2820 4890 quorum
2849 4822 3149 4878 inordinata
3180 4821 3509 4892 profectione
3532 4833 3683 4879 tuam

398 4916 685 4972 metuimus
705 4913 795 4989 (a)
814 4911 1211 4969 Beatitudinem
1256 4909 1523 4974 salutare;
1575 4908 1697 4976 quia
1726 4917 1935 4976 tempus
1960 4901 2230 4978 loquendi,
2259 4917 2315 4964 et
2334 4916 2541 4980 tempus
2568 4911 2799 4978 tacendi,
2822 4927 2891 4967 ne
2913 4911 3044 4967 dum
3072 4927 3169 4983 per
3193 4913 3503 4971 dubitantes
3525 4927 3580 4971 et
3607 4915 3684 4970 de

396 5009 621 5064 veritate
641 5007 958 5062 ﬂuctuantes
984 5003 1361 5065 scriberemus,
1383 4999 1452 5055 de
1477 5000 1633 5057 dictis
1662 4999 1934 5071 sapientiae
1959 5006 2085 5066 tuae,
2124 5015 2242 5070 qua!
2267 5010 2351 5057 est
2375 5002 2515 5057 sicut
2537 5002 2711 5074 angeli
2739 5005 2857 5071 Dei,
2895 5005 3139 5061 dubitare
3164 5022 3287 5063 cum
3310 5007 3684 5064 dubitantibus

398 5095 723 5157 tideremur.
754 5096 871 5153 Non
901 5094 1043 5150 cnim
1069 5101 1183 5148 erat
1224 5091 1377 5146 nobis
1403 5091 1760 5146 necessarium
1792 5082 2117 5167 interrogare
2139 5089 2207 5144 de
2241 5089 2575 5148 Beatitudine
2597 5135 2611 5159 ,
2639 5103 2696 5149 et
2720 5095 2787 5149 de
2829 5097 3084 5166 sapientia
3115 5108 3201 5153 tua
3222 5138 3238 5162 ,
3268 5114 3386 5168 quae
3412 5108 3497 5154 est
3522 5100 3687 5154 nobis

399 5198 522 5243 nota
551 5203 645 5258 per
672 5186 878 5242 Domini
906 5184 1151 5256 gratiam.
1180 5182 1310 5236 Nam
1331 5180 1398 5235 ad
1420 5182 1611 5236 librum
1636 5179 1962 5235 dulcissime
1983 5179 2060 5250 (b)
2082 5179 2387 5238 Sanctitatis
2412 5192 2517 5238 tua:
2546 5185 2614 5239 ita
2632 5192 2815 5241 sumus
2841 5188 3092 5244 alacriter
3114 5189 3416 5259 jucundati,
3450 5203 3506 5245 ut
3538 5192 3685 5246 sicut

400 5278 641 5348 Apostoli
671 5276 950 5333 Dominum
992 5282 1113 5344 post
1154 5271 1600 5327 resurrectionem
1644 5269 1993 5339 prandentem
2032 5284 2211 5325 secum
2245 5288 2348 5326 non
2378 5274 2645 5329 audebant
2688 5276 3016 5349 interrogare
3060 5280 3182 5351 quis
3225 5290 3402 5347 esset;
3432 5283 3683 5337 sciebant

401 5368 544 5422 t-nim
572 5367 693 5438 quia
722 5366 880 5422 Iesus
905 5376 986 5421 est
1014 5364 1190 5436 (Joan.
1223 5379 1335 5428 ut,
1368 5361 1455 5432 12)
1481 5379 1493 5415 :
1527 5363 1597 5415 ita
1624 5371 1677 5416 et
1710 5374 1808 5414 nos
1834 5374 1933 5415 nec
1958 5360 2239 5426 voluimus,
2268 5377 2369 5418 nec
2391 5366 2508 5419 ausi
2533 5381 2715 5423 sumus
2741 5369 3068 5440 interrogare
3085 5370 3154 5426 de
3176 5372 3334 5438 libro,
3363 5382 3540 5428 utrum
3566 5383 3677 5428 tuae

399 5459 710 5524 8,.nctitatis
737 5466 880 5513 esset
910 5475 924 5511 :
951 5471 1070 5512 cum
1099 5456 1209 5525 ipsa
1238 5453 1474 5508 ﬁdelium
1502 5453 1669 5523 gratia
1695 5466 1813 5522 qua:
1845 5451 1986 5506 ineo
2013 5450 2303 5507 liberaliter
2331 5457 2752 5523 commendatur,
2784 5461 2935 5516 nobis
2957 5469 3108 5517 tuum
3134 5478 3271 5530 esse,
3297 5463 3513 5521 domine
3540 5480 3676 5521 sau-

401 5560 487 5605 ete
516 5563 673 5621 papa,
703 5548 927 5618 eloquiis
950 5546 1301 5602 vivacissimis
1326 5553 1673 5600 contestatur.

461 5665 534 5726 (a)
567 5659 839 5728 tegebatur
860 5664 1005 5707 antea
1028 5664 1142 5728 tom.
1165 5653 1216 5728 2,
1248 5653 1512 5728 meruimus
1536 5667 1674 5728 :_non
1703 5668 1865 5719 recte,
1892 5661 1981 5728 nisi
2023 5662 2177 5710 verbo
2205 5663 2489 5728 praeligantur
2526 5659 2757 5728 particula
2793 5674 2994 5725 negans.
3035 5666 3286 5728 Sequimur
3319 5666 3397 5716 hic
3433 5668 3640 5728 antiquis

394 5716 569 5839 simsim
590 5716 886 5845 ﬂagellis}:
910 5717 1179 5827 eremplar,
1200 5718 1249 5767 in
1271 5729 1369 5780 quo
1393 5716 1596 5779 epistola
1618 5733 1726 5768 cum
1746 5716 1998 5785 superiore
2019 5732 2192 5785 August
2202 5716 2265 5772 i'ni
2292 5716 2416 5772 lihvro
2437 5716 2760 5785 coniungitur.

454 5790 474 5844 ί
512 5792 529 5845 )
566 5798 592 5833 Α
618 5786 643 5811 ἐ
766 5796 796 5830 ιι
815 5791 945 5832 msn
962 5791 1076 5829 tum.
2088 5794 2091 5797 ·

454 5788 529 5847 (b)
566 5786 705 5845 alias,
730 5786 1076 5832 citatissimum.
2088 5794 2091 5797 .
