3972 6178
292 416 295 421 ,
325 354 430 414 915
1293 345 1624 408 EPISTOLA
1665 344 2039 410 VALENTI?“
2074 348 2167 402 Al)
2204 344 2666 409 AUCUSI‘INUM.
3487 349 3588 406 9H

404 472 457 526 2.
501 469 821 540 Incipiamus
847 474 1044 532 autem,
1072 464 1286 521 domine
1312 465 1617 520 beatissime
1652 478 1802 533 papa,
1832 463 1999 533 ipsius
2024 463 2266 518 ordinem
2299 464 2710 533 perturbationis
2735 461 3025 535 exponere.
3053 461 3420 518 Charissimus
3443 462 3602 516 frater

326 572 509 617 noster
535 561 746 627 Florus,
779 572 965 613 servus
996 556 1335 612 Paternitatis
1363 566 1484 623 tuac,
1512 573 1631 612 cum
1664 556 1729 609 ad
1762 554 2074 612 Uzaleusem
2106 556 2324 623 patriam
2349 554 2536 612 fuisset
2558 555 2814 611 suadente
2841 552 3097 609 cltaritate
3130 554 3420 624 profectus,
3456 555 3600 609 eulo-

325 652 438 722 gias
466 654 786 707 monasterio
813 649 829 679 ⁸
854 647 991 701 inter
1017 645 1157 715 ipsas
1183 660 1292 702 sua:
1321 648 1553 703 civitatis
1582 664 1760 702 moras
1775 648 1844 703 de
1871 647 2139 716 opusculis
2169 647 2319 702 nobis
2351 656 2452 701 tua:
2477 647 2654 701 attulit
2680 646 3007 710 Sanctitatis,
3041 660 3146 700 uno
3191 644 3358 700 fratre
3384 644 3564 702 Felice
3590 687 3604 710 .

322 744 409 814 qui
437 743 502 797 ad
529 753 670 800 tuam
698 745 1044 807 Sanctitatem
1073 748 1221 804 tarde
1246 754 1366 818 post
1388 743 1610 797 comites
1635 754 1760 794 suos
1784 739 1990 795 venisse
2015 739 2359 809 dignoscitur,
2386 739 2633 794 eumdem
2652 738 2843 792 librum
2862 736 2935 808 (α)
2957 737 3147 793 devote
3173 737 3403 794 dictante
3426 755 3440 803 ;
3465 755 3597 793 ven-

333 844 443 889 tum
474 847 551 890 est
579 837 644 891 ad
673 843 1051 897 monasterium
1079 856 1200 897 cum
1231 837 1418 893 eodem
1451 833 1655 896 libello,
1689 831 1851 886 fratre
1878 831 2036 886 Floro
2065 832 2132 886 ad
2155 830 2527 903 Carthaginem
2566 830 2633 886 de
2664 830 2911 886 Uzalensi
2940 830 3153 885 civitate
3183 833 3443 900 profecto.
3473 831 3602 886 Mihi

324 942 432 980 non
466 937 762 984 monstrato
803 931 937 986 libro
961 973 975 994 ,
1005 931 1262 1001 imperitis
1290 926 1540 982 fratribus
1568 925 1793 980 recitare
1819 932 2098 991 coeperunt
2129 938 2140 974 :
2171 923 2261 992 qui
2299 921 2650 992 quorumdam
2683 938 2786 975 non
2833 920 3236 991 iutelligentium
3266 920 3425 976 corda
3452 936 3603 977 cont-

324 1019 518 1080 movit;
542 1020 661 1088 quia
685 1028 740 1075 et
766 1037 884 1076 cum
915 1023 1114 1079 diceret
1147 1021 1426 1083 Dominus,
1463 1017 1563 1084 Qui
1589 1032 1687 1069 non
1716 1014 2090 1067 manducauerit
2117 1030 2320 1067 carnem
2349 1011 2474 1066 Filii
2499 1014 2739 1078 hominis,
2772 1029 2931 1079 neque
2952 1011 3127 1066 biberit
3154 1012 3451 1083 sanguinem
3470 1013 3599 1081 eius,

328 1126 423 1163 non
452 1109 647 1164 habebit
671 1114 823 1168 vitam
853 1117 903 1167 in
930 1115 1191 1184 semetipso
1221 1112 1395 1185 (Joan.
1421 1126 1493 1176 vt,
1528 1106 1663 1179 54),
1697 1108 2056 1162 discesserunt
2082 1105 2170 1175 qui
2199 1105 2359 1174 impie
2389 1103 2784 1173 intellexerunt,
2816 1121 2923 1161 non
2948 1108 3098 1176 culpa
3125 1105 3335 1160 Domini
3361 1105 3606 1172 dicentis,

323 1205 416 1256 sed
445 1204 638 1258 duritia
671 1205 966 1276 impiissimi
998 1207 1196 1262 cordis.
2020 1254 2027 1265 κ

395 1296 447 1350 5.
490 1296 777 1366 Coeperunt
804 1299 1080 1352 memorati
1113 1297 1324 1360 fratres,
1355 1296 1444 1365 qui
1470 1294 1647 1348 omnia
1676 1292 2074 1359 subverterunt,
2099 1292 2442 1347 innocentum
2470 1292 2677 1347 animas
2696 1304 3057 1354 commovere,
3080 1305 3198 1344 mea
3227 1290 3481 1359 parvitate
3505 1305 3603 1361 pe-

329 1386 473 1440 nitus
500 1387 794 1457 ignorante,
825 1389 877 1443 in
907 1398 1108 1443 tantum
1140 1397 1433 1443 conventus
1461 1385 1673 1440 illorum
1694 1383 2074 1438 murmurantis
2095 1384 2115 1414 ³
2134 1382 2323 1450 nescii,
2353 1391 2410 1437 ut
2441 1383 2541 1437 nisi
2583 1382 2746 1437 frater
2776 1382 2966 1437 Florus
2997 1380 3066 1437 de
3091 1380 3411 1451 Carthagine
3450 1395 3608 1448 repe-

337 1478 577 1552 (ΐιιὶιεηρῑ
602 1495 785 1533 corum
817 1480 1244 1561 pertqrbationes
1271 1478 1292 1511 ³
1316 1491 1610 1547 agnoscens
1638 1476 1767 1531 mihi
1788 1476 2012 1533 sollicite
2032 1476 2351 1540 nuntiasset,
2382 1475 2572 1529 furtiva
2602 1483 2659 1530 et
2683 1482 2931 1544 tanquam
2968 1473 3176 1528 servilis
3201 1483 3317 1529 erat
3348 1472 3487 1527 inter
3511 1489 3607 1526 eos
3647 1510 3651 1514 ι

327 1567 395 1621 de
422 1583 523 1621 non
552 1569 893 1638 intelligenda
927 1570 1151 1625 veritate
1176 1569 1467 1625 contentio.
1500 1568 1781 1636 Pmposui,
1823 1566 1890 1621 ad
1928 1564 2248 1621 auferendas
2278 1565 2467 1634 impias
2493 1565 2846 1635 quaestiones,
2874 1573 2931 1619 ut
2949 1562 3018 1619 ad
3036 1563 3291 1620 domuum
3316 1562 3337 1595 ’⁵
3363 1572 3604 1619 sanctum

329 1667 532 1729 patrem
565 1659 822 1713 Evodium
850 1660 1204 1726 mitteremus,
1227 1665 1282 1714 et
1310 1659 1423 1729 ipse
1469 1657 1623 1712 nobis
1664 1656 1733 1713 de
1774 1655 1876 1711 hoc
1905 1663 2248 1711 sacrosancto
2287 1655 2423 1709 libro
2461 1663 2679 1725 propter
2721 1654 2933 1724 ignaros
2960 1653 3161 1724 aliquid
3190 1654 3388 1709 certius
3416 1654 3609 1709 rescri-

331 1748 525 1813 psisset
548 1745 649 1818 (α).
683 1748 789 1802 Nec
816 1749 916 1803 hoc
945 1751 1189 1818 accipere
1226 1747 1514 1819 patientius
1544 1744 1861 1811 voluerunt,
1891 1745 1985 1801 sed
2015 1746 2355 1815 arripuerunt
2393 1730 2779 1814 profectionem
2816 1745 2969 1800 nobis
2997 1744 3174 1800 taliter
3199 1760 3306 1799 non
3331 1753 3565 1815 optatam
3593 1761 3607 1798 :

331 1837 495 1892 fratre
525 1838 684 1892 Floro
707 1838 881 1895 furore
906 1841 1121 1894 illorum
1151 1838 1538 1910 propemodum
1570 1836 1908 1905 conturbato,
1940 1836 1994 1891 in
2033 1852 2190 1905 quem
2221 1836 2531 1903 smviebant,
2561 1836 2684 1906 quia
2712 1835 2826 1906 ipse
2852 1837 2981 1904 illis,
3014 1843 3073 1891 ut
3096 1836 3370 1906 putabant,
3392 1836 3611 1892 vulnera

332 1927 451 1983 libri
480 1926 638 1997 hujus
667 1930 967 1996 attulisset;
998 1931 1050 1985 in
1079 1945 1184 2000 quo
1210 1929 1531 1984 medicinam
1557 1943 1661 1982 non
1693 1936 1941 1997 poterant
1970 1927 2168 1983 inﬁrmi
2197 1941 2540 1997 cognoscere.
2572 1927 2722 1984 Unde
2754 1938 2808 1983 et
2830 1937 3071 1983 sanctum
3109 1927 3481 1999 presbyterum
3509 1927 3613 1984 Sa-

328 2015 514 2069 binum
551 2016 615 2070 ad
644 2017 901 2087 majorem
933 2020 1304 2073 auctoritatem
1335 2017 1637 2086 rogavimus
1658 2058 1672 2082 ,
1706 2025 1760 2072 et
1789 2008 1954 2087 ipsius
1984 2018 2249 2074 Sanctitas
2275 2015 2468 2071 librum
2507 2032 2630 2072 cum
2656 2017 2869 2087 liquidis
2894 2018 3422 2089 interpretationibus
3448 2018 3610 2090 legit;

328 2122 429 2163 nec
450 2108 527 2162 sic
555 2110 731 2163 anima
757 2111 991 2165 sauciata
1029 2119 1211 2164 curata
1243 2118 1344 2165 est.
1390 2108 1590 2176 Quibus
1618 2119 1835 2178 propter
1861 2111 2026 2179 ipsam
2057 2109 2305 2179 pietatem
2347 2117 2591 2178 sumptus
2616 2109 2879 2172 dedimus,
2905 2124 2973 2164 ne
3000 2109 3220 2165 vulnera
3250 2108 3486 2179 ipsorum
3512 2127 3608 2166 cu-

327 2200 685 2270 mularemus,
716 2217 836 2274 quae
868 2211 1047 2272 posset
1089 2216 1280 2256 sanare
1309 2200 1428 2255 libri
1475 2200 1641 2269 ipsius
1684 2200 1851 2269 gratia
1873 2240 1888 2265 ,
1934 2199 1987 2253 in
2033 2214 2135 2270 qua
2163 2198 2390 2268 refulget
2420 2207 2507 2253 tua
2549 2208 2729 2254 sancta
2771 2198 3075 2269 praesentia.
3105 2198 3309 2268 Quibus
3335 2201 3608 2270 profectis,

328 2290 479 2360 quies
508 2300 562 2346 ct
584 2306 682 2361 pax
708 2308 802 2360 per
818 2306 1007 2348 omnes
1029 2292 1220 2348 fratres
1246 2290 1529 2347 exsultavit
1553 2290 1604 2344 in
1634 2289 1879 2345 Domino.
1900 2288 2145 2360 Quinque
2170 2291 2312 2345 enim
2339 2288 2423 2345 vel
2453 2288 2681 2361 amplius
2707 2288 2928 2345 fratrum
2958 2290 3295 2347 animositate
3310 2290 3410 2346 ista
3427 2300 3509 2350 est
3525 2290 3609 2347 in-

336 2391 459 2437 nata
487 2383 778 2438 contentio.

334 2542 342 2546 _
400 2481 454 2536 4.
481 2479 586 2537 Sed
611 2482 734 2552 quia
768 2481 1056 2546 interdum,
1086 2481 1303 2538 domine
1323 2495 1477 2552 papa,
1503 2479 1751 2552 provenit
1776 2478 2026 2550 gaudium
2056 2494 2119 2534 ex
2146 2478 2378 2545 tristitia,
2410 2493 2515 2534 nou
2537 2478 2670 2533 adeo
2693 2476 3115 2545 uitestiﬁcamur,
3139 2477 3262 2550 quia
3284 2492 3380 2548 per
3398 2478 3615 2550 ignaros

329 2580 384 2628 et
403 2573 648 2628 curiosos
674 2574 1007 2630 suavissimis
1034 2574 1416 2629 monitionibus
1447 2582 1549 2627 tute
1574 2571 1880 2626 Sanctitatis
1902 2570 2185 2624 illuminari
2213 2571 2522 2624 meruimus.
2550 2568 2682 2624 Nam
2704 2580 2760 2626 et
2781 2568 3042 2625 dubitatio
3068 2568 3209 2625 beati
3231 2567 3459 2626 Thomte
3479 2583 3611 2640 apo-

327 2663 450 2718 stoli
482 2662 741 2719 foramina
762 2664 1033 2718 clavorum
1062 2664 1352 2734 quaerentis
1380 2660 1558 2733 (Joan.
1588 2678 1679 2723 xx,
1704 2660 1797 2731 25)
1829 2660 2168 2716 confirmatio
2189 2660 2287 2715 fuit
2309 2661 2558 2716 Ecclesiae
2584 2661 2926 2717 universalis.
2956 2660 3281 2730 Accepimus
3309 2660 3485 2731 igitur,
3512 2661 3615 2717 do-

327 2755 473 2808 mine
517 2768 649 2822 papa
674 2795 690 2819 ,
719 2754 1161 2808 medicamentum
1207 2753 1292 2822 pie
1333 2746 1631 2807 curantium
1682 2761 1888 2806 tuarum
1928 2764 2050 2807 cum
2089 2752 2260 2822 gratia
2302 2750 2618 2819 litterarum,
2648 2758 2703 2807 et
2742 2751 3082 2807 contudimus
3126 2759 3344 2822 pectora
3398 2760 3612 2816 nostra;

329 2841 489 2896 utsic
510 2841 696 2896 saltem
722 2847 941 2897 sanetur
967 2842 1289 2897 conscientia
1318 2849 1515 2904 nostra,
1537 2856 1696 2911 quam
1730 2856 1823 2909 per
1852 2839 2078 2895 liberum
2098 2840 2375 2895 arbitrium
2402 2850 2667 2907 nostrum,
2694 2841 2837 2912 quod
2861 2841 3025 2898 donat
3044 2840 3430 2908 misericordia,
3461 2853 3617 2898 curat

328 2940 385 2988 et
416 2932 647 2987 vivificat
673 2932 842 3004 gratia
873 2951 886 2986 :
916 2932 1010 2989 sed
1038 2932 1092 2987 in
1121 2933 1223 2989 hoc
1250 2941 1510 3001 tempore,
1538 2930 1751 3002 quando
1779 2930 1956 2986 adhuc
1992 2930 2411 2986 misericordiam
2432 2946 2553 2986 cum
2577 2931 2836 2988 dilatione
2863 2939 3162 2989 cantamus.
3187 2931 3323 2988 Nam
3348 2945 3471 2990 cum
3498 2947 3613 2989 cm-

329 3012 565 3092 periu‘ius
589 3021 845 3091 judicium
871 3032 1088 3078 cantare
1118 3023 1363 3089 Domino,
1390 3021 1713 3092 reportaturi
1738 3035 1923 3076 sumus
1967 3020 2272 3076 mercedem
2300 3035 2398 3109 pro
2425 3036 2591 3093 opere
2620 3031 2804 3078 nostro
2825 3063 2842 3089 ,
2883 3023 3007 3094 quia
3037 3022 3344 3079 misericors
3370 3022 3617 3092 etjustus

329 3113 607 3178 Dominus,
631 3114 913 3168 miserator
940 3122 996 3169 et
1024 3121 1203 3169 rectus
1227 3111 1511 3185 (Psal.cxt,
1536 3110 1612 3186 4).
1642 3111 1798 3181 Quia,
1831 3111 1970 3167 sicut
1995 3110 2154 3168 docet
2179 3126 2278 3167 nos
2303 3111 2568 3168 Sanctitas
2592 3122 2702 3180 tua,
2729 3114 3105 3185 repraesentari
3126 3128 3225 3169 nos
3248 3121 3461 3184 oportet
3488 3123 3615 3169 ante

331 3195 560 3262 tribunal
604 3204 825 3272 Christi,
857 3216 917 3263 ut
943 3207 1166 3279 recipiat
1207 3206 1566 3275 unusquisque
1604 3213 1846 3259 nostrum
1878 3204 2089 3275 propria
2128 3204 2369 3274 corporis
2393 3246 2407 3271 ,
2442 3213 2598 3274 prout
2637 3205 2837 3277 gessit,
2864 3207 2980 3263 sive
3006 3205 3206 3261 bonum
3230 3246 3246 3272 ,
3276 3205 3390 3262 sive
3415 3207 3616 3262 malum

337 3297 402 3369 (ll
432 3296 548 3352 Cor.
579 3314 632 3365 v,
660 3296 750 3369 10)
790 3316 803 3353 :
831 3300 955 3369 quia
980 3299 1160 3353 veniet
1182 3297 1457 3361 Dominus,
1480 3304 1535 3351 et
1556 3310 1762 3351 merces
1796 3294 1911 3366 ejus
1937 3311 2059 3351 cum
2078 3295 2208 3368 ipso
2238 3296 2389 3368 (Isai.
2431 3313 2519 3363 η,
2548 3297 2638 3371 10)
2663 3314 2678 3352 :
2708 3299 2831 3369 quia
2856 3298 3019 3354 stabit
3046 3298 3227 3362 homo,
3257 3307 3314 3354 et
3339 3312 3475 3369 opus
3499 3298 3617 3368 ejus

331 3398 457 3443 ante
483 3389 655 3458 ipsum
691 3407 705 3444 :
736 3389 859 3459 quia
894 3389 1073 3444 veniet
1098 3388 1355 3444 Dominus
1383 3388 1517 3444 sicut
1544 3387 1784 3442 clibanus
1806 3386 2022 3453 ardens,
2050 3397 2107 3443 ut
2133 3388 2381 3445 incendat
2405 3389 2597 3460 impios
2627 3398 2877 3461 tanquam
2898 3390 3146 3461 stipulam
3186 3388 3335 3462 (Joel
3349 3405 3409 3457 tt,
3439 3390 3495 3457 3,
3523 3390 3605 3460 5).

331 3490 387 3534 et
410 3477 716 3534 timentibus
742 3495 935 3534 nomen
968 3479 1178 3534 Domini
1207 3481 1409 3534 orietur
1433 3477 1515 3532 sol
1537 3478 1788 3548 justitize,
1822 3477 2034 3547 quando
2079 3477 2226 3547 impii
2262 3480 2549 3548 punientur
2569 3479 2769 3549 judicio
2803 3480 3024 3551 iustitiae
3054 3477 3326 3553 (Halaclt.
3350 3495 3426 3547 tv,
3453 3480 3554 3536 1-3
3572 3481 3612 3550 ).

334 3568 447 3624 Hoc
467 3570 665 3638 justus,
696 3572 850 3640 cujus
880 3580 932 3625 tu
959 3572 1162 3628 amicus
1189 3586 1269 3637 es,
1300 3570 1517 3626 domine
1547 3584 1704 3639 papa,
1731 3569 2014 3636 exclamat,
2046 3570 2433 3637 contremiscit,
2462 3581 2519 3627 et
2542 3571 2852 3642 suppliciter
2877 3572 3007 3628 dicit
3038 3590 3052 3627 :
3080 3572 3332 3642 Domino,
3368 3587 3432 3628 ne
3463 3572 3619 3628 intres

334 3661 385 3714 in
402 3663 656 3730 judicium
677 3680 791 3717 cum
811 3680 953 3718 servo
980 3673 1066 3718 tuo
1096 3662 1267 3734 (Psal.
1298 3678 1460 3728 cxut,
1485 3660 1564 3733 2).
1597 3662 1651 3717 Si
1681 3661 1850 3732 gratia
1879 3669 2023 3717 esset
2051 3662 2441 3718 remunerantis
2461 3704 2476 3727 ,
2500 3678 2605 3718 non
2640 3665 2855 3720 timeret
2885 3665 3063 3734 justus
3085 3665 3433 3721 secretarium
3471 3664 3619 3736 judi.’

334 3752 474 3807 cium
500 3753 809 3823 majesmtis.
841 3754 994 3809 Servi
1024 3755 1097 3808 tui
1128 3753 1272 3809 Flori
1304 3754 1418 3807 haec
1448 3753 1580 3808 fides
1604 3760 1705 3815 est,
1734 3760 1904 3821 pater,
1930 3767 2036 3806 non
2063 3751 2200 3805 sicut
2222 3749 2412 3807 fratres
2441 3752 2529 3808 isti
2556 3762 2682 3808 sunt
2710 3753 2893 3810 locuti.
2922 3755 2978 3810 in
3001 3755 3404 3825 praesentiarum
3430 3755 3617 3811 audie-

335 3854 464 3899 runt
488 3845 554 3898 ab
582 3844 673 3899 illo
699 3846 921 3912 dictum,
948 3860 1055 3900 non
1081 3847 1229 3915 juxta
1263 3845 1449 3900 merita
1480 3856 1661 3899 nostra
1689 3843 1806 3899 dari
1835 3844 2033 3899 donum
2065 3843 2313 3914 pietatis.
2347 3846 2441 3901 sed
2468 3861 2565 3917 per
2588 3847 2816 3919 gratiam
2842 3848 3216 3918 Redemptoris
3240 3865 3255 3902 :
3288 3865 3410 3904 nam
3436 3848 3502 3905 de
3525 3850 3621 3906 illo

338 3935 447 4002 die,
475 3936 594 4005 quis
616 3937 822 3992 dubitet
842 3934 999 4007 longe
1024 3952 1145 3992 esse
1181 3938 1426 4007 gratiam,
1458 3951 1578 3990 cum
1603 3936 1828 4004 cmperit
1854 3936 2010 3992 irasci
2035 3935 2280 4006 justitia?
2309 3937 2421 3993 Hoc
2447 3939 2762 4006 clamamus,
2790 3950 2969 4010 pater;
3002 3941 3107 3996 hoc
3127 3949 3180 3996 te
3205 3940 3430 3997 docente
3468 3956 3622 3996 cant-

337 4041 477 4087 mtts,
501 4042 608 4081 non
638 4028 832 4093 securi,
865 4027 957 4081 sed
990 4026 1181 4095 trepidi
1212 4044 1225 4081 :
1261 4026 1494 4093 Domine,
1539 4043 1601 4080 ne
1623 4027 1676 4080 in
1710 4030 1882 4098 furore
1916 4037 2001 4081 tuo
2025 4043 2211 4098 arguas
2243 4046 2339 4095 me,
2366 4046 2523 4101 neque
2546 4032 2599 4085 in
2626 4032 2707 4084 ira
2732 4042 2821 4087 tua
2847 4033 3093 4102 corripias
3122 4050 3204 4088 ms
3229 4032 3400 4101 (Psal.
3434 4050 3506 4100 vt,
3535 4034 3620 4103 2).

340 4117 451 4171 Hoc
470 4117 695 4173 dicimus
724 4135 739 4172 :
774 4116 1004 4172 Emenda
1029 4134 1140 4185 nos,
1165 4116 1399 4181 Domine,
1427 4118 1556 4171 etde
1581 4118 1689 4188 lege
1725 4126 1810 4171 tua
1834 4120 1977 4172 crudi
1997 4135 2089 4173 nos
2125 4130 2179 4173 ut
2206 4121 2400 4191 mitiges
2438 4138 2530 4175 nos
2557 4139 2590 4175 a
2616 4123 2797 4178 diebus
2833 4125 2980 4179 malis
3011 4124 3184 4195 (Psal.
3216 4140 3359 4190 xcul,
3388 4124 3619 4197 12,13).

337 4208 453 4264 Hoc
481 4210 771 4275 credimus,
799 4209 1025 4265 docente
1053 4217 1122 4274 te,
1150 4208 1470 4265 venerabilis
1496 4217 1665 4279 pater,
1702 4209 1824 4279 quia
1854 4210 1987 4264 Dom
2007 4210 2127 4264 inus
2150 4210 2446 4281 interrogat
2467 4211 2674 4281 justum
2703 4221 2761 4269 et
2787 4214 3029 4283 impium,
3058 4215 3181 4285 quia
3209 4230 3238 4268 a
3266 4215 3469 4272 dextris
3498 4226 3553 4271 et
3578 4233 3607 4272 a

338 4300 569 4356 sinistris
600 4301 783 4370 positis
809 4301 961 4356 bonis
987 4310 1041 4355 et
1059 4301 1211 4355 malis
1230 4300 1455 4369 imputat
1481 4299 1869 4386 remuneranda
1892 4315 2053 4368 opera
2090 4301 2321 4370 pietatis,
2343 4311 2629 4359 enumerat.
2651 4305 2973 4373 puniendam
3006 4288 3612 4379 tenacitatemimpieta-

342 4392 429 4445 tis.
460 4390 560 4446 Ubi
582 4393 684 4446 crit
702 4391 892 4462 gratia,
923 4390 1137 4460 quando
1163 4404 1261 4459 pro
1286 4391 1366 4444 sui
1393 4389 1644 4460 qualitate
1668 4389 2060 4460 dispungentur
2084 4405 2268 4460 opera,
2302 4392 2414 4447 sive
2435 4392 2600 4459 bona,
2631 4395 2746 4451 sive
2768 4394 2948 4451 mala?

412 4482 468 4537 5.
497 4482 600 4538 Sed
631 4498 727 4536 cur
755 4496 859 4537 non
891 4481 1150 4536 directum
1172 4498 1278 4536 non
1307 4480 1455 4537 timet
1491 4479 1717 4550 proferri
1734 4482 1754 4513 ⁸
1787 4480 2159 4536 mendacium?
2185 4481 2434 4537 Liberum
2461 4483 2736 4539 arbitrium
2764 4485 2857 4540 Dei
2885 4487 3054 4557 gratia
3076 4497 3316 4545 curatum
3338 4506 3444 4545 non
3467 4507 3630 4563 nega-

343 4588 464 4626 mus
494 4589 507 4626 :
538 4571 633 4627 sed
663 4587 760 4643 per
786 4571 984 4626 Christi
1012 4571 1376 4642 quotidianam
1402 4570 1626 4641 gratiam
1655 4569 1916 4640 proficere
1944 4570 2233 4637 credimus,
2261 4579 2316 4626 et
2348 4571 2588 4642 adjuvari
2615 4574 2950 4633 confidimus.
2978 4575 3114 4647 Quid
3141 4578 3385 4637 homines
3413 4581 3618 4649 dicunt,

345 4662 402 4720 In
444 4679 561 4718 mea
587 4672 671 4718 est
706 4671 988 4733 potestate,
1022 4670 1079 4717 ut
1119 4661 1306 4718 faciam
1352 4661 1591 4716 bonum?
1620 4660 1666 4716 si
1705 4670 1879 4717 tamen
1919 4661 2153 4717 facerent
2195 4662 2438 4720 homines
2473 4665 2693 4722 bonum.
2718 4666 2763 4724 Ο
2805 4668 2978 4725 inanis
3012 4671 3256 4742 gloriatio
3276 4675 3623 4730 miserorum!

345 4755 582 4826 quotidie
614 4763 827 4823 peccata
851 4762 1096 4824 arguunt,
1125 4762 1177 4807 et
1207 4752 1305 4821 ipsi
1330 4750 1430 4807 sibi
1456 4761 1735 4806 assumunt
1759 4752 1957 4807 nudum
1977 4753 2198 4808 liberum
2222 4755 2486 4823 jactantes
2513 4757 2811 4826 arbitrium;
2841 4775 2947 4816 non
2978 4761 3319 4819 discutientes
3344 4766 3626 4821 conscien-

348 4845 476 4900 tiam
516 4860 687 4909 suam,
738 4860 856 4915 quae
895 4858 1001 4898 non
1044 4852 1217 4913 potest
1255 4842 1428 4897 curari
1475 4842 1574 4895 nisi
1618 4858 1714 4913 per
1753 4843 1997 4913 gratiam,
2031 4852 2088 4897 ut
2126 4843 2364 4899 dicerent
2394 4862 2413 4899 :
2440 4846 2679 4903 Miserere
2719 4865 2837 4917 ma,
2865 4867 2992 4906 sana
3028 4852 3252 4908 animam
3293 4871 3473 4923 meam,
3504 4860 3625 4926 quia

415 4983 435 5053 ξ
462 4981 561 5053 ΔΑΙἽ
906 5008 963 5053 —-_-
994 4981 1175 5053 '_Corb.
1192 4986 1294 5039 Ms,
1318 4987 1688 5053 umrnturmues.
1707 5007 1759 5015 —
1806 4982 1825 5013 ³
1849 4980 1937 5042 AL,
1965 4980 2186 5046 repetitas
2203 4997 2369 5036 eorum
2385 4985 2781 5049 perturbationes.
2806 5015 2866 5028 -
2900 4989 2922 5022 ι
2938 4989 3029 5053 AL,
3054 4992 3316 5046 dammam.

414 5044 437 5076 ⁸
454 5044 759 5093 Corbeiensis
780 5050 859 5091 Ms.
879 5080 894 5102 ,
933 5042 1025 5092 Sed
1051 5042 1535 5150 cornuuﬁroferre.

416 5103 489 5150 (al
521 5106 706 5150 Librum
729 5117 820 5150 seu
853 5103 1108 5150 etiistolam
1133 5101 1241 5150 194.
1346 5104 1545 5150 Sixtum.

1512 5117 1545 5150 ι.

416 5103 492 5227 fa)
521 5106 706 5153 Librum
729 5117 820 5152 seu
853 5101 1108 5165 epistolam
1133 5101 1241 5159 194,
1265 5101 1323 5150 ad
1346 5101 1545 5151 Sixtum.

418 5165 468 5226 (ὁ
523 5167 775 5226 Rescripsit
796 5177 914 5227 sane
938 5164 1388 5227 Evoditts._ejusque
1409 5177 1545 5223 super

418 5164 492 5245 μζ)
514 5164 1172 5245 ,ιέςὲεξιὲιξὲίὶέἓὲἓῆενᾘίιξὲλ
1181 5164 1558 5245 ῗῖὲἷῗίὲἒξὲἒὲἒῖἕ
1574 5164 2268 5245 '33???'ﬂ‘l.l:‘il?f'.‘l2‘l'!‘
2285 5169 2502 5245 aetola
2520 5172 2569 5221 ίιι
2587 5172 2755 5245 οοίέίοεξ
2776 5181 2821 5222 ⁸·
2861 5177 3048 5245 νοείτω
3078 5182 3398 5245 "cretensis
3426 5192 3628 5245 verem

356 5224 434 5276 est
456 5224 481 5297 a
506 5224 962 5297 J_acobo'sirmondo,
986 5226 1068 5286 qui
1093 5224 1219 5295 inde
1232 5224 1575 5297 fragmentum.
1594 5224 1735 5297 istud_
1756 5226 1804 5297 in
1844 5233 1924 5273 Pra

2060 5224 2504 5297 inatiana‘ttistoria,
2529 5246 2632 5297 cap.
2661 5235 2707 5297 l,
2740 5224 3628 5297 transtulitvzﬁctlonora'bilt'e—sfratre;

362 5305 384 5333 α
407 5285 1293 5368 serereserere:isseisse?
1307 5286 2237 5368 itiireserare.etrivosmttesum
2256 5290 2321 5363 sic
2345 5285 2502 5342 liberti
2516 5285 2712 5368 ξπιῖὲινίό
2736 5303 2786 5346 ει
2802 5285 2867 5346 δέ
2885 5285 3078 5368 tuatua
3098 5285 3631 5368 ’.ὖέῐῖῖιὲὰῐιῑηιὶξᾶιῐ

363 5366 385 5393 κ
407 5346 1011 5429 deutstnditqnniestrurn:1
1032 5346 1367 5429 sednnonlpﬂu‘s‘
1389 5346 1901 5429 fﬁeconten‘t‘ios‘um.
1921 5349 2172 5429 Sententio
2194 5352 2325 5400 enim
2350 5355 2761 5429 perturbationem
2787 5346 2967 5429 exci‘tat
2981 5346 3144 5429 [sedw
3157 5346 3630 5429 éiquﬁiTjiiiliaiéB.

364 5427 386 5452 ι
411 5408 630 5491 requirit.
659 5409 812 5491 Liberi
834 5401 1013 5491 arbitrii
1041 5401 1619 5491 [lepissitnnmuaﬂ’ectupt
1639 5407 1806 5491 habuit
1842 5409 1984 5457 homo
2008 5411 2160 5491 primo
2191 5401 3626 5491 prmrléattts,Adam—dicojﬂsaubi'

366 5486 387 5514 ι
412 5467 616 5553 liberum
641 5468 1219 5553 artutrium,‘infirn'iatutn
1247 5476 1347 5553 est;
1367 5475 1486 5553 r'irgo
1510 5475 1587 5516 est
1609 5469 1873 5553 itt'hornine
1898 5467 2025 5517 nunc
2044 5467 2251 5521 liberum
2271 5467 2539 5553 arbitrium.
2562 5478 2651 5553 sed
2686 5467 3336 5534 sanciatntnfinde—dictum
3351 5467 3447 5544 est;
3472 5467 3626 5553 ’ἷιῖᾖῖξ

365 5548 387 5574 ι
411 5517 567 5579 nutus
588 5536 657 5608 est
675 5528 725 5578 in
747 5517 950 5603 egestate
976 5527 1103 5608 rigor
1127 5542 1274 5608 meus,
1291 5535 1360 5608 “et.
1377 5517 1550 5608 121?:th
1553 5517 1823 5608 permirum.
1849 5517 2651 5608 meaning’Mglsfhiéaiiﬁ'ii-EJ

366 5591 741 5672 c.cttj-erattdutn
759 5587 929 5639 missus
955 5587 1500 5672 estltn'edicusﬁtlvamr
1520 5590 1761 5672 Fhristus,‘
1779 5599 1829 5640 ut
1857 5588 2073 5672 sali-aret
2089 5594 2215 5672 quod
2241 5596 2472 5672 perierat,
2502 5587 2551 5647 et
2585 5587 3630 5672 cmiterquod?iiiiiiixii'aiéihiliiam

360 5650 452 5733 alia
472 5650 894 5733 Eua-lfegantnergo
914 5652 1170 5733 sanctil
1183 5650 1725 5733 Inmjoru‘tiundieta,sitiut
1744 5652 1841 5733 jil'lgll
1856 5651 1975 5733 dixi,
1995 5655 2076 5716 qui
2100 5650 2283 5708 habent
2304 5650 2693 5711 divini'nntneris
2715 5677 2728 5726 ι
2749 5650 2843 5711 ium
2861 5650 3183 5728 aliaet-until
3202 5650 3414 5733 quiille
3431 5650 3541 5720 ubi:

370 5728 393 5758 ο
417 5711 659 5775 telliguut,
689 5727 779 5760 non
801 5711 894 5761 cito
918 5727 989 5773 re;
1008 5712 1292 5772 rcltendaut,
1314 5712 1400 5760 Sed
1422 5720 1565 5761 orent
1589 5721 1639 5762 ut
1664 5711 1952 5773 intelligant.
1974 5732 1995 5758 υ
