  <div class='ocr_page' id='page_1' title='image "/cluster/home/n/w/nwhite01/storage/ocr_20150623/44/hvd.32044069687945/464.png"; bbox 0 0 3972 6178; ppageno 0'>
   <div class='ocr_carea' id='block_1_1' title="bbox 375 289 478 347">
    <p class='ocr_par' dir='ltr' id='par_1_1' title="bbox 375 289 478 347">
     <span class='ocr_line' id='line_1_1' title="bbox 375 289 478 347; baseline -0.01 0"><span class='ocrx_word' id='word_1_1' title='bbox 375 289 478 347; x_wconf 71' lang='grc' dir='ltr'><strong>9ιῖ</strong></span> 
     </span>
    </p>
   </div>
   <div class='ocr_carea' id='block_1_2' title="bbox 375 396 1943 469">
    <p class='ocr_par' dir='ltr' id='par_1_2' title="bbox 375 396 1943 469">
     <span class='ocr_line' id='line_1_2' title="bbox 375 396 1943 469; baseline -0.004 -12"><span class='ocrx_word' id='word_1_2' title='bbox 375 401 484 457; x_wconf 88' lang='lat' dir='ltr'><strong>Deo</strong></span> <span class='ocrx_word' id='word_1_3' title='bbox 514 402 799 456; x_wconf 81' lang='lat' dir='ltr'><strong>miserante</strong></span> <span class='ocrx_word' id='word_1_4' title='bbox 833 409 885 454; x_wconf 89' lang='lat' dir='ltr'><strong>et</strong></span> <span class='ocrx_word' id='word_1_5' title='bbox 927 399 1040 469; x_wconf 85' lang='lat' dir='ltr'><strong>ejus</strong></span> <span class='ocrx_word' id='word_1_6' title='bbox 1068 397 1290 454; x_wconf 72' lang='lat' dir='ltr'><strong>insidias</strong></span> <span class='ocrx_word' id='word_1_7' title='bbox 1329 396 1381 452; x_wconf 91' lang='lat' dir='ltr'><strong>in</strong></span> <span class='ocrx_word' id='word_1_8' title='bbox 1409 412 1624 450; x_wconf 84' lang='lat' dir='ltr'><strong>suorum</strong></span> <span class='ocrx_word' id='word_1_9' title='bbox 1669 411 1943 450; x_wconf 85' lang='lat' dir='ltr'><strong>servorum</strong></span> 
     </span>
    </p>
   </div>
   <div class='ocr_carea' id='block_1_3' title="bbox 373 486 1952 562">
    <p class='ocr_par' dir='ltr' id='par_1_3' title="bbox 373 486 1952 562">
     <span class='ocr_line' id='line_1_3' title="bbox 373 486 1952 562; baseline -0.004 -16"><span class='ocrx_word' id='word_1_10' title='bbox 373 503 686 562; x_wconf 81' lang='lat' dir='ltr'><strong>provectum</strong></span> <span class='ocrx_word' id='word_1_11' title='bbox 713 495 726 524; x_wconf 78' lang='grc'>⁸</span> <span class='ocrx_word' id='word_1_12' title='bbox 757 492 980 546; x_wconf 84' lang='lat' dir='ltr'><strong>mirabili</strong></span> <span class='ocrx_word' id='word_1_13' title='bbox 1009 491 1241 544; x_wconf 88' lang='lat' dir='ltr'><strong>bonitate</strong></span> <span class='ocrx_word' id='word_1_14' title='bbox 1267 496 1526 554; x_wconf 88' lang='lat' dir='ltr'><strong>vertente,</strong></span> <span class='ocrx_word' id='word_1_15' title='bbox 1555 487 1618 540; x_wconf 87' lang='lat' dir='ltr'><strong>ad</strong></span> <span class='ocrx_word' id='word_1_16' title='bbox 1649 486 1752 542; x_wconf 90' lang='lat' dir='ltr'><strong>hoc</strong></span> <span class='ocrx_word' id='word_1_17' title='bbox 1778 487 1952 555; x_wconf 80' lang='lat' dir='ltr'><strong>potius</strong></span> 
     </span>
    </p>
   </div>
   <div class='ocr_carea' id='block_1_4' title="bbox 371 577 1948 646">
    <p class='ocr_par' dir='ltr' id='par_1_4' title="bbox 371 577 1948 646">
     <span class='ocr_line' id='line_1_4' title="bbox 371 577 1948 646; baseline 0 -16"><span class='ocrx_word' id='word_1_18' title='bbox 371 581 566 642; x_wconf 81' lang='lat' dir='ltr'><strong>valuit,</strong></span> <span class='ocrx_word' id='word_1_19' title='bbox 599 591 658 635; x_wconf 91' lang='lat' dir='ltr'><strong>ut</strong></span> <span class='ocrx_word' id='word_1_20' title='bbox 691 581 820 635; x_wconf 81' lang='lat' dir='ltr'><strong>nulli</strong></span> <span class='ocrx_word' id='word_1_21' title='bbox 859 591 1096 635; x_wconf 88' lang='lat' dir='ltr'><strong>vestrum</strong></span> <span class='ocrx_word' id='word_1_22' title='bbox 1127 579 1526 633; x_wconf 87' lang='lat' dir='ltr'><strong>destruerentur</strong></span> <span class='ocrx_word' id='word_1_23' title='bbox 1555 579 1608 632; x_wconf 88' lang='lat' dir='ltr'><strong>in</strong></span> <span class='ocrx_word' id='word_1_24' title='bbox 1648 579 1826 646; x_wconf 82' lang='lat' dir='ltr'><strong>pejus,</strong></span> <span class='ocrx_word' id='word_1_25' title='bbox 1855 577 1948 632; x_wconf 90' lang='lat' dir='ltr'><strong>sed</strong></span> 
     </span>
    </p>
   </div>
   <div class='ocr_carea' id='block_1_5' title="bbox 369 667 1952 736">
    <p class='ocr_par' dir='ltr' id='par_1_5' title="bbox 369 667 1952 736">
     <span class='ocr_line' id='line_1_5' title="bbox 369 667 1952 736; baseline -0.002 -13"><span class='ocrx_word' id='word_1_26' title='bbox 369 670 612 724; x_wconf 86' lang='lat' dir='ltr'><strong>nonnulli</strong></span> <span class='ocrx_word' id='word_1_27' title='bbox 659 672 1049 724; x_wconf 83' lang='lat' dir='ltr'><strong>instrucrcnlur</strong></span> <span class='ocrx_word' id='word_1_28' title='bbox 1091 670 1144 723; x_wconf 90' lang='lat' dir='ltr'><strong>in</strong></span> <span class='ocrx_word' id='word_1_29' title='bbox 1189 669 1398 722; x_wconf 88' lang='lat' dir='ltr'><strong>melius.</strong></span> <span class='ocrx_word' id='word_1_30' title='bbox 1449 667 1564 721; x_wconf 78' lang='lat' dir='ltr'><strong>Non</strong></span> <span class='ocrx_word' id='word_1_31' title='bbox 1601 668 1780 736; x_wconf 88' lang='lat' dir='ltr'><strong>itaque</strong></span> <span class='ocrx_word' id='word_1_32' title='bbox 1818 681 1952 735; x_wconf 90' lang='lat' dir='ltr'><strong>opus</strong></span> 
     </span>
    </p>
   </div>
   <div class='ocr_carea' id='block_1_6' title="bbox 369 759 1952 828">
    <p class='ocr_par' dir='ltr' id='par_1_6' title="bbox 369 759 1952 828">
     <span class='ocr_line' id='line_1_6' title="bbox 369 759 1952 828; baseline -0.002 -15"><span class='ocrx_word' id='word_1_33' title='bbox 369 768 456 813; x_wconf 88' lang='lat' dir='ltr'><strong>est</strong></span> <span class='ocrx_word' id='word_1_34' title='bbox 501 762 676 814; x_wconf 81' lang='lat' dir='ltr'><strong>omnia</strong></span> <span class='ocrx_word' id='word_1_35' title='bbox 749 760 1032 814; x_wconf 72' lang='lat' dir='ltr'><strong>identidem</strong></span> <span class='ocrx_word' id='word_1_36' title='bbox 1082 771 1404 824; x_wconf 90' lang='lat' dir='ltr'><strong>retractare,</strong></span> <span class='ocrx_word' id='word_1_37' title='bbox 1458 774 1575 828; x_wconf 64' lang='lat' dir='ltr'><strong>quae</strong></span> <span class='ocrx_word' id='word_1_38' title='bbox 1623 759 1952 813; x_wconf 79' lang='lat' dir='ltr'><strong>sufficienter</strong></span> 
     </span>
    </p>
   </div>
   <div class='ocr_carea' id='block_1_7' title="bbox 371 849 1952 920">
    <p class='ocr_par' dir='ltr' id='par_1_7' title="bbox 371 849 1952 920">
     <span class='ocr_line' id='line_1_7' title="bbox 371 849 1952 920; baseline -0.001 -17"><span class='ocrx_word' id='word_1_39' title='bbox 371 853 522 903; x_wconf 74' lang='lat' dir='ltr'><strong>Vobis</strong></span> <span class='ocrx_word' id='word_1_40' title='bbox 573 853 728 920; x_wconf 87' lang='lat' dir='ltr'><strong>pleno</strong></span> <span class='ocrx_word' id='word_1_41' title='bbox 781 853 914 905; x_wconf 87' lang='lat' dir='ltr'><strong>libro</strong></span> <span class='ocrx_word' id='word_1_42' title='bbox 955 853 1218 918; x_wconf 76' lang='lat' dir='ltr'><strong>diSputata</strong></span> <span class='ocrx_word' id='word_1_43' title='bbox 1253 851 1644 904; x_wconf 72' lang='lat' dir='ltr'><strong>transmisimus</strong></span> <span class='ocrx_word' id='word_1_44' title='bbox 1689 849 1860 920; x_wconf 87' lang='lat' dir='ltr'><strong>(Libro</strong></span> <span class='ocrx_word' id='word_1_45' title='bbox 1890 849 1952 902; x_wconf 85' lang='lat' dir='ltr'><strong>de</strong></span> 
     </span>
    </p>
   </div>
   <div class='ocr_carea' id='block_1_8' title="bbox 371 939 1950 1010">
    <p class='ocr_par' dir='ltr' id='par_1_8' title="bbox 371 939 1950 1010">
     <span class='ocr_line' id='line_1_8' title="bbox 371 939 1950 1010; baseline -0.002 -16"><span class='ocrx_word' id='word_1_46' title='bbox 371 939 552 994; x_wconf 80' lang='lat' dir='ltr'><strong>Gratia</strong></span> <span class='ocrx_word' id='word_1_47' title='bbox 577 953 622 994; x_wconf 79' lang='lat' dir='ltr'><strong>et</strong></span> <span class='ocrx_word' id='word_1_48' title='bbox 649 941 828 994; x_wconf 79' lang='lat' dir='ltr'><strong>Libero</strong></span> <span class='ocrx_word' id='word_1_49' title='bbox 855 942 1098 1010; x_wconf 76' lang='lat' dir='ltr'><strong>Arbitrio)</strong></span> <span class='ocrx_word' id='word_1_50' title='bbox 1133 959 1146 996; x_wconf 90' lang='lat'><strong>:</strong></span> <span class='ocrx_word' id='word_1_51' title='bbox 1177 957 1334 1010; x_wconf 78' lang='lat' dir='ltr'><strong>quem</strong></span> <span class='ocrx_word' id='word_1_52' title='bbox 1361 941 1628 1008; x_wconf 85' lang='lat' dir='ltr'><strong>quentodo</strong></span> <span class='ocrx_word' id='word_1_53' title='bbox 1653 940 1950 1008; x_wconf 83' lang='lat' dir='ltr'><strong>susceperi-</strong></span> 
     </span>
    </p>
   </div>
   <div class='ocr_carea' id='block_1_9' title="bbox 371 1031 1950 1100">
    <p class='ocr_par' dir='ltr' id='par_1_9' title="bbox 371 1031 1950 1100">
     <span class='ocr_line' id='line_1_9' title="bbox 371 1031 1950 1100; baseline -0.001 -14"><span class='ocrx_word' id='word_1_54' title='bbox 371 1034 460 1094; x_wconf 87' lang='lat' dir='ltr'><strong>tis,</strong></span> <span class='ocrx_word' id='word_1_55' title='bbox 515 1034 769 1100; x_wconf 88' lang='lat' dir='ltr'><strong>rescripta</strong></span> <span class='ocrx_word' id='word_1_56' title='bbox 819 1033 1052 1086; x_wconf 85' lang='lat' dir='ltr'><strong>indicant</strong></span> <span class='ocrx_word' id='word_1_57' title='bbox 1105 1044 1298 1086; x_wconf 84' lang='lat' dir='ltr'><strong>vestra.</strong></span> <span class='ocrx_word' id='word_1_58' title='bbox 1355 1032 1728 1088; x_wconf 75' lang='lat' dir='ltr'><strong>Verumtamen</strong></span> <span class='ocrx_word' id='word_1_59' title='bbox 1783 1031 1950 1086; x_wconf 86' lang='lat' dir='ltr'><strong>semel</strong></span> 
     </span>
    </p>
   </div>
   <div class='ocr_carea' id='block_1_10' title="bbox 371 1120 1950 1178">
    <p class='ocr_par' dir='ltr' id='par_1_10' title="bbox 371 1120 1950 1178">
     <span class='ocr_line' id='line_1_10' title="bbox 371 1120 1950 1178; baseline 0 -2"><span class='ocrx_word' id='word_1_60' title='bbox 371 1120 564 1176; x_wconf 88' lang='lat' dir='ltr'><strong>lectum</strong></span> <span class='ocrx_word' id='word_1_61' title='bbox 599 1123 759 1178; x_wconf 87' lang='lat' dir='ltr'><strong>.nnllo</strong></span> <span class='ocrx_word' id='word_1_62' title='bbox 804 1121 962 1175; x_wconf 88' lang='lat' dir='ltr'><strong>modo</strong></span> <span class='ocrx_word' id='word_1_63' title='bbox 1010 1123 1338 1176; x_wconf 85' lang='lat' dir='ltr'><strong>arbitremini</strong></span> <span class='ocrx_word' id='word_1_64' title='bbox 1382 1127 1512 1178; x_wconf 78' lang='lat' dir='ltr'><strong>Satis</strong></span> <span class='ocrx_word' id='word_1_65' title='bbox 1543 1123 1692 1176; x_wconf 84' lang='lat' dir='ltr'><strong>vobis</strong></span> <span class='ocrx_word' id='word_1_66' title='bbox 1741 1124 1950 1176; x_wconf 87' lang='lat' dir='ltr'><strong>innote-</strong></span> 
     </span>
    </p>
   </div>
   <div class='ocr_carea' id='block_1_11' title="bbox 369 1212 1952 1282">
    <p class='ocr_par' dir='ltr' id='par_1_11' title="bbox 369 1212 1952 1282">
     <span class='ocr_line' id='line_1_11' title="bbox 369 1212 1952 1282; baseline 0.001 -16"><span class='ocrx_word' id='word_1_67' title='bbox 369 1225 522 1266; x_wconf 85' lang='lat' dir='ltr'><strong>scere</strong></span> <span class='ocrx_word' id='word_1_68' title='bbox 551 1213 804 1279; x_wconf 86' lang='lat' dir='ltr'><strong>potuisse.</strong></span> <span class='ocrx_word' id='word_1_69' title='bbox 837 1212 893 1268; x_wconf 91' lang='lat' dir='ltr'><strong>Si</strong></span> <span class='ocrx_word' id='word_1_70' title='bbox 927 1228 1052 1282; x_wconf 82' lang='lat' dir='ltr'><strong>ergo</strong></span> <span class='ocrx_word' id='word_1_71' title='bbox 1081 1228 1203 1268; x_wconf 89' lang='lat' dir='ltr'><strong>eum</strong></span> <span class='ocrx_word' id='word_1_72' title='bbox 1235 1213 1714 1268; x_wconf 76' lang='lat' dir='ltr'><strong>fructuosissimum</strong></span> <span class='ocrx_word' id='word_1_73' title='bbox 1757 1213 1952 1268; x_wconf 86' lang='lat' dir='ltr'><strong>habere</strong></span> 
     </span>
    </p>
   </div>
   <div class='ocr_carea' id='block_1_12' title="bbox 365 1303 1948 1374">
    <p class='ocr_par' dir='ltr' id='par_1_12' title="bbox 365 1303 1948 1374">
     <span class='ocr_line' id='line_1_12' title="bbox 365 1303 1948 1374; baseline 0.001 -20"><span class='ocrx_word' id='word_1_74' title='bbox 365 1303 547 1364; x_wconf 80' lang='lat' dir='ltr'><strong>vultis,</strong></span> <span class='ocrx_word' id='word_1_75' title='bbox 583 1319 686 1356; x_wconf 89' lang='lat' dir='ltr'><strong>non</strong></span> <span class='ocrx_word' id='word_1_76' title='bbox 715 1317 809 1356; x_wconf 83' lang='lat' dir='ltr'><strong>vos</strong></span> <span class='ocrx_word' id='word_1_77' title='bbox 835 1305 1008 1374; x_wconf 73' lang='lat' dir='ltr'><strong>pigeat</strong></span> <span class='ocrx_word' id='word_1_78' title='bbox 1053 1304 1338 1372; x_wconf 81' lang='lat' dir='ltr'><strong>relegendo</strong></span> <span class='ocrx_word' id='word_1_79' title='bbox 1367 1303 1563 1360; x_wconf 85' lang='lat' dir='ltr'><strong>habere</strong></span> <span class='ocrx_word' id='word_1_80' title='bbox 1593 1304 1948 1369; x_wconf 89' lang='lat' dir='ltr'><strong>notissimum,</strong></span> 
     </span>
    </p>
   </div>
   <div class='ocr_carea' id='block_1_13' title="bbox 368 1393 1951 1464">
    <p class='ocr_par' dir='ltr' id='par_1_13' title="bbox 368 1393 1951 1464">
     <span class='ocr_line' id='line_1_13' title="bbox 368 1393 1951 1464; baseline 0.001 -17"><span class='ocrx_word' id='word_1_81' title='bbox 368 1401 428 1448; x_wconf 82' lang='lat' dir='ltr'><strong>ut</strong></span> <span class='ocrx_word' id='word_1_82' title='bbox 469 1393 872 1463; x_wconf 71' lang='lat' dir='ltr'><strong>diligentissime</strong></span> <span class='ocrx_word' id='word_1_83' title='bbox 902 1395 922 1424; x_wconf 83' lang='grc'>¹</span> <span class='ocrx_word' id='word_1_84' title='bbox 967 1394 1150 1448; x_wconf 82' lang='lat' dir='ltr'><strong>sciatis</strong></span> <span class='ocrx_word' id='word_1_85' title='bbox 1187 1396 1380 1464; x_wconf 87' lang='lat' dir='ltr'><strong>quibus</strong></span> <span class='ocrx_word' id='word_1_86' title='bbox 1421 1405 1476 1450; x_wconf 87' lang='lat' dir='ltr'><strong>et</strong></span> <span class='ocrx_word' id='word_1_87' title='bbox 1519 1396 1760 1464; x_wconf 80' lang='lat' dir='ltr'><strong>qualibus</strong></span> <span class='ocrx_word' id='word_1_88' title='bbox 1803 1410 1951 1464; x_wconf 68' lang='lat' dir='ltr'><strong>qure-</strong></span> 
     </span>
    </p>
   </div>
   <div class='ocr_carea' id='block_1_14' title="bbox 367 1487 1948 1556">
    <p class='ocr_par' dir='ltr' id='par_1_14' title="bbox 367 1487 1948 1556">
     <span class='ocr_line' id='line_1_14' title="bbox 367 1487 1948 1556; baseline 0 -16"><span class='ocrx_word' id='word_1_89' title='bbox 367 1489 628 1542; x_wconf 75' lang='lat' dir='ltr'><strong>Blitln.bI!S</strong></span> <span class='ocrx_word' id='word_1_90' title='bbox 657 1487 931 1542; x_wconf 79' lang='lat' dir='ltr'><strong>solvendis</strong></span> <span class='ocrx_word' id='word_1_91' title='bbox 959 1496 1118 1556; x_wconf 87' lang='lat' dir='ltr'><strong>atque</strong></span> <span class='ocrx_word' id='word_1_92' title='bbox 1143 1488 1415 1552; x_wconf 84' lang='lat' dir='ltr'><strong>sanandis,</strong></span> <span class='ocrx_word' id='word_1_93' title='bbox 1463 1503 1565 1542; x_wconf 90' lang='lat' dir='ltr'><strong>non</strong></span> <span class='ocrx_word' id='word_1_94' title='bbox 1600 1487 1670 1542; x_wconf 90' lang='lat' dir='ltr'><strong>ibi</strong></span> <span class='ocrx_word' id='word_1_95' title='bbox 1700 1489 1948 1552; x_wconf 80' lang='lat' dir='ltr'><strong>humana,</strong></span> 
     </span>
    </p>
   </div>
   <div class='ocr_carea' id='block_1_15' title="bbox 369 1579 1950 1650">
    <p class='ocr_par' dir='ltr' id='par_1_15' title="bbox 369 1579 1950 1650">
     <span class='ocr_line' id='line_1_15' title="bbox 369 1579 1950 1650; baseline 0 -16"><span class='ocrx_word' id='word_1_96' title='bbox 369 1579 464 1634; x_wconf 84' lang='lat' dir='ltr'><strong>sed</strong></span> <span class='ocrx_word' id='word_1_97' title='bbox 503 1579 680 1633; x_wconf 87' lang='lat' dir='ltr'><strong>divina</strong></span> <span class='ocrx_word' id='word_1_98' title='bbox 713 1588 956 1634; x_wconf 80' lang='lat' dir='ltr'><strong>occurrat</strong></span> <span class='ocrx_word' id='word_1_99' title='bbox 985 1579 1303 1644; x_wconf 71' lang='lat' dir='ltr'><strong>auctoritas,</strong></span> <span class='ocrx_word' id='word_1_100' title='bbox 1339 1595 1366 1631; x_wconf 90' lang='lat' dir='ltr'><strong>a</strong></span> <span class='ocrx_word' id='word_1_101' title='bbox 1413 1595 1512 1650; x_wconf 88' lang='lat' dir='ltr'><strong>qua</strong></span> <span class='ocrx_word' id='word_1_102' title='bbox 1555 1579 1806 1634; x_wconf 89' lang='lat' dir='ltr'><strong>recedere</strong></span> <span class='ocrx_word' id='word_1_103' title='bbox 1846 1593 1950 1634; x_wconf 88' lang='lat' dir='ltr'><strong>non</strong></span> 
     </span>
    </p>
   </div>
   <div class='ocr_carea' id='block_1_16' title="bbox 367 1669 1746 1740">
    <p class='ocr_par' dir='ltr' id='par_1_16' title="bbox 367 1669 1746 1740">
     <span class='ocr_line' id='line_1_16' title="bbox 367 1669 1746 1740; baseline 0.001 -17"><span class='ocrx_word' id='word_1_104' title='bbox 367 1669 648 1732; x_wconf 86' lang='lat' dir='ltr'><strong>debemus,</strong></span> <span class='ocrx_word' id='word_1_105' title='bbox 677 1670 722 1723; x_wconf 87' lang='lat' dir='ltr'><strong>si</strong></span> <span class='ocrx_word' id='word_1_106' title='bbox 748 1670 992 1724; x_wconf 84' lang='lat' dir='ltr'><strong>volumus</strong></span> <span class='ocrx_word' id='word_1_107' title='bbox 1021 1671 1300 1740; x_wconf 87' lang='lat' dir='ltr'><strong>pervenire</strong></span> <span class='ocrx_word' id='word_1_108' title='bbox 1328 1685 1433 1740; x_wconf 89' lang='lat' dir='ltr'><strong>quo</strong></span> <span class='ocrx_word' id='word_1_109' title='bbox 1465 1671 1746 1724; x_wconf 84' lang='lat' dir='ltr'><strong>tendimus.</strong></span> 
     </span>
    </p>
   </div>
   <div class='ocr_carea' id='block_1_17' title="bbox 443 1759 1949 1828">
    <p class='ocr_par' dir='ltr' id='par_1_17' title="bbox 443 1759 1949 1828">
     <span class='ocr_line' id='line_1_17' title="bbox 443 1759 1949 1828; baseline 0.001 -16"><span class='ocrx_word' id='word_1_110' title='bbox 443 1759 495 1812; x_wconf 74' lang='grc'><strong>2.</strong></span> <span class='ocrx_word' id='word_1_111' title='bbox 541 1759 798 1814; x_wconf 88' lang='lat' dir='ltr'><strong>Dominus</strong></span> <span class='ocrx_word' id='word_1_112' title='bbox 826 1769 1003 1812; x_wconf 84' lang='lat' dir='ltr'><strong>autent</strong></span> <span class='ocrx_word' id='word_1_113' title='bbox 1034 1759 1148 1828; x_wconf 89' lang='lat' dir='ltr'><strong>ipse</strong></span> <span class='ocrx_word' id='word_1_114' title='bbox 1179 1775 1284 1812; x_wconf 91' lang='lat' dir='ltr'><strong>non</strong></span> <span class='ocrx_word' id='word_1_115' title='bbox 1314 1761 1482 1814; x_wconf 90' lang='lat' dir='ltr'><strong>solum</strong></span> <span class='ocrx_word' id='word_1_116' title='bbox 1519 1759 1752 1815; x_wconf 88' lang='lat' dir='ltr'><strong>ostendit</strong></span> <span class='ocrx_word' id='word_1_117' title='bbox 1777 1761 1949 1828; x_wconf 84' lang='lat' dir='ltr'><strong>nobis,</strong></span> 
     </span>
    </p>
   </div>
   <div class='ocr_carea' id='block_1_18' title="bbox 371 1851 1948 1921">
    <p class='ocr_par' dir='ltr' id='par_1_18' title="bbox 371 1851 1948 1921">
     <span class='ocr_line' id='line_1_18' title="bbox 371 1851 1948 1921; baseline 0.003 -18"><span class='ocrx_word' id='word_1_118' title='bbox 371 1863 402 1903; x_wconf 81' lang='grc' dir='ltr'><strong>ιι</strong></span> <span class='ocrx_word' id='word_1_119' title='bbox 441 1867 546 1918; x_wconf 89' lang='lat' dir='ltr'><strong>quo</strong></span> <span class='ocrx_word' id='word_1_120' title='bbox 587 1852 726 1904; x_wconf 88' lang='lat' dir='ltr'><strong>malo</strong></span> <span class='ocrx_word' id='word_1_121' title='bbox 770 1851 1130 1914; x_wconf 85' lang='lat' dir='ltr'><strong>declinemus,</strong></span> <span class='ocrx_word' id='word_1_122' title='bbox 1160 1861 1210 1906; x_wconf 89' lang='lat' dir='ltr'><strong>et</strong></span> <span class='ocrx_word' id='word_1_123' title='bbox 1250 1852 1390 1921; x_wconf 90' lang='lat' dir='ltr'><strong>quod</strong></span> <span class='ocrx_word' id='word_1_124' title='bbox 1436 1851 1632 1906; x_wconf 90' lang='lat' dir='ltr'><strong>bonum</strong></span> <span class='ocrx_word' id='word_1_125' title='bbox 1677 1853 1948 1917; x_wconf 80' lang='lat' dir='ltr'><strong>faciamus,</strong></span> 
     </span>
    </p>
   </div>
   <div class='ocr_carea' id='block_1_19' title="bbox 367 1937 1954 2012">
    <p class='ocr_par' dir='ltr' id='par_1_19' title="bbox 367 1937 1954 2012">
     <span class='ocr_line' id='line_1_19' title="bbox 367 1937 1954 2012; baseline 0.004 -20"><span class='ocrx_word' id='word_1_126' title='bbox 367 1937 510 2008; x_wconf 85' lang='lat' dir='ltr'><strong>quod</strong></span> <span class='ocrx_word' id='word_1_127' title='bbox 539 1940 710 1994; x_wconf 87' lang='lat' dir='ltr'><strong>solum</strong></span> <span class='ocrx_word' id='word_1_128' title='bbox 745 1951 916 2009; x_wconf 83' lang='lat' dir='ltr'><strong>potest</strong></span> <span class='ocrx_word' id='word_1_129' title='bbox 946 1943 1074 2011; x_wconf 87' lang='lat' dir='ltr'><strong>legis</strong></span> <span class='ocrx_word' id='word_1_130' title='bbox 1101 1943 1270 1996; x_wconf 86' lang='lat' dir='ltr'><strong>littera</strong></span> <span class='ocrx_word' id='word_1_131' title='bbox 1302 1959 1316 1996; x_wconf 93' lang='lat'>:</span> <span class='ocrx_word' id='word_1_132' title='bbox 1342 1957 1526 1996; x_wconf 89' lang='lat' dir='ltr'><strong>verum</strong></span> <span class='ocrx_word' id='word_1_133' title='bbox 1554 1944 1711 1997; x_wconf 86' lang='lat' dir='ltr'><strong>etiam</strong></span> <span class='ocrx_word' id='word_1_134' title='bbox 1740 1945 1954 2012; x_wconf 80' lang='lat' dir='ltr'><strong>adjuvat</strong></span> 
     </span>
    </p>
   </div>
   <div class='ocr_carea' id='block_1_20' title="bbox 371 2032 1948 2106">
    <p class='ocr_par' dir='ltr' id='par_1_20' title="bbox 371 2032 1948 2106">
     <span class='ocr_line' id='line_1_20' title="bbox 371 2032 1948 2106; baseline 0.004 -22"><span class='ocrx_word' id='word_1_135' title='bbox 371 2045 492 2093; x_wconf 89' lang='lat' dir='ltr'><strong>nos,</strong></span> <span class='ocrx_word' id='word_1_136' title='bbox 515 2041 574 2085; x_wconf 88' lang='lat' dir='ltr'><strong>ut</strong></span> <span class='ocrx_word' id='word_1_137' title='bbox 603 2032 932 2086; x_wconf 81' lang='lat' dir='ltr'><strong>declinemus</strong></span> <span class='ocrx_word' id='word_1_138' title='bbox 959 2048 988 2086; x_wconf 91' lang='lat' dir='ltr'><strong>a</strong></span> <span class='ocrx_word' id='word_1_139' title='bbox 1015 2033 1172 2096; x_wconf 89' lang='lat' dir='ltr'><strong>malo,</strong></span> <span class='ocrx_word' id='word_1_140' title='bbox 1197 2041 1251 2086; x_wconf 92' lang='lat' dir='ltr'><strong>et</strong></span> <span class='ocrx_word' id='word_1_141' title='bbox 1277 2032 1532 2087; x_wconf 81' lang='lat' dir='ltr'><strong>faciamus</strong></span> <span class='ocrx_word' id='word_1_142' title='bbox 1559 2033 1754 2088; x_wconf 88' lang='lat' dir='ltr'><strong>bonum</strong></span> <span class='ocrx_word' id='word_1_143' title='bbox 1781 2034 1948 2106; x_wconf 79' lang='lat' dir='ltr'><strong>(Psal.</strong></span> 
     </span>
    </p>
   </div>
   <div class='ocr_carea' id='block_1_21' title="bbox 369 2121 1950 2196">
    <p class='ocr_par' dir='ltr' id='par_1_21' title="bbox 369 2121 1950 2196">
     <span class='ocr_line' id='line_1_21' title="bbox 369 2121 1950 2196; baseline 0.004 -22"><span class='ocrx_word' id='word_1_144' title='bbox 369 2135 534 2174; x_wconf 75' lang='lat' dir='ltr'><strong>xxxvr</strong></span> <span class='ocrx_word' id='word_1_145' title='bbox 556 2163 568 2184; x_wconf 95' lang='lat'><strong>,</strong></span> <span class='ocrx_word' id='word_1_146' title='bbox 600 2121 720 2192; x_wconf 67' lang='lat'><strong>27).</strong></span> <span class='ocrx_word' id='word_1_147' title='bbox 753 2123 892 2192; x_wconf 89' lang='lat' dir='ltr'><strong>quod</strong></span> <span class='ocrx_word' id='word_1_148' title='bbox 927 2123 1106 2176; x_wconf 90' lang='lat' dir='ltr'><strong>nullus</strong></span> <span class='ocrx_word' id='word_1_149' title='bbox 1135 2131 1308 2192; x_wconf 83' lang='lat' dir='ltr'><strong>potest</strong></span> <span class='ocrx_word' id='word_1_150' title='bbox 1333 2124 1448 2178; x_wconf 81' lang='lat' dir='ltr'><strong>sine</strong></span> <span class='ocrx_word' id='word_1_151' title='bbox 1477 2125 1662 2193; x_wconf 90' lang='lat' dir='ltr'><strong>spiritu</strong></span> <span class='ocrx_word' id='word_1_152' title='bbox 1691 2127 1872 2196; x_wconf 70' lang='lat' dir='ltr'><strong>gratia:</strong></span> <span class='ocrx_word' id='word_1_153' title='bbox 1895 2126 1950 2181; x_wconf 76' lang='grc' dir='ltr'><strong>ἰ</strong></span> 
     </span>
    </p>
   </div>
   <div class='ocr_carea' id='block_1_22' title="bbox 369 2213 1957 2280">
    <p class='ocr_par' dir='ltr' id='par_1_22' title="bbox 369 2213 1957 2280">
     <span class='ocr_line' id='line_1_22' title="bbox 369 2213 1957 2280; baseline 0.005 -17"><span class='ocrx_word' id='word_1_154' title='bbox 369 2225 490 2280; x_wconf 74' lang='lat' dir='ltr'><strong>qua:</strong></span> <span class='ocrx_word' id='word_1_155' title='bbox 519 2213 561 2264; x_wconf 68' lang='lat' dir='ltr'><strong>si</strong></span> <span class='ocrx_word' id='word_1_156' title='bbox 593 2213 732 2266; x_wconf 83' lang='lat' dir='ltr'><strong>desit</strong></span> <span class='ocrx_word' id='word_1_157' title='bbox 752 2254 766 2277; x_wconf 92' lang='lat'><strong>,</strong></span> <span class='ocrx_word' id='word_1_158' title='bbox 789 2213 854 2267; x_wconf 88' lang='lat' dir='ltr'><strong>ad</strong></span> <span class='ocrx_word' id='word_1_159' title='bbox 883 2213 984 2268; x_wconf 88' lang='lat' dir='ltr'><strong>hoc</strong></span> <span class='ocrx_word' id='word_1_160' title='bbox 1011 2215 1094 2268; x_wconf 85' lang='lat' dir='ltr'><strong>lex</strong></span> <span class='ocrx_word' id='word_1_161' title='bbox 1121 2215 1290 2280; x_wconf 85' lang='lat' dir='ltr'><strong>adest,</strong></span> <span class='ocrx_word' id='word_1_162' title='bbox 1322 2224 1378 2268; x_wconf 90' lang='lat' dir='ltr'><strong>ut</strong></span> <span class='ocrx_word' id='word_1_163' title='bbox 1404 2229 1526 2269; x_wconf 89' lang='lat' dir='ltr'><strong>reos</strong></span> <span class='ocrx_word' id='word_1_164' title='bbox 1559 2215 1712 2269; x_wconf 86' lang='lat' dir='ltr'><strong>faciat</strong></span> <span class='ocrx_word' id='word_1_165' title='bbox 1735 2224 1788 2270; x_wconf 92' lang='lat' dir='ltr'><strong>et</strong></span> <span class='ocrx_word' id='word_1_166' title='bbox 1814 2217 1957 2271; x_wconf 86' lang='lat' dir='ltr'><strong>occi-</strong></span> 
     </span>
    </p>
   </div>
   <div class='ocr_carea' id='block_1_23' title="bbox 369 2301 1951 2376">
    <p class='ocr_par' dir='ltr' id='par_1_23' title="bbox 369 2301 1951 2376">
     <span class='ocr_line' id='line_1_23' title="bbox 369 2301 1951 2376; baseline 0.004 -20"><span class='ocrx_word' id='word_1_167' title='bbox 369 2301 478 2356; x_wconf 81' lang='lat' dir='ltr'><strong>dat.</strong></span> <span class='ocrx_word' id='word_1_168' title='bbox 531 2303 754 2373; x_wconf 84' lang='lat' dir='ltr'><strong>Propter</strong></span> <span class='ocrx_word' id='word_1_169' title='bbox 801 2306 940 2374; x_wconf 89' lang='lat' dir='ltr'><strong>quod</strong></span> <span class='ocrx_word' id='word_1_170' title='bbox 989 2306 1118 2360; x_wconf 87' lang='lat' dir='ltr'><strong>dicit</strong></span> <span class='ocrx_word' id='word_1_171' title='bbox 1160 2308 1464 2374; x_wconf 77' lang='lat' dir='ltr'><strong>Apostolus,</strong></span> <span class='ocrx_word' id='word_1_172' title='bbox 1513 2307 1706 2362; x_wconf 83' lang='lat' dir='ltr'><strong>Littera</strong></span> <span class='ocrx_word' id='word_1_173' title='bbox 1752 2309 1951 2376; x_wconf 82' lang='lat' dir='ltr'><strong>occidit,</strong></span> 
     </span>
    </p>
   </div>
   <div class='ocr_carea' id='block_1_24' title="bbox 369 2395 1954 2470">
    <p class='ocr_par' dir='ltr' id='par_1_24' title="bbox 369 2395 1954 2470">
     <span class='ocr_line' id='line_1_24' title="bbox 369 2395 1954 2470; baseline 0.001 -22"><span class='ocrx_word' id='word_1_174' title='bbox 369 2395 576 2462; x_wconf 72' lang='lat' dir='ltr'><strong>spiritus</strong></span> <span class='ocrx_word' id='word_1_175' title='bbox 605 2405 770 2448; x_wconf 85' lang='lat' dir='ltr'><strong>autem</strong></span> <span class='ocrx_word' id='word_1_176' title='bbox 797 2397 1012 2466; x_wconf 78' lang='lat' dir='ltr'><strong>ririﬁcbt</strong></span> <span class='ocrx_word' id='word_1_177' title='bbox 1043 2395 1120 2470; x_wconf 92' lang='lat' dir='ltr'><strong>(ll</strong></span> <span class='ocrx_word' id='word_1_178' title='bbox 1147 2395 1268 2452; x_wconf 87' lang='lat' dir='ltr'><strong>Cor.</strong></span> <span class='ocrx_word' id='word_1_179' title='bbox 1299 2413 1354 2452; x_wconf 93' lang='grc' dir='ltr'><strong>ιιι</strong></span> <span class='ocrx_word' id='word_1_180' title='bbox 1373 2440 1385 2460; x_wconf 85' lang='grc'><em>,</em></span> <span class='ocrx_word' id='word_1_181' title='bbox 1413 2397 1446 2452; x_wconf 84' lang='lat'><strong>6</strong></span> <span class='ocrx_word' id='word_1_182' title='bbox 1465 2397 1504 2468; x_wconf 91' lang='lat'><strong>).</strong></span> <span class='ocrx_word' id='word_1_183' title='bbox 1538 2397 1636 2466; x_wconf 87' lang='lat' dir='ltr'><strong>Qui</strong></span> <span class='ocrx_word' id='word_1_184' title='bbox 1665 2413 1792 2469; x_wconf 84' lang='lat' dir='ltr'><strong>ergo</strong></span> <span class='ocrx_word' id='word_1_185' title='bbox 1823 2399 1954 2468; x_wconf 84' lang='lat' dir='ltr'><strong>legi-</strong></span> 
     </span>
    </p>
   </div>
   <div class='ocr_carea' id='block_1_25' title="bbox 375 2487 1958 2556">
    <p class='ocr_par' dir='ltr' id='par_1_25' title="bbox 375 2487 1958 2556">
     <span class='ocr_line' id='line_1_25' title="bbox 375 2487 1958 2556; baseline 0.003 -17"><span class='ocrx_word' id='word_1_186' title='bbox 375 2487 505 2542; x_wconf 87' lang='lat' dir='ltr'><strong>time</strong></span> <span class='ocrx_word' id='word_1_187' title='bbox 551 2489 666 2556; x_wconf 92' lang='lat' dir='ltr'><strong>lege</strong></span> <span class='ocrx_word' id='word_1_188' title='bbox 713 2488 894 2554; x_wconf 88' lang='lat' dir='ltr'><strong>utitur,</strong></span> <span class='ocrx_word' id='word_1_189' title='bbox 939 2488 1096 2550; x_wconf 84' lang='lat' dir='ltr'><strong>discit</strong></span> <span class='ocrx_word' id='word_1_190' title='bbox 1135 2489 1188 2542; x_wconf 93' lang='lat' dir='ltr'><strong>in</strong></span> <span class='ocrx_word' id='word_1_191' title='bbox 1219 2503 1280 2543; x_wconf 88' lang='lat' dir='ltr'><strong>ea</strong></span> <span class='ocrx_word' id='word_1_192' title='bbox 1323 2489 1518 2542; x_wconf 88' lang='lat' dir='ltr'><strong>ntalum</strong></span> <span class='ocrx_word' id='word_1_193' title='bbox 1549 2498 1602 2542; x_wconf 89' lang='lat' dir='ltr'><strong>et</strong></span> <span class='ocrx_word' id='word_1_194' title='bbox 1649 2489 1874 2552; x_wconf 90' lang='lat' dir='ltr'><strong>bonum,</strong></span> <span class='ocrx_word' id='word_1_195' title='bbox 1903 2497 1958 2543; x_wconf 91' lang='lat' dir='ltr'><strong>ct</strong></span> 
     </span>
    </p>
   </div>
   <div class='ocr_carea' id='block_1_26' title="bbox 373 2579 1953 2650">
    <p class='ocr_par' dir='ltr' id='par_1_26' title="bbox 373 2579 1953 2650">
     <span class='ocr_line' id='line_1_26' title="bbox 373 2579 1953 2650; baseline 0.002 -20"><span class='ocrx_word' id='word_1_196' title='bbox 373 2592 476 2630; x_wconf 89' lang='lat' dir='ltr'><strong>non</strong></span> <span class='ocrx_word' id='word_1_197' title='bbox 521 2580 798 2633; x_wconf 89' lang='lat' dir='ltr'><strong>conlidens</strong></span> <span class='ocrx_word' id='word_1_198' title='bbox 845 2579 896 2632; x_wconf 91' lang='lat' dir='ltr'><strong>in</strong></span> <span class='ocrx_word' id='word_1_199' title='bbox 928 2579 1122 2634; x_wconf 88' lang='lat' dir='ltr'><strong>virtute</strong></span> <span class='ocrx_word' id='word_1_200' title='bbox 1167 2595 1262 2633; x_wconf 88' lang='lat' dir='ltr'><strong>sua</strong></span> <span class='ocrx_word' id='word_1_201' title='bbox 1311 2579 1550 2648; x_wconf 79' lang='lat' dir='ltr'><strong>confugit</strong></span> <span class='ocrx_word' id='word_1_202' title='bbox 1592 2579 1658 2632; x_wconf 87' lang='lat' dir='ltr'><strong>ad</strong></span> <span class='ocrx_word' id='word_1_203' title='bbox 1705 2579 1953 2650; x_wconf 82' lang='lat' dir='ltr'><strong>gratiam,</strong></span> 
     </span>
    </p>
   </div>
   <div class='ocr_carea' id='block_1_27' title="bbox 373 2666 1953 2736">
    <p class='ocr_par' dir='ltr' id='par_1_27' title="bbox 373 2666 1953 2736">
     <span class='ocr_line' id='line_1_27' title="bbox 373 2666 1953 2736; baseline 0.001 -18"><span class='ocrx_word' id='word_1_204' title='bbox 373 2683 478 2735; x_wconf 89' lang='lat' dir='ltr'><strong>qua</strong></span> <span class='ocrx_word' id='word_1_205' title='bbox 529 2678 812 2736; x_wconf 75' lang='lat' dir='ltr'><strong>prtestante</strong></span> <span class='ocrx_word' id='word_1_206' title='bbox 858 2667 1090 2722; x_wconf 87' lang='lat' dir='ltr'><strong>declinet</strong></span> <span class='ocrx_word' id='word_1_207' title='bbox 1134 2684 1164 2722; x_wconf 89' lang='lat' dir='ltr'><strong>a</strong></span> <span class='ocrx_word' id='word_1_208' title='bbox 1218 2668 1380 2734; x_wconf 84' lang='lat' dir='ltr'><strong>malo,</strong></span> <span class='ocrx_word' id='word_1_209' title='bbox 1431 2677 1482 2720; x_wconf 90' lang='lat' dir='ltr'><strong>et</strong></span> <span class='ocrx_word' id='word_1_210' title='bbox 1529 2666 1686 2722; x_wconf 78' lang='lat' dir='ltr'><strong>faciat</strong></span> <span class='ocrx_word' id='word_1_211' title='bbox 1736 2668 1953 2722; x_wconf 90' lang='lat' dir='ltr'><strong>bonum.</strong></span> 
     </span>
    </p>
   </div>
   <div class='ocr_carea' id='block_1_28' title="bbox 375 2754 1958 2826">
    <p class='ocr_par' dir='ltr' id='par_1_28' title="bbox 375 2754 1958 2826">
     <span class='ocr_line' id='line_1_28' title="bbox 375 2754 1958 2826; baseline 0.003 -18"><span class='ocrx_word' id='word_1_212' title='bbox 375 2754 506 2822; x_wconf 84' lang='lat' dir='ltr'><strong>Quis</strong></span> <span class='ocrx_word' id='word_1_213' title='bbox 530 2767 704 2810; x_wconf 89' lang='lat' dir='ltr'><strong>autem</strong></span> <span class='ocrx_word' id='word_1_214' title='bbox 747 2755 984 2824; x_wconf 74' lang='lat' dir='ltr'><strong>confugit</strong></span> <span class='ocrx_word' id='word_1_215' title='bbox 1009 2757 1074 2809; x_wconf 84' lang='lat' dir='ltr'><strong>ad</strong></span> <span class='ocrx_word' id='word_1_216' title='bbox 1104 2757 1326 2826; x_wconf 79' lang='lat' dir='ltr'><strong>gratiam</strong></span> <span class='ocrx_word' id='word_1_217' title='bbox 1350 2798 1364 2820; x_wconf 89' lang='lat'><strong>,</strong></span> <span class='ocrx_word' id='word_1_218' title='bbox 1397 2758 1494 2811; x_wconf 87' lang='lat' dir='ltr'><strong>nisi</strong></span> <span class='ocrx_word' id='word_1_219' title='bbox 1521 2772 1642 2811; x_wconf 91' lang='lat' dir='ltr'><strong>cum</strong></span> <span class='ocrx_word' id='word_1_220' title='bbox 1670 2771 1700 2812; x_wconf 87' lang='lat' dir='ltr'><strong>a</strong></span> <span class='ocrx_word' id='word_1_221' title='bbox 1733 2757 1958 2812; x_wconf 89' lang='lat' dir='ltr'><strong>Domino</strong></span> 
     </span>
    </p>
   </div>
   <div class='ocr_carea' id='block_1_29' title="bbox 374 2847 1954 2920">
    <p class='ocr_par' dir='ltr' id='par_1_29' title="bbox 374 2847 1954 2920">
     <span class='ocr_line' id='line_1_29' title="bbox 374 2847 1954 2920; baseline 0.001 -20"><span class='ocrx_word' id='word_1_222' title='bbox 374 2861 595 2915; x_wconf 87' lang='lat' dir='ltr'><strong>gressus</strong></span> <span class='ocrx_word' id='word_1_223' title='bbox 627 2847 852 2900; x_wconf 81' lang='lat' dir='ltr'><strong>hominis</strong></span> <span class='ocrx_word' id='word_1_224' title='bbox 881 2847 1200 2916; x_wconf 82' lang='lat' dir='ltr'><strong>diriguntur,</strong></span> <span class='ocrx_word' id='word_1_225' title='bbox 1227 2857 1280 2902; x_wconf 92' lang='lat' dir='ltr'><strong>et</strong></span> <span class='ocrx_word' id='word_1_226' title='bbox 1304 2849 1440 2900; x_wconf 87' lang='lat' dir='ltr'><strong>viam</strong></span> <span class='ocrx_word' id='word_1_227' title='bbox 1469 2847 1584 2916; x_wconf 85' lang='lat' dir='ltr'><strong>ejus</strong></span> <span class='ocrx_word' id='word_1_228' title='bbox 1609 2849 1750 2902; x_wconf 88' lang='lat' dir='ltr'><strong>volet</strong></span> <span class='ocrx_word' id='word_1_229' title='bbox 1783 2847 1954 2920; x_wconf 85' lang='lat' dir='ltr'><strong>(Psal.</strong></span> 
     </span>
    </p>
   </div>
   <div class='ocr_carea' id='block_1_30' title="bbox 377 2937 1954 3010">
    <p class='ocr_par' dir='ltr' id='par_1_30' title="bbox 377 2937 1954 3010">
     <span class='ocr_line' id='line_1_30' title="bbox 377 2937 1954 3010; baseline 0.003 -20"><span class='ocrx_word' id='word_1_230' title='bbox 377 2951 569 3000; x_wconf 70' lang='lat' dir='ltr'><strong>nm,</strong></span> <span class='ocrx_word' id='word_1_231' title='bbox 597 2937 736 3008; x_wconf 72' lang='lat'><strong>25)?</strong></span> <span class='ocrx_word' id='word_1_232' title='bbox 767 2941 842 2992; x_wconf 80' lang='lat' dir='ltr'><strong>Ac</strong></span> <span class='ocrx_word' id='word_1_233' title='bbox 872 2954 965 3007; x_wconf 89' lang='lat' dir='ltr'><strong>per</strong></span> <span class='ocrx_word' id='word_1_234' title='bbox 993 2939 1093 2992; x_wconf 91' lang='lat' dir='ltr'><strong>boc</strong></span> <span class='ocrx_word' id='word_1_235' title='bbox 1121 2947 1176 2992; x_wconf 92' lang='lat' dir='ltr'><strong>et</strong></span> <span class='ocrx_word' id='word_1_236' title='bbox 1202 2937 1508 2993; x_wconf 88' lang='lat' dir='ltr'><strong>desiderare</strong></span> <span class='ocrx_word' id='word_1_237' title='bbox 1537 2940 1792 2994; x_wconf 78' lang='lat' dir='ltr'><strong>auxilium</strong></span> <span class='ocrx_word' id='word_1_238' title='bbox 1829 2956 1954 3010; x_wconf 81' lang='lat' dir='ltr'><strong>gra-</strong></span> 
     </span>
    </p>
   </div>
   <div class='ocr_carea' id='block_1_31' title="bbox 373 3029 1956 3100">
    <p class='ocr_par' dir='ltr' id='par_1_31' title="bbox 373 3029 1956 3100">
     <span class='ocr_line' id='line_1_31' title="bbox 373 3029 1956 3100; baseline 0.001 -17"><span class='ocrx_word' id='word_1_239' title='bbox 373 3029 498 3095; x_wconf 67' lang='lat' dir='ltr'><strong>tiae,</strong></span> <span class='ocrx_word' id='word_1_240' title='bbox 531 3031 736 3084; x_wconf 89' lang='lat' dir='ltr'><strong>initium</strong></span> <span class='ocrx_word' id='word_1_241' title='bbox 775 3029 962 3100; x_wconf 68' lang='lat' dir='ltr'><strong>gratiae</strong></span> <span class='ocrx_word' id='word_1_242' title='bbox 999 3038 1082 3084; x_wconf 89' lang='lat' dir='ltr'><strong>est</strong></span> <span class='ocrx_word' id='word_1_243' title='bbox 1112 3047 1124 3082; x_wconf 92' lang='lat'><strong>:</strong></span> <span class='ocrx_word' id='word_1_244' title='bbox 1162 3029 1228 3084; x_wconf 92' lang='lat' dir='ltr'><strong>de</strong></span> <span class='ocrx_word' id='word_1_245' title='bbox 1265 3045 1373 3098; x_wconf 90' lang='lat' dir='ltr'><strong>quo</strong></span> <span class='ocrx_word' id='word_1_246' title='bbox 1417 3029 1492 3084; x_wconf 88' lang='lat' dir='ltr'><strong>ait</strong></span> <span class='ocrx_word' id='word_1_247' title='bbox 1539 3030 1660 3092; x_wconf 87' lang='lat' dir='ltr'><strong>ille.</strong></span> <span class='ocrx_word' id='word_1_248' title='bbox 1693 3030 1758 3084; x_wconf 87' lang='lat' dir='ltr'><strong>Et</strong></span> <span class='ocrx_word' id='word_1_249' title='bbox 1797 3032 1905 3084; x_wconf 77' lang='lat' dir='ltr'><strong>dixi</strong></span> <span class='ocrx_word' id='word_1_250' title='bbox 1937 3047 1956 3086; x_wconf 91' lang='lat'><strong><em>:</em></strong></span> 
     </span>
    </p>
   </div>
   <div class='ocr_carea' id='block_1_32' title="bbox 375 3116 1952 3192">
    <p class='ocr_par' dir='ltr' id='par_1_32' title="bbox 375 3116 1952 3192">
     <span class='ocr_line' id='line_1_32' title="bbox 375 3116 1952 3192; baseline 0.004 -22"><span class='ocrx_word' id='word_1_251' title='bbox 375 3116 534 3171; x_wconf 81' lang='lat' dir='ltr'><strong>Nunc</strong></span> <span class='ocrx_word' id='word_1_252' title='bbox 561 3120 690 3190; x_wconf 77' lang='lat' dir='ltr'><strong>coepi</strong></span> <span class='ocrx_word' id='word_1_253' title='bbox 711 3137 730 3185; x_wconf 87' lang='lat'><em>;</em></span> <span class='ocrx_word' id='word_1_254' title='bbox 761 3119 868 3172; x_wconf 74' lang='lat' dir='ltr'><strong>ha’c</strong></span> <span class='ocrx_word' id='word_1_255' title='bbox 895 3129 966 3173; x_wconf 83' lang='lat' dir='ltr'><strong>est</strong></span> <span class='ocrx_word' id='word_1_256' title='bbox 995 3119 1275 3172; x_wconf 84' lang='lat' dir='ltr'><strong>immutatio</strong></span> <span class='ocrx_word' id='word_1_257' title='bbox 1303 3121 1520 3174; x_wconf 76' lang='lat' dir='ltr'><strong>dextera:</strong></span> <span class='ocrx_word' id='word_1_258' title='bbox 1545 3119 1752 3174; x_wconf 65' lang='lat' dir='ltr'><strong>Emeisi</strong></span> <span class='ocrx_word' id='word_1_259' title='bbox 1783 3121 1952 3192; x_wconf 82' lang='lat' dir='ltr'><strong>(Psal.</strong></span> 
     </span>
    </p>
   </div>
   <div class='ocr_carea' id='block_1_33' title="bbox 373 3211 1954 3281">
    <p class='ocr_par' dir='ltr' id='par_1_33' title="bbox 373 3211 1954 3281">
     <span class='ocr_line' id='line_1_33' title="bbox 373 3211 1954 3281; baseline 0.002 -15"><span class='ocrx_word' id='word_1_260' title='bbox 373 3223 530 3266; x_wconf 73' lang='lat' dir='ltr'><strong>uxvt</strong></span> <span class='ocrx_word' id='word_1_261' title='bbox 551 3253 566 3274; x_wconf 91' lang='lat'><strong>,</strong></span> <span class='ocrx_word' id='word_1_262' title='bbox 599 3211 718 3280; x_wconf 87' lang='grc' dir='ltr'><strong>ιι).</strong></span> <span class='ocrx_word' id='word_1_263' title='bbox 759 3211 1006 3266; x_wconf 87' lang='lat' dir='ltr'><strong>Liberum</strong></span> <span class='ocrx_word' id='word_1_264' title='bbox 1039 3211 1216 3281; x_wconf 83' lang='lat' dir='ltr'><strong>itaque</strong></span> <span class='ocrx_word' id='word_1_265' title='bbox 1257 3211 1536 3266; x_wconf 87' lang='lat' dir='ltr'><strong>arbitrium</strong></span> <span class='ocrx_word' id='word_1_266' title='bbox 1565 3221 1622 3266; x_wconf 88' lang='lat' dir='ltr'><strong>et</strong></span> <span class='ocrx_word' id='word_1_267' title='bbox 1660 3213 1724 3268; x_wconf 88' lang='lat' dir='ltr'><strong>ad</strong></span> <span class='ocrx_word' id='word_1_268' title='bbox 1755 3215 1954 3269; x_wconf 87' lang='lat' dir='ltr'><strong>malum</strong></span> 
     </span>
    </p>
   </div>
   <div class='ocr_carea' id='block_1_34' title="bbox 371 3301 1950 3362">
    <p class='ocr_par' dir='ltr' id='par_1_34' title="bbox 371 3301 1950 3362">
     <span class='ocr_line' id='line_1_34' title="bbox 371 3301 1950 3362; baseline 0.003 -7"><span class='ocrx_word' id='word_1_269' title='bbox 371 3307 428 3356; x_wconf 85' lang='lat' dir='ltr'><strong>et</strong></span> <span class='ocrx_word' id='word_1_270' title='bbox 453 3301 518 3354; x_wconf 86' lang='lat' dir='ltr'><strong>ad</strong></span> <span class='ocrx_word' id='word_1_271' title='bbox 549 3301 744 3355; x_wconf 87' lang='lat' dir='ltr'><strong>bonum</strong></span> <span class='ocrx_word' id='word_1_272' title='bbox 775 3302 1072 3357; x_wconf 88' lang='lat' dir='ltr'><strong>faciendum</strong></span> <span class='ocrx_word' id='word_1_273' title='bbox 1101 3303 1460 3358; x_wconf 90' lang='lat' dir='ltr'><strong>confitendum</strong></span> <span class='ocrx_word' id='word_1_274' title='bbox 1487 3313 1570 3359; x_wconf 91' lang='lat' dir='ltr'><strong>est</strong></span> <span class='ocrx_word' id='word_1_275' title='bbox 1595 3320 1694 3360; x_wconf 89' lang='lat' dir='ltr'><strong>nos</strong></span> <span class='ocrx_word' id='word_1_276' title='bbox 1723 3304 1950 3362; x_wconf 85' lang='lat' dir='ltr'><strong>habere:</strong></span> 
     </span>
    </p>
   </div>
   <div class='ocr_carea' id='block_1_35' title="bbox 373 3389 1955 3464">
    <p class='ocr_par' dir='ltr' id='par_1_35' title="bbox 373 3389 1955 3464">
     <span class='ocr_line' id='line_1_35' title="bbox 373 3389 1955 3464; baseline 0.003 -20"><span class='ocrx_word' id='word_1_277' title='bbox 373 3389 468 3444; x_wconf 87' lang='lat' dir='ltr'><strong>sed</strong></span> <span class='ocrx_word' id='word_1_278' title='bbox 500 3391 549 3443; x_wconf 92' lang='lat' dir='ltr'><strong>iu</strong></span> <span class='ocrx_word' id='word_1_279' title='bbox 591 3391 732 3444; x_wconf 89' lang='lat' dir='ltr'><strong>malo</strong></span> <span class='ocrx_word' id='word_1_280' title='bbox 763 3391 1006 3446; x_wconf 85' lang='lat' dir='ltr'><strong>faciendo</strong></span> <span class='ocrx_word' id='word_1_281' title='bbox 1035 3393 1171 3448; x_wconf 89' lang='lat' dir='ltr'><strong>liber</strong></span> <span class='ocrx_word' id='word_1_282' title='bbox 1211 3403 1294 3448; x_wconf 90' lang='lat' dir='ltr'><strong>est</strong></span> <span class='ocrx_word' id='word_1_283' title='bbox 1333 3395 1558 3464; x_wconf 87' lang='lat' dir='ltr'><strong>quisque</strong></span> <span class='ocrx_word' id='word_1_284' title='bbox 1595 3394 1812 3464; x_wconf 71' lang='lat' dir='ltr'><strong>iustitia:</strong></span> <span class='ocrx_word' id='word_1_285' title='bbox 1842 3411 1955 3450; x_wconf 83' lang='lat' dir='ltr'><strong>scr-</strong></span> 
     </span>
    </p>
   </div>
   <div class='ocr_carea' id='block_1_36' title="bbox 373 3481 1954 3549">
    <p class='ocr_par' dir='ltr' id='par_1_36' title="bbox 373 3481 1954 3549">
     <span class='ocr_line' id='line_1_36' title="bbox 373 3481 1954 3549; baseline 0.006 -19"><span class='ocrx_word' id='word_1_286' title='bbox 373 3493 574 3548; x_wconf 86' lang='lat' dir='ltr'><strong>vusqne</strong></span> <span class='ocrx_word' id='word_1_287' title='bbox 627 3481 873 3549; x_wconf 87' lang='lat' dir='ltr'><strong>peccati;</strong></span> <span class='ocrx_word' id='word_1_288' title='bbox 921 3481 973 3536; x_wconf 93' lang='lat' dir='ltr'><strong>in</strong></span> <span class='ocrx_word' id='word_1_289' title='bbox 1019 3481 1161 3536; x_wconf 91' lang='lat' dir='ltr'><strong>bono</strong></span> <span class='ocrx_word' id='word_1_290' title='bbox 1204 3493 1382 3538; x_wconf 86' lang='lat' dir='ltr'><strong>autem</strong></span> <span class='ocrx_word' id='word_1_291' title='bbox 1431 3483 1568 3538; x_wconf 88' lang='lat' dir='ltr'><strong>liber</strong></span> <span class='ocrx_word' id='word_1_292' title='bbox 1610 3499 1730 3539; x_wconf 61' lang='lat' dir='ltr'><strong>esse</strong></span> <span class='ocrx_word' id='word_1_293' title='bbox 1777 3485 1954 3540; x_wconf 90' lang='lat' dir='ltr'><strong>nullus</strong></span> 
     </span>
    </p>
   </div>
   <div class='ocr_carea' id='block_1_37' title="bbox 375 3571 1952 3646">
    <p class='ocr_par' dir='ltr' id='par_1_37' title="bbox 375 3571 1952 3646">
     <span class='ocr_line' id='line_1_37' title="bbox 375 3571 1952 3646; baseline 0.006 -24"><span class='ocrx_word' id='word_1_294' title='bbox 375 3575 580 3638; x_wconf 87' lang='lat' dir='ltr'><strong>potest,</strong></span> <span class='ocrx_word' id='word_1_295' title='bbox 615 3571 716 3626; x_wconf 87' lang='lat' dir='ltr'><strong>nisi</strong></span> <span class='ocrx_word' id='word_1_296' title='bbox 765 3573 922 3626; x_wconf 87' lang='lat' dir='ltr'><strong>fuerit</strong></span> <span class='ocrx_word' id='word_1_297' title='bbox 965 3573 1222 3628; x_wconf 87' lang='lat' dir='ltr'><strong>liberatus</strong></span> <span class='ocrx_word' id='word_1_298' title='bbox 1269 3574 1338 3629; x_wconf 88' lang='lat' dir='ltr'><strong>ab</strong></span> <span class='ocrx_word' id='word_1_299' title='bbox 1367 3589 1432 3630; x_wconf 93' lang='lat' dir='ltr'><strong>eo</strong></span> <span class='ocrx_word' id='word_1_300' title='bbox 1458 3576 1546 3646; x_wconf 88' lang='lat' dir='ltr'><strong>qui</strong></span> <span class='ocrx_word' id='word_1_301' title='bbox 1577 3575 1746 3642; x_wconf 84' lang='lat' dir='ltr'><strong>dixit,</strong></span> <span class='ocrx_word' id='word_1_302' title='bbox 1777 3578 1840 3632; x_wconf 89' lang='lat' dir='ltr'><strong>Si</strong></span> <span class='ocrx_word' id='word_1_303' title='bbox 1867 3593 1952 3632; x_wconf 81' lang='lat' dir='ltr'><strong>vos</strong></span> 
     </span>
    </p>
   </div>
   <div class='ocr_carea' id='block_1_38' title="bbox 374 3657 1950 3742">
    <p class='ocr_par' dir='ltr' id='par_1_38' title="bbox 374 3657 1950 3742">
     <span class='ocr_line' id='line_1_38' title="bbox 374 3657 1950 3742; baseline 0.008 -28"><span class='ocrx_word' id='word_1_304' title='bbox 374 3657 542 3715; x_wconf 74' lang='lat' dir='ltr'><strong>Filius</strong></span> <span class='ocrx_word' id='word_1_305' title='bbox 567 3663 866 3728; x_wconf 75' lang='lat' dir='ltr'><strong>liberarerit,</strong></span> <span class='ocrx_word' id='word_1_306' title='bbox 891 3673 1010 3718; x_wconf 87' lang='lat' dir='ltr'><strong>tunc</strong></span> <span class='ocrx_word' id='word_1_307' title='bbox 1033 3681 1146 3720; x_wconf 79' lang='lat' dir='ltr'><strong>vere</strong></span> <span class='ocrx_word' id='word_1_308' title='bbox 1169 3665 1314 3721; x_wconf 83' lang='lat' dir='ltr'><strong>liberi</strong></span> <span class='ocrx_word' id='word_1_309' title='bbox 1343 3669 1480 3723; x_wconf 75' lang='lat' dir='ltr'><strong>eritis</strong></span> <span class='ocrx_word' id='word_1_310' title='bbox 1501 3669 1679 3742; x_wconf 85' lang='lat' dir='ltr'><strong>(Joan.</strong></span> <span class='ocrx_word' id='word_1_311' title='bbox 1697 3685 1814 3736; x_wconf 83' lang='lat' dir='ltr'><strong>vnt,</strong></span> <span class='ocrx_word' id='word_1_312' title='bbox 1836 3671 1950 3742; x_wconf 78' lang='lat'><strong>36).</strong></span> 
     </span>
    </p>
   </div>
   <div class='ocr_carea' id='block_1_39' title="bbox 377 3750 1954 3830">
    <p class='ocr_par' dir='ltr' id='par_1_39' title="bbox 377 3750 1954 3830">
     <span class='ocr_line' id='line_1_39' title="bbox 377 3750 1954 3830; baseline 0.011 -26"><span class='ocrx_word' id='word_1_313' title='bbox 377 3750 486 3807; x_wconf 83' lang='lat' dir='ltr'><strong>Nec</strong></span> <span class='ocrx_word' id='word_1_314' title='bbox 513 3753 584 3808; x_wconf 90' lang='lat' dir='ltr'><strong>ita</strong></span> <span class='ocrx_word' id='word_1_315' title='bbox 615 3764 692 3820; x_wconf 88' lang='lat' dir='ltr'><strong>ut,</strong></span> <span class='ocrx_word' id='word_1_316' title='bbox 725 3771 844 3810; x_wconf 90' lang='lat' dir='ltr'><strong>cum</strong></span> <span class='ocrx_word' id='word_1_317' title='bbox 873 3759 1096 3828; x_wconf 86' lang='lat' dir='ltr'><strong>quisque</strong></span> <span class='ocrx_word' id='word_1_318' title='bbox 1123 3759 1278 3814; x_wconf 90' lang='lat' dir='ltr'><strong>fuerit</strong></span> <span class='ocrx_word' id='word_1_319' title='bbox 1305 3775 1334 3814; x_wconf 88' lang='lat' dir='ltr'><strong>a</strong></span> <span class='ocrx_word' id='word_1_320' title='bbox 1365 3763 1564 3830; x_wconf 88' lang='lat' dir='ltr'><strong>peccati</strong></span> <span class='ocrx_word' id='word_1_321' title='bbox 1593 3764 1954 3821; x_wconf 85' lang='lat' dir='ltr'><strong>dominatione</strong></span> 
     </span>
    </p>
   </div>
   <div class='ocr_carea' id='block_1_40' title="bbox 373 3840 1949 3922">
    <p class='ocr_par' dir='ltr' id='par_1_40' title="bbox 373 3840 1949 3922">
     <span class='ocr_line' id='line_1_40' title="bbox 373 3840 1949 3922; baseline 0.011 -26"><span class='ocrx_word' id='word_1_322' title='bbox 373 3840 662 3912; x_wconf 86' lang='lat' dir='ltr'><strong>liberatus,</strong></span> <span class='ocrx_word' id='word_1_323' title='bbox 693 3847 802 3915; x_wconf 88' lang='lat' dir='ltr'><strong>jam</strong></span> <span class='ocrx_word' id='word_1_324' title='bbox 849 3865 955 3904; x_wconf 92' lang='lat' dir='ltr'><strong>non</strong></span> <span class='ocrx_word' id='word_1_325' title='bbox 999 3851 1230 3922; x_wconf 84' lang='lat' dir='ltr'><strong>indigeat</strong></span> <span class='ocrx_word' id='word_1_326' title='bbox 1257 3854 1340 3907; x_wconf 87' lang='lat' dir='ltr'><strong>sui</strong></span> <span class='ocrx_word' id='word_1_327' title='bbox 1385 3855 1684 3912; x_wconf 88' lang='lat' dir='ltr'><strong>liberatoris</strong></span> <span class='ocrx_word' id='word_1_328' title='bbox 1709 3858 1949 3913; x_wconf 81' lang='lat' dir='ltr'><strong>auxilio:</strong></span> 
     </span>
    </p>
   </div>
   <div class='ocr_carea' id='block_1_41' title="bbox 375 3934 1952 4019">
    <p class='ocr_par' dir='ltr' id='par_1_41' title="bbox 375 3934 1952 4019">
     <span class='ocr_line' id='line_1_41' title="bbox 375 3934 1952 4019; baseline 0.008 -29"><span class='ocrx_word' id='word_1_329' title='bbox 375 3934 469 3990; x_wconf 69' lang='lat' dir='ltr'><strong>Sed</strong></span> <span class='ocrx_word' id='word_1_330' title='bbox 499 3937 566 3990; x_wconf 88' lang='lat' dir='ltr'><strong>ita</strong></span> <span class='ocrx_word' id='word_1_331' title='bbox 598 3938 792 4006; x_wconf 89' lang='lat' dir='ltr'><strong>potius,</strong></span> <span class='ocrx_word' id='word_1_332' title='bbox 825 3948 882 3993; x_wconf 90' lang='lat' dir='ltr'><strong>ut</strong></span> <span class='ocrx_word' id='word_1_333' title='bbox 907 3941 974 3992; x_wconf 90' lang='lat' dir='ltr'><strong>ab</strong></span> <span class='ocrx_word' id='word_1_334' title='bbox 1004 3940 1096 3994; x_wconf 82' lang='lat' dir='ltr'><strong>illo</strong></span> <span class='ocrx_word' id='word_1_335' title='bbox 1121 3941 1373 4010; x_wconf 89' lang='lat' dir='ltr'><strong>audiens,</strong></span> <span class='ocrx_word' id='word_1_336' title='bbox 1403 3943 1528 3999; x_wconf 86' lang='lat' dir='ltr'><strong>Sine</strong></span> <span class='ocrx_word' id='word_1_337' title='bbox 1555 3963 1631 3999; x_wconf 83' lang='lat' dir='ltr'><strong>me</strong></span> <span class='ocrx_word' id='word_1_338' title='bbox 1657 3946 1786 4000; x_wconf 81' lang='lat' dir='ltr'><strong>nihil</strong></span> <span class='ocrx_word' id='word_1_339' title='bbox 1809 3957 1952 4019; x_wconf 85' lang='lat' dir='ltr'><strong>pate-</strong></span> 
     </span>
    </p>
   </div>
   <div class='ocr_carea' id='block_1_42' title="bbox 371 4026 1953 4107">
    <p class='ocr_par' dir='ltr' id='par_1_42' title="bbox 371 4026 1953 4107">
     <span class='ocr_line' id='line_1_42' title="bbox 371 4026 1953 4107; baseline 0.01 -27"><span class='ocrx_word' id='word_1_340' title='bbox 371 4026 463 4080; x_wconf 74' lang='lat' dir='ltr'><strong>stis</strong></span> <span class='ocrx_word' id='word_1_341' title='bbox 489 4031 652 4098; x_wconf 77' lang='lat' dir='ltr'><strong>facere</strong></span> <span class='ocrx_word' id='word_1_342' title='bbox 679 4029 790 4097; x_wconf 89' lang='lat' dir='ltr'><strong>(Id.</strong></span> <span class='ocrx_word' id='word_1_343' title='bbox 820 4046 914 4094; x_wconf 80' lang='lat' dir='ltr'><strong>xv,</strong></span> <span class='ocrx_word' id='word_1_344' title='bbox 945 4030 1000 4102; x_wconf 82' lang='grc'><strong>5)</strong></span> <span class='ocrx_word' id='word_1_345' title='bbox 1027 4048 1042 4094; x_wconf 89' lang='grc'><strong>;</strong></span> <span class='ocrx_word' id='word_1_346' title='bbox 1075 4033 1216 4087; x_wconf 88' lang='lat' dir='ltr'><strong>dicat</strong></span> <span class='ocrx_word' id='word_1_347' title='bbox 1240 4034 1288 4088; x_wconf 91' lang='lat' dir='ltr'><strong>ei</strong></span> <span class='ocrx_word' id='word_1_348' title='bbox 1315 4043 1370 4089; x_wconf 91' lang='lat' dir='ltr'><strong>et</strong></span> <span class='ocrx_word' id='word_1_349' title='bbox 1407 4036 1539 4106; x_wconf 78' lang='lat' dir='ltr'><strong>ipse,</strong></span> <span class='ocrx_word' id='word_1_350' title='bbox 1569 4038 1790 4107; x_wconf 80' lang='lat' dir='ltr'><strong>Adjutor</strong></span> <span class='ocrx_word' id='word_1_351' title='bbox 1813 4057 1953 4096; x_wconf 80' lang='lat' dir='ltr'><strong>meus</strong></span> 
     </span>
    </p>
   </div>
   <div class='ocr_carea' id='block_1_43' title="bbox 373 4119 1948 4198">
    <p class='ocr_par' dir='ltr' id='par_1_43' title="bbox 373 4119 1948 4198">
     <span class='ocr_line' id='line_1_43' title="bbox 373 4119 1948 4198; baseline 0.011 -30"><span class='ocrx_word' id='word_1_352' title='bbox 373 4125 507 4180; x_wconf 83' lang='lat' dir='ltr'><strong>esto,</strong></span> <span class='ocrx_word' id='word_1_353' title='bbox 537 4134 600 4170; x_wconf 87' lang='lat' dir='ltr'><strong>ne</strong></span> <span class='ocrx_word' id='word_1_354' title='bbox 635 4119 950 4190; x_wconf 81' lang='lat' dir='ltr'><strong>derelinquas</strong></span> <span class='ocrx_word' id='word_1_355' title='bbox 978 4138 1056 4174; x_wconf 86' lang='lat' dir='ltr'><strong>me</strong></span> <span class='ocrx_word' id='word_1_356' title='bbox 1083 4121 1266 4192; x_wconf 82' lang='lat' dir='ltr'><strong>(Psal.</strong></span> <span class='ocrx_word' id='word_1_357' title='bbox 1301 4139 1440 4190; x_wconf 76' lang='lat' dir='ltr'><strong>xxvr,</strong></span> <span class='ocrx_word' id='word_1_358' title='bbox 1470 4123 1546 4196; x_wconf 87' lang='lat'><strong>9).</strong></span> <span class='ocrx_word' id='word_1_359' title='bbox 1591 4127 1740 4182; x_wconf 82' lang='lat' dir='ltr'><strong>Hanc</strong></span> <span class='ocrx_word' id='word_1_360' title='bbox 1767 4129 1948 4198; x_wconf 85' lang='lat' dir='ltr'><strong>fidem,</strong></span> 
     </span>
    </p>
   </div>
   <div class='ocr_carea' id='block_1_44' title="bbox 370 4210 1952 4286">
    <p class='ocr_par' dir='ltr' id='par_1_44' title="bbox 370 4210 1952 4286">
     <span class='ocr_line' id='line_1_44' title="bbox 370 4210 1952 4286; baseline 0.012 -28"><span class='ocrx_word' id='word_1_361' title='bbox 370 4222 490 4276; x_wconf 78' lang='lat' dir='ltr'><strong>qua:</strong></span> <span class='ocrx_word' id='word_1_362' title='bbox 531 4210 648 4264; x_wconf 87' lang='lat' dir='ltr'><strong>sine</strong></span> <span class='ocrx_word' id='word_1_363' title='bbox 683 4210 844 4266; x_wconf 89' lang='lat' dir='ltr'><strong>dubio</strong></span> <span class='ocrx_word' id='word_1_364' title='bbox 871 4227 994 4266; x_wconf 83' lang='lat' dir='ltr'><strong>vera</strong></span> <span class='ocrx_word' id='word_1_365' title='bbox 1035 4223 1088 4266; x_wconf 92' lang='lat' dir='ltr'><strong>et</strong></span> <span class='ocrx_word' id='word_1_366' title='bbox 1131 4214 1435 4283; x_wconf 89' lang='lat' dir='ltr'><strong>prophetica</strong></span> <span class='ocrx_word' id='word_1_367' title='bbox 1481 4225 1536 4270; x_wconf 88' lang='lat' dir='ltr'><strong>et</strong></span> <span class='ocrx_word' id='word_1_368' title='bbox 1571 4221 1860 4286; x_wconf 85' lang='lat' dir='ltr'><strong>apostolica</strong></span> <span class='ocrx_word' id='word_1_369' title='bbox 1897 4233 1952 4277; x_wconf 92' lang='lat' dir='ltr'><strong>et</strong></span> 
     </span>
    </p>
   </div>
   <div class='ocr_carea' id='block_1_45' title="bbox 371 4298 1948 4368">
    <p class='ocr_par' dir='ltr' id='par_1_45' title="bbox 371 4298 1948 4368">
     <span class='ocr_line' id='line_1_45' title="bbox 371 4298 1948 4368; baseline 0.01 -16"><span class='ocrx_word' id='word_1_370' title='bbox 371 4298 632 4354; x_wconf 82' lang='lat' dir='ltr'><strong>catholica</strong></span> <span class='ocrx_word' id='word_1_371' title='bbox 663 4300 796 4355; x_wconf 87' lang='lat' dir='ltr'><strong>fides</strong></span> <span class='ocrx_word' id='word_1_372' title='bbox 835 4312 916 4356; x_wconf 90' lang='lat' dir='ltr'><strong>est</strong></span> <span class='ocrx_word' id='word_1_373' title='bbox 935 4343 950 4368; x_wconf 90' lang='lat'><strong>,</strong></span> <span class='ocrx_word' id='word_1_374' title='bbox 981 4304 1142 4358; x_wconf 88' lang='lat' dir='ltr'><strong>etiam</strong></span> <span class='ocrx_word' id='word_1_375' title='bbox 1173 4306 1222 4357; x_wconf 90' lang='lat' dir='ltr'><strong>in</strong></span> <span class='ocrx_word' id='word_1_376' title='bbox 1270 4305 1434 4361; x_wconf 88' lang='lat' dir='ltr'><strong>fratre</strong></span> <span class='ocrx_word' id='word_1_377' title='bbox 1463 4317 1648 4362; x_wconf 89' lang='lat' dir='ltr'><strong>nostro</strong></span> <span class='ocrx_word' id='word_1_378' title='bbox 1675 4309 1833 4366; x_wconf 87' lang='lat' dir='ltr'><strong>Floro</strong></span> <span class='ocrx_word' id='word_1_379' title='bbox 1862 4313 1948 4368; x_wconf 91' lang='lat' dir='ltr'><strong>in-</strong></span> 
     </span>
    </p>
   </div>
   <div class='ocr_carea' id='block_1_46' title="bbox 369 4389 1946 4470">
    <p class='ocr_par' dir='ltr' id='par_1_46' title="bbox 369 4389 1946 4470">
     <span class='ocr_line' id='line_1_46' title="bbox 369 4389 1946 4470; baseline 0.011 -30"><span class='ocrx_word' id='word_1_380' title='bbox 369 4389 580 4444; x_wconf 77' lang='lat' dir='ltr'><strong>venisse</strong></span> <span class='ocrx_word' id='word_1_381' title='bbox 609 4405 694 4446; x_wconf 88' lang='lat' dir='ltr'><strong>me</strong></span> <span class='ocrx_word' id='word_1_382' title='bbox 719 4391 926 4461; x_wconf 85' lang='lat' dir='ltr'><strong>gaudeo</strong></span> <span class='ocrx_word' id='word_1_383' title='bbox 955 4409 966 4444; x_wconf 95' lang='lat'>:</span> <span class='ocrx_word' id='word_1_384' title='bbox 1001 4393 1138 4448; x_wconf 89' lang='lat' dir='ltr'><strong>unde</strong></span> <span class='ocrx_word' id='word_1_385' title='bbox 1169 4394 1220 4448; x_wconf 90' lang='lat' dir='ltr'><strong>bi</strong></span> <span class='ocrx_word' id='word_1_386' title='bbox 1249 4395 1426 4462; x_wconf 88' lang='lat' dir='ltr'><strong>potius</strong></span> <span class='ocrx_word' id='word_1_387' title='bbox 1461 4399 1762 4468; x_wconf 85' lang='lat' dir='ltr'><strong>corrigendi</strong></span> <span class='ocrx_word' id='word_1_388' title='bbox 1804 4411 1946 4470; x_wconf 89' lang='lat' dir='ltr'><strong>sunt,</strong></span> 
     </span>
    </p>
   </div>
   <div class='ocr_carea' id='block_1_47' title="bbox 370 4481 1948 4559">
    <p class='ocr_par' dir='ltr' id='par_1_47' title="bbox 370 4481 1948 4559">
     <span class='ocr_line' id='line_1_47' title="bbox 370 4481 1948 4559; baseline 0.011 -30"><span class='ocrx_word' id='word_1_389' title='bbox 370 4493 506 4547; x_wconf 88' lang='lat' dir='ltr'><strong>quos</strong></span> <span class='ocrx_word' id='word_1_390' title='bbox 550 4481 760 4550; x_wconf 83' lang='lat' dir='ltr'><strong>quidem</strong></span> <span class='ocrx_word' id='word_1_391' title='bbox 794 4483 1022 4551; x_wconf 89' lang='lat' dir='ltr'><strong>propitio</strong></span> <span class='ocrx_word' id='word_1_392' title='bbox 1065 4483 1174 4538; x_wconf 87' lang='lat' dir='ltr'><strong>Deo</strong></span> <span class='ocrx_word' id='word_1_393' title='bbox 1214 4497 1482 4540; x_wconf 87' lang='lat' dir='ltr'><strong>correctos</strong></span> <span class='ocrx_word' id='word_1_394' title='bbox 1525 4503 1646 4544; x_wconf 79' lang='lat' dir='ltr'><strong>esse</strong></span> <span class='ocrx_word' id='word_1_395' title='bbox 1683 4492 1794 4559; x_wconf 86' lang='lat' dir='ltr'><strong>jam</strong></span> <span class='ocrx_word' id='word_1_396' title='bbox 1833 4494 1948 4546; x_wconf 75' lang='lat' dir='ltr'><strong>exi-</strong></span> 
     </span>
    </p>
   </div>
   <div class='ocr_carea' id='block_1_48' title="bbox 369 4572 1358 4645">
    <p class='ocr_par' dir='ltr' id='par_1_48' title="bbox 369 4572 1358 4645">
     <span class='ocr_line' id='line_1_48' title="bbox 369 4572 1358 4645; baseline 0.006 -21"><span class='ocrx_word' id='word_1_397' title='bbox 369 4572 550 4633; x_wconf 79' lang='lat' dir='ltr'><strong>Stiino,</strong></span> <span class='ocrx_word' id='word_1_398' title='bbox 578 4573 664 4640; x_wconf 85' lang='lat' dir='ltr'><strong>qui</strong></span> <span class='ocrx_word' id='word_1_399' title='bbox 691 4589 811 4628; x_wconf 87' lang='lat' dir='ltr'><strong>eunt</strong></span> <span class='ocrx_word' id='word_1_400' title='bbox 845 4589 948 4628; x_wconf 90' lang='lat' dir='ltr'><strong>non</strong></span> <span class='ocrx_word' id='word_1_401' title='bbox 975 4575 1358 4645; x_wconf 79' lang='lat' dir='ltr'><strong>intelligebant.</strong></span> 
     </span>
    </p>
   </div>
   <div class='ocr_carea' id='block_1_49' title="bbox 439 4661 1945 4744">
    <p class='ocr_par' dir='ltr' id='par_1_49' title="bbox 439 4661 1945 4744">
     <span class='ocr_line' id='line_1_49' title="bbox 439 4661 1945 4744; baseline 0.008 -26"><span class='ocrx_word' id='word_1_402' title='bbox 439 4661 615 4718; x_wconf 84' lang='lat' dir='ltr'><strong>C.\PU</strong></span> <span class='ocrx_word' id='word_1_403' title='bbox 635 4664 664 4716; x_wconf 85' lang='grc' dir='ltr'><strong>Γ</strong></span> <span class='ocrx_word' id='word_1_404' title='bbox 705 4664 766 4718; x_wconf 92' lang='lat' dir='ltr'><strong>ll.</strong></span> <span class='ocrx_word' id='word_1_405' title='bbox 793 4693 864 4704; x_wconf 91' lang='lat'><strong>-—</strong></span> <span class='ocrx_word' id='word_1_406' title='bbox 893 4667 944 4718; x_wconf 80' lang='lat'><strong>5.</strong></span> <span class='ocrx_word' id='word_1_407' title='bbox 991 4665 1334 4738; x_wconf 87' lang='lat' dir='ltr'><strong>Intelligenda</strong></span> <span class='ocrx_word' id='word_1_408' title='bbox 1364 4679 1447 4725; x_wconf 90' lang='lat' dir='ltr'><strong>est</strong></span> <span class='ocrx_word' id='word_1_409' title='bbox 1483 4670 1624 4727; x_wconf 89' lang='lat' dir='ltr'><strong>enim</strong></span> <span class='ocrx_word' id='word_1_410' title='bbox 1653 4673 1818 4744; x_wconf 87' lang='lat' dir='ltr'><strong>gratia</strong></span> <span class='ocrx_word' id='word_1_411' title='bbox 1851 4675 1945 4730; x_wconf 90' lang='lat' dir='ltr'><strong>Dei</strong></span> 
     </span>
    </p>
   </div>
   <div class='ocr_carea' id='block_1_50' title="bbox 371 4753 1946 4835">
    <p class='ocr_par' dir='ltr' id='par_1_50' title="bbox 371 4753 1946 4835">
     <span class='ocr_line' id='line_1_50' title="bbox 371 4753 1946 4835; baseline 0.01 -28"><span class='ocrx_word' id='word_1_412' title='bbox 371 4767 467 4820; x_wconf 81' lang='lat' dir='ltr'><strong>per</strong></span> <span class='ocrx_word' id='word_1_413' title='bbox 509 4753 692 4808; x_wconf 84' lang='lat' dir='ltr'><strong>Jesum</strong></span> <span class='ocrx_word' id='word_1_414' title='bbox 731 4753 996 4810; x_wconf 76' lang='lat' dir='ltr'><strong>Christum</strong></span> <span class='ocrx_word' id='word_1_415' title='bbox 1046 4757 1330 4814; x_wconf 89' lang='lat' dir='ltr'><strong>Dominum</strong></span> <span class='ocrx_word' id='word_1_416' title='bbox 1377 4773 1640 4828; x_wconf 88' lang='lat' dir='ltr'><strong>nostrum,</strong></span> <span class='ocrx_word' id='word_1_417' title='bbox 1688 4781 1788 4835; x_wconf 90' lang='lat' dir='ltr'><strong>qua</strong></span> <span class='ocrx_word' id='word_1_418' title='bbox 1835 4767 1946 4823; x_wconf 84' lang='lat' dir='ltr'><strong>sola</strong></span> 
     </span>
    </p>
   </div>
   <div class='ocr_carea' id='block_1_51' title="bbox 369 4842 1950 4928">
    <p class='ocr_par' dir='ltr' id='par_1_51' title="bbox 369 4842 1950 4928">
     <span class='ocr_line' id='line_1_51' title="bbox 369 4842 1950 4928; baseline 0.013 -33"><span class='ocrx_word' id='word_1_419' title='bbox 369 4842 612 4898; x_wconf 80' lang='lat' dir='ltr'><strong>homines</strong></span> <span class='ocrx_word' id='word_1_420' title='bbox 641 4844 936 4900; x_wconf 82' lang='lat' dir='ltr'><strong>liberantur</strong></span> <span class='ocrx_word' id='word_1_421' title='bbox 959 4863 988 4900; x_wconf 89' lang='lat' dir='ltr'><strong>a</strong></span> <span class='ocrx_word' id='word_1_422' title='bbox 1019 4848 1176 4914; x_wconf 89' lang='lat' dir='ltr'><strong>malo,</strong></span> <span class='ocrx_word' id='word_1_423' title='bbox 1205 4861 1259 4904; x_wconf 92' lang='lat' dir='ltr'><strong>et</strong></span> <span class='ocrx_word' id='word_1_424' title='bbox 1297 4852 1413 4906; x_wconf 89' lang='lat' dir='ltr'><strong>sine</strong></span> <span class='ocrx_word' id='word_1_425' title='bbox 1441 4869 1542 4922; x_wconf 89' lang='lat' dir='ltr'><strong>qua</strong></span> <span class='ocrx_word' id='word_1_426' title='bbox 1569 4857 1768 4910; x_wconf 89' lang='lat' dir='ltr'><strong>nullum</strong></span> <span class='ocrx_word' id='word_1_427' title='bbox 1797 4873 1950 4928; x_wconf 88' lang='lat' dir='ltr'><strong>pror-</strong></span> 
     </span>
    </p>
   </div>
   <div class='ocr_carea' id='block_1_52' title="bbox 367 4938 1947 5015">
    <p class='ocr_par' dir='ltr' id='par_1_52' title="bbox 367 4938 1947 5015">
     <span class='ocr_line' id='line_1_52' title="bbox 367 4938 1947 5015; baseline 0.013 -27"><span class='ocrx_word' id='word_1_428' title='bbox 367 4947 462 4988; x_wconf 81' lang='lat' dir='ltr'><strong>sus</strong></span> <span class='ocrx_word' id='word_1_429' title='bbox 505 4939 620 4992; x_wconf 87' lang='lat' dir='ltr'><strong>sive</strong></span> <span class='ocrx_word' id='word_1_430' title='bbox 665 4938 968 5008; x_wconf 83' lang='lat' dir='ltr'><strong>cogitando,</strong></span> <span class='ocrx_word' id='word_1_431' title='bbox 1019 4939 1130 4996; x_wconf 77' lang='lat' dir='ltr'><strong>sive</strong></span> <span class='ocrx_word' id='word_1_432' title='bbox 1171 4943 1399 4998; x_wconf 85' lang='lat' dir='ltr'><strong>valendo</strong></span> <span class='ocrx_word' id='word_1_433' title='bbox 1443 4957 1498 5000; x_wconf 91' lang='lat' dir='ltr'><strong>et</strong></span> <span class='ocrx_word' id='word_1_434' title='bbox 1539 4950 1787 5015; x_wconf 87' lang='lat' dir='ltr'><strong>amando,</strong></span> <span class='ocrx_word' id='word_1_435' title='bbox 1834 4953 1947 5009; x_wconf 81' lang='lat' dir='ltr'><strong>sive</strong></span> 
     </span>
    </p>
   </div>
   <div class='ocr_carea' id='block_1_53' title="bbox 365 5025 1946 5099">
    <p class='ocr_par' dir='ltr' id='par_1_53' title="bbox 365 5025 1946 5099">
     <span class='ocr_line' id='line_1_53' title="bbox 365 5025 1946 5099; baseline 0.015 -23"><span class='ocrx_word' id='word_1_436' title='bbox 365 5026 574 5094; x_wconf 86' lang='lat' dir='ltr'><strong>agendo</strong></span> <span class='ocrx_word' id='word_1_437' title='bbox 614 5025 812 5080; x_wconf 82' lang='lat' dir='ltr'><strong>facitmt</strong></span> <span class='ocrx_word' id='word_1_438' title='bbox 859 5028 1054 5083; x_wconf 88' lang='lat' dir='ltr'><strong>bonum</strong></span> <span class='ocrx_word' id='word_1_439' title='bbox 1096 5047 1108 5084; x_wconf 91' lang='lat'><strong>:</strong></span> <span class='ocrx_word' id='word_1_440' title='bbox 1152 5046 1256 5084; x_wconf 92' lang='lat' dir='ltr'><strong>non</strong></span> <span class='ocrx_word' id='word_1_441' title='bbox 1296 5033 1468 5087; x_wconf 88' lang='lat' dir='ltr'><strong>solum</strong></span> <span class='ocrx_word' id='word_1_442' title='bbox 1513 5047 1572 5090; x_wconf 89' lang='lat' dir='ltr'><strong>ut</strong></span> <span class='ocrx_word' id='word_1_443' title='bbox 1616 5049 1946 5099; x_wconf 84' lang='lat' dir='ltr'><strong>monstrante</strong></span> 
     </span>
    </p>
   </div>
   <div class='ocr_carea' id='block_1_54' title="bbox 367 5115 1944 5202">
    <p class='ocr_par' dir='ltr' id='par_1_54' title="bbox 367 5115 1944 5202">
     <span class='ocr_line' id='line_1_54' title="bbox 367 5115 1944 5202; baseline 0.013 -34"><span class='ocrx_word' id='word_1_444' title='bbox 367 5115 481 5186; x_wconf 80' lang='lat' dir='ltr'><strong>ipsa</strong></span> <span class='ocrx_word' id='word_1_445' title='bbox 511 5117 636 5185; x_wconf 90' lang='lat' dir='ltr'><strong>quid</strong></span> <span class='ocrx_word' id='word_1_446' title='bbox 667 5117 961 5174; x_wconf 84' lang='lat' dir='ltr'><strong>faciendum</strong></span> <span class='ocrx_word' id='word_1_447' title='bbox 990 5121 1060 5174; x_wconf 90' lang='lat' dir='ltr'><strong>sit</strong></span> <span class='ocrx_word' id='word_1_448' title='bbox 1085 5123 1284 5188; x_wconf 88' lang='lat' dir='ltr'><strong>sciant,</strong></span> <span class='ocrx_word' id='word_1_449' title='bbox 1317 5140 1500 5180; x_wconf 88' lang='lat' dir='ltr'><strong>verum</strong></span> <span class='ocrx_word' id='word_1_450' title='bbox 1535 5130 1694 5184; x_wconf 89' lang='lat' dir='ltr'><strong>etiam</strong></span> <span class='ocrx_word' id='word_1_451' title='bbox 1723 5141 1778 5186; x_wconf 91' lang='lat' dir='ltr'><strong>ut</strong></span> <span class='ocrx_word' id='word_1_452' title='bbox 1803 5149 1944 5202; x_wconf 75' lang='lat' dir='ltr'><strong>prte-</strong></span> 
     </span>
    </p>
   </div>
   <div class='ocr_carea' id='block_1_55' title="bbox 367 5207 1944 5286">
    <p class='ocr_par' dir='ltr' id='par_1_55' title="bbox 367 5207 1944 5286">
     <span class='ocr_line' id='line_1_55' title="bbox 367 5207 1944 5286; baseline 0.015 -29"><span class='ocrx_word' id='word_1_453' title='bbox 367 5215 542 5260; x_wconf 84' lang='lat' dir='ltr'><strong>stante</strong></span> <span class='ocrx_word' id='word_1_454' title='bbox 567 5207 680 5275; x_wconf 88' lang='lat' dir='ltr'><strong>ipsa</strong></span> <span class='ocrx_word' id='word_1_455' title='bbox 719 5209 912 5264; x_wconf 90' lang='lat' dir='ltr'><strong>faciant</strong></span> <span class='ocrx_word' id='word_1_456' title='bbox 937 5225 1058 5266; x_wconf 91' lang='lat' dir='ltr'><strong>cum</strong></span> <span class='ocrx_word' id='word_1_457' title='bbox 1086 5213 1368 5268; x_wconf 84' lang='lat' dir='ltr'><strong>dilectione</strong></span> <span class='ocrx_word' id='word_1_458' title='bbox 1405 5217 1546 5286; x_wconf 90' lang='lat' dir='ltr'><strong>quod</strong></span> <span class='ocrx_word' id='word_1_459' title='bbox 1575 5222 1766 5275; x_wconf 88' lang='lat' dir='ltr'><strong>sciunt.</strong></span> <span class='ocrx_word' id='word_1_460' title='bbox 1797 5224 1944 5282; x_wconf 85' lang='lat' dir='ltr'><strong>lianc</strong></span> 
     </span>
    </p>
   </div>
   <div class='ocr_carea' id='block_1_56' title="bbox 364 5295 1944 5384">
    <p class='ocr_par' dir='ltr' id='par_1_56' title="bbox 364 5295 1944 5384">
     <span class='ocr_line' id='line_1_56' title="bbox 364 5295 1944 5384; baseline 0.014 -36"><span class='ocrx_word' id='word_1_461' title='bbox 364 5295 560 5368; x_wconf 86' lang='lat' dir='ltr'><strong>quippe</strong></span> <span class='ocrx_word' id='word_1_462' title='bbox 605 5298 1002 5368; x_wconf 82' lang='lat' dir='ltr'><strong>inspirationetu</strong></span> <span class='ocrx_word' id='word_1_463' title='bbox 1051 5301 1202 5356; x_wconf 71' lang='lat' dir='ltr'><strong>bona:</strong></span> <span class='ocrx_word' id='word_1_464' title='bbox 1243 5305 1526 5362; x_wconf 68' lang='lat' dir='ltr'><strong>voluntatis</strong></span> <span class='ocrx_word' id='word_1_465' title='bbox 1563 5320 1722 5381; x_wconf 85' lang='lat' dir='ltr'><strong>atque</strong></span> <span class='ocrx_word' id='word_1_466' title='bbox 1765 5316 1944 5384; x_wconf 84' lang='lat' dir='ltr'><strong>Operis</strong></span> 
     </span>
    </p>
   </div>
   <div class='ocr_carea' id='block_1_57' title="bbox 423 5407 1114 5474">
    <p class='ocr_par' dir='ltr' id='par_1_57' title="bbox 423 5407 1114 5474">
     <span class='ocr_line' id='line_1_57' title="bbox 423 5407 1114 5474; baseline 0.01 -18"><span class='ocrx_word' id='word_1_467' title='bbox 423 5409 441 5474; x_wconf 63' lang='grc' dir='ltr'><strong>ξ</strong></span> <span class='ocrx_word' id='word_1_468' title='bbox 477 5407 662 5474; x_wconf 78' lang='lat' dir='ltr'><strong>Aliquot</strong></span> <span class='ocrx_word' id='word_1_469' title='bbox 683 5415 810 5468; x_wconf 59' lang='lat' dir='ltr'><strong>uss,</strong></span> <span class='ocrx_word' id='word_1_470' title='bbox 835 5413 1114 5474; x_wconf 76' lang='lat' dir='ltr'><strong>profectum.</strong></span> 
     </span>
    </p>
   </div>
   <div class='ocr_carea' id='block_1_58' title="bbox 423 5470 1944 5544">
    <p class='ocr_par' dir='ltr' id='par_1_58' title="bbox 423 5470 1944 5544">
     <span class='ocr_line' id='line_1_58' title="bbox 423 5470 1944 5544; baseline 0.016 -30"><span class='ocrx_word' id='word_1_471' title='bbox 423 5470 444 5544; x_wconf 52' lang='grc' dir='ltr'>ξ</span> <span class='ocrx_word' id='word_1_472' title='bbox 477 5470 798 5544; x_wconf 53' lang='grc' dir='ltr'><strong>ιρνιιιιιεξιιδιςξ</strong></span> <span class='ocrx_word' id='word_1_473' title='bbox 836 5470 1173 5544; x_wconf 75' lang='lat' dir='ltr'><strong>corrigendum</strong></span> <span class='ocrx_word' id='word_1_474' title='bbox 1201 5481 1452 5544; x_wconf 79' lang='lat' dir='ltr'><strong>putabant,</strong></span> <span class='ocrx_word' id='word_1_475' title='bbox 1477 5481 1844 5536; x_wconf 61' lang='lat' dir='ltr'><strong>(tumidissime.</strong></span> <span class='ocrx_word' id='word_1_476' title='bbox 1891 5497 1944 5540; x_wconf 72' lang='lat' dir='ltr'><strong>At</strong></span> 
     </span>
    </p>
   </div>
   <div class='ocr_carea' id='block_1_59' title="bbox 359 5531 1941 5606">
    <p class='ocr_par' dir='ltr' id='par_1_59' title="bbox 359 5531 1941 5606">
     <span class='ocr_line' id='line_1_59' title="bbox 359 5531 1941 5606; baseline 0.015 -28"><span class='ocrx_word' id='word_1_477' title='bbox 359 5533 612 5606; x_wconf 64' lang='lat' dir='ltr'><strong>ntattuscrii</strong></span> <span class='ocrx_word' id='word_1_478' title='bbox 634 5533 668 5606; x_wconf 84' lang='lat' dir='ltr'><strong>ti</strong></span> <span class='ocrx_word' id='word_1_479' title='bbox 688 5531 907 5606; x_wconf 48' lang='lat' dir='ltr'><strong>dedicaui</strong></span> <span class='ocrx_word' id='word_1_480' title='bbox 935 5531 987 5606; x_wconf 66' lang='lat' dir='ltr'><strong>et</strong></span> <span class='ocrx_word' id='word_1_481' title='bbox 1009 5531 1344 5605; x_wconf 49' lang='lat' dir='ltr'><strong>\‘atit-atti&#39;Ctgttt</strong></span> <span class='ocrx_word' id='word_1_482' title='bbox 1383 5531 1941 5606; x_wconf 39' lang='lat' dir='ltr'><strong>auti.ptioribusruditio:</strong></span> 
     </span>
    </p>
   </div>
   <div class='ocr_carea' id='block_1_60' title="bbox 357 5592 1342 5666">
    <p class='ocr_par' dir='ltr' id='par_1_60' title="bbox 357 5592 1342 5666">
     <span class='ocr_line' id='line_1_60' title="bbox 357 5592 1342 5666; baseline 0.011 -29"><span class='ocrx_word' id='word_1_483' title='bbox 357 5592 506 5666; x_wconf 66' lang='lat' dir='ltr'><strong>nibus</strong></span> <span class='ocrx_word' id='word_1_484' title='bbox 525 5592 722 5666; x_wconf 66' lang='lat' dir='ltr'><strong>battent,</strong></span> <span class='ocrx_word' id='word_1_485' title='bbox 741 5593 1126 5666; x_wconf 57' lang='lat' dir='ltr'><strong>diligentissime.</strong></span> <span class='ocrx_word' id='word_1_486' title='bbox 1263 5592 1302 5666; x_wconf 69' lang='lat'>_&#39;</span> <span class='ocrx_word' id='word_1_487' title='bbox 1327 5639 1342 5666; x_wconf 52' lang='grc' dir='ltr'><strong>ι</strong></span> 
     </span>
    </p>
   </div>
   <div class='ocr_carea' id='block_1_61' title="bbox 425 5653 1935 5730">
    <p class='ocr_par' dir='ltr' id='par_1_61' title="bbox 425 5653 1935 5730">
     <span class='ocr_line' id='line_1_61' title="bbox 425 5653 1935 5730; baseline 0.013 -30"><span class='ocrx_word' id='word_1_488' title='bbox 425 5654 444 5684; x_wconf 85' lang='grc'>³</span> <span class='ocrx_word' id='word_1_489' title='bbox 475 5653 780 5730; x_wconf 59' lang='lat' dir='ltr'><strong>fxirlieiensis</strong></span> <span class='ocrx_word' id='word_1_490' title='bbox 809 5653 1162 5730; x_wconf 58' lang='lat' dir='ltr'><strong>vetustissinuts</strong></span> <span class='ocrx_word' id='word_1_491' title='bbox 1191 5653 1358 5721; x_wconf 57' lang='lat' dir='ltr'><strong>catini,</strong></span> <span class='ocrx_word' id='word_1_492' title='bbox 1388 5661 1480 5710; x_wconf 77' lang='lat' dir='ltr'><strong>nisi</strong></span> <span class='ocrx_word' id='word_1_493' title='bbox 1515 5664 1712 5726; x_wconf 76' lang='lat' dir='ltr'><strong>spiritus</strong></span> <span class='ocrx_word' id='word_1_494' title='bbox 1748 5671 1935 5730; x_wconf 61' lang='lat' dir='ltr'><strong>gratim.</strong></span> 
     </span>
    </p>
   </div>
   <div class='ocr_carea' id='block_1_62' title="bbox 359 5709 1756 5779">
    <p class='ocr_par' dir='ltr' id='par_1_62' title="bbox 359 5709 1756 5779">
     <span class='ocr_line' id='line_1_62' title="bbox 359 5709 1756 5779; baseline -0.031 -26"><span class='ocrx_word' id='word_1_495' title='bbox 359 5709 640 5772; x_wconf 63' lang='lat' dir='ltr'><strong>rasalettsis,</strong></span> <span class='ocrx_word' id='word_1_496' title='bbox 669 5713 759 5762; x_wconf 73' lang='lat' dir='ltr'><strong>nisi</strong></span> <span class='ocrx_word' id='word_1_497' title='bbox 785 5723 952 5776; x_wconf 72' lang='lat' dir='ltr'><strong>spiritu</strong></span> <span class='ocrx_word' id='word_1_498' title='bbox 973 5719 1159 5779; x_wconf 45' lang='lat' dir='ltr'><strong>gnum.</strong></span> <span class='ocrx_word' id='word_1_499' title='bbox 1465 5709 1472 5710; x_wconf 43' lang='grc' dir='ltr'><em>κ</em></span> <span class='ocrx_word' id='word_1_500' title='bbox 1748 5709 1756 5732; x_wconf 37' lang='grc' dir='ltr'>ί</span> 
     </span>
    </p>
   </div>
   <div class='ocr_carea' id='block_1_63' title="bbox 1773 279 2212 338">
    <p class='ocr_par' dir='ltr' id='par_1_63' title="bbox 1773 279 2212 338">
     <span class='ocr_line' id='line_1_63' title="bbox 1773 279 2212 338; baseline -0.002 0"><span class='ocrx_word' id='word_1_501' title='bbox 1773 282 1973 338; x_wconf 81' lang='lat' dir='ltr'><strong>LlBEll</strong></span> <span class='ocrx_word' id='word_1_502' title='bbox 2016 279 2212 338; x_wconf 70' lang='lat' dir='ltr'><strong>UNUS.</strong></span> 
     </span>
    </p>
   </div>
   <div class='ocr_carea' id='block_1_64' title="bbox 3545 287 3646 339">
    <p class='ocr_par' dir='ltr' id='par_1_64' title="bbox 3545 287 3646 339">
     <span class='ocr_line' id='line_1_64' title="bbox 3545 287 3646 339; baseline -0.03 0"><span class='ocrx_word' id='word_1_503' title='bbox 3545 287 3646 339; x_wconf 72' lang='lat'><strong>913</strong></span> 
     </span>
    </p>
   </div>
   <div class='ocr_carea' id='block_1_65' title="bbox 2067 395 3645 466">
    <p class='ocr_par' dir='ltr' id='par_1_65' title="bbox 2067 395 3645 466">
     <span class='ocr_line' id='line_1_65' title="bbox 2067 395 3645 466; baseline 0.001 -20"><span class='ocrx_word' id='word_1_504' title='bbox 2067 395 2315 462; x_wconf 82' lang='lat' dir='ltr'><strong>poscebat</strong></span> <span class='ocrx_word' id='word_1_505' title='bbox 2344 395 2624 463; x_wconf 62' lang='lat' dir='ltr'><strong>Apostolus</strong></span> <span class='ocrx_word' id='word_1_506' title='bbox 2653 395 2728 450; x_wconf 85' lang='lat' dir='ltr'><strong>eis</strong></span> <span class='ocrx_word' id='word_1_507' title='bbox 2753 439 2768 460; x_wconf 92' lang='lat'><strong>,</strong></span> <span class='ocrx_word' id='word_1_508' title='bbox 2816 396 3010 466; x_wconf 79' lang='lat' dir='ltr'><strong>quibus</strong></span> <span class='ocrx_word' id='word_1_509' title='bbox 3039 396 3268 456; x_wconf 82' lang='lat' dir='ltr'><strong>dicebat.</strong></span> <span class='ocrx_word' id='word_1_510' title='bbox 3306 395 3524 450; x_wconf 77' lang='lat' dir='ltr'><strong>Oramus</strong></span> <span class='ocrx_word' id='word_1_511' title='bbox 3551 415 3645 448; x_wconf 37' lang='lat' dir='ltr'><strong>au.-</strong></span> 
     </span>
    </p>
   </div>
   <div class='ocr_carea' id='block_1_66' title="bbox 2061 485 3642 560">
    <p class='ocr_par' dir='ltr' id='par_1_66' title="bbox 2061 485 3642 560">
     <span class='ocr_line' id='line_1_66' title="bbox 2061 485 3642 560; baseline 0.003 -24"><span class='ocrx_word' id='word_1_512' title='bbox 2061 495 2159 539; x_wconf 88' lang='lat' dir='ltr'><strong>tem</strong></span> <span class='ocrx_word' id='word_1_513' title='bbox 2185 485 2252 538; x_wconf 85' lang='lat' dir='ltr'><strong>ad</strong></span> <span class='ocrx_word' id='word_1_514' title='bbox 2277 485 2471 553; x_wconf 85' lang='lat' dir='ltr'><strong>Deum,</strong></span> <span class='ocrx_word' id='word_1_515' title='bbox 2505 504 2568 542; x_wconf 85' lang='lat' dir='ltr'><strong>ne</strong></span> <span class='ocrx_word' id='word_1_516' title='bbox 2593 488 2715 560; x_wconf 82' lang='lat' dir='ltr'><strong>quid</strong></span> <span class='ocrx_word' id='word_1_517' title='bbox 2745 489 2943 558; x_wconf 75' lang='lat' dir='ltr'><strong>faciatis</strong></span> <span class='ocrx_word' id='word_1_518' title='bbox 2975 490 3095 542; x_wconf 82' lang='lat' dir='ltr'><strong>ntali</strong></span> <span class='ocrx_word' id='word_1_519' title='bbox 3117 530 3133 555; x_wconf 92' lang='lat'><strong>,</strong></span> <span class='ocrx_word' id='word_1_520' title='bbox 3181 505 3280 542; x_wconf 86' lang='lat' dir='ltr'><strong>non</strong></span> <span class='ocrx_word' id='word_1_521' title='bbox 3311 499 3366 544; x_wconf 85' lang='lat' dir='ltr'><strong>ut</strong></span> <span class='ocrx_word' id='word_1_522' title='bbox 3395 505 3486 544; x_wconf 80' lang='lat' dir='ltr'><strong>nos</strong></span> <span class='ocrx_word' id='word_1_523' title='bbox 3525 507 3642 558; x_wconf 75' lang='lat' dir='ltr'><strong>pro-</strong></span> 
     </span>
    </p>
   </div>
   <div class='ocr_carea' id='block_1_67' title="bbox 2039 565 3643 651">
    <p class='ocr_par' dir='ltr' id='par_1_67' title="bbox 2039 565 3643 651">
     <span class='ocr_line' id='line_1_67' title="bbox 2039 565 3643 651; baseline 0.004 -23"><span class='ocrx_word' id='word_1_524' title='bbox 2039 565 2162 628; x_wconf 34' lang='lat' dir='ltr'><strong>Ibati</strong></span> <span class='ocrx_word' id='word_1_525' title='bbox 2189 592 2560 644; x_wconf 84' lang='lat' dir='ltr'><strong>appareamus,</strong></span> <span class='ocrx_word' id='word_1_526' title='bbox 2593 579 2681 632; x_wconf 86' lang='lat' dir='ltr'><strong>sed</strong></span> <span class='ocrx_word' id='word_1_527' title='bbox 2719 590 2771 634; x_wconf 87' lang='lat' dir='ltr'><strong>ut</strong></span> <span class='ocrx_word' id='word_1_528' title='bbox 2811 595 2897 633; x_wconf 80' lang='lat' dir='ltr'><strong>eos</strong></span> <span class='ocrx_word' id='word_1_529' title='bbox 2937 579 3072 648; x_wconf 83' lang='lat' dir='ltr'><strong>quod</strong></span> <span class='ocrx_word' id='word_1_530' title='bbox 3117 579 3300 634; x_wconf 83' lang='lat' dir='ltr'><strong>bonum</strong></span> <span class='ocrx_word' id='word_1_531' title='bbox 3329 591 3402 634; x_wconf 75' lang='lat' dir='ltr'><strong>est</strong></span> <span class='ocrx_word' id='word_1_532' title='bbox 3445 581 3643 651; x_wconf 77' lang='lat' dir='ltr'><strong>faciatis</strong></span> 
     </span>
    </p>
   </div>
   <div class='ocr_carea' id='block_1_68' title="bbox 2062 661 3640 742">
    <p class='ocr_par' dir='ltr' id='par_1_68' title="bbox 2062 661 3640 742">
     <span class='ocr_line' id='line_1_68' title="bbox 2062 661 3640 742; baseline 0.003 -25"><span class='ocrx_word' id='word_1_533' title='bbox 2062 661 2134 734; x_wconf 86' lang='lat' dir='ltr'><strong>(ll</strong></span> <span class='ocrx_word' id='word_1_534' title='bbox 2163 665 2278 718; x_wconf 87' lang='lat' dir='ltr'><strong>Cor.</strong></span> <span class='ocrx_word' id='word_1_535' title='bbox 2313 682 2438 732; x_wconf 82' lang='lat' dir='ltr'><strong>xui,</strong></span> <span class='ocrx_word' id='word_1_536' title='bbox 2469 667 2544 738; x_wconf 88' lang='lat'><strong>7).</strong></span> <span class='ocrx_word' id='word_1_537' title='bbox 2587 668 2717 734; x_wconf 83' lang='lat' dir='ltr'><strong>Quis</strong></span> <span class='ocrx_word' id='word_1_538' title='bbox 2761 669 2862 724; x_wconf 87' lang='lat' dir='ltr'><strong>hoc</strong></span> <span class='ocrx_word' id='word_1_539' title='bbox 2902 669 3116 730; x_wconf 89' lang='lat' dir='ltr'><strong>audiat.</strong></span> <span class='ocrx_word' id='word_1_540' title='bbox 3165 681 3217 724; x_wconf 88' lang='lat' dir='ltr'><strong>et</strong></span> <span class='ocrx_word' id='word_1_541' title='bbox 3259 685 3362 724; x_wconf 91' lang='lat' dir='ltr'><strong>non</strong></span> <span class='ocrx_word' id='word_1_542' title='bbox 3408 671 3640 742; x_wconf 82' lang='lat' dir='ltr'><strong>evigilet,</strong></span> 
     </span>
    </p>
   </div>
   <div class='ocr_carea' id='block_1_69' title="bbox 2062 754 3638 826">
    <p class='ocr_par' dir='ltr' id='par_1_69' title="bbox 2062 754 3638 826">
     <span class='ocr_line' id='line_1_69' title="bbox 2062 754 3638 826; baseline 0.004 -18"><span class='ocrx_word' id='word_1_543' title='bbox 2062 764 2222 824; x_wconf 89' lang='lat' dir='ltr'><strong>atque</strong></span> <span class='ocrx_word' id='word_1_544' title='bbox 2249 754 2478 810; x_wconf 90' lang='lat' dir='ltr'><strong>fateatur</strong></span> <span class='ocrx_word' id='word_1_545' title='bbox 2509 773 2538 810; x_wconf 90' lang='lat' dir='ltr'><strong>a</strong></span> <span class='ocrx_word' id='word_1_546' title='bbox 2569 759 2791 814; x_wconf 89' lang='lat' dir='ltr'><strong>Domino</strong></span> <span class='ocrx_word' id='word_1_547' title='bbox 2819 760 2926 814; x_wconf 88' lang='lat' dir='ltr'><strong>Deo</strong></span> <span class='ocrx_word' id='word_1_548' title='bbox 2955 761 3109 814; x_wconf 86' lang='lat' dir='ltr'><strong>nobis</strong></span> <span class='ocrx_word' id='word_1_549' title='bbox 3137 775 3256 816; x_wconf 69' lang='lat' dir='ltr'><strong>esse</strong></span> <span class='ocrx_word' id='word_1_550' title='bbox 3277 803 3290 826; x_wconf 88' lang='lat'><strong>,</strong></span> <span class='ocrx_word' id='word_1_551' title='bbox 3320 769 3374 814; x_wconf 92' lang='lat' dir='ltr'><strong>ut</strong></span> <span class='ocrx_word' id='word_1_552' title='bbox 3408 760 3638 816; x_wconf 76' lang='lat' dir='ltr'><strong>declinc~</strong></span> 
     </span>
    </p>
   </div>
   <div class='ocr_carea' id='block_1_70' title="bbox 2062 847 3638 922">
    <p class='ocr_par' dir='ltr' id='par_1_70' title="bbox 2062 847 3638 922">
     <span class='ocr_line' id='line_1_70' title="bbox 2062 847 3638 922; baseline 0.006 -27"><span class='ocrx_word' id='word_1_553' title='bbox 2062 859 2178 898; x_wconf 91' lang='lat' dir='ltr'><strong>mus</strong></span> <span class='ocrx_word' id='word_1_554' title='bbox 2225 861 2254 898; x_wconf 91' lang='lat' dir='ltr'><strong>a</strong></span> <span class='ocrx_word' id='word_1_555' title='bbox 2305 847 2462 908; x_wconf 85' lang='lat' dir='ltr'><strong>malo,</strong></span> <span class='ocrx_word' id='word_1_556' title='bbox 2511 857 2564 902; x_wconf 91' lang='lat' dir='ltr'><strong>et</strong></span> <span class='ocrx_word' id='word_1_557' title='bbox 2608 847 2864 904; x_wconf 78' lang='lat' dir='ltr'><strong>faciamus</strong></span> <span class='ocrx_word' id='word_1_558' title='bbox 2911 851 3151 905; x_wconf 86' lang='lat' dir='ltr'><strong>bonum?</strong></span> <span class='ocrx_word' id='word_1_559' title='bbox 3201 851 3638 922; x_wconf 84' lang='lat' dir='ltr'><strong>Quandoquidem</strong></span> 
     </span>
    </p>
   </div>
   <div class='ocr_carea' id='block_1_71' title="bbox 2061 937 3639 1008">
    <p class='ocr_par' dir='ltr' id='par_1_71' title="bbox 2061 937 3639 1008">
     <span class='ocr_line' id='line_1_71' title="bbox 2061 937 3639 1008; baseline 0.004 -20"><span class='ocrx_word' id='word_1_560' title='bbox 2061 951 2165 988; x_wconf 88' lang='lat' dir='ltr'><strong>non</strong></span> <span class='ocrx_word' id='word_1_561' title='bbox 2211 937 2284 990; x_wconf 90' lang='lat' dir='ltr'><strong>ait</strong></span> <span class='ocrx_word' id='word_1_562' title='bbox 2327 939 2630 1007; x_wconf 78' lang='lat' dir='ltr'><strong>Apostolus.</strong></span> <span class='ocrx_word' id='word_1_563' title='bbox 2675 941 2970 1007; x_wconf 77' lang='lat' dir='ltr'><strong>Menenius,</strong></span> <span class='ocrx_word' id='word_1_564' title='bbox 3023 942 3298 1008; x_wconf 86' lang='lat' dir='ltr'><strong>docemus,</strong></span> <span class='ocrx_word' id='word_1_565' title='bbox 3345 943 3639 1004; x_wconf 81' lang='lat' dir='ltr'><strong>hortamur,</strong></span> 
     </span>
    </p>
   </div>
   <div class='ocr_carea' id='block_1_72' title="bbox 2063 1025 3618 1106">
    <p class='ocr_par' dir='ltr' id='par_1_72' title="bbox 2063 1025 3618 1106">
     <span class='ocr_line' id='line_1_72' title="bbox 2063 1025 3618 1106; baseline 0.004 -26"><span class='ocrx_word' id='word_1_566' title='bbox 2063 1025 2400 1094; x_wconf 83' lang='lat' dir='ltr'><strong>increpatnus</strong></span> <span class='ocrx_word' id='word_1_567' title='bbox 2427 1050 2440 1082; x_wconf 87' lang='lat'><strong>:</strong></span> <span class='ocrx_word' id='word_1_568' title='bbox 2470 1031 2562 1084; x_wconf 90' lang='lat' dir='ltr'><strong>sed</strong></span> <span class='ocrx_word' id='word_1_569' title='bbox 2592 1033 2684 1095; x_wconf 87' lang='lat' dir='ltr'><strong>ait,</strong></span> <span class='ocrx_word' id='word_1_570' title='bbox 2712 1031 2930 1086; x_wconf 79' lang='lat' dir='ltr'><strong>Oramus</strong></span> <span class='ocrx_word' id='word_1_571' title='bbox 2956 1033 3023 1086; x_wconf 88' lang='lat' dir='ltr'><strong>ad</strong></span> <span class='ocrx_word' id='word_1_572' title='bbox 3047 1033 3229 1098; x_wconf 78' lang='lat' dir='ltr'><strong>Deum,</strong></span> <span class='ocrx_word' id='word_1_573' title='bbox 3257 1050 3320 1089; x_wconf 86' lang='lat' dir='ltr'><strong>ne</strong></span> <span class='ocrx_word' id='word_1_574' title='bbox 3341 1035 3462 1106; x_wconf 85' lang='lat' dir='ltr'><strong>quid</strong></span> <span class='ocrx_word' id='word_1_575' title='bbox 3487 1035 3618 1104; x_wconf 77' lang='lat' dir='ltr'><strong>facio</strong></span> 
     </span>
    </p>
   </div>
   <div class='ocr_carea' id='block_1_73' title="bbox 2060 1116 3634 1194">
    <p class='ocr_par' dir='ltr' id='par_1_73' title="bbox 2060 1116 3634 1194">
     <span class='ocr_line' id='line_1_73' title="bbox 2060 1116 3634 1194; baseline 0.004 -25"><span class='ocrx_word' id='word_1_576' title='bbox 2060 1116 2124 1170; x_wconf 81' lang='lat' dir='ltr'><strong>tis</strong></span> <span class='ocrx_word' id='word_1_577' title='bbox 2153 1118 2292 1181; x_wconf 87' lang='lat' dir='ltr'><strong>mali,</strong></span> <span class='ocrx_word' id='word_1_578' title='bbox 2325 1119 2414 1172; x_wconf 74' lang='lat' dir='ltr'><strong>sed</strong></span> <span class='ocrx_word' id='word_1_579' title='bbox 2437 1122 2569 1189; x_wconf 82' lang='lat' dir='ltr'><strong>quod</strong></span> <span class='ocrx_word' id='word_1_580' title='bbox 2597 1121 2780 1176; x_wconf 86' lang='lat' dir='ltr'><strong>bonum</strong></span> <span class='ocrx_word' id='word_1_581' title='bbox 2811 1131 2880 1176; x_wconf 81' lang='lat' dir='ltr'><strong>est</strong></span> <span class='ocrx_word' id='word_1_582' title='bbox 2908 1125 3126 1194; x_wconf 81' lang='lat' dir='ltr'><strong>faciatis.</strong></span> <span class='ocrx_word' id='word_1_583' title='bbox 3171 1125 3234 1178; x_wconf 80' lang='lat' dir='ltr'><strong>Et</strong></span> <span class='ocrx_word' id='word_1_584' title='bbox 3271 1135 3446 1180; x_wconf 88' lang='lat' dir='ltr'><strong>tamen</strong></span> <span class='ocrx_word' id='word_1_585' title='bbox 3477 1125 3634 1181; x_wconf 83' lang='lat' dir='ltr'><strong>etiam</strong></span> 
     </span>
    </p>
   </div>
   <div class='ocr_carea' id='block_1_74' title="bbox 2061 1210 3640 1285">
    <p class='ocr_par' dir='ltr' id='par_1_74' title="bbox 2061 1210 3640 1285">
     <span class='ocr_line' id='line_1_74' title="bbox 2061 1210 3640 1285; baseline 0.005 -22"><span class='ocrx_word' id='word_1_586' title='bbox 2061 1210 2376 1280; x_wconf 88' lang='lat' dir='ltr'><strong>loquebatur</strong></span> <span class='ocrx_word' id='word_1_587' title='bbox 2406 1213 2516 1280; x_wconf 87' lang='lat' dir='ltr'><strong>eis,</strong></span> <span class='ocrx_word' id='word_1_588' title='bbox 2549 1223 2602 1267; x_wconf 90' lang='lat' dir='ltr'><strong>et</strong></span> <span class='ocrx_word' id='word_1_589' title='bbox 2633 1213 2859 1270; x_wconf 87' lang='lat' dir='ltr'><strong>faciebat</strong></span> <span class='ocrx_word' id='word_1_590' title='bbox 2907 1215 2992 1268; x_wconf 89' lang='lat' dir='ltr'><strong>illa</strong></span> <span class='ocrx_word' id='word_1_591' title='bbox 3039 1216 3216 1268; x_wconf 87' lang='lat' dir='ltr'><strong>omnia</strong></span> <span class='ocrx_word' id='word_1_592' title='bbox 3247 1233 3364 1285; x_wconf 68' lang='lat' dir='ltr'><strong>quae</strong></span> <span class='ocrx_word' id='word_1_593' title='bbox 3405 1231 3640 1272; x_wconf 88' lang='lat' dir='ltr'><strong>comme-</strong></span> 
     </span>
    </p>
   </div>
   <div class='ocr_carea' id='block_1_75' title="bbox 2063 1303 3640 1377">
    <p class='ocr_par' dir='ltr' id='par_1_75' title="bbox 2063 1303 3640 1377">
     <span class='ocr_line' id='line_1_75' title="bbox 2063 1303 3640 1377; baseline 0.004 -23"><span class='ocrx_word' id='word_1_594' title='bbox 2063 1303 2304 1366; x_wconf 84' lang='lat' dir='ltr'><strong>moravi;</strong></span> <span class='ocrx_word' id='word_1_595' title='bbox 2349 1304 2622 1372; x_wconf 88' lang='lat' dir='ltr'><strong>mouebat,</strong></span> <span class='ocrx_word' id='word_1_596' title='bbox 2663 1303 2906 1370; x_wconf 88' lang='lat' dir='ltr'><strong>docebat,</strong></span> <span class='ocrx_word' id='word_1_597' title='bbox 2941 1305 3272 1372; x_wconf 63' lang='lat' dir='ltr'><strong>hortabatur,</strong></span> <span class='ocrx_word' id='word_1_598' title='bbox 3305 1309 3640 1377; x_wconf 83' lang='lat' dir='ltr'><strong>increpabat:</strong></span> 
     </span>
    </p>
   </div>
   <div class='ocr_carea' id='block_1_76' title="bbox 2060 1393 3640 1466">
    <p class='ocr_par' dir='ltr' id='par_1_76' title="bbox 2060 1393 3640 1466">
     <span class='ocr_line' id='line_1_76' title="bbox 2060 1393 3640 1466; baseline 0.003 -19"><span class='ocrx_word' id='word_1_599' title='bbox 2060 1393 2152 1447; x_wconf 89' lang='lat' dir='ltr'><strong>scd</strong></span> <span class='ocrx_word' id='word_1_600' title='bbox 2185 1393 2385 1450; x_wconf 84' lang='lat' dir='ltr'><strong>sciebat</strong></span> <span class='ocrx_word' id='word_1_601' title='bbox 2415 1393 2531 1449; x_wconf 68' lang='lat' dir='ltr'><strong>bare</strong></span> <span class='ocrx_word' id='word_1_602' title='bbox 2557 1397 2731 1449; x_wconf 90' lang='lat' dir='ltr'><strong>omnia</strong></span> <span class='ocrx_word' id='word_1_603' title='bbox 2764 1411 2866 1450; x_wconf 92' lang='lat' dir='ltr'><strong>non</strong></span> <span class='ocrx_word' id='word_1_604' title='bbox 2895 1397 3104 1462; x_wconf 87' lang='lat' dir='ltr'><strong>valere,</strong></span> <span class='ocrx_word' id='word_1_605' title='bbox 3131 1413 3248 1466; x_wconf 75' lang='lat' dir='ltr'><strong>qua:</strong></span> <span class='ocrx_word' id='word_1_606' title='bbox 3276 1397 3560 1466; x_wconf 85' lang='lat' dir='ltr'><strong>plantando</strong></span> <span class='ocrx_word' id='word_1_607' title='bbox 3591 1411 3640 1452; x_wconf 63' lang='lat' dir='ltr'><strong>et</strong></span> 
     </span>
    </p>
   </div>
   <div class='ocr_carea' id='block_1_77' title="bbox 2059 1483 3642 1558">
    <p class='ocr_par' dir='ltr' id='par_1_77' title="bbox 2059 1483 3642 1558">
     <span class='ocr_line' id='line_1_77' title="bbox 2059 1483 3642 1558; baseline 0.003 -20"><span class='ocrx_word' id='word_1_608' title='bbox 2059 1483 2280 1554; x_wconf 83' lang='lat' dir='ltr'><strong>rigando</strong></span> <span class='ocrx_word' id='word_1_609' title='bbox 2312 1485 2535 1541; x_wconf 85' lang='lat' dir='ltr'><strong>faciebat</strong></span> <span class='ocrx_word' id='word_1_610' title='bbox 2569 1486 2620 1540; x_wconf 90' lang='lat' dir='ltr'><strong>in</strong></span> <span class='ocrx_word' id='word_1_611' title='bbox 2665 1497 2879 1556; x_wconf 90' lang='lat' dir='ltr'><strong>aperto,</strong></span> <span class='ocrx_word' id='word_1_612' title='bbox 2923 1487 3024 1541; x_wconf 83' lang='lat' dir='ltr'><strong>nisi</strong></span> <span class='ocrx_word' id='word_1_613' title='bbox 3052 1503 3171 1542; x_wconf 92' lang='lat' dir='ltr'><strong>cum</strong></span> <span class='ocrx_word' id='word_1_614' title='bbox 3203 1503 3298 1558; x_wconf 91' lang='lat' dir='ltr'><strong>pro</strong></span> <span class='ocrx_word' id='word_1_615' title='bbox 3337 1488 3440 1542; x_wconf 91' lang='lat' dir='ltr'><strong>illis</strong></span> <span class='ocrx_word' id='word_1_616' title='bbox 3478 1505 3642 1543; x_wconf 74' lang='lat' dir='ltr'><strong>ettan-</strong></span> 
     </span>
    </p>
   </div>
   <div class='ocr_carea' id='block_1_78' title="bbox 2063 1575 3646 1648">
    <p class='ocr_par' dir='ltr' id='par_1_78' title="bbox 2063 1575 3646 1648">
     <span class='ocr_line' id='line_1_78' title="bbox 2063 1575 3646 1648; baseline 0.003 -18"><span class='ocrx_word' id='word_1_617' title='bbox 2063 1575 2202 1630; x_wconf 87' lang='lat' dir='ltr'><strong>diret</strong></span> <span class='ocrx_word' id='word_1_618' title='bbox 2227 1587 2489 1645; x_wconf 89' lang='lat' dir='ltr'><strong>orantem,</strong></span> <span class='ocrx_word' id='word_1_619' title='bbox 2522 1578 2611 1648; x_wconf 87' lang='lat' dir='ltr'><strong>qui</strong></span> <span class='ocrx_word' id='word_1_620' title='bbox 2637 1579 2726 1632; x_wconf 90' lang='lat' dir='ltr'><strong>dat</strong></span> <span class='ocrx_word' id='word_1_621' title='bbox 2749 1579 3134 1633; x_wconf 89' lang='lat' dir='ltr'><strong>incrementum</strong></span> <span class='ocrx_word' id='word_1_622' title='bbox 3169 1579 3218 1633; x_wconf 93' lang='lat' dir='ltr'><strong>in</strong></span> <span class='ocrx_word' id='word_1_623' title='bbox 3246 1580 3474 1634; x_wconf 87' lang='lat' dir='ltr'><strong>occulto.</strong></span> <span class='ocrx_word' id='word_1_624' title='bbox 3505 1581 3646 1648; x_wconf 80' lang='lat' dir='ltr'><strong>Quo-</strong></span> 
     </span>
    </p>
   </div>
   <div class='ocr_carea' id='block_1_79' title="bbox 2059 1665 3640 1738">
    <p class='ocr_par' dir='ltr' id='par_1_79' title="bbox 2059 1665 3640 1738">
     <span class='ocr_line' id='line_1_79' title="bbox 2059 1665 3640 1738; baseline 0.003 -20"><span class='ocrx_word' id='word_1_625' title='bbox 2059 1669 2200 1720; x_wconf 89' lang='lat' dir='ltr'><strong>niam</strong></span> <span class='ocrx_word' id='word_1_626' title='bbox 2246 1667 2382 1721; x_wconf 89' lang='lat' dir='ltr'><strong>sicut</strong></span> <span class='ocrx_word' id='word_1_627' title='bbox 2425 1665 2564 1722; x_wconf 88' lang='lat' dir='ltr'><strong>idem</strong></span> <span class='ocrx_word' id='word_1_628' title='bbox 2607 1665 2796 1720; x_wconf 90' lang='lat' dir='ltr'><strong>doctor</strong></span> <span class='ocrx_word' id='word_1_629' title='bbox 2827 1667 3074 1722; x_wconf 89' lang='lat' dir='ltr'><strong>Gentium</strong></span> <span class='ocrx_word' id='word_1_630' title='bbox 3127 1667 3276 1734; x_wconf 90' lang='lat' dir='ltr'><strong>dicit,</strong></span> <span class='ocrx_word' id='word_1_631' title='bbox 3331 1666 3507 1738; x_wconf 84' lang='lat' dir='ltr'><strong>Neque</strong></span> <span class='ocrx_word' id='word_1_632' title='bbox 3555 1671 3640 1738; x_wconf 85' lang='lat' dir='ltr'><strong>qni</strong></span> 
     </span>
    </p>
   </div>
   <div class='ocr_carea' id='block_1_80' title="bbox 2063 1756 3644 1829">
    <p class='ocr_par' dir='ltr' id='par_1_80' title="bbox 2063 1756 3644 1829">
     <span class='ocr_line' id='line_1_80' title="bbox 2063 1756 3644 1829; baseline 0.003 -21"><span class='ocrx_word' id='word_1_633' title='bbox 2063 1756 2258 1824; x_wconf 84' lang='lat' dir='ltr'><strong>plantat</strong></span> <span class='ocrx_word' id='word_1_634' title='bbox 2305 1766 2374 1810; x_wconf 86' lang='lat' dir='ltr'><strong>est</strong></span> <span class='ocrx_word' id='word_1_635' title='bbox 2417 1756 2630 1826; x_wconf 87' lang='lat' dir='ltr'><strong>aliquid,</strong></span> <span class='ocrx_word' id='word_1_636' title='bbox 2673 1774 2828 1824; x_wconf 84' lang='lat' dir='ltr'><strong>neque</strong></span> <span class='ocrx_word' id='word_1_637' title='bbox 2869 1759 2952 1828; x_wconf 82' lang='lat' dir='ltr'><strong>qui</strong></span> <span class='ocrx_word' id='word_1_638' title='bbox 3000 1761 3170 1829; x_wconf 82' lang='lat' dir='ltr'><strong>rigat;</strong></span> <span class='ocrx_word' id='word_1_639' title='bbox 3215 1757 3305 1812; x_wconf 82' lang='lat' dir='ltr'><strong>sed</strong></span> <span class='ocrx_word' id='word_1_640' title='bbox 3347 1759 3433 1828; x_wconf 85' lang='lat' dir='ltr'><strong>qui</strong></span> <span class='ocrx_word' id='word_1_641' title='bbox 3479 1759 3644 1812; x_wconf 81' lang='lat' dir='ltr'><strong>incre-</strong></span> 
     </span>
    </p>
   </div>
   <div class='ocr_carea' id='block_1_81' title="bbox 2059 1845 3023 1920">
    <p class='ocr_par' dir='ltr' id='par_1_81' title="bbox 2059 1845 3023 1920">
     <span class='ocr_line' id='line_1_81' title="bbox 2059 1845 3023 1920; baseline 0.002 -22"><span class='ocrx_word' id='word_1_642' title='bbox 2059 1857 2282 1900; x_wconf 86' lang='lat' dir='ltr'><strong>mentum</strong></span> <span class='ocrx_word' id='word_1_643' title='bbox 2305 1847 2394 1900; x_wconf 85' lang='lat' dir='ltr'><strong>dat</strong></span> <span class='ocrx_word' id='word_1_644' title='bbox 2423 1847 2560 1901; x_wconf 86' lang='lat' dir='ltr'><strong>Deus</strong></span> <span class='ocrx_word' id='word_1_645' title='bbox 2593 1847 2612 1916; x_wconf 96' lang='lat'><strong>(</strong></span> <span class='ocrx_word' id='word_1_646' title='bbox 2635 1847 2650 1899; x_wconf 95' lang='lat' dir='ltr'><strong>l</strong></span> <span class='ocrx_word' id='word_1_647' title='bbox 2681 1845 2798 1902; x_wconf 89' lang='lat' dir='ltr'><strong>Cor.</strong></span> <span class='ocrx_word' id='word_1_648' title='bbox 2831 1864 2907 1914; x_wconf 86' lang='lat' dir='ltr'><strong>tu,</strong></span> <span class='ocrx_word' id='word_1_649' title='bbox 2939 1847 3023 1920; x_wconf 90' lang='lat'><strong>7).</strong></span> 
     </span>
    </p>
   </div>
   <div class='ocr_carea' id='block_1_82' title="bbox 2131 1937 3642 2010">
    <p class='ocr_par' dir='ltr' id='par_1_82' title="bbox 2131 1937 3642 2010">
     <span class='ocr_line' id='line_1_82' title="bbox 2131 1937 3642 2010; baseline 0.001 -20"><span class='ocrx_word' id='word_1_650' title='bbox 2131 1937 2184 1990; x_wconf 80' lang='grc'><strong>4.</strong></span> <span class='ocrx_word' id='word_1_651' title='bbox 2226 1937 2339 1990; x_wconf 85' lang='lat' dir='ltr'><strong>Non</strong></span> <span class='ocrx_word' id='word_1_652' title='bbox 2369 1953 2426 1992; x_wconf 92' lang='lat' dir='ltr'><strong>se</strong></span> <span class='ocrx_word' id='word_1_653' title='bbox 2465 1939 2640 2008; x_wconf 86' lang='lat' dir='ltr'><strong>itaque</strong></span> <span class='ocrx_word' id='word_1_654' title='bbox 2671 1937 2875 2004; x_wconf 83' lang='lat' dir='ltr'><strong>fallant,</strong></span> <span class='ocrx_word' id='word_1_655' title='bbox 2905 1939 2994 2009; x_wconf 88' lang='lat' dir='ltr'><strong>qui</strong></span> <span class='ocrx_word' id='word_1_656' title='bbox 3027 1939 3228 2006; x_wconf 89' lang='lat' dir='ltr'><strong>dicunt,</strong></span> <span class='ocrx_word' id='word_1_657' title='bbox 3265 1959 3280 1991; x_wconf 88' lang='grc' dir='ltr'><strong>ι</strong></span> <span class='ocrx_word' id='word_1_658' title='bbox 3317 1939 3510 2010; x_wconf 89' lang='lat' dir='ltr'><strong>thuid</strong></span> <span class='ocrx_word' id='word_1_659' title='bbox 3543 1955 3642 1994; x_wconf 83' lang='lat' dir='ltr'><strong>no-</strong></span> 
     </span>
    </p>
   </div>
   <div class='ocr_carea' id='block_1_83' title="bbox 2061 2027 3641 2100">
    <p class='ocr_par' dir='ltr' id='par_1_83' title="bbox 2061 2027 3641 2100">
     <span class='ocr_line' id='line_1_83' title="bbox 2061 2027 3641 2100; baseline 0.003 -20"><span class='ocrx_word' id='word_1_660' title='bbox 2061 2028 2142 2082; x_wconf 90' lang='lat' dir='ltr'><strong>bis</strong></span> <span class='ocrx_word' id='word_1_661' title='bbox 2187 2027 2505 2098; x_wconf 70' lang='lat' dir='ltr'><strong>prmdicatnr</strong></span> <span class='ocrx_word' id='word_1_662' title='bbox 2553 2037 2712 2098; x_wconf 88' lang='lat' dir='ltr'><strong>atque</strong></span> <span class='ocrx_word' id='word_1_663' title='bbox 2759 2030 3097 2100; x_wconf 75' lang='lat' dir='ltr'><strong>praecipitur,</strong></span> <span class='ocrx_word' id='word_1_664' title='bbox 3145 2039 3204 2084; x_wconf 92' lang='lat' dir='ltr'><strong>ut</strong></span> <span class='ocrx_word' id='word_1_665' title='bbox 3239 2031 3569 2086; x_wconf 88' lang='lat' dir='ltr'><strong>declinemus</strong></span> <span class='ocrx_word' id='word_1_666' title='bbox 3613 2048 3641 2084; x_wconf 79' lang='grc' dir='ltr'><strong>ιι</strong></span> 
     </span>
    </p>
   </div>
   <div class='ocr_carea' id='block_1_84' title="bbox 2059 2119 3641 2192">
    <p class='ocr_par' dir='ltr' id='par_1_84' title="bbox 2059 2119 3641 2192">
     <span class='ocr_line' id='line_1_84' title="bbox 2059 2119 3641 2192; baseline -0.001 -19"><span class='ocrx_word' id='word_1_667' title='bbox 2059 2120 2199 2174; x_wconf 87' lang='lat' dir='ltr'><strong>malo</strong></span> <span class='ocrx_word' id='word_1_668' title='bbox 2239 2128 2292 2173; x_wconf 86' lang='lat' dir='ltr'><strong>et</strong></span> <span class='ocrx_word' id='word_1_669' title='bbox 2337 2119 2592 2176; x_wconf 87' lang='lat' dir='ltr'><strong>faciamus</strong></span> <span class='ocrx_word' id='word_1_670' title='bbox 2634 2120 2852 2189; x_wconf 91' lang='lat' dir='ltr'><strong>bonum,</strong></span> <span class='ocrx_word' id='word_1_671' title='bbox 2901 2122 2946 2176; x_wconf 91' lang='lat' dir='ltr'><strong>si</strong></span> <span class='ocrx_word' id='word_1_672' title='bbox 2986 2121 3088 2177; x_wconf 90' lang='lat' dir='ltr'><strong>boc</strong></span> <span class='ocrx_word' id='word_1_673' title='bbox 3129 2138 3226 2178; x_wconf 91' lang='lat' dir='ltr'><strong>nos</strong></span> <span class='ocrx_word' id='word_1_674' title='bbox 3267 2137 3372 2178; x_wconf 89' lang='lat' dir='ltr'><strong>non</strong></span> <span class='ocrx_word' id='word_1_675' title='bbox 3415 2123 3641 2192; x_wconf 79' lang='lat' dir='ltr'><strong>agimus,</strong></span> 
     </span>
    </p>
   </div>
   <div class='ocr_carea' id='block_1_85' title="bbox 2059 2210 3635 2282">
    <p class='ocr_par' dir='ltr' id='par_1_85' title="bbox 2059 2210 3635 2282">
     <span class='ocr_line' id='line_1_85' title="bbox 2059 2210 3635 2282; baseline -0.002 -17"><span class='ocrx_word' id='word_1_676' title='bbox 2059 2210 2154 2265; x_wconf 90' lang='lat' dir='ltr'><strong>sed</strong></span> <span class='ocrx_word' id='word_1_677' title='bbox 2205 2210 2254 2264; x_wconf 91' lang='lat' dir='ltr'><strong>id</strong></span> <span class='ocrx_word' id='word_1_678' title='bbox 2309 2211 2445 2266; x_wconf 83' lang='lat' dir='ltr'><strong>velle</strong></span> <span class='ocrx_word' id='word_1_679' title='bbox 2496 2220 2550 2266; x_wconf 90' lang='lat' dir='ltr'><strong>et</strong></span> <span class='ocrx_word' id='word_1_680' title='bbox 2603 2211 2812 2280; x_wconf 85' lang='lat' dir='ltr'><strong>operari</strong></span> <span class='ocrx_word' id='word_1_681' title='bbox 2855 2212 2996 2267; x_wconf 86' lang='lat' dir='ltr'><strong>Deus</strong></span> <span class='ocrx_word' id='word_1_682' title='bbox 3047 2223 3297 2282; x_wconf 85' lang='lat' dir='ltr'><strong>operatur</strong></span> <span class='ocrx_word' id='word_1_683' title='bbox 3340 2214 3396 2267; x_wconf 89' lang='lat' dir='ltr'><strong>in</strong></span> <span class='ocrx_word' id='word_1_684' title='bbox 3434 2212 3587 2267; x_wconf 90' lang='lat' dir='ltr'><strong>nobis</strong></span> <span class='ocrx_word' id='word_1_685' title='bbox 3619 2231 3635 2262; x_wconf 77' lang='grc' dir='ltr'><strong>ι</strong></span> 
     </span>
    </p>
   </div>
   <div class='ocr_carea' id='block_1_86' title="bbox 2061 2299 3640 2374">
    <p class='ocr_par' dir='ltr' id='par_1_86' title="bbox 2061 2299 3640 2374">
     <span class='ocr_line' id='line_1_86' title="bbox 2061 2299 3640 2374; baseline 0.003 -22"><span class='ocrx_word' id='word_1_686' title='bbox 2061 2299 2314 2372; x_wconf 82' lang='lat' dir='ltr'><strong>(Philipp.</strong></span> <span class='ocrx_word' id='word_1_687' title='bbox 2343 2317 2400 2364; x_wconf 89' lang='grc' dir='ltr'><strong>ιι,</strong></span> <span class='ocrx_word' id='word_1_688' title='bbox 2433 2302 2564 2370; x_wconf 69' lang='lat'><strong>15)?</strong></span> <span class='ocrx_word' id='word_1_689' title='bbox 2617 2301 2723 2356; x_wconf 89' lang='lat' dir='ltr'><strong>Sed</strong></span> <span class='ocrx_word' id='word_1_690' title='bbox 2754 2303 2930 2372; x_wconf 87' lang='lat' dir='ltr'><strong>potius</strong></span> <span class='ocrx_word' id='word_1_691' title='bbox 2979 2303 3316 2374; x_wconf 85' lang='lat' dir='ltr'><strong>intelligant,</strong></span> <span class='ocrx_word' id='word_1_692' title='bbox 3345 2303 3388 2356; x_wconf 90' lang='lat' dir='ltr'><strong>si</strong></span> <span class='ocrx_word' id='word_1_693' title='bbox 3423 2303 3512 2357; x_wconf 90' lang='lat' dir='ltr'><strong>filii</strong></span> <span class='ocrx_word' id='word_1_694' title='bbox 3547 2303 3640 2356; x_wconf 88' lang='lat' dir='ltr'><strong>Dei</strong></span> 
     </span>
    </p>
   </div>
   <div class='ocr_carea' id='block_1_87' title="bbox 2059 2392 3642 2466">
    <p class='ocr_par' dir='ltr' id='par_1_87' title="bbox 2059 2392 3642 2466">
     <span class='ocr_line' id='line_1_87' title="bbox 2059 2392 3642 2466; baseline 0.001 -20"><span class='ocrx_word' id='word_1_695' title='bbox 2059 2399 2218 2456; x_wconf 86' lang='lat' dir='ltr'><strong>sunt,</strong></span> <span class='ocrx_word' id='word_1_696' title='bbox 2256 2392 2446 2460; x_wconf 75' lang='lat' dir='ltr'><strong>Spiritu</strong></span> <span class='ocrx_word' id='word_1_697' title='bbox 2487 2393 2578 2447; x_wconf 90' lang='lat' dir='ltr'><strong>Dei</strong></span> <span class='ocrx_word' id='word_1_698' title='bbox 2623 2408 2683 2448; x_wconf 86' lang='lat' dir='ltr'><strong>se</strong></span> <span class='ocrx_word' id='word_1_699' title='bbox 2720 2395 2803 2464; x_wconf 83' lang='lat' dir='ltr'><strong>agi</strong></span> <span class='ocrx_word' id='word_1_700' title='bbox 2849 2393 3040 2466; x_wconf 81' lang='lat' dir='ltr'><strong>(Rom.</strong></span> <span class='ocrx_word' id='word_1_701' title='bbox 3069 2411 3194 2460; x_wconf 87' lang='lat' dir='ltr'><strong>vnt,</strong></span> <span class='ocrx_word' id='word_1_702' title='bbox 3233 2397 3368 2466; x_wconf 74' lang='grc' dir='ltr'><strong>ιι).</strong></span> <span class='ocrx_word' id='word_1_703' title='bbox 3402 2405 3457 2448; x_wconf 88' lang='grc' dir='ltr'><strong>ιιι</strong></span> <span class='ocrx_word' id='word_1_704' title='bbox 3500 2395 3642 2464; x_wconf 88' lang='lat' dir='ltr'><strong>quod</strong></span> 
     </span>
    </p>
   </div>
   <div class='ocr_carea' id='block_1_88' title="bbox 2060 2482 3646 2556">
    <p class='ocr_par' dir='ltr' id='par_1_88' title="bbox 2060 2482 3646 2556">
     <span class='ocr_line' id='line_1_88' title="bbox 2060 2482 3646 2556; baseline 0.002 -21"><span class='ocrx_word' id='word_1_705' title='bbox 2060 2482 2321 2552; x_wconf 87' lang='lat' dir='ltr'><strong>agendum</strong></span> <span class='ocrx_word' id='word_1_706' title='bbox 2351 2491 2436 2537; x_wconf 89' lang='lat' dir='ltr'><strong>est</strong></span> <span class='ocrx_word' id='word_1_707' title='bbox 2458 2492 2650 2552; x_wconf 83' lang='lat' dir='ltr'><strong>agant;</strong></span> <span class='ocrx_word' id='word_1_708' title='bbox 2687 2491 2888 2538; x_wconf 88' lang='lat' dir='ltr'><strong>etcum</strong></span> <span class='ocrx_word' id='word_1_709' title='bbox 2917 2485 3144 2554; x_wconf 83' lang='lat' dir='ltr'><strong>egerint,</strong></span> <span class='ocrx_word' id='word_1_710' title='bbox 3177 2485 3248 2538; x_wconf 93' lang='lat' dir='ltr'><strong>illi</strong></span> <span class='ocrx_word' id='word_1_711' title='bbox 3283 2503 3310 2536; x_wconf 89' lang='lat' dir='ltr'><strong>a</strong></span> <span class='ocrx_word' id='word_1_712' title='bbox 3341 2501 3446 2554; x_wconf 87' lang='lat' dir='ltr'><strong>quo</strong></span> <span class='ocrx_word' id='word_1_713' title='bbox 3483 2494 3646 2556; x_wconf 86' lang='lat' dir='ltr'><strong>agunt</strong></span> 
     </span>
    </p>
   </div>
   <div class='ocr_carea' id='block_1_89' title="bbox 2059 2573 3643 2646">
    <p class='ocr_par' dir='ltr' id='par_1_89' title="bbox 2059 2573 3643 2646">
     <span class='ocr_line' id='line_1_89' title="bbox 2059 2573 3643 2646; baseline 0.003 -20"><span class='ocrx_word' id='word_1_714' title='bbox 2059 2573 2258 2640; x_wconf 85' lang='lat' dir='ltr'><strong>gratias</strong></span> <span class='ocrx_word' id='word_1_715' title='bbox 2295 2582 2472 2643; x_wconf 82' lang='lat' dir='ltr'><strong>agant.</strong></span> <span class='ocrx_word' id='word_1_716' title='bbox 2517 2575 2759 2643; x_wconf 82' lang='lat' dir='ltr'><strong>Aguntur</strong></span> <span class='ocrx_word' id='word_1_717' title='bbox 2794 2576 2936 2630; x_wconf 89' lang='lat' dir='ltr'><strong>enim</strong></span> <span class='ocrx_word' id='word_1_718' title='bbox 2981 2583 3041 2630; x_wconf 93' lang='lat' dir='ltr'><strong>ut</strong></span> <span class='ocrx_word' id='word_1_719' title='bbox 3083 2585 3274 2644; x_wconf 85' lang='lat' dir='ltr'><strong>agant,</strong></span> <span class='ocrx_word' id='word_1_720' title='bbox 3306 2591 3408 2630; x_wconf 93' lang='lat' dir='ltr'><strong>non</strong></span> <span class='ocrx_word' id='word_1_721' title='bbox 3451 2585 3507 2630; x_wconf 90' lang='lat' dir='ltr'><strong>ut</strong></span> <span class='ocrx_word' id='word_1_722' title='bbox 3547 2575 3643 2646; x_wconf 77' lang='lat' dir='ltr'><strong>ipsi</strong></span> 
     </span>
    </p>
   </div>
   <div class='ocr_carea' id='block_1_90' title="bbox 2063 2661 3644 2736">
    <p class='ocr_par' dir='ltr' id='par_1_90' title="bbox 2063 2661 3644 2736">
     <span class='ocr_line' id='line_1_90' title="bbox 2063 2661 3644 2736; baseline 0.006 -23"><span class='ocrx_word' id='word_1_723' title='bbox 2063 2661 2192 2715; x_wconf 85' lang='lat' dir='ltr'><strong>nihil</strong></span> <span class='ocrx_word' id='word_1_724' title='bbox 2242 2672 2446 2733; x_wconf 87' lang='lat' dir='ltr'><strong>agant;</strong></span> <span class='ocrx_word' id='word_1_725' title='bbox 2497 2673 2551 2720; x_wconf 92' lang='lat' dir='ltr'><strong>et</strong></span> <span class='ocrx_word' id='word_1_726' title='bbox 2589 2664 2654 2718; x_wconf 89' lang='lat' dir='ltr'><strong>ad</strong></span> <span class='ocrx_word' id='word_1_727' title='bbox 2701 2666 2802 2719; x_wconf 87' lang='lat' dir='ltr'><strong>hoc</strong></span> <span class='ocrx_word' id='word_1_728' title='bbox 2848 2665 2930 2720; x_wconf 88' lang='lat' dir='ltr'><strong>eis</strong></span> <span class='ocrx_word' id='word_1_729' title='bbox 2974 2666 3271 2720; x_wconf 88' lang='lat' dir='ltr'><strong>ostenditur</strong></span> <span class='ocrx_word' id='word_1_730' title='bbox 3315 2666 3440 2735; x_wconf 87' lang='lat' dir='ltr'><strong>quid</strong></span> <span class='ocrx_word' id='word_1_731' title='bbox 3487 2681 3644 2736; x_wconf 86' lang='lat' dir='ltr'><strong>agere</strong></span> 
     </span>
    </p>
   </div>
   <div class='ocr_carea' id='block_1_91' title="bbox 2060 2752 3642 2828">
    <p class='ocr_par' dir='ltr' id='par_1_91' title="bbox 2060 2752 3642 2828">
     <span class='ocr_line' id='line_1_91' title="bbox 2060 2752 3642 2828; baseline 0.004 -22"><span class='ocrx_word' id='word_1_732' title='bbox 2060 2752 2306 2817; x_wconf 87' lang='lat' dir='ltr'><strong>debeant,</strong></span> <span class='ocrx_word' id='word_1_733' title='bbox 2339 2763 2398 2810; x_wconf 91' lang='lat' dir='ltr'><strong>ut</strong></span> <span class='ocrx_word' id='word_1_734' title='bbox 2433 2754 2646 2825; x_wconf 89' lang='lat' dir='ltr'><strong>quando</strong></span> <span class='ocrx_word' id='word_1_735' title='bbox 2683 2755 2734 2810; x_wconf 93' lang='lat' dir='ltr'><strong>id</strong></span> <span class='ocrx_word' id='word_1_736' title='bbox 2773 2765 2940 2824; x_wconf 86' lang='lat' dir='ltr'><strong>agunt</strong></span> <span class='ocrx_word' id='word_1_737' title='bbox 2974 2756 3110 2810; x_wconf 87' lang='lat' dir='ltr'><strong>sicut</strong></span> <span class='ocrx_word' id='word_1_738' title='bbox 3139 2756 3400 2828; x_wconf 85' lang='lat' dir='ltr'><strong>agendum</strong></span> <span class='ocrx_word' id='word_1_739' title='bbox 3443 2765 3552 2822; x_wconf 87' lang='lat' dir='ltr'><strong>est,</strong></span> <span class='ocrx_word' id='word_1_740' title='bbox 3591 2758 3642 2812; x_wconf 91' lang='lat' dir='ltr'><strong>id</strong></span> 
     </span>
    </p>
   </div>
   <div class='ocr_carea' id='block_1_92' title="bbox 2015 2837 3644 2917">
    <p class='ocr_par' dir='ltr' id='par_1_92' title="bbox 2015 2837 3644 2917">
     <span class='ocr_line' id='line_1_92' title="bbox 2015 2837 3644 2917; baseline 0 -17"><span class='ocrx_word' id='word_1_741' title='bbox 2015 2837 2018 2840; x_wconf 60' lang='grc'><em>’</em></span> <span class='ocrx_word' id='word_1_742' title='bbox 2059 2856 2162 2908; x_wconf 84' lang='lat' dir='ltr'><strong>est,</strong></span> <span class='ocrx_word' id='word_1_743' title='bbox 2191 2859 2310 2900; x_wconf 89' lang='lat' dir='ltr'><strong>cum</strong></span> <span class='ocrx_word' id='word_1_744' title='bbox 2345 2845 2632 2902; x_wconf 87' lang='lat' dir='ltr'><strong>dilectione</strong></span> <span class='ocrx_word' id='word_1_745' title='bbox 2665 2855 2721 2902; x_wconf 89' lang='lat' dir='ltr'><strong>et</strong></span> <span class='ocrx_word' id='word_1_746' title='bbox 2755 2847 3112 2902; x_wconf 89' lang='lat' dir='ltr'><strong>delectatione</strong></span> <span class='ocrx_word' id='word_1_747' title='bbox 3140 2847 3376 2917; x_wconf 56' lang='lat' dir='ltr'><strong>justitla‘,</strong></span> <span class='ocrx_word' id='word_1_748' title='bbox 3411 2847 3644 2900; x_wconf 87' lang='lat' dir='ltr'><strong>suavita-</strong></span> 
     </span>
    </p>
   </div>
   <div class='ocr_carea' id='block_1_93' title="bbox 2061 2937 3645 3006">
    <p class='ocr_par' dir='ltr' id='par_1_93' title="bbox 2061 2937 3645 3006">
     <span class='ocr_line' id='line_1_93' title="bbox 2061 2937 3645 3006; baseline 0.001 -16"><span class='ocrx_word' id='word_1_749' title='bbox 2061 2943 2166 2990; x_wconf 89' lang='lat' dir='ltr'><strong>tem</strong></span> <span class='ocrx_word' id='word_1_750' title='bbox 2208 2951 2364 3006; x_wconf 89' lang='lat' dir='ltr'><strong>qttam</strong></span> <span class='ocrx_word' id='word_1_751' title='bbox 2410 2937 2554 2992; x_wconf 87' lang='lat' dir='ltr'><strong>dedit</strong></span> <span class='ocrx_word' id='word_1_752' title='bbox 2595 2938 2884 3002; x_wconf 88' lang='lat' dir='ltr'><strong>Dominus,</strong></span> <span class='ocrx_word' id='word_1_753' title='bbox 2927 2947 2984 2992; x_wconf 92' lang='lat' dir='ltr'><strong>ut</strong></span> <span class='ocrx_word' id='word_1_754' title='bbox 3023 2947 3162 2994; x_wconf 89' lang='lat' dir='ltr'><strong>terra</strong></span> <span class='ocrx_word' id='word_1_755' title='bbox 3201 2953 3388 2994; x_wconf 88' lang='lat' dir='ltr'><strong>eorum</strong></span> <span class='ocrx_word' id='word_1_756' title='bbox 3431 2939 3447 2970; x_wconf 78' lang='grc'>⁸</span> <span class='ocrx_word' id='word_1_757' title='bbox 3490 2938 3645 2994; x_wconf 88' lang='lat' dir='ltr'><strong>daret</strong></span> 
     </span>
    </p>
   </div>
   <div class='ocr_carea' id='block_1_94' title="bbox 2059 3027 3645 3103">
    <p class='ocr_par' dir='ltr' id='par_1_94' title="bbox 2059 3027 3645 3103">
     <span class='ocr_line' id='line_1_94' title="bbox 2059 3027 3645 3103; baseline 0.001 -20"><span class='ocrx_word' id='word_1_758' title='bbox 2059 3027 2288 3084; x_wconf 89' lang='lat' dir='ltr'><strong>fructum</strong></span> <span class='ocrx_word' id='word_1_759' title='bbox 2333 3045 2484 3084; x_wconf 91' lang='lat' dir='ltr'><strong>suum</strong></span> <span class='ocrx_word' id='word_1_760' title='bbox 2513 3029 2680 3103; x_wconf 77' lang='lat' dir='ltr'><strong>(I’sal.</strong></span> <span class='ocrx_word' id='word_1_761' title='bbox 2712 3046 2929 3098; x_wconf 73' lang='lat' dir='ltr'><strong>Lxxmv,</strong></span> <span class='ocrx_word' id='word_1_762' title='bbox 2961 3029 3086 3102; x_wconf 73' lang='lat' dir='ltr'><strong>i5),</strong></span> <span class='ocrx_word' id='word_1_763' title='bbox 3128 3030 3397 3101; x_wconf 89' lang='lat' dir='ltr'><strong>accepisse</strong></span> <span class='ocrx_word' id='word_1_764' title='bbox 3425 3045 3484 3086; x_wconf 89' lang='lat' dir='ltr'><strong>se</strong></span> <span class='ocrx_word' id='word_1_765' title='bbox 3511 3046 3645 3101; x_wconf 85' lang='lat' dir='ltr'><strong>gau-</strong></span> 
     </span>
    </p>
   </div>
   <div class='ocr_carea' id='block_1_95' title="bbox 2060 3119 3642 3192">
    <p class='ocr_par' dir='ltr' id='par_1_95' title="bbox 2060 3119 3642 3192">
     <span class='ocr_line' id='line_1_95' title="bbox 2060 3119 3642 3192; baseline 0.002 -19"><span class='ocrx_word' id='word_1_766' title='bbox 2060 3119 2240 3174; x_wconf 86' lang='lat' dir='ltr'><strong>deant.</strong></span> <span class='ocrx_word' id='word_1_767' title='bbox 2285 3119 2508 3186; x_wconf 89' lang='lat' dir='ltr'><strong>Quando</strong></span> <span class='ocrx_word' id='word_1_768' title='bbox 2551 3129 2726 3175; x_wconf 89' lang='lat' dir='ltr'><strong>autent</strong></span> <span class='ocrx_word' id='word_1_769' title='bbox 2773 3137 2878 3175; x_wconf 91' lang='lat' dir='ltr'><strong>non</strong></span> <span class='ocrx_word' id='word_1_770' title='bbox 2921 3129 3103 3192; x_wconf 85' lang='lat' dir='ltr'><strong>agunt,</strong></span> <span class='ocrx_word' id='word_1_771' title='bbox 3149 3122 3260 3178; x_wconf 88' lang='lat' dir='ltr'><strong>sive</strong></span> <span class='ocrx_word' id='word_1_772' title='bbox 3295 3121 3510 3176; x_wconf 90' lang='lat' dir='ltr'><strong>omnino</strong></span> <span class='ocrx_word' id='word_1_773' title='bbox 3537 3137 3642 3176; x_wconf 87' lang='lat' dir='ltr'><strong>not:</strong></span> 
     </span>
    </p>
   </div>
   <div class='ocr_carea' id='block_1_96' title="bbox 2059 3201 3644 3278">
    <p class='ocr_par' dir='ltr' id='par_1_96' title="bbox 2059 3201 3644 3278">
     <span class='ocr_line' id='line_1_96' title="bbox 2059 3201 3644 3278; baseline 0.001 -16"><span class='ocrx_word' id='word_1_774' title='bbox 2059 3207 2338 3275; x_wconf 88' lang='lat' dir='ltr'><strong>faciendo,</strong></span> <span class='ocrx_word' id='word_1_775' title='bbox 2369 3210 2481 3264; x_wconf 87' lang='lat' dir='ltr'><strong>sive</strong></span> <span class='ocrx_word' id='word_1_776' title='bbox 2507 3225 2610 3264; x_wconf 91' lang='lat' dir='ltr'><strong>non</strong></span> <span class='ocrx_word' id='word_1_777' title='bbox 2639 3225 2702 3264; x_wconf 83' lang='lat' dir='ltr'><strong>ex</strong></span> <span class='ocrx_word' id='word_1_778' title='bbox 2743 3201 3004 3266; x_wconf 82' lang='lat' dir='ltr'><strong>charitate</strong></span> <span class='ocrx_word' id='word_1_779' title='bbox 3041 3211 3322 3276; x_wconf 85' lang='lat' dir='ltr'><strong>faciendo;</strong></span> <span class='ocrx_word' id='word_1_780' title='bbox 3367 3220 3552 3278; x_wconf 88' lang='lat' dir='ltr'><strong>orent,</strong></span> <span class='ocrx_word' id='word_1_781' title='bbox 3589 3223 3644 3264; x_wconf 91' lang='lat' dir='ltr'><strong>ut</strong></span> 
     </span>
    </p>
   </div>
   <div class='ocr_carea' id='block_1_97' title="bbox 2061 3299 3642 3374">
    <p class='ocr_par' dir='ltr' id='par_1_97' title="bbox 2061 3299 3642 3374">
     <span class='ocr_line' id='line_1_97' title="bbox 2061 3299 3642 3374; baseline 0.001 -20"><span class='ocrx_word' id='word_1_782' title='bbox 2061 3299 2206 3370; x_wconf 90' lang='lat' dir='ltr'><strong>quod</strong></span> <span class='ocrx_word' id='word_1_783' title='bbox 2232 3300 2464 3355; x_wconf 90' lang='lat' dir='ltr'><strong>nondum</strong></span> <span class='ocrx_word' id='word_1_784' title='bbox 2491 3300 2688 3358; x_wconf 83' lang='lat' dir='ltr'><strong>habent</strong></span> <span class='ocrx_word' id='word_1_785' title='bbox 2713 3302 2996 3374; x_wconf 90' lang='lat' dir='ltr'><strong>accipiant.</strong></span> <span class='ocrx_word' id='word_1_786' title='bbox 3024 3302 3159 3370; x_wconf 86' lang='lat' dir='ltr'><strong>Quid</strong></span> <span class='ocrx_word' id='word_1_787' title='bbox 3187 3303 3328 3357; x_wconf 89' lang='lat' dir='ltr'><strong>enim</strong></span> <span class='ocrx_word' id='word_1_788' title='bbox 3353 3301 3642 3366; x_wconf 84' lang='lat' dir='ltr'><strong>habebunt,</strong></span> 
     </span>
    </p>
   </div>
   <div class='ocr_carea' id='block_1_98' title="bbox 2065 3391 3643 3464">
    <p class='ocr_par' dir='ltr' id='par_1_98' title="bbox 2065 3391 3643 3464">
     <span class='ocr_line' id='line_1_98' title="bbox 2065 3391 3643 3464; baseline 0.004 -22"><span class='ocrx_word' id='word_1_789' title='bbox 2065 3391 2205 3460; x_wconf 87' lang='lat' dir='ltr'><strong>quod</strong></span> <span class='ocrx_word' id='word_1_790' title='bbox 2238 3405 2342 3444; x_wconf 91' lang='lat' dir='ltr'><strong>non</strong></span> <span class='ocrx_word' id='word_1_791' title='bbox 2369 3393 2638 3460; x_wconf 86' lang='lat' dir='ltr'><strong>accepturi</strong></span> <span class='ocrx_word' id='word_1_792' title='bbox 2663 3395 2829 3448; x_wconf 79' lang='lat' dir='ltr'><strong>sunt?</strong></span> <span class='ocrx_word' id='word_1_793' title='bbox 2865 3401 2958 3448; x_wconf 85' lang='lat' dir='ltr'><strong>aut</strong></span> <span class='ocrx_word' id='word_1_794' title='bbox 2981 3393 3106 3464; x_wconf 88' lang='lat' dir='ltr'><strong>quid</strong></span> <span class='ocrx_word' id='word_1_795' title='bbox 3131 3393 3347 3462; x_wconf 84' lang='lat' dir='ltr'><strong>habent,</strong></span> <span class='ocrx_word' id='word_1_796' title='bbox 3373 3394 3512 3464; x_wconf 87' lang='lat' dir='ltr'><strong>quod</strong></span> <span class='ocrx_word' id='word_1_797' title='bbox 3539 3409 3643 3448; x_wconf 90' lang='lat' dir='ltr'><strong>non</strong></span> 
     </span>
    </p>
   </div>
   <div class='ocr_carea' id='block_1_99' title="bbox 2057 3479 2842 3554">
    <p class='ocr_par' dir='ltr' id='par_1_99' title="bbox 2057 3479 2842 3554">
     <span class='ocr_line' id='line_1_99' title="bbox 2057 3479 2842 3554; baseline 0.008 -22"><span class='ocrx_word' id='word_1_798' title='bbox 2057 3492 2376 3548; x_wconf 77' lang='lat' dir='ltr'><strong>acoeperunt</strong></span> <span class='ocrx_word' id='word_1_799' title='bbox 2408 3482 2460 3552; x_wconf 92' lang='lat' dir='ltr'><strong>(l</strong></span> <span class='ocrx_word' id='word_1_800' title='bbox 2489 3479 2608 3536; x_wconf 89' lang='lat' dir='ltr'><strong>Cor.</strong></span> <span class='ocrx_word' id='word_1_801' title='bbox 2637 3499 2710 3549; x_wconf 86' lang='lat' dir='ltr'><strong>tv,</strong></span> <span class='ocrx_word' id='word_1_802' title='bbox 2743 3483 2842 3554; x_wconf 77' lang='lat'><strong>7)?</strong></span> 
     </span>
    </p>
   </div>
   <div class='ocr_carea' id='block_1_100' title="bbox 2127 3569 3644 3648">
    <p class='ocr_par' dir='ltr' id='par_1_100' title="bbox 2127 3569 3644 3648">
     <span class='ocr_line' id='line_1_100' title="bbox 2127 3569 3644 3648; baseline 0.004 -24"><span class='ocrx_word' id='word_1_803' title='bbox 2127 3569 2351 3625; x_wconf 76' lang='lat' dir='ltr'><strong>CAPUT</strong></span> <span class='ocrx_word' id='word_1_804' title='bbox 2391 3570 2477 3624; x_wconf 84' lang='lat' dir='ltr'><strong>Ill.</strong></span> <span class='ocrx_word' id='word_1_805' title='bbox 2507 3573 2656 3628; x_wconf 84' lang='lat'><strong>—5.</strong></span> <span class='ocrx_word' id='word_1_806' title='bbox 2694 3591 2712 3624; x_wconf 87' lang='grc' dir='ltr'><strong>ι</strong></span> <span class='ocrx_word' id='word_1_807' title='bbox 2743 3573 2901 3645; x_wconf 85' lang='lat' dir='ltr'><strong>Ergo,</strong></span> <span class='ocrx_word' id='word_1_808' title='bbox 2939 3595 2958 3628; x_wconf 81' lang='grc' dir='ltr'><strong>ι</strong></span> <span class='ocrx_word' id='word_1_809' title='bbox 2985 3575 3250 3646; x_wconf 85' lang='lat' dir='ltr'><strong>inquiunt,</strong></span> <span class='ocrx_word' id='word_1_810' title='bbox 3285 3595 3302 3628; x_wconf 86' lang='grc' dir='ltr'><strong>ι</strong></span> <span class='ocrx_word' id='word_1_811' title='bbox 3333 3577 3644 3648; x_wconf 79' lang='lat' dir='ltr'><strong>prtecipiant</strong></span> 
     </span>
    </p>
   </div>
   <div class='ocr_carea' id='block_1_101' title="bbox 2060 3661 3644 3738">
    <p class='ocr_par' dir='ltr' id='par_1_101' title="bbox 2060 3661 3644 3738">
     <span class='ocr_line' id='line_1_101' title="bbox 2060 3661 3644 3738; baseline 0.006 -23"><span class='ocrx_word' id='word_1_812' title='bbox 2060 3661 2428 3716; x_wconf 85' lang='lat' dir='ltr'><strong>tantummodo</strong></span> <span class='ocrx_word' id='word_1_813' title='bbox 2475 3662 2628 3718; x_wconf 89' lang='lat' dir='ltr'><strong>nobis</strong></span> <span class='ocrx_word' id='word_1_814' title='bbox 2667 3664 2793 3735; x_wconf 90' lang='lat' dir='ltr'><strong>quid</strong></span> <span class='ocrx_word' id='word_1_815' title='bbox 2833 3663 3010 3721; x_wconf 86' lang='lat' dir='ltr'><strong>facere</strong></span> <span class='ocrx_word' id='word_1_816' title='bbox 3043 3667 3330 3722; x_wconf 88' lang='lat' dir='ltr'><strong>debeamus</strong></span> <span class='ocrx_word' id='word_1_817' title='bbox 3369 3671 3458 3738; x_wconf 85' lang='lat' dir='ltr'><strong>qui</strong></span> <span class='ocrx_word' id='word_1_818' title='bbox 3495 3669 3644 3724; x_wconf 84' lang='lat' dir='ltr'><strong>nobis</strong></span> 
     </span>
    </p>
   </div>
   <div class='ocr_carea' id='block_1_102' title="bbox 2058 3755 3641 3829">
    <p class='ocr_par' dir='ltr' id='par_1_102' title="bbox 2058 3755 3641 3829">
     <span class='ocr_line' id='line_1_102' title="bbox 2058 3755 3641 3829; baseline 0.003 -20"><span class='ocrx_word' id='word_1_819' title='bbox 2058 3765 2311 3824; x_wconf 67' lang='lat' dir='ltr'><strong>praesunt,</strong></span> <span class='ocrx_word' id='word_1_820' title='bbox 2343 3765 2398 3811; x_wconf 90' lang='lat' dir='ltr'><strong>et</strong></span> <span class='ocrx_word' id='word_1_821' title='bbox 2419 3765 2476 3810; x_wconf 89' lang='lat' dir='ltr'><strong>ut</strong></span> <span class='ocrx_word' id='word_1_822' title='bbox 2501 3755 2756 3812; x_wconf 89' lang='lat' dir='ltr'><strong>faciamus</strong></span> <span class='ocrx_word' id='word_1_823' title='bbox 2780 3766 2934 3814; x_wconf 86' lang='lat' dir='ltr'><strong>orent</strong></span> <span class='ocrx_word' id='word_1_824' title='bbox 2968 3774 3064 3829; x_wconf 91' lang='lat' dir='ltr'><strong>pro</strong></span> <span class='ocrx_word' id='word_1_825' title='bbox 3099 3759 3250 3814; x_wconf 89' lang='lat' dir='ltr'><strong>nobis</strong></span> <span class='ocrx_word' id='word_1_826' title='bbox 3279 3780 3292 3816; x_wconf 87' lang='lat'>:</span> <span class='ocrx_word' id='word_1_827' title='bbox 3331 3777 3434 3814; x_wconf 89' lang='lat' dir='ltr'><strong>non</strong></span> <span class='ocrx_word' id='word_1_828' title='bbox 3465 3770 3641 3816; x_wconf 86' lang='lat' dir='ltr'><strong>autem</strong></span> 
     </span>
    </p>
   </div>
   <div class='ocr_carea' id='block_1_103' title="bbox 2057 3846 3644 3920">
    <p class='ocr_par' dir='ltr' id='par_1_103' title="bbox 2057 3846 3644 3920">
     <span class='ocr_line' id='line_1_103' title="bbox 2057 3846 3644 3920; baseline 0.001 -18"><span class='ocrx_word' id='word_1_829' title='bbox 2057 3862 2158 3902; x_wconf 88' lang='lat' dir='ltr'><strong>nos</strong></span> <span class='ocrx_word' id='word_1_830' title='bbox 2184 3846 2473 3918; x_wconf 84' lang='lat' dir='ltr'><strong>corripiant</strong></span> <span class='ocrx_word' id='word_1_831' title='bbox 2511 3857 2568 3904; x_wconf 90' lang='lat' dir='ltr'><strong>et</strong></span> <span class='ocrx_word' id='word_1_832' title='bbox 2607 3859 2864 3920; x_wconf 88' lang='lat' dir='ltr'><strong>arguant,</strong></span> <span class='ocrx_word' id='word_1_833' title='bbox 2898 3850 2943 3904; x_wconf 89' lang='lat' dir='ltr'><strong>si</strong></span> <span class='ocrx_word' id='word_1_834' title='bbox 2983 3865 3089 3904; x_wconf 90' lang='lat' dir='ltr'><strong>non</strong></span> <span class='ocrx_word' id='word_1_835' title='bbox 3131 3850 3432 3905; x_wconf 87' lang='lat' dir='ltr'><strong>fecerimus.</strong></span> <span class='ocrx_word' id='word_1_836' title='bbox 3475 3870 3492 3904; x_wconf 81' lang='grc' dir='ltr'><strong>ι</strong></span> <span class='ocrx_word' id='word_1_837' title='bbox 3533 3851 3644 3906; x_wconf 87' lang='lat' dir='ltr'><strong>lmo</strong></span> 
     </span>
    </p>
   </div>
   <div class='ocr_carea' id='block_1_104' title="bbox 2059 3937 3640 4012">
    <p class='ocr_par' dir='ltr' id='par_1_104' title="bbox 2059 3937 3640 4012">
     <span class='ocr_line' id='line_1_104' title="bbox 2059 3937 3640 4012; baseline 0 -20"><span class='ocrx_word' id='word_1_838' title='bbox 2059 3938 2238 3992; x_wconf 88' lang='lat' dir='ltr'><strong>omnia</strong></span> <span class='ocrx_word' id='word_1_839' title='bbox 2269 3937 2400 3992; x_wconf 85' lang='lat' dir='ltr'><strong>fiant</strong></span> <span class='ocrx_word' id='word_1_840' title='bbox 2425 3955 2440 3992; x_wconf 89' lang='lat'><strong>:</strong></span> <span class='ocrx_word' id='word_1_841' title='bbox 2471 3938 2720 4008; x_wconf 91' lang='lat' dir='ltr'><strong>quoniam</strong></span> <span class='ocrx_word' id='word_1_842' title='bbox 2743 3939 2990 3994; x_wconf 89' lang='lat' dir='ltr'><strong>doctores</strong></span> <span class='ocrx_word' id='word_1_843' title='bbox 3013 3939 3372 3994; x_wconf 82' lang='lat' dir='ltr'><strong>Ecclesiarum</strong></span> <span class='ocrx_word' id='word_1_844' title='bbox 3401 3939 3640 4012; x_wconf 80' lang='lat' dir='ltr'><strong>Apostoli</strong></span> 
     </span>
    </p>
   </div>
   <div class='ocr_carea' id='block_1_105' title="bbox 2057 4015 3642 4102">
    <p class='ocr_par' dir='ltr' id='par_1_105' title="bbox 2057 4015 3642 4102">
     <span class='ocr_line' id='line_1_105' title="bbox 2057 4015 3642 4102; baseline 0.003 -19"><span class='ocrx_word' id='word_1_845' title='bbox 2057 4029 2235 4084; x_wconf 88' lang='lat' dir='ltr'><strong>omnia</strong></span> <span class='ocrx_word' id='word_1_846' title='bbox 2289 4029 2592 4099; x_wconf 88' lang='lat' dir='ltr'><strong>faciebant,</strong></span> <span class='ocrx_word' id='word_1_847' title='bbox 2639 4041 2692 4086; x_wconf 91' lang='lat' dir='ltr'><strong>et</strong></span> <span class='ocrx_word' id='word_1_848' title='bbox 2737 4031 3116 4102; x_wconf 82' lang='lat' dir='ltr'><strong>pr:rcipiebant</strong></span> <span class='ocrx_word' id='word_1_849' title='bbox 3165 4047 3284 4100; x_wconf 79' lang='lat' dir='ltr'><strong>qua:</strong></span> <span class='ocrx_word' id='word_1_850' title='bbox 3329 4015 3548 4096; x_wconf 83' lang='lat' dir='ltr'><strong>fierent,</strong></span> <span class='ocrx_word' id='word_1_851' title='bbox 3589 4043 3642 4088; x_wconf 90' lang='lat' dir='ltr'><strong>et</strong></span> 
     </span>
    </p>
   </div>
   <div class='ocr_carea' id='block_1_106' title="bbox 2057 4109 3618 4190">
    <p class='ocr_par' dir='ltr' id='par_1_106' title="bbox 2057 4109 3618 4190">
     <span class='ocr_line' id='line_1_106' title="bbox 2057 4109 3618 4190; baseline 0 -15"><span class='ocrx_word' id='word_1_852' title='bbox 2057 4121 2418 4190; x_wconf 85' lang='lat' dir='ltr'><strong>corripiebant</strong></span> <span class='ocrx_word' id='word_1_853' title='bbox 2457 4122 2500 4176; x_wconf 92' lang='lat' dir='ltr'><strong>si</strong></span> <span class='ocrx_word' id='word_1_854' title='bbox 2549 4137 2654 4176; x_wconf 90' lang='lat' dir='ltr'><strong>non</strong></span> <span class='ocrx_word' id='word_1_855' title='bbox 2697 4123 2884 4176; x_wconf 87' lang='lat' dir='ltr'><strong>fierent</strong></span> <span class='ocrx_word' id='word_1_856' title='bbox 2909 4163 2924 4186; x_wconf 94' lang='lat'><strong>,</strong></span> <span class='ocrx_word' id='word_1_857' title='bbox 2963 4131 3018 4177; x_wconf 90' lang='lat' dir='ltr'><strong>et</strong></span> <span class='ocrx_word' id='word_1_858' title='bbox 3059 4109 3282 4176; x_wconf 61' lang='lat' dir='ltr'><strong>orabant</strong></span> <span class='ocrx_word' id='word_1_859' title='bbox 3330 4131 3384 4176; x_wconf 91' lang='lat' dir='ltr'><strong>ut</strong></span> <span class='ocrx_word' id='word_1_860' title='bbox 3433 4123 3618 4176; x_wconf 88' lang='lat' dir='ltr'><strong>fierent</strong></span> 
     </span>
    </p>
   </div>
   <div class='ocr_carea' id='block_1_107' title="bbox 2057 4211 3639 4280">
    <p class='ocr_par' dir='ltr' id='par_1_107' title="bbox 2057 4211 3639 4280">
     <span class='ocr_line' id='line_1_107' title="bbox 2057 4211 3639 4280; baseline -0.001 -12"><span class='ocrx_word' id='word_1_861' title='bbox 2057 4211 2304 4280; x_wconf 75' lang='lat' dir='ltr'><strong>Prtecipit</strong></span> <span class='ocrx_word' id='word_1_862' title='bbox 2331 4212 2620 4280; x_wconf 78' lang='lat' dir='ltr'><strong>Apostolus</strong></span> <span class='ocrx_word' id='word_1_863' title='bbox 2645 4213 2826 4266; x_wconf 86' lang='lat' dir='ltr'><strong>dicens</strong></span> <span class='ocrx_word' id='word_1_864' title='bbox 2851 4255 2865 4278; x_wconf 92' lang='lat'><strong>,</strong></span> <span class='ocrx_word' id='word_1_865' title='bbox 2899 4212 3084 4266; x_wconf 85' lang='lat' dir='ltr'><strong>Omnia</strong></span> <span class='ocrx_word' id='word_1_866' title='bbox 3111 4223 3273 4266; x_wconf 77' lang='lat' dir='ltr'><strong>vestra</strong></span> <span class='ocrx_word' id='word_1_867' title='bbox 3317 4230 3432 4266; x_wconf 82' lang='lat' dir='ltr'><strong>cum</strong></span> <span class='ocrx_word' id='word_1_868' title='bbox 3469 4213 3639 4267; x_wconf 84' lang='lat' dir='ltr'><strong>chari-</strong></span> 
     </span>
    </p>
   </div>
   <div class='ocr_carea' id='block_1_108' title="bbox 2058 4300 3640 4374">
    <p class='ocr_par' dir='ltr' id='par_1_108' title="bbox 2058 4300 3640 4374">
     <span class='ocr_line' id='line_1_108' title="bbox 2058 4300 3640 4374; baseline 0 -20"><span class='ocrx_word' id='word_1_869' title='bbox 2058 4311 2160 4354; x_wconf 88' lang='lat' dir='ltr'><strong>tatc</strong></span> <span class='ocrx_word' id='word_1_870' title='bbox 2185 4303 2204 4332; x_wconf 78' lang='lat'>&#39;</span> <span class='ocrx_word' id='word_1_871' title='bbox 2233 4301 2361 4370; x_wconf 84' lang='lat' dir='ltr'><strong>fiant</strong></span> <span class='ocrx_word' id='word_1_872' title='bbox 2393 4300 2500 4372; x_wconf 87' lang='lat' dir='ltr'><strong>(Id.</strong></span> <span class='ocrx_word' id='word_1_873' title='bbox 2529 4317 2637 4366; x_wconf 83' lang='lat' dir='ltr'><strong>xvt,</strong></span> <span class='ocrx_word' id='word_1_874' title='bbox 2667 4301 2777 4366; x_wconf 67' lang='lat' dir='ltr'><strong>lt).</strong></span> <span class='ocrx_word' id='word_1_875' title='bbox 2804 4301 3036 4372; x_wconf 88' lang='lat' dir='ltr'><strong>Corripit</strong></span> <span class='ocrx_word' id='word_1_876' title='bbox 3059 4302 3274 4366; x_wconf 86' lang='lat' dir='ltr'><strong>dicens,</strong></span> <span class='ocrx_word' id='word_1_877' title='bbox 3297 4301 3418 4356; x_wconf 77' lang='lat' dir='ltr'><strong>lam</strong></span> <span class='ocrx_word' id='word_1_878' title='bbox 3441 4304 3640 4374; x_wconf 78' lang='lat' dir='ltr'><strong>quidem</strong></span> 
     </span>
    </p>
   </div>
   <div class='ocr_carea' id='block_1_109' title="bbox 2057 4392 3642 4466">
    <p class='ocr_par' dir='ltr' id='par_1_109' title="bbox 2057 4392 3642 4466">
     <span class='ocr_line' id='line_1_109' title="bbox 2057 4392 3642 4466; baseline 0.003 -21"><span class='ocrx_word' id='word_1_879' title='bbox 2057 4392 2261 4446; x_wconf 83' lang='lat' dir='ltr'><strong>omnino</strong></span> <span class='ocrx_word' id='word_1_880' title='bbox 2303 4393 2538 4446; x_wconf 84' lang='lat' dir='ltr'><strong>delictum</strong></span> <span class='ocrx_word' id='word_1_881' title='bbox 2581 4404 2654 4448; x_wconf 76' lang='lat' dir='ltr'><strong>est</strong></span> <span class='ocrx_word' id='word_1_882' title='bbox 2704 4393 2756 4446; x_wconf 84' lang='lat' dir='ltr'><strong>in</strong></span> <span class='ocrx_word' id='word_1_883' title='bbox 2799 4394 2934 4448; x_wconf 76' lang='lat' dir='ltr'><strong>vobis</strong></span> <span class='ocrx_word' id='word_1_884' title='bbox 2961 4393 3010 4461; x_wconf 84' lang='grc'><strong>³,</strong></span> <span class='ocrx_word' id='word_1_885' title='bbox 3054 4395 3174 4465; x_wconf 82' lang='lat' dir='ltr'><strong>quia</strong></span> <span class='ocrx_word' id='word_1_886' title='bbox 3211 4395 3414 4466; x_wconf 80' lang='lat' dir='ltr'><strong>judicia</strong></span> <span class='ocrx_word' id='word_1_887' title='bbox 3453 4395 3642 4449; x_wconf 82' lang='lat' dir='ltr'><strong>habetis</strong></span> 
     </span>
    </p>
   </div>
   <div class='ocr_carea' id='block_1_110' title="bbox 2055 4483 3642 4558">
    <p class='ocr_par' dir='ltr' id='par_1_110' title="bbox 2055 4483 3642 4558">
     <span class='ocr_line' id='line_1_110' title="bbox 2055 4483 3642 4558; baseline 0.001 -22"><span class='ocrx_word' id='word_1_888' title='bbox 2055 4483 2326 4537; x_wconf 83' lang='lat' dir='ltr'><strong>vobiscum.</strong></span> <span class='ocrx_word' id='word_1_889' title='bbox 2359 4483 2530 4550; x_wconf 81' lang='lat' dir='ltr'><strong>Quare</strong></span> <span class='ocrx_word' id='word_1_890' title='bbox 2553 4485 2685 4537; x_wconf 87' lang='lat' dir='ltr'><strong>enim</strong></span> <span class='ocrx_word' id='word_1_891' title='bbox 2715 4501 2814 4538; x_wconf 85' lang='lat' dir='ltr'><strong>non</strong></span> <span class='ocrx_word' id='word_1_892' title='bbox 2845 4485 3004 4556; x_wconf 81' lang='lat' dir='ltr'><strong>magis</strong></span> <span class='ocrx_word' id='word_1_893' title='bbox 3033 4485 3346 4556; x_wconf 83' lang='lat' dir='ltr'><strong>iniquitatem</strong></span> <span class='ocrx_word' id='word_1_894' title='bbox 3373 4487 3642 4558; x_wconf 78' lang='lat' dir='ltr'><strong>patimini?</strong></span> 
     </span>
    </p>
   </div>
   <div class='ocr_carea' id='block_1_111' title="bbox 2056 4574 3636 4646">
    <p class='ocr_par' dir='ltr' id='par_1_111' title="bbox 2056 4574 3636 4646">
     <span class='ocr_line' id='line_1_111' title="bbox 2056 4574 3636 4646; baseline 0.001 -19"><span class='ocrx_word' id='word_1_895' title='bbox 2056 4589 2211 4644; x_wconf 86' lang='lat' dir='ltr'><strong>quare</strong></span> <span class='ocrx_word' id='word_1_896' title='bbox 2258 4590 2359 4628; x_wconf 86' lang='lat' dir='ltr'><strong>non</strong></span> <span class='ocrx_word' id='word_1_897' title='bbox 2411 4575 2580 4644; x_wconf 81' lang='lat' dir='ltr'><strong>potius</strong></span> <span class='ocrx_word' id='word_1_898' title='bbox 2627 4574 2940 4644; x_wconf 84' lang='lat' dir='ltr'><strong>fraudamini</strong></span> <span class='ocrx_word' id='word_1_899' title='bbox 2963 4577 2990 4631; x_wconf 80' lang='lat'><strong><em>?</em></strong></span> <span class='ocrx_word' id='word_1_900' title='bbox 3045 4575 3150 4630; x_wconf 86' lang='lat' dir='ltr'><strong>Sed</strong></span> <span class='ocrx_word' id='word_1_901' title='bbox 3195 4593 3280 4631; x_wconf 80' lang='lat' dir='ltr'><strong>vos</strong></span> <span class='ocrx_word' id='word_1_902' title='bbox 3325 4577 3636 4646; x_wconf 83' lang='lat' dir='ltr'><strong>iniquitatem</strong></span> 
     </span>
    </p>
   </div>
   <div class='ocr_carea' id='block_1_112' title="bbox 2057 4668 3634 4739">
    <p class='ocr_par' dir='ltr' id='par_1_112' title="bbox 2057 4668 3634 4739">
     <span class='ocr_line' id='line_1_112' title="bbox 2057 4668 3634 4739; baseline 0.001 -19"><span class='ocrx_word' id='word_1_903' title='bbox 2057 4669 2243 4739; x_wconf 84' lang='lat' dir='ltr'><strong>facitis,</strong></span> <span class='ocrx_word' id='word_1_904' title='bbox 2289 4677 2336 4722; x_wconf 87' lang='lat' dir='ltr'><strong>et</strong></span> <span class='ocrx_word' id='word_1_905' title='bbox 2367 4668 2637 4738; x_wconf 78' lang='lat' dir='ltr'><strong>fraudatis,</strong></span> <span class='ocrx_word' id='word_1_906' title='bbox 2665 4678 2710 4722; x_wconf 86' lang='lat' dir='ltr'><strong>et</strong></span> <span class='ocrx_word' id='word_1_907' title='bbox 2744 4669 2837 4722; x_wconf 87' lang='lat' dir='ltr'><strong>hoc</strong></span> <span class='ocrx_word' id='word_1_908' title='bbox 2873 4669 3056 4739; x_wconf 78' lang='lat' dir='ltr'><strong>fratres</strong></span> <span class='ocrx_word' id='word_1_909' title='bbox 3079 4669 3118 4723; x_wconf 72' lang='grc'><strong>⁸.</strong></span> <span class='ocrx_word' id='word_1_910' title='bbox 3159 4671 3238 4724; x_wconf 79' lang='lat' dir='ltr'><strong>An</strong></span> <span class='ocrx_word' id='word_1_911' title='bbox 3279 4670 3479 4724; x_wconf 73' lang='lat' dir='ltr'><strong>ttcsritis</strong></span> <span class='ocrx_word' id='word_1_912' title='bbox 3515 4670 3634 4738; x_wconf 83' lang='lat' dir='ltr'><strong>quia</strong></span> 
     </span>
    </p>
   </div>
   <div class='ocr_carea' id='block_1_113' title="bbox 2053 4757 3636 4830">
    <p class='ocr_par' dir='ltr' id='par_1_113' title="bbox 2053 4757 3636 4830">
     <span class='ocr_line' id='line_1_113' title="bbox 2053 4757 3636 4830; baseline 0.003 -20"><span class='ocrx_word' id='word_1_913' title='bbox 2053 4759 2232 4829; x_wconf 83' lang='lat' dir='ltr'><strong>injusti</strong></span> <span class='ocrx_word' id='word_1_914' title='bbox 2275 4775 2482 4830; x_wconf 84' lang='lat' dir='ltr'><strong>regnum</strong></span> <span class='ocrx_word' id='word_1_915' title='bbox 2511 4757 2610 4813; x_wconf 85' lang='lat' dir='ltr'><strong>Dei</strong></span> <span class='ocrx_word' id='word_1_916' title='bbox 2651 4777 2752 4812; x_wconf 82' lang='lat' dir='ltr'><strong>non</strong></span> <span class='ocrx_word' id='word_1_917' title='bbox 2799 4761 3122 4829; x_wconf 78' lang='lat' dir='ltr'><strong>possidebunt</strong></span> <span class='ocrx_word' id='word_1_918' title='bbox 3163 4758 3292 4830; x_wconf 87' lang='lat' dir='ltr'><strong>(Id.</strong></span> <span class='ocrx_word' id='word_1_919' title='bbox 3317 4775 3399 4826; x_wconf 87' lang='lat' dir='ltr'><strong>vt,</strong></span> <span class='ocrx_word' id='word_1_920' title='bbox 3430 4760 3459 4814; x_wconf 82' lang='lat'><strong>7</strong></span> <span class='ocrx_word' id='word_1_921' title='bbox 3479 4789 3504 4801; x_wconf 88' lang='lat'><strong>-</strong></span> <span class='ocrx_word' id='word_1_922' title='bbox 3523 4759 3591 4830; x_wconf 85' lang='lat'><strong>9)</strong></span> <span class='ocrx_word' id='word_1_923' title='bbox 3615 4762 3636 4814; x_wconf 76' lang='lat'><strong>&#39;3</strong></span> 
     </span>
    </p>
   </div>
   <div class='ocr_carea' id='block_1_114' title="bbox 2055 4849 3636 4921">
    <p class='ocr_par' dir='ltr' id='par_1_114' title="bbox 2055 4849 3636 4921">
     <span class='ocr_line' id='line_1_114' title="bbox 2055 4849 3636 4921; baseline 0.002 -18"><span class='ocrx_word' id='word_1_924' title='bbox 2055 4849 2346 4904; x_wconf 82' lang='lat' dir='ltr'><strong>Audiamus</strong></span> <span class='ocrx_word' id='word_1_925' title='bbox 2373 4857 2430 4904; x_wconf 90' lang='lat' dir='ltr'><strong>et</strong></span> <span class='ocrx_word' id='word_1_926' title='bbox 2463 4859 2702 4904; x_wconf 87' lang='lat' dir='ltr'><strong>orantem</strong></span> <span class='ocrx_word' id='word_1_927' title='bbox 2737 4867 2751 4904; x_wconf 92' lang='lat'><strong>:</strong></span> <span class='ocrx_word' id='word_1_928' title='bbox 2787 4849 2888 4905; x_wconf 82' lang='lat' dir='ltr'><strong>Vos</strong></span> <span class='ocrx_word' id='word_1_929' title='bbox 2914 4861 3078 4904; x_wconf 78' lang='lat' dir='ltr'><strong>autem</strong></span> <span class='ocrx_word' id='word_1_930' title='bbox 3099 4891 3114 4916; x_wconf 94' lang='lat'><strong>,</strong></span> <span class='ocrx_word' id='word_1_931' title='bbox 3147 4849 3357 4921; x_wconf 83' lang='lat' dir='ltr'><strong>inquit,</strong></span> <span class='ocrx_word' id='word_1_932' title='bbox 3391 4849 3636 4906; x_wconf 78' lang='lat' dir='ltr'><strong>Dominus</strong></span> 
     </span>
    </p>
   </div>
   <div class='ocr_carea' id='block_1_115' title="bbox 2055 4939 3634 5010">
    <p class='ocr_par' dir='ltr' id='par_1_115' title="bbox 2055 4939 3634 5010">
     <span class='ocr_line' id='line_1_115' title="bbox 2055 4939 3634 5010; baseline 0.004 -20"><span class='ocrx_word' id='word_1_933' title='bbox 2055 4939 2351 5008; x_wconf 82' lang='lat' dir='ltr'><strong>multiplicet</strong></span> <span class='ocrx_word' id='word_1_934' title='bbox 2371 4981 2385 5004; x_wconf 87' lang='lat'><strong>,</strong></span> <span class='ocrx_word' id='word_1_935' title='bbox 2415 4950 2462 4994; x_wconf 83' lang='lat' dir='ltr'><strong>et</strong></span> <span class='ocrx_word' id='word_1_936' title='bbox 2489 4941 2750 5006; x_wconf 81' lang='lat' dir='ltr'><strong>abundare</strong></span> <span class='ocrx_word' id='word_1_937' title='bbox 2791 4941 2947 5010; x_wconf 79' lang='lat' dir='ltr'><strong>faciat</strong></span> <span class='ocrx_word' id='word_1_938' title='bbox 2974 4941 3024 4994; x_wconf 85' lang='lat' dir='ltr'><strong>in</strong></span> <span class='ocrx_word' id='word_1_939' title='bbox 3059 4940 3304 4994; x_wconf 81' lang='lat' dir='ltr'><strong>charitate</strong></span> <span class='ocrx_word' id='word_1_940' title='bbox 3338 4942 3390 4994; x_wconf 86' lang='lat' dir='ltr'><strong>in</strong></span> <span class='ocrx_word' id='word_1_941' title='bbox 3429 4942 3634 4996; x_wconf 72' lang='lat' dir='ltr'><strong>invicem</strong></span> 
     </span>
    </p>
   </div>
   <div class='ocr_carea' id='block_1_116' title="bbox 2053 5031 3637 5103">
    <p class='ocr_par' dir='ltr' id='par_1_116' title="bbox 2053 5031 3637 5103">
     <span class='ocr_line' id='line_1_116' title="bbox 2053 5031 3637 5103; baseline 0.006 -22"><span class='ocrx_word' id='word_1_942' title='bbox 2053 5039 2100 5082; x_wconf 81' lang='lat' dir='ltr'><strong>et</strong></span> <span class='ocrx_word' id='word_1_943' title='bbox 2137 5031 2189 5082; x_wconf 85' lang='lat' dir='ltr'><strong>in</strong></span> <span class='ocrx_word' id='word_1_944' title='bbox 2229 5047 2400 5084; x_wconf 71' lang='lat' dir='ltr'><strong>attines</strong></span> <span class='ocrx_word' id='word_1_945' title='bbox 2439 5031 2494 5101; x_wconf 94' lang='lat' dir='ltr'><strong>(l</strong></span> <span class='ocrx_word' id='word_1_946' title='bbox 2524 5031 2703 5086; x_wconf 83' lang='lat' dir='ltr'><strong>Thess.</strong></span> <span class='ocrx_word' id='word_1_947' title='bbox 2733 5047 2810 5096; x_wconf 84' lang='grc' dir='ltr'><strong>ιιι,</strong></span> <span class='ocrx_word' id='word_1_948' title='bbox 2845 5031 2950 5103; x_wconf 70' lang='lat' dir='ltr'><strong>t2).</strong></span> <span class='ocrx_word' id='word_1_949' title='bbox 2982 5032 3256 5102; x_wconf 63' lang='lat' dir='ltr'><strong>Pin-cipit,</strong></span> <span class='ocrx_word' id='word_1_950' title='bbox 3285 5041 3340 5086; x_wconf 91' lang='grc' dir='ltr'><strong>ιιι</strong></span> <span class='ocrx_word' id='word_1_951' title='bbox 3379 5033 3637 5090; x_wconf 83' lang='lat' dir='ltr'><strong>habeatur</strong></span> 
     </span>
    </p>
   </div>
   <div class='ocr_carea' id='block_1_117' title="bbox 2051 5117 3634 5192">
    <p class='ocr_par' dir='ltr' id='par_1_117' title="bbox 2051 5117 3634 5192">
     <span class='ocr_line' id='line_1_117' title="bbox 2051 5117 3634 5192; baseline 0.004 -18"><span class='ocrx_word' id='word_1_952' title='bbox 2051 5117 2282 5174; x_wconf 86' lang='lat' dir='ltr'><strong>cbnritas</strong></span> <span class='ocrx_word' id='word_1_953' title='bbox 2311 5137 2324 5172; x_wconf 89' lang='lat'><strong>:</strong></span> <span class='ocrx_word' id='word_1_954' title='bbox 2355 5124 2602 5191; x_wconf 83' lang='lat' dir='ltr'><strong>corripit,</strong></span> <span class='ocrx_word' id='word_1_955' title='bbox 2634 5123 2754 5192; x_wconf 79' lang='lat' dir='ltr'><strong>quia</strong></span> <span class='ocrx_word' id='word_1_956' title='bbox 2783 5139 2888 5178; x_wconf 89' lang='lat' dir='ltr'><strong>non</strong></span> <span class='ocrx_word' id='word_1_957' title='bbox 2919 5123 3142 5179; x_wconf 85' lang='lat' dir='ltr'><strong>habetur</strong></span> <span class='ocrx_word' id='word_1_958' title='bbox 3177 5126 3408 5180; x_wconf 72' lang='lat' dir='ltr'><strong>Charitas</strong></span> <span class='ocrx_word' id='word_1_959' title='bbox 3447 5145 3459 5176; x_wconf 89' lang='lat'><em>:</em></span> <span class='ocrx_word' id='word_1_960' title='bbox 3493 5137 3634 5190; x_wconf 66' lang='lat' dir='ltr'><strong>erat,</strong></span> 
     </span>
    </p>
   </div>
   <div class='ocr_carea' id='block_1_118' title="bbox 2053 5211 3634 5288">
    <p class='ocr_par' dir='ltr' id='par_1_118' title="bbox 2053 5211 3634 5288">
     <span class='ocr_line' id='line_1_118' title="bbox 2053 5211 3634 5288; baseline 0.005 -26"><span class='ocrx_word' id='word_1_961' title='bbox 2053 5219 2108 5262; x_wconf 89' lang='lat' dir='ltr'><strong>ut</strong></span> <span class='ocrx_word' id='word_1_962' title='bbox 2137 5211 2370 5266; x_wconf 86' lang='lat' dir='ltr'><strong>abundet</strong></span> <span class='ocrx_word' id='word_1_963' title='bbox 2405 5211 2658 5267; x_wconf 69' lang='lat' dir='ltr'><strong>obtritas.</strong></span> <span class='ocrx_word' id='word_1_964' title='bbox 2688 5214 2732 5268; x_wconf 89' lang='grc' dir='ltr'>Ο</span> <span class='ocrx_word' id='word_1_965' title='bbox 2757 5215 2936 5280; x_wconf 87' lang='lat' dir='ltr'><strong>ltomo,</strong></span> <span class='ocrx_word' id='word_1_966' title='bbox 2968 5217 3018 5269; x_wconf 91' lang='lat' dir='ltr'><strong>in</strong></span> <span class='ocrx_word' id='word_1_967' title='bbox 3053 5218 3403 5286; x_wconf 63' lang='lat' dir='ltr'><strong>prwcqitiune</strong></span> <span class='ocrx_word' id='word_1_968' title='bbox 3441 5235 3634 5288; x_wconf 64' lang='lat' dir='ltr'><strong>cogito-</strong></span> 
     </span>
    </p>
   </div>
   <div class='ocr_carea' id='block_1_119' title="bbox 2052 5300 3635 5379">
    <p class='ocr_par' dir='ltr' id='par_1_119' title="bbox 2052 5300 3635 5379">
     <span class='ocr_line' id='line_1_119' title="bbox 2052 5300 3635 5379; baseline 0.004 -27"><span class='ocrx_word' id='word_1_969' title='bbox 2052 5313 2141 5353; x_wconf 90' lang='lat' dir='ltr'><strong>sce</strong></span> <span class='ocrx_word' id='word_1_970' title='bbox 2187 5300 2312 5370; x_wconf 87' lang='lat' dir='ltr'><strong>quid</strong></span> <span class='ocrx_word' id='word_1_971' title='bbox 2365 5300 2562 5356; x_wconf 85' lang='lat' dir='ltr'><strong>debeas</strong></span> <span class='ocrx_word' id='word_1_972' title='bbox 2609 5303 2840 5368; x_wconf 82' lang='lat' dir='ltr'><strong>habere;</strong></span> <span class='ocrx_word' id='word_1_973' title='bbox 2889 5305 2941 5358; x_wconf 91' lang='lat' dir='ltr'><strong>in</strong></span> <span class='ocrx_word' id='word_1_974' title='bbox 2987 5307 3324 5378; x_wconf 60' lang='lat' dir='ltr'><strong>correptione</strong></span> <span class='ocrx_word' id='word_1_975' title='bbox 3373 5323 3635 5379; x_wconf 59' lang='lat' dir='ltr'><strong>cognosci:</strong></span> 
     </span>
    </p>
   </div>
   <div class='ocr_carea' id='block_1_120' title="bbox 2115 5432 2976 5495">
    <p class='ocr_par' dir='ltr' id='par_1_120' title="bbox 2115 5432 2976 5495">
     <span class='ocr_line' id='line_1_120' title="bbox 2115 5432 2976 5495; baseline 0.008 -16"><span class='ocrx_word' id='word_1_976' title='bbox 2115 5432 2130 5495; x_wconf 58' lang='grc' dir='ltr'><strong>ξ</strong></span> <span class='ocrx_word' id='word_1_977' title='bbox 2167 5439 2264 5480; x_wconf 76' lang='lat' dir='ltr'><strong>Am.</strong></span> <span class='ocrx_word' id='word_1_978' title='bbox 2291 5439 2365 5482; x_wconf 81' lang='lat' dir='ltr'><strong>Er.</strong></span> <span class='ocrx_word' id='word_1_979' title='bbox 2387 5440 2438 5482; x_wconf 92' lang='lat' dir='ltr'><strong>et</strong></span> <span class='ocrx_word' id='word_1_980' title='bbox 2461 5433 2682 5495; x_wconf 80' lang='lat' dir='ltr'><strong>plerique</strong></span> <span class='ocrx_word' id='word_1_981' title='bbox 2705 5441 2830 5492; x_wconf 63' lang='lat' dir='ltr'><strong>Mss,</strong></span> <span class='ocrx_word' id='word_1_982' title='bbox 2856 5435 2976 5494; x_wconf 73' lang='lat' dir='ltr'><strong>eius.</strong></span> 
     </span>
    </p>
   </div>
   <div class='ocr_carea' id='block_1_121' title="bbox 2113 5493 3631 5564">
    <p class='ocr_par' dir='ltr' id='par_1_121' title="bbox 2113 5493 3631 5564">
     <span class='ocr_line' id='line_1_121' title="bbox 2113 5493 3631 5564; baseline 0.009 -25"><span class='ocrx_word' id='word_1_983' title='bbox 2113 5493 2133 5524; x_wconf 78' lang='grc'><em>³</em></span> <span class='ocrx_word' id='word_1_984' title='bbox 2168 5493 2566 5564; x_wconf 69' lang='lat' dir='ltr'><strong>manuscripti</strong></span> <span class='ocrx_word' id='word_1_985' title='bbox 2589 5493 2810 5545; x_wconf 75' lang='lat' dir='ltr'><strong>Gallicani</strong></span> <span class='ocrx_word' id='word_1_986' title='bbox 2839 5493 2885 5547; x_wconf 71' lang='grc' dir='ltr'><strong>ιιι</strong></span> <span class='ocrx_word' id='word_1_987' title='bbox 2914 5501 3116 5548; x_wconf 78' lang='lat' dir='ltr'><strong>\‘atirazti</strong></span> <span class='ocrx_word' id='word_1_988' title='bbox 3157 5509 3204 5546; x_wconf 90' lang='grc' dir='ltr'><strong>ιιι</strong></span> <span class='ocrx_word' id='word_1_989' title='bbox 3227 5517 3299 5564; x_wconf 66' lang='lat' dir='ltr'><strong>sui</strong></span> <span class='ocrx_word' id='word_1_990' title='bbox 3319 5517 3368 5551; x_wconf 85' lang='lat' dir='ltr'><strong>ra</strong></span> <span class='ocrx_word' id='word_1_991' title='bbox 3407 5501 3496 5552; x_wconf 82' lang='lat' dir='ltr'><strong>Col.</strong></span> <span class='ocrx_word' id='word_1_992' title='bbox 3523 5505 3631 5552; x_wconf 62' lang='lat' dir='ltr'><strong>Elii.</strong></span> 
     </span>
    </p>
   </div>
   <div class='ocr_carea' id='block_1_122' title="bbox 2053 5554 2624 5608">
    <p class='ocr_par' dir='ltr' id='par_1_122' title="bbox 2053 5554 2624 5608">
     <span class='ocr_line' id='line_1_122' title="bbox 2053 5554 2624 5608; baseline 0.011 -10"><span class='ocrx_word' id='word_1_993' title='bbox 2053 5559 2104 5599; x_wconf 76' lang='lat' dir='ltr'><strong>At</strong></span> <span class='ocrx_word' id='word_1_994' title='bbox 2133 5554 2264 5608; x_wconf 76' lang='lat' dir='ltr'><strong>editi.</strong></span> <span class='ocrx_word' id='word_1_995' title='bbox 2293 5555 2342 5603; x_wconf 79' lang='lat' dir='ltr'><strong>in</strong></span> <span class='ocrx_word' id='word_1_996' title='bbox 2375 5554 2624 5606; x_wconf 75' lang='lat' dir='ltr'><strong>charitttte.</strong></span> 
     </span>
    </p>
   </div>
   <div class='ocr_carea' id='block_1_123' title="bbox 2113 5617 2774 5674">
    <p class='ocr_par' dir='ltr' id='par_1_123' title="bbox 2113 5617 2774 5674">
     <span class='ocr_line' id='line_1_123' title="bbox 2113 5617 2774 5674; baseline 0.012 -15"><span class='ocrx_word' id='word_1_997' title='bbox 2113 5617 2133 5645; x_wconf 83' lang='grc'><em>³</em></span> <span class='ocrx_word' id='word_1_998' title='bbox 2157 5625 2259 5663; x_wconf 72' lang='lat' dir='ltr'><strong>Mss.</strong></span> <span class='ocrx_word' id='word_1_999' title='bbox 2288 5617 2529 5674; x_wconf 84' lang='lat' dir='ltr'><strong>omittunt,</strong></span> <span class='ocrx_word' id='word_1_1000' title='bbox 2555 5619 2606 5668; x_wconf 82' lang='lat' dir='ltr'><strong>in</strong></span> <span class='ocrx_word' id='word_1_1001' title='bbox 2627 5619 2774 5668; x_wconf 75' lang='lat' dir='ltr'><strong>vobis.</strong></span> 
     </span>
    </p>
   </div>
   <div class='ocr_carea' id='block_1_124' title="bbox 2111 5675 3610 5749">
    <p class='ocr_par' dir='ltr' id='par_1_124' title="bbox 2111 5675 3610 5749">
     <span class='ocr_line' id='line_1_124' title="bbox 2111 5675 3610 5749; baseline 0.011 -32"><span class='ocrx_word' id='word_1_1002' title='bbox 2111 5675 2130 5704; x_wconf 68' lang='grc' dir='ltr'>δ</span> <span class='ocrx_word' id='word_1_1003' title='bbox 2165 5676 2298 5746; x_wconf 51' lang='lat' dir='ltr'><strong>mliti.</strong></span> <span class='ocrx_word' id='word_1_1004' title='bbox 2326 5677 2574 5749; x_wconf 56' lang='lat' dir='ltr'><strong>lintribus.</strong></span> <span class='ocrx_word' id='word_1_1005' title='bbox 2601 5689 2778 5749; x_wconf 64' lang='lat' dir='ltr'><strong>(iunius</strong></span> <span class='ocrx_word' id='word_1_1006' title='bbox 2802 5691 2962 5730; x_wconf 65' lang='lat' dir='ltr'><strong>autem</strong></span> <span class='ocrx_word' id='word_1_1007' title='bbox 2987 5691 3074 5730; x_wconf 57' lang='grc' dir='ltr'><strong>θιςδ</strong></span> <span class='ocrx_word' id='word_1_1008' title='bbox 3101 5723 3111 5740; x_wconf 90' lang='lat'><strong>._</strong></span> <span class='ocrx_word' id='word_1_1009' title='bbox 3149 5687 3322 5746; x_wconf 54' lang='grc' dir='ltr'><strong>[τεινιέ</strong></span> <span class='ocrx_word' id='word_1_1010' title='bbox 3351 5701 3368 5736; x_wconf 84' lang='lat'><strong>.&#39;</strong></span> <span class='ocrx_word' id='word_1_1011' title='bbox 3394 5687 3610 5749; x_wconf 56' lang='lat' dir='ltr'><strong>accipiet}</strong></span> 
     </span>
    </p>
   </div>
   <div class='ocr_carea' id='block_1_125' title="bbox 2049 5736 3063 5804">
    <p class='ocr_par' dir='ltr' id='par_1_125' title="bbox 2049 5736 3063 5804">
     <span class='ocr_line' id='line_1_125' title="bbox 2049 5736 3063 5804; baseline 0.007 -22"><span class='ocrx_word' id='word_1_1012' title='bbox 2049 5736 2158 5784; x_wconf 85' lang='lat' dir='ltr'><strong>dunt</strong></span> <span class='ocrx_word' id='word_1_1013' title='bbox 2188 5739 2230 5784; x_wconf 83' lang='lat' dir='ltr'><strong>in</strong></span> <span class='ocrx_word' id='word_1_1014' title='bbox 2259 5742 2504 5802; x_wconf 61' lang='lat' dir='ltr'><strong>aerumnosi</strong></span> <span class='ocrx_word' id='word_1_1015' title='bbox 2527 5757 2656 5800; x_wconf 58' lang='lat' dir='ltr'><strong>I&#39;ﬂsll,</strong></span> <span class='ocrx_word' id='word_1_1016' title='bbox 2676 5744 2810 5803; x_wconf 66' lang='lat' dir='ltr'><strong>juvta</strong></span> <span class='ocrx_word' id='word_1_1017' title='bbox 2837 5759 2922 5804; x_wconf 46' lang='grc' dir='ltr'><strong>μιν</strong></span> <span class='ocrx_word' id='word_1_1018' title='bbox 2941 5759 3063 5794; x_wconf 59' lang='lat' dir='ltr'><strong>ctum.</strong></span> 
     </span>
    </p>
   </div>
  </div>
