3972 6178
368 403 471 458 019

367 533 458 575 tuo
499 527 553 574 te
580 517 705 571 vitio
737 530 840 568 non
867 513 1100 575 habere;
1155 513 1206 564 iu
1249 510 1490 565 oratione
1516 522 1778 580 cognosce
1806 506 1946 562 unde

365 613 598 680 accipias
634 607 772 678 quod
815 604 892 659 vis
933 602 1149 658 habere.

435 698 660 758 CAPUT
701 696 784 752 IV.
817 725 888 738 ε·-
913 695 966 751 ϐ.
1001 713 1032 746 ·ι
1058 693 1356 763 Quomodo,
1395 712 1414 745 ι
1450 693 1637 762 inquit,
1671 709 1691 742 ι
1717 706 1837 745 meo
1868 691 1949 744 vl-

368 799 440 851 tio
466 810 570 850 non
599 792 841 856 habetur,
865 787 1003 858 qttod
1032 803 1136 841 non
1163 786 1341 855 accepi
1369 784 1438 839 ab
1476 784 1598 849 illo,
1641 799 1670 836 a
1707 796 1815 854 quo
1851 783 1950 836 nisi

364 893 542 953 detur,
587 901 690 940 non
731 891 813 937 est
854 881 1072 935 omnino
1115 878 1286 933 alius‘
1335 875 1477 931 unde
1519 877 1718 930 tale.ac
1749 885 1949 929 tantum

366 992 558 1032 munus
607 972 948 1030 habeatur?»
1003 967 1250 1024 Patimini
1292 982 1376 1022 me
1416 966 1707 1037 paululum,
1758 964 1952 1020 fratres

368 1071 494 1136 mel,
531 1083 633 1124 non
666 1066 946 1121 adversum
977 1077 1090 1125 vos,
1121 1075 1345 1133 quorum
1379 1069 1580 1114 rectum
1604 1068 1687 1113 est
1712 1073 1806 1112 cor
1829 1073 1950 1112 cum

371 1162 512 1227 Deo,
553 1157 644 1213 sctl
686 1157 942 1210 adversus
970 1167 1064 1208 eos
1093 1153 1180 1221 qui
1214 1160 1422 1205 terrena
1462 1149 1702 1218 sapiunt,
1747 1147 1832 1202 vel
1859 1146 1952 1201 ad-

369 1265 554 1305 versus
583 1250 726 1318 ipsas
749 1246 1007 1300 humanas
1033 1240 1401 1312 cogitationes,
1425 1254 1522 1309 pro
1542 1237 1774 1294 caelestis
1797 1245 1851 1292 et
1873 1236 1951 1290 di.

297 1337 316 1387 ζ
370 1347 505 1400 vina:
534 1344 719 1413 gratia:
750 1339 971 1394 veritate
998 1334 1260 1390 certare'.
1295 1333 1406 1387 Hoc
1433 1332 1574 1386 enim
1603 1329 1784 1385 dicunt
1808 1371 1822 1396 ,
1863 1329 1951 1399 qui

290 1471 298 1505 ς
369 1439 420 1490 in
451 1435 562 1490 suis
593 1431 836 1501 malignis
857 1428 1107 1500 Operibus
1143 1427 1212 1481 ab
1239 1425 1392 1494 hujus
1414 1425 1598 1494 gratiae
1636 1423 1951 1493 praedicato-

291 1511 304 1571 ἱ
371 1529 518 1583 ribus
543 1526 733 1594 corripi
766 1525 952 1578 nolunt
983 1537 996 1571 :
1035 1539 1054 1572 ι
1079 1518 1317 1587 Ρττιδρὶιιθ
1345 1517 1472 1572 mihi
1500 1516 1622 1586 quid
1653 1515 1841 1570 faciam
1868 1525 1955 1568 :et

369 1622 413 1675 si
447 1623 653 1682 fecero,
683 1631 780 1688 age
812 1633 908 1684 pro
937 1630 1021 1668 me
1044 1611 1240 1682 gratias
1270 1612 1377 1664 Deo
1396 1649 1411 1676 ,
1447 1609 1536 1679 qui
1568 1609 1694 1662 mihi
1733 1615 1789 1661 ut
1818 1607 1954 1661 face-

369 1727 483 1766 rent
510 1708 686 1772 dedit;
722 1707 766 1761 si
801 1714 978 1760 autem
1017 1718 1123 1758 non
1152 1701 1352 1764 fecero,
1400 1698 1505 1754 non
1535 1713 1634 1769 ego
1661 1698 1952 1768 corripien—

369 1803 470 1857 dus
500 1816 638 1866 sum,
663 1797 756 1853 sed
789 1797 876 1852 ille
901 1793 1134 1850 orandus
1158 1801 1261 1858 est,
1291 1800 1347 1845 ut
1374 1790 1465 1845 det
1487 1790 1627 1860 quod
1655 1804 1760 1843 non
1789 1787 1954 1853 dedit,

373 1893 423 1946 id
451 1900 534 1946 cst
563 1891 754 1959 ipsam,
780 1902 883 1954 qua
907 1892 1168 1954 pratccpta
1198 1882 1318 1953 ejus
1343 1879 1530 1947 iiunt’,
1555 1878 1762 1934 fidelem
1793 1877 1885 1933 Dei
1905 1887 1959 1933 et

373 1981 600 2052 proximi
628 1981 965 2035 charitatetn.
997 1973 1102 2029 Ora
1133 1987 1258 2043 ergo
1299 1988 1392 2042 pro
1433 1985 1520 2024 me
1563 1979 1619 2022 ut
1654 1968 1790 2022 hanc
1817 1967 1957 2022 acci-

372 2075 532 2146 piam,
563 2084 617 2126 ct
643 2085 736 2140 per
759 2068 895 2124 hanc
925 2081 988 2122 ex
1029 2065 1205 2118 animo
1229 2077 1350 2118 cum
1379 2061 1514 2118 bona
1547 2061 1815 2116 voluntate
1838 2075 1957 2130 qua:

372 2164 609 2236 ptvccipit
635 2161 844 2216 faciam.
872 2158 1042 2214 Recte
1062 2166 1240 2212 autem
1263 2157 1583 2224 corripercr,
1614 2154 1658 2210 si
1688 2169 1806 2210 eam
1838 2168 1957 2209 mea

369 2257 525 2326 culpa
550 2270 656 2308 non
679 2252 964 2315 haberem;
989 2251 1091 2304 hoc
1110 2257 1212 2312 est,
1237 2253 1281 2302 si
1304 2261 1420 2302 eam
1443 2261 1652 2317 possem
1681 2245 1808 2300 mihi
1829 2245 1959 2302 dare

372 2351 453 2405 vel
479 2362 687 2402 sumere
705 2346 840 2415 ipse,
865 2357 963 2397 nec
988 2342 1238 2404 facerem,
1263 2339 1344 2394 vel
1369 2339 1414 2392 si
1443 2338 1602 2393 dante
1632 2338 1722 2392 illo
1745 2352 1844 2407 ego
1869 2351 1959 2393 ac-

371 2444 548 2511 cipere
572 2438 881 2493 uoluissent.
908 2433 1042 2490 Cum
1065 2447 1192 2488 vero
1215 2441 1270 2486 et
1297 2431 1408 2500 ipsa
1427 2429 1669 2484 voluntas
1688 2443 1716 2481 a
1737 2428 1958 2484 Domino

374 2539 701 2605 prmparctur
730 2547 749 2580 ι
775 2525 959 2598 (Prov.
977 2541 1092 2591 vnt,
1113 2540 1215 2580 sec.
1241 2521 1428 2595 LXX),
1453 2543 1478 2574 ‹
1498 2536 1595 2577 cur
1611 2536 1697 2578 me
1712 2521 1955 2592 corripis,

372 2625 496 2696 quia
521 2621 672 2678 vides
697 2635 784 2676 me
810 2609 927 2690 ejus
950 2626 1216 2690 praecepta
1246 2614 1423 2672 facere
1451 2615 1624 2682 nolle;
1653 2623 1708 2672 et
1733 2629 1840 2671 non
1859 2628 1957 2686 po-

372 2718 475 2770 tius
502 2715 673 2784 ipsum
706 2725 881 2782 rogas,
911 2718 968 2764 ut
992 2709 1043 2762 in
1069 2721 1156 2764 me
1182 2717 1434 2778 operetur
1461 2715 1518 2762 et
1535 2705 1712 2762 velle?
1743 2725 1762 2759 ι

439 2801 669 2860 CAPUT
710 2801 772 2858 ιι.
802 2830 872 2843 —-
899 2801 952 2856 7.
995 2799 1076 2854 Ad
1103 2799 1216 2854 hcce
1240 2798 1626 2868 respondemus
1657 2815 1670 2854 :
1701 2797 1956 2865 Quicum-

371 2911 480 2968 que
507 2894 604 2950 Dei
634 2901 894 2964 protei-pta
923 2891 1032 2961 jam
1064 2891 1157 2946 tibi
1187 2900 1310 2946 nota
1341 2903 1444 2944 non
1483 2887 1644 2958 facis,
1683 2897 1738 2944 et
1762 2889 1959 2959 corripi

373 2999 478 3042 nan
505 2984 607 3052 vis,
635 2985 794 3040 etiam
817 2990 1099 3053 propterea
1120 2980 1491 3051 corripiendus
1510 2994 1590 3046 es,
1615 2979 1738 3050 quia
1762 2977 1960 3050 corripi

372 3094 480 3134 non
501 3078 600 3134 vis.
633 3075 748 3132 Non
778 3076 862 3130 vis
887 3074 1031 3130 enim
1057 3071 1149 3128 tibi
1176 3081 1263 3128 tua
1293 3071 1420 3126 vitia
1439 3071 1790 3127 demonstrari
1813 3089 1828 3126 :
1851 3085 1958 3127 non

374 3173 452 3228 vis
477 3180 535 3225 ιιι
556 3169 834 3233 feriantur,
862 3165 1057 3236 fiatque
1081 3165 1180 3221 tibi
1209 3163 1353 3220 utilis
1371 3163 1548 3230 dolor,
1569 3179 1675 3235 quo
1694 3162 1958 3218 medicum

373 3275 582 3332 quaeras
613 3275 628 3312 ι
660 3273 764 3313 non
796 3259 878 3312 vis
917 3256 1012 3311 tibi
1039 3265 1096 3311 tu
1130 3256 1245 3326 ipse
1281 3255 1522 3322 ostendi,
1551 3264 1611 3310 ut
1635 3269 1757 3312 cum
1783 3255 1961 3312 defor-

375 3369 514 3409 mem
544 3361 596 3408 te
620 3351 790 3417 vides,
821 3349 1227 3404 reformatorem
1252 3347 1546 3412 desideres,
1575 3349 1730 3418 eique
1755 3349 1960 3419 suppli-

375 3462 487 3512 ces,
525 3459 594 3500 ne
629 3445 681 3498 itt
726 3442 813 3497 illa
845 3454 1122 3496 remaneas
1152 3438 1409 3495 foeditate.
1441 3436 1616 3496 'l‘uum
1653 3439 1850 3511 quippe
1885 3440 1963 3496 vi-

375 3541 506 3592 tium
537 3545 618 3592 est
645 3535 786 3606 quod
817 3533 990 3590 malus
1013 3546 1092 3599 es,
1119 3543 1173 3588 et
1198 3532 1368 3603 majus
1396 3531 1580 3586 vitium
1604 3533 1801 3602 corripi
1821 3532 1962 3590 nolle

375 3631 498 3699 quia
525 3627 696 3690 malus
725 3640 820 3682 es:
846 3625 996 3697 quasi
1036 3622 1299 3680 laudanda
1335 3624 1420 3680 vel
1458 3622 1824 3680 indiﬂ'erenter
1863 3624 1960 3679 ha-

377 3720 548 3777 benda
591 3718 699 3775 sint
735 3717 882 3786 vitia,
930 3725 988 3772 ιιι
1029 3731 1202 3786 neque
1240 3714 1524 3770 laudentur
1551 3720 1726 3786 neque
1756 3715 1963 3786 vitupe-

379 3819 591 3877 rcntur;
628 3819 721 3865 aut
742 3823 872 3865 vero
902 3807 1035 3864 nihil
1073 3815 1195 3878 agat
1235 3807 1394 3862 timor
1431 3806 1663 3876 correpti
1705 3805 1957 3874 hominis,

377 3901 462 3958 vei
490 3900 682 3974 pudor,
710 3899 792 3956 vel
819 3898 1002 3964 dolor;
1045 3905 1138 3952 aut
1163 3895 1307 3952 aliud
1350 3905 1491 3966 agat,
1533 3911 1653 3952 cum
1682 3896 1964 3952 salubriter

377 3993 635 4061 stimulat,
663 3992 762 4048 nisi
789 4001 849 4046 ut
869 4001 1084 4062 rogetur
1109 3989 1300 4057 bonus,
1328 4000 1383 4045 et
1402 3989 1424 4021 ⁸
1453 4003 1517 4044 ex
1550 3987 1705 4046 malis
1731 3989 1819 4060 qui
1843 4003 1964 4044 cor-

379 4089 664 4159 ripiuntur,
695 4085 866 4142 bonos
896 4084 1051 4140 faciat
1071 4083 1160 4155 qui
1183 4081 1479 4139 laudentur.
1510 4080 1662 4152 Quod
1689 4081 1833 4138 enim
1853 4082 1965 4138 vult

377 4193 478 4250 pro
499 4191 559 4233 se
585 4175 696 4238 fleri
727 4176 817 4246 qui
841 4175 1037 4244 corripi
1068 4189 1176 4258 non
1203 4173 1347 4242 vult,
1384 4183 1440 4230 et
1466 4173 1629 4240 dicit,
1656 4172 1761 4230 Ora
1789 4173 1965 4245 potius

381 4284 481 4340 pro
512 4281 630 4334 me;
675 4266 798 4323 ideo
833 4263 1204 4336 corripiendus
1227 4272 1338 4331 est,
1373 4273 1432 4320 ttt
1460 4262 1618 4320 faciat
1647 4265 1809 4321 etiam
1851 4266 1966 4337 ipse

381 4374 482 4429 pro
508 4372 590 4414 se.
622 4355 783 4414 Dolor
801 4355 998 4426 quippe
1033 4353 1140 4422 ille,
1176 4367 1284 4425 quo
1307 4354 1411 4410 sibi
1439 4353 1715 4424 displicet,
1755 4355 1968 4426 quando

383 4447 548 4504 sentit
567 4443 920 4514 correptionis
947 4441 1214 4511 aculeum,
1227 4445 1423 4499 excitat
1436 4458 1557 4500 cum
1575 4444 1629 4500 in
1647 4445 1866 4514 majoris
1887 4445 1968 4517 (α)

381 4537 640 4596 orationis
682 4535 966 4600 affectum;
1015 4544 1072 4589 ut
1119 4527 1229 4590 Deo
1275 4535 1584 4602 miserante,
1637 4534 1968 4592 incremento

382 4629 534 4688 chari
559 4627 659 4686 atis
697 4625 910 4696 adjutus
937 4625 1149 4680 desinat
1175 4639 1336 4696 agere
1360 4623 1606 4696 pudenda
1635 4633 1690 4680 et
1716 4623 1965 4692 dolenda,

383 4732 439 4776 et
467 4727 586 4790 agat
618 4715 877 4772 laudanda
907 4724 1067 4784 atque
1091 4712 1368 4783 gratanda.
1404 4713 1533 4770 Hac
1558 4723 1642 4770 est
1675 4714 1970 4786 correptio-

384 4827 466 4867 ηις
494 4811 712 4873 utilitas,
745 4822 865 4878 quas
896 4821 1038 4863 nunc
1064 4807 1256 4876 major.
1287 4820 1426 4860 nunc
1463 4805 1640 4862 minor
1663 4821 1761 4878 pro
1786 4822 1972 4878 pecca-

385 4916 560 4955 turum
581 4898 886 4954 diversitate
915 4895 1202 4951 salubriter
1221 4893 1530 4963 adhibetur;
1560 4905 1612 4951 et
1637 4906 1764 4952 tunc
1782 4906 1866 4952 est
1887 4911 1972 4952 sa-

387 4993 574 5059 |ubris,
607 4989 820 5062 quando
849 4984 1112 5057 supernus
1148 4986 1384 5042 medicus
1417 4987 1650 5056 respicit.
1682 4985 1798 5041 Non
1829 4987 1972 5041 enim

387 5083 592 5154 aliquid
622 5082 853 5152 prolicit,
879 5079 980 5134 nisi
1005 5093 1127 5133 cum
1154 5076 1278 5132 facit
1305 5086 1364 5131 ut
1382 5077 1582 5147 peccati
1603 5079 1689 5132 sui
1711 5091 1974 5148 quemque

391 5175 665 5244 poeniteat.
694 5171 758 5226 Et
783 5169 902 5240 quis
925 5170 1025 5222 hoc
1041 5168 1152 5229 dat,
1177 5167 1277 5222 nisi
1299 5167 1386 5238 qui
1415 5167 1648 5237 respexit
1674 5167 1974 5237 apostolum

395 5269 608 5322 l‘ctrum
629 5273 929 5334 negantem,
949 5271 1002 5318 et
1029 5259 1381 5317 fecituentcm
1404 5257 1556 5333 (Luc.
1572 5275 1705 5328 nu,
1736 5259 1822 5328 6i,
1851 5260 1977 5342 62)?

394 5356 547 5416 Linde
575 5367 624 5412 et
646 5353 920 5424 apostolus
951 5352 1142 5409 Paulus
1165 5363 1507 5424 posteaquam
1531 5351 1684 5418 dixit,
1714 5369 1833 5408 cum
1864 5368 1978 5410 ino-

458 5450 476 5479 ι
513 5458 607 5498 am.
635 5455 687 5496 et
708 5451 832 5504 Mss,
870 5443 1024 5494 clatri.

458 5514 476 5540 9
519 5521 612 5555 Hii.
639 5516 691 5555 et
712 5511 780 5569 Er.
807 5503 856 5554 et
887 5514 998 5554 octo
1019 5518 1084 5553 est
1113 5503 1360 5554 Gallicanis
1401 5510 1532 5569 Mss,
1572 5518 1662 5569 pro
1704 5505 1807 5569 σφι.
1822 5507 1905 5555 stis
1934 5511 1980 5556 et

395 5571 572 5624 αὶῑέπμιι
613 5567 781 5631 gratim
807 5570 1038 5631 summa:
1076 5574 1279 5631 venture.
1305 5565 1588 5615 suritmtirus
1621 5576 1673 5614 ut
1714 5565 1982 5617 .tiiiitteusis

399 5642 521 5686 ϋςθιη,
549 5648 589 5692 μ
607 5627 636 5678 ὁ
660 5627 836 5692 caelesti
856 5635 900 5692 et
927 5627 1086 5692 uisu...
1112 5627 1342 5677 rlm‘t'tult'
1361 5637 1564 5678 t'a'rtm'e.

467 5700 484 5725 ³
517 5687 588 5738 sit:
620 5697 724 5736 Mss.
753 5690 866 5734 l-Ltl'tti
895 5703 1026 5746 \‘t'l'ﬂ,
1056 5687 1187 5749 lium.

467 5759 485 5783 δ
528 5751 705 5811 λικριιέιι
733 5758 750 5789 \
769 5766 855 5811 h\.,
874 5755 936 5792 Nl.

468 5823 540 5874 ιιι)
573 5808 646 5858 ὶι-ιι
661 5821 731 5866 ιε’,
756 5808 880 5867 ιιι-λυ
911 5821 1001 5854 ιἰιε.

1183 394 1270 452 DE
1309 391 1788 453 CORREPTIONE
1829 395 1916 450 ΕΤ
1955 391 2234 466 GliATlA,
2273 397 2330 455 S.
2371 397 2739 458 AUGUSTI!"

3533 411 3636 468 σεο

2059 507 2225 563 destia
2255 510 2620 590 corripiendos
2643 529 2762 568 esse.
2789 515 2998 571 diversa
3025 491 3315 574 sentientes
3335 561 3350 586 ,
3395 521 3638 590 protinus

2055 599 2274 664 addidit,
2309 600 2390 655 Ne
2417 604 2622 674 quando
2645 604 2729 658 det
2749 605 2818 660 eis
2848 605 2982 661 Deus
3000 608 3340 676 penitentiam
3363 610 3431 663 ad
3449 626 3638 682 coquo-

2055 691 2290 750 scendam
2315 695 2600 760 veritatem,
2628 705 2675 750 et
2703 696 3000 767 resipiscam
3033 699 3096 754 de
3115 699 3314 756 diaboli
3349 701 3638 777 la:,1teis(ll

2056 781 2189 840 Tim.
2215 799 2270 848 Il,
2299 785 2388 852 9.5,
2419 785 2536 856 26).

2127 874 2178 930 8.
2219 875 2329 930 Cur
2353 887 2528 932 autem
2561 879 2646 934 isti
2671 881 2760 950 qui
2791 881 2981 953 corripi
2999 883 3205 950 nolunt,
3223 884 3425 953 dicunt,
3455 904 3473 938 ι
3496 885 3638 942 Tam

2057 975 2167 1021 tum
2189 967 2415 1036 praecipe
2438 969 2590 1037 mitti,
2618 979 2674 1026 et
2692 986 2786 1026 ora
2813 988 2909 1042 pro
2929 989 3035 1040 me,
3061 984 3116 1029 ut
3135 976 3274 1044 quod
3301 977 3545 1046 prmcipis
3565 977 3640 1031 fa-

2055 1058 2232 1112 ciam?
2265 1079 2284 1112 s
2311 1058 2422 1115 Cur
2443 1077 2549 1116 non
2583 1063 2758 1132 potius
2783 1066 3075 1121 secundum
3101 1083 3254 1122 suum
3285 1084 3504 1138 pravum
3525 1083 3642 1124 sett-

2056 1164 2174 1204 sum
2199 1160 2252 1206 et
2278 1153 2376 1206 ista
2403 1153 2508 1208 duo
2537 1165 2812 1226 respuunt,
2842 1166 2897 1213 et
2914 1159 3119 1224 dicunt,
3151 1159 3260 1215 Nec
3278 1169 3334 1213 ut
3361 1161 3642 1230 pra-cipias

2059 1241 2208 1308 mihi,
2238 1257 2336 1299 nec
2361 1253 2418 1298 ut
2445 1260 2569 1300 ores
2598 1261 2694 1316 pro
2718 1264 2805 1304 me
2831 1249 2984 1304 volo?
3025 1250 3158 1318 Quis
3186 1251 3328 1307 enim
3363 1253 3639 1307 hominum

2058 1333 2354 1387 ostenditur
2379 1349 2562 1390 orasse
2587 1352 2685 1406 pro
2711 1337 2902 1404 Petro,
2945 1349 3007 1395 ut
3029 1340 3180 1396 daret
3215 1342 3264 1396 ei
3299 1341 3438 1396 Deus
3463 1343 3642 1412 paeni-

2060 1422 2299 1486 tentiam,
2328 1439 2430 1494 qua
2461 1439 2520 1480 se
2544 1442 2766 1498 negasse
2795 1429 3074 1485 Dominum
3101 1430 3281 1488 ﬂevit?
3307 1433 3436 1499 Quis
3465 1431 3645 1488 homi-

2058 1527 2184 1567 num
2213 1513 2432 1570 Paulum
2471 1515 2665 1572 divinis
2700 1521 2978 1589 praeceptis
3001 1521 3068 1576 ad
3103 1521 3260 1577 fidem
3296 1521 3644 1578 christiana

2061 1605 2446 1672 pertinentibus
2462 1609 2728 1664 erudivit?
2754 1612 2886 1666 Cum
2911 1627 3040 1682 ergo
3055 1613 3329 1668 audiretur
3347 1601 3648 1684 praadieans

2060 1694 2422 1765 Evangelium,
2465 1709 2519 1752 et
2555 1699 2760 1768 dicens,
2809 1701 3003 1756 Notum
3033 1704 3164 1757 enim
3191 1703 3326 1758 vobis
3348 1705 3502 1773 facio,
3534 1710 3648 1778 fra-

2059 1795 2178 1852 trcs,
2215 1785 2543 1860 Evnngelium
2561 1791 2696 1860 quod
2717 1795 3114 1864 evangrliaatum
3137 1805 3212 1850 est
3231 1813 3262 1849 α
3279 1812 3374 1859 me,
3401 1798 3524 1867 quia
3541 1813 3647 1852 non

2058 1887 2131 1931 est
2157 1883 2429 1934 secundum
2455 1880 2742 1946 hominem;
2773 1899 2931 1954 neque
2953 1886 3084 1938 enim
3112 1901 3204 1956 ego
3235 1885 3298 1940 ab
3325 1887 3526 1942 Isauriae
3552 1887 3646 1942 oe-

2060 1968 2170 2038 cepi
2206 1967 2354 2033 illud,
2387 1985 2545 2040 neque
2575 1972 2754 2038 didici,
2795 1973 2885 2027 sed
2928 1990 3020 2045 per
3062 1976 3414 2031 reuelationem
3455 1977 3647 2032 Christi

2059 2059 2182 2114 Jesu
2204 2058 2401 2132 (Colat.
2431 2077 2469 2126 ι,
2493 2063 2583 2125 ii.
2612 2062 2702 2132 12)
2731 2081 2745 2117 :
2777 2065 3194 2134 responderetur
3218 2066 3290 2132 ei,
3320 2068 3457 2137 Quid
3487 2067 3646 2125 nobis

2060 2154 2318 2208 molestus
2357 2167 2436 2220 es,
2477 2161 2536 2209 ut
2565 2155 2663 2212 abs
2702 2167 2754 2212 te
2796 2157 3122 2227 accipiamus
3159 2167 3320 2229 atque
3353 2159 3642 2226 discamus,

2060 2241 2200 2312 quod
2242 2251 2298 2298 tu
2340 2258 2445 2297 non
2485 2244 2555 2300 ab
2601 2245 2816 2302 homine
2855 2249 3108 2318 accepisti
3155 2265 3332 2320 neque
3374 2250 3642 2306 didicisti!

2061 2333 2258 2390 Potens
2284 2344 2366 2389 est
2395 2335 2488 2390 ille
2506 2335 2522 2366 ί
2550 2336 2640 2406 qui
2671 2336 2762 2391 tibi
2791 2337 2957 2404 dedit,
2989 2339 3069 2394 sic
3095 2348 3150 2394 et
3177 2339 3330 2394 nobis
3353 2339 3482 2395 dare
3504 2355 3642 2410 quo-

2060 2425 2223 2480 modo
2257 2425 2373 2481 tibi.
2413 2426 2582 2482 Porro
2628 2429 2673 2483 si
2705 2427 2807 2483 hoc
2836 2445 2940 2484 non
2971 2429 3172 2486 audent
3193 2431 3391 2498 dicere,
3421 2431 3515 2488 sed
3547 2446 3643 2503 pa-

2063 2515 2264 2568 tiuntur
2285 2515 2388 2570 sibi
2413 2515 2758 2587 Evangelium
2783 2518 2852 2572 ab
2879 2519 3094 2579 homine
3123 2520 3429 2588 prmdicari;
3459 2537 3642 2592 quam-

2059 2609 2142 2662 vis
2165 2607 2325 2664 etiam
2351 2607 2520 2678 possit
2542 2625 2649 2665 non
2675 2625 2772 2681 per
2812 2609 3082 2668 hominem
3111 2611 3312 2668 homini
3333 2613 3446 2668 dari
3471 2627 3486 2674 ;
3508 2628 3643 2669 eone

2059 2699 2252 2756 cedant
2283 2701 2444 2757 etiam
2480 2703 2677 2772 corripi
2721 2717 2780 2758 se
2817 2703 3016 2760 debere
3053 2719 3084 2759 a
3125 2706 3428 2775 pmpositis
3453 2704 3584 2774 suis,
3607 2721 3644 2760 ι

2059 2791 2256 2864 quibus
2295 2791 2585 2848 christiana
2634 2795 2802 2865 gratia
2853 2796 3202 2867 pnedicatur;
3251 2799 3492 2866 quamvis
3537 2811 3647 2853 non

2061 2893 2281 2954 negetur
2313 2883 2451 2940 Deus
2481 2898 2661 2969 posse,
2693 2901 2854 2956 quem
2881 2887 3026 2950 velit,
3057 2888 3216 2942 etiam
3250 2887 3397 2942 nullo
3431 2887 3649 2944 homine

2059 2974 2401 3044 corripiente,
2429 2975 2720 3046 corrigere,
2744 2985 2800 3033 et
2822 2976 2888 3031 ad
2914 2977 3152 3034 dolorem
3183 2977 3449 3032 salubrem
3475 2977 3646 3048 pani-

2063 3066 2241 3122 teutia:
2283 3066 2638 3123 occultissima
2688 3078 2743 3123 ct
2791 3069 3158 3138 poteptissima
3201 3070 3479 3124 medicinas
3531 3085 3647 3126 sua

2061 3164 2325 3227 potestate
2350 3157 2656 3228 perducere.
2686 3158 2753 3214 Et
2774 3159 2910 3214 sicut
2938 3173 3046 3214 non
3071 3169 3152 3215 est
3178 3160 3246 3216 ab
3265 3161 3508 3216 oratione
3525 3174 3646 3215 ces-

2061 3247 2286 3304 sandum
2317 3263 2414 3318 pro
2437 3249 2518 3304 eis
2540 3263 2676 3319 quos
2702 3249 2896 3320 corrigi
2923 3251 3192 3318 volumus,
3229 3253 3390 3307 etiam
3425 3253 3470 3306 si
3500 3253 3647 3308 nullo

2063 3336 2339 3392 hominum
2359 3345 2548 3393 orante
2575 3353 2672 3407 pro
2693 3337 2852 3392 Petro
2879 3339 3134 3395 Dominus
3157 3342 3392 3411 respexit
3417 3356 3560 3406 eum,
3591 3352 3649 3397 es

2063 3427 2188 3484 fecit
2209 3441 2333 3484 eum
2349 3443 2504 3484 suum
2527 3438 2802 3500 peceatum
2825 3430 2954 3487 ﬂere
2977 3450 2990 3487 :
3015 3431 3084 3487 ita
3111 3447 3215 3489 non
3235 3445 3318 3489 est
3335 3434 3646 3505 negligenda

2059 3521 2351 3592 correptio,
2393 3521 2637 3592 quamvis
2682 3522 2824 3578 Deus
2859 3537 2996 3594 quos
3035 3525 3296 3588 voluerit.
3331 3525 3492 3581 etiam
3537 3541 3646 3582 non

2061 3622 2362 3681 correptos,
2398 3611 2564 3668 faciat.
2593 3626 2713 3668 esse
2749 3623 3041 3670 correctos.
3071 3615 3222 3671 Tunc
3254 3625 3436 3672 autem
3465 3629 3648 3672 corre-

2066 3702 2248 3772 ptione
2291 3700 2498 3772 proiicit
2531 3702 2711 3770 homo,
2743 3719 2866 3758 cum
2906 3705 3189 3760 miseretur
3211 3716 3373 3776 atque
3411 3705 3646 3776 adjuvat,

2064 3793 2157 3864 qui
2201 3793 2324 3848 facit
2351 3808 2486 3864 quos
2518 3795 2747 3850 voluerit
2783 3797 2941 3871 etiam
2969 3796 3086 3852 sine
3115 3798 3449 3868 correptione
3487 3798 3650 3869 profi-

2067 3900 2210 3942 cere.
2241 3884 2352 3942 Sed
2379 3901 2544 3956 quare
2585 3887 2671 3942 isti
2711 3887 2810 3953 sic,
2853 3887 2928 3942 illi
2963 3889 3132 3954 aliter,
3171 3897 3328 3959 atque
3353 3889 3444 3943 alii
3473 3891 3647 3954 aliter.

2066 3975 2298 4032 diversis
2319 3985 2374 4030 et
2400 3975 2870 4050 innumerabilibus
2897 3976 3071 4032 modis
3095 3987 3353 4033 vocentur
3383 3989 3442 4033 ut
3476 3979 3650 4035 refor-

2069 4074 2302 4132 mentur,
2331 4065 2470 4122 absit
2509 4073 2567 4120 ut
2590 4064 2832 4122 dicamus
2855 4065 3113 4138 judicium
3158 4067 3253 4123 luti
3281 4082 3404 4126 esse
3428 4069 3648 4138 debere,

2067 4158 2162 4215 sed
2189 4158 2351 4229 figuli.
3465 4210 3482 4217 _

2139 4246 2366 4307 CAPUT
2410 4247 2494 4304 Vl.
2517 4277 2589 4289 —
2611 4249 2666 4305 9.
2715 4268 2733 4301 ι
2763 4248 3083 4319 Apostolus,
3120 4269 3139 4303 ι
3184 4251 3456 4320 inquiunt,
3501 4271 3521 4304 ι
3553 4253 3649 4317 ait,

2073 4341 2202 4410 Quis
2229 4341 2362 4396 enim
2387 4349 2436 4395 te
2456 4339 2739 4396 discernit!
2762 4339 2899 4408 Quid
2926 4351 3094 4395 autem
3119 4341 3272 4397 habes
3290 4341 3426 4412 quod
3445 4357 3547 4396 non
3565 4355 3656 4394 so-

2071 4432 2247 4504 cepisti
2255 4432 2282 4487 ἵ
2310 4430 2372 4487 Si
2393 4439 2560 4485 autem
2585 4440 2630 4484 et
2657 4431 2923 4500 accepisti,
2965 4431 3092 4500 quid
3119 4431 3354 4502 gloriaris
3375 4431 3522 4500 quasi
3549 4445 3652 4486 και

2071 4523 2324 4595 acceperis
2348 4521 2390 4593 (Ι
2420 4520 2539 4577 Cor.
2571 4536 2646 4586 tv,
2679 4521 2772 4593 7)?
2798 4522 2906 4577 Cur
2933 4537 3065 4593 ergo
3102 4521 3442 4593 corripimur,
3471 4522 3654 4593 argui-

2074 4630 2214 4680 mur,
2242 4607 2703 4684 reprehendimur,
2733 4611 3085 4668 accusantur?
3124 4612 3262 4680 Quid
3289 4611 3535 4680 facimus,
3563 4614 3658 4684 qui

2073 4719 2180 4760 non
2216 4701 2553 4774 accepimus?
2582 4719 2602 4755 ι
2631 4701 2732 4769 Qui
2769 4701 2885 4758 haec
2924 4700 3130 4771 dicunt,
3159 4711 3310 4758 extra
3345 4703 3557 4774 culpam
3593 4715 3660 4761 se

2074 4795 2245 4852 videri
2283 4795 2488 4860 volunt,
2536 4793 2592 4848 in
2633 4791 2736 4848 hoc
2761 4791 2902 4862 quod
2930 4806 3036 4848 non
3063 4791 3320 4848 obediunt
3350 4793 3458 4849 Deo
3485 4809 3502 4848 :
3530 4791 3659 4863 quia

2078 4886 2259 4957 utique
2287 4885 2400 4955 ipsa
2429 4883 2730 4940 obedientia
2755 4896 2950 4938 munus
2981 4881 3100 4953 ejus
3120 4893 3233 4949 est;
3274 4898 3396 4954 qua;
3433 4897 3660 4940 necesse

2078 4986 2163 5033 est
2189 4986 2249 5032 ut
2275 4977 2346 5030 sit
2370 4976 2424 5030 in
2441 4988 2509 5030 eo
2535 4975 2619 5030 cui
2649 4974 2883 5030 charitas
2912 4974 3072 5040 inest,
3097 4990 3218 5044 quae
3241 4975 3358 5029 sine
3393 4973 3557 5029 dubio
3583 4988 3656 5031 ex

2079 5067 2192 5124 Deo
2209 5074 2292 5122 est
2311 5066 2354 5137 (I
2382 5063 2538 5119 Joan.
2571 5079 2646 5130 tv,
2676 5065 2755 5136 7),
2785 5073 2838 5119 et
2874 5063 2966 5120 dat
3002 5078 3120 5120 eam
3162 5063 3318 5119 Pater
3359 5063 3484 5118 filiis
3525 5064 3658 5119 suis.

2087 5177 2106 5210 ι
2143 5157 2307 5221 Hanc,
2340 5175 2362 5209 ι
2409 5155 2673 5225 inquiunt,
2715 5173 2734 5206 s
2760 5170 2864 5209 non
2911 5155 3248 5223 accepimus;
3302 5153 3428 5223 quid
3481 5155 3661 5224 itaque

2079 5248 2418 5318 ourripimur,
2458 5245 2610 5316 quasi
2649 5258 2748 5300 nos
2773 5259 2892 5300 eam
2928 5245 3084 5300 nobis
3119 5244 3250 5298 dare
3293 5245 3580 5314 possimus,
3608 5254 3661 5298 et

2084 5349 2268 5395 nostro
2313 5337 2533 5393 arbitrio
2571 5335 2703 5393 dare
2747 5337 3015 5392 nolimus?
3047 5355 3068 5389 ι
3113 5335 3220 5390 Nec
3267 5334 3567 5398 attendunt,
3616 5336 3661 5389 si

2085 5429 2318 5485 nondum
2347 5443 2596 5500 regenera
2605 5438 2641 5483 tt
2667 5439 2812 5496 sunt,
2835 5429 3062 5498 primum
3080 5442 3200 5482 esse
3213 5440 3446 5490 causam,
3464 5443 3560 5480 cur
3577 5425 3664 5480 oh-

2083 5522 2279 5594 jurgati
2319 5519 2460 5590 quod
2517 5522 2624 5574 sint
2673 5520 3040 5574 inultedientes
3091 5519 3236 5584 Deo,
3279 5518 3381 5571 sibi
3437 5517 3664 5571 debeant

2087 5614 2391 5682 displicere,
2416 5612 2534 5680 quia
2565 5611 2856 5666 l'ecit‘Dcus
2879 5611 3147 5664 hominem
3177 5622 3378 5664 rectum
3416 5612 3482 5663 ab
3516 5609 3666 5664 inlita

2156 5789 2168 5816 ⁸
2209 5795 2304 5832 Ληι.
2333 5790 2406 5832 llr.
2435 5792 2484 5832 t-t
2517 5783 2680 5845 plures
2706 5793 2803 5832 uss.
2833 5798 2844 5832 :
2875 5780 3042 5833 Potens
3066 5791 3134 5831 rs!
3154 5781 3282 5832 enim
3305 5782 3405 5832 ille.
