4014 6186
334 428 434 487 921

332 546 578 602 humanae
599 551 858 599 creatura:
888 538 1082 613 (Eccle.
1106 556 1195 606 vn,
1227 536 1340 611 50),
1363 548 1416 595 et
1437 555 1543 595 non
1564 549 1645 596 est
1665 541 1915 610 iniquitas

330 638 471 709 apud
504 639 667 693 Deum
694 636 865 708 (Rom.
900 651 977 702 ix,
1012 631 1120 706 14).
1148 635 1225 688 Ac
1249 649 1344 703 per
1366 633 1465 687 hoc
1486 634 1653 703 prima
1683 634 1915 702 pravitas

331 748 430 801 qua
453 732 561 785 Deo
586 744 690 783 non
717 727 981 793 obeditur,
1004 725 1072 780 ab
1100 726 1311 780 homine
1336 733 1449 790 est;
1476 725 1599 795 quia
1619 726 1635 755 ¹
1662 740 1727 778 ex
1757 724 1918 779 recti-

331 821 533 882 tudine,
558 821 609 873 in
634 834 739 888 qua
767 833 888 873 eum
919 818 1057 871 Deus
1086 831 1139 886 p:
1152 815 1333 871 imitus
1360 816 1502 882 fecit,
1535 831 1635 883 sua.
1656 816 1791 869 mala
1816 831 1912 869 vo-

332 913 533 966 luntate
560 911 833 972 decidens.
873 924 1063 978 pravus
1100 907 1320 962 eti'ectns
1353 915 1453 960 est.
1501 910 1580 961 An
1623 922 1750 960 vero
1795 906 1914 960 ideo

330 1002 564 1072 pravitas
586 1003 682 1054 ista
708 997 1045 1066 corripit-uda
1073 1013 1178 1050 non
1204 1004 1287 1049 est
1314 996 1363 1049 in
1389 996 1622 1058 homine,
1650 996 1775 1064 quia
1804 1010 1911 1048 non

326 1091 444 1159 ejus
467 1091 675 1158 propria
703 1088 793 1155 qui
822 1087 1130 1154 corripitur,
1160 1084 1253 1139 sed
1284 1085 1581 1139 communis
1609 1094 1692 1138 est
1731 1084 1910 1138 omni-

327 1180 466 1234 bus?
508 1180 617 1231 luto
643 1192 769 1232 vero
797 1177 1114 1243 corripiatur
1151 1184 1205 1228 et
1247 1175 1297 1227 itt
1345 1175 1604 1244 singulis,
1647 1176 1787 1244 quod
1828 1183 1912 1229 est

325 1270 585 1324 omnium.
634 1268 748 1323 NOn
792 1267 932 1322 enim
979 1275 1256 1334 propterea
1304 1267 1615 1335 cujusquam
1658 1282 1761 1318 non
1803 1275 1908 1331 est,

327 1361 468 1431 quod
494 1361 563 1413 ab
586 1375 649 1413 ea
676 1358 849 1412 nullus
889 1357 1138 1410 immunis
1169 1364 1272 1410 est.
1311 1354 1533 1410 Pet-cata
1561 1356 1773 1424 quidem
1811 1356 1909 1408 ista

326 1450 605 1519 originalia
653 1451 772 1502 ideo
813 1448 1062 1501 dicuntur
1098 1447 1289 1509 aliena,
1330 1446 1469 1515 quod
1508 1462 1569 1500 ea
1614 1447 1803 1515 singuli
1842 1445 1911 1500 de

326 1542 634 1610 parentibus
676 1545 929 1593 trahunt:
959 1538 1051 1593 sed
1085 1555 1188 1591 non
1230 1538 1346 1592 sine
1386 1552 1544 1591 causa
1575 1536 1821 1590 dicuntur
1856 1546 1911 1592 et

323 1641 527 1695 nostra,
557 1630 680 1699 quia
708 1630 758 1682 iu
783 1627 874 1683 illo
901 1644 1006 1681 uno
1030 1644 1218 1692 omnes,
1258 1628 1394 1681 sicut
1431 1627 1556 1681 dicit
1597 1627 1906 1695 Apostolus,

324 1732 649 1794 pet-caverunt
667 1718 774 1789 (Μ.
799 1734 852 1777 ν.
885 1718 987 1788 12).
1018 1718 1349 1787 Corripiatur
1368 1732 1496 1782 ergo
1522 1718 1669 1786 origo
1690 1716 1911 1772 damm-

323 1815 466 1881 bilis,
492 1825 547 1868 ut
574 1830 641 1870 ex
670 1814 859 1868 dolore
885 1810 1239 1881 cerrcptionis
1278 1810 1521 1864 voluntas
1550 1809 1913 1878 rigeneratio-
1962 1816 1967 1817 '

323 1909 408 1962 nis
432 1909 634 1962 oriatur
668 1924 680 1959 :
717 1909 760 1959 si
785 1913 961 1959 tamen
986 1902 1074 1973 qui
1101 1902 1387 1970 Corripitur
1413 1901 1550 1954 iiiins
1572 1908 1654 1954 est
1680 1904 1909 1970 promis-

323 2000 510 2064 sionis,
544 2009 602 2054 ut
633 1998 855 2067 strepitu
896 1995 1250 2065 correptionis
1292 1992 1585 2048 foriusccns
1629 1993 1908 2047 insonante

327 2107 390 2147 ac
420 2092 751 2161 ﬂagellante,
786 2091 925 2145 Dens
955 2089 1007 2143 in
1039 2088 1130 2142 illo
1160 2087 1478 2141 intrinsecus
1504 2084 1710 2139 occulta
1740 2086 1907 2154 inSpi«

326 2185 533 2238 ratione
556 2193 808 2253 operetur
833 2191 887 2237 et
924 2181 1077 2236 velle.
1123 2179 1179 2236 Si
1219 2192 1394 2235 autem
1427 2181 1536 2248 jam
1567 2188 1908 2249 regeneratus

319 2286 374 2329 et
397 2275 716 2343 jnstiiicatus
739 2273 789 2327 in
813 2273 1003 2326 malam
1027 2274 1185 2325 vitam
1207 2286 1303 2325 sua
1329 2270 1602 2325 voluntate
1627 2270 1901 2338 relabitur,

317 2374 470 2419 certe
498 2365 597 2418 iste
624 2379 727 2416 non
758 2372 933 2432 petest
957 2361 1157 2424 dicere,
1189 2359 1306 2415 Non
1335 2361 1515 2429 accepi
1551 2378 1564 2414 :
1597 2360 1718 2430 quia
1747 2375 1903 2415 acce-

322 2464 468 2525 ptam
490 2455 712 2524 gratiam
745 2453 834 2508 Dei
856 2455 877 2485 ⁸
902 2468 997 2506 suo
1024 2453 1075 2505 in
1102 2452 1296 2505 malum
1339 2451 1506 2506 libero
1542 2451 1720 2505 amisit
1763 2451 1904 2506 arbi—

320 2547 442 2601 trio.
477 2547 576 2613 Qui
602 2547 645 2600 si
676 2545 1010 2613 correptione
1045 2553 1399 2613 compunctus
1426 2542 1711 2603 salubriter
1752 2543 1897 2612 inge-

320 2638 436 2699 mit.
459 2648 511 2692 et
530 2638 595 2692 ad
621 2636 812 2691 similia
837 2637 975 2691 bona
1003 2651 1165 2704 opera
1193 2636 1273 2689 vel
1295 2635 1453 2688 etiam
1479 2635 1700 2688 meliora
1722 2650 1909 2689 rever-

323 2732 481 2793 titur;
532 2746 726 2800 nempe
779 2729 864 2784 bic
922 2728 1258 2798 apertissime
1308 2726 1507 2781 utilitas
1553 2727 1904 2795 correptionis

316 2831 554 2891 appret.
582 2820 689 2882 Sed
714 2820 1100 2889 perliominem
1123 2818 1387 2886 correptio
1409 2817 1523 2872 sive
1552 2832 1616 2870 ex
1644 2815 1904 2870 ciiaritate

319 2912 405 2976 Sit,
434 2913 547 2966 sive
574 2926 678 2966 non
708 2911 798 2978 sit,
839 2921 1016 2966 tamen
1048 2920 1104 2964 ut
1131 2918 1377 2978 correpto
1419 2908 1614 2978 prosit,
1660 2922 1765 2960 non
1800 2905 1905 2961 nisi

319 3019 416 3073 per
444 3003 605 3058 Deum
639 3002 714 3057 lit.
937 3051 943 3057 .

391 3093 477 3148 i0.
518 3097 599 3147 An
627 3094 800 3148 adhuc
829 3101 883 3147 et
912 3093 1014 3147 iste
1041 3091 1230 3146 nolens
1254 3089 1472 3159 Corripi,
1500 3097 1671 3161 potest
1699 3087 1898 3157 dicere,

324 3201 346 3236 α
372 3181 506 3250 Quid
534 3198 633 3251 ego
661 3184 781 3244 feri,
813 3184 902 3253 qui
934 3200 1037 3237 non
1067 3182 1288 3250 accepi?
1316 3199 1335 3232 ι
1368 3196 1524 3250 quem
1554 3189 1763 3235 constat
1806 3193 1904 3235 ac-

316 3277 545 3344 cepisse,
577 3284 631 3330 et
650 3290 743 3328 sua
765 3275 918 3343 culpa
945 3273 1085 3344 quod
1112 3282 1393 3342 acceperat
1417 3271 1698 3325 amisisse?
1727 3288 1746 3323 ‹
1773 3271 1902 3325 Pos-

315 3381 458 3431 sum,
494 3385 514 3418 ι
551 3367 739 3435 inquit,
774 3384 794 3418 ι
827 3381 1041 3435 possunt
1072 3365 1311 3430 omnino,
1345 3362 1560 3429 quando
1590 3378 1674 3418 me
1700 3364 1896 3432 arguis,

314 3457 458 3527 quod
481 3474 543 3512 ex
572 3458 706 3511 bona
735 3458 837 3511 vita
879 3457 931 3511 in
963 3457 1155 3510 malam
1199 3470 1314 3509 mea
1360 3455 1631 3510 voluntate
1662 3456 1903 3525 relapsus

315 3566 455 3614 sum,
486 3549 664 3623 dicere
694 3549 887 3614 adhuc,
928 3543 1064 3615 Quid
1102 3563 1203 3618 ego
1244 3546 1368 3611 feci,
1405 3549 1495 3617 qui
1535 3563 1639 3601 nou
1676 3547 1900 3617 accepi?

316 3642 514 3711 Accepi
541 3644 682 3697 enim
727 3641 903 3706 iidem,
937 3657 1055 3709 qua:
1086 3656 1180 3710 per
1219 3639 1559 3694 dilectionem
1600 3648 1852 3707 operatur
1882 3656 1895 3692 :

314 3733 412 3786 sed
440 3733 490 3786 in
522 3733 610 3786 illa
641 3747 805 3801 usque
831 3732 882 3785 itt
913 3731 1068 3784 linem
1092 3729 1542 3800 perseverantiam
1563 3744 1667 3783 non
1689 3728 1895 3797 accepi.

311 3823 401 3876 An
422 3823 696 3892 quisquam
714 3822 891 3876 dicere
906 3821 1119 3875 audebit
1140 3822 1291 3874 istam
1316 3820 1760 3889 perseverantiam
1792 3834 1898 3874 non

311 3926 435 3967 esse
458 3913 655 3966 donum
684 3912 797 3974 Dei,
826 3921 880 3966 et
906 3911 1006 3966 hoc
1037 3919 1141 3966 tam
1174 3926 1419 3980 magnum
1451 3909 1646 3965 bonum
1682 3910 1752 3963 ita
1779 3925 1899 3964 esse

310 4014 577 4067 nostrum,
602 4015 657 4058 ut
682 4005 922 4074 quisquis
949 4004 1002 4059 id
1042 4002 1301 4066 habuerit,
1333 4019 1437 4057 non
1464 4004 1513 4058 ei
1549 4006 1719 4073 possit
1750 4006 1897 4072 Apo-

313 4096 488 4150 stolus
514 4096 714 4162 dicere,
769 4095 905 4160 Quid
948 4096 1081 4150 enim
1121 4095 1271 4149 habes
1310 4095 1446 4166 quod
1483 4111 1583 4148 non
1626 4095 1901 4163 accepisti?

309 4189 563 4257 quoniam
608 4186 709 4241 hoc
742 4187 820 4242 sic
865 4186 1024 4241 habet
1068 4195 1125 4240 ut
1153 4201 1259 4240 non
1286 4184 1587 4253 acceperit?
1620 4203 1639 4237 ι
1671 4184 1752 4239 Ad
1785 4186 1899 4241 lucc

309 4291 415 4331 nos
441 4292 633 4347 negare
656 4277 869 4344 quidem
898 4292 1004 4332 non
1033 4290 1333 4346 possumus,
1361 4276 1521 4331 etiam
1546 4291 1895 4345 perseveran-

310 4368 442 4422 tiam
473 4368 524 4422 iu
554 4369 695 4422 bono
739 4368 1101 4437 prolicientem
1132 4382 1297 4437 usque
1327 4367 1378 4420 in
1416 4367 1608 4431 linem,
1647 4382 1895 4439 magnum

307 4471 437 4512 esse
474 4456 564 4511 Dei
605 4472 842 4512 munus:
873 4470 972 4512 nec
1011 4471 1134 4511 esse
1170 4455 1272 4509 nisi
1300 4456 1369 4510 ab
1413 4455 1504 4509 illo
1531 4455 1599 4511 de
1624 4471 1730 4526 quo
1757 4458 1895 4512 scri-

310 4556 463 4616 ptum
490 4556 592 4612 est,
628 4547 788 4601 Omne
812 4547 986 4600 datum
1006 4547 1247 4617 optimum
1265 4587 1281 4612 ,
1320 4556 1366 4600 et
1392 4563 1539 4601 omne
1562 4548 1751 4601 donum
1777 4563 1893 4617 per-

308 4640 497 4709 fectum
518 4640 777 4693 desursum
796 4649 892 4705 est,
916 4639 1217 4693 descendens
1243 4655 1274 4690 a
1313 4638 1468 4691 Patre
1491 4639 1738 4692 luminum
1774 4639 1894 4708 (Ja-

308 4729 424 4783 cobi
450 4745 489 4797 l,
518 4729 630 4799 i7).
658 4729 762 4785 Sed
793 4745 899 4785 non
928 4730 1047 4785 ideo
1070 4739 1154 4785 est
1182 4730 1298 4799 ejus
1328 4730 1418 4800 qui
1444 4744 1549 4784 non
1577 4745 1892 4800 persevera-

306 4822 469 4885 verit,
502 4822 812 4893 negiigenda
829 4824 1117 4892 correptio,
1145 4838 1211 4877 ne
1236 4821 1376 4878 forte
1398 4822 1489 4878 det
1515 4823 1587 4877 illi
1617 4823 1757 4878 Deus
1778 4839 1891 4894 pea-

307 4915 610 4981 nitentiam,
631 4924 686 4969 et
699 4916 972 4985 resipiscat
994 4915 1062 4970 de
1076 4914 1270 4970 diaboli
1289 4914 1508 4985 laqueis.
1525 4914 1893 4985 Correptionis

304 5005 507 5073 quippe
526 5006 736 5060 utilitati
766 5006 901 5061 banc
924 5006 1241 5062 sententiam
1277 5005 1551 5074 subjunxit
1576 5006 1887 5076 Apostolus,

304 5094 516 5161 dicens,
542 5096 679 5150 sicut
703 5110 861 5165 supra
885 5096 1298 5151 commemoravi
1323 5111 1336 5148 :
1367 5095 1492 5150 Cum
1518 5097 1762 5152 modestia
1779 5114 1892 5153 cor-

303 5185 572 5255 ripientent
611 5186 807 5240 diversa
844 5188 1129 5253 sentientes,
1175 5188 1439 5257 nequando
1477 5189 1560 5242 det
1602 5190 1706 5244 illis
1754 5189 1891 5247 Deus

304 5276 649 5345 penitentiam
676 5276 740 5348 (Il
776 5275 908 5331 Tim.
952 5293 1008 5343 n,
1049 5278 1140 5341 26,
1181 5277 1297 5346 25).
1328 5277 1458 5333 Nam
1508 5280 1552 5333 si
1600 5280 1890 5338 dixerimus

302 5367 463 5419 istam
487 5369 935 5435 perseverantiam
960 5376 1066 5422 tam
1090 5368 1404 5424 laudabilem
1438 5379 1651 5440 tamque
1682 5372 1887 5428 felicem

301 5457 384 5510 sic
412 5471 533 5512 esse
553 5457 806 5524 hominis,
834 5468 889 5513 ut
913 5460 960 5514 ei
991 5474 1095 5513 non
1125 5461 1193 5514 sit
1223 5476 1289 5514 ex
1317 5461 1454 5526 Deo;
1489 5461 1613 5516 illud
1647 5463 1889 5531 primitus

298 5561 646 5615 evacuamus,
679 5549 819 5619 quod
848 5550 921 5603 ait
946 5550 1198 5605 Dominus
1235 5551 1409 5617 Petro,
1449 5551 1557 5623 Ego
1597 5554 1769 5625 rogavi
1796 5572 1887 5622 pro

369 5678 388 5747 ξ
422 5684 525 5747 μεθ.
549 5692 639 5729 sex
662 5680 820 5731 Gallic.
850 5689 900 5747 et
930 5691 1033 5747 tres
1052 5687 1215 5745 \‘atic.,
1242 5685 1340 5747 qui.

369 5742 530 5814 iiiis-5.
565 5751 771 5814 quatuor
812 5745 1022 5814 Belgici,
1079 5755 1181 5797 tres
1205 5742 1408 5798 iaticaui
1454 5758 1504 5798 et
1548 5752 1882 5814 Corbeicnsis,

303 5800 435 5860 quid
458 5800 700 5864 acceptum
721 5805 879 5867 gratia
894 5800 1006 5857 71ci.

1743 417 1948 478 LIBER
1988 415 2187 480 UNUS.

3501 442 3605 497 922

2021 548 2088 607 te,
2116 556 2177 594 ne
2196 541 2397 599 deﬁciat
2426 543 2552 611 ﬁdes
2579 553 2663 597 tua
2695 544 2843 615 (Luc.
2870 563 3000 611 xxn,
3046 549 3156 613 52).
3198 549 3332 618 Quid
3375 554 3513 607 enim
3557 561 3607 611 ei

2021 632 2245 700 rogavit,
2291 632 2390 687 nisi
2434 639 2884 703 persevcrantiam
2932 655 3100 711 usque
3142 642 3190 696 in
3241 644 3438 699 ﬁnem?
3476 647 3607 715 ριιιιε

2020 722 2259 790 profecto
2288 725 2330 779 si
2359 725 2426 779 ab
2457 726 2672 783 homine
2715 728 2925 784 homini.
2948 740 3108 795 esset,
3144 750 3171 786 a
3204 733 3312 786 Deo
3339 738 3601 804 poseenda

2018 827 2123 866 non
2154 826 2314 869 esset.
2337 817 2535 872 Deinde
2555 834 2675 873 cum
2704 820 2832 875 dicit
2850 823 3161 889 Apostolus,
3193 823 3412 885 Oramus
3437 838 3602 881 autem

2016 902 2086 957 ad
2112 904 2295 971 Deum,
2327 924 2389 961 ne
2412 909 2534 977 quid
2555 910 2756 982 faciatis
2778 914 2900 966 ntali
2922 912 2986 981 (ll
3011 912 3130 967 Cor.
3155 928 3269 980 xm,
3304 916 3389 984 7);
3420 920 3601 986 procul

2016 992 2177 1049 dubio
2206 1002 2660 1068 perseverantiam
2688 1002 2766 1055 eis
2795 1012 2909 1055 orat
2943 1004 3006 1057 ad
3041 1006 3222 1059 Demn.
3252 1006 3433 1076 Neque
3459 1009 3601 1064 enim

2016 1084 2145 1139 nihil
2174 1089 2295 1141 mali
2329 1090 2469 1153 facit,
2500 1093 2587 1161 qui
2620 1093 2815 1147 bonum
2846 1095 3064 1162 deserit,
3088 1108 3140 1151 et
3160 1113 3188 1151 a
3211 1115 3316 1168 quo
3334 1100 3603 1159 declinare

2014 1177 2230 1245 debet',
2283 1179 2563 1237 inclinatur
2606 1185 2659 1239 in
2719 1188 2956 1252 malum,
3003 1205 3105 1241 non
3156 1207 3501 1259 perseverans
3544 1196 3602 1250 in

2016 1269 2178 1323 bono.
2203 1272 2296 1326 lllo
2327 1275 2483 1327 etiam
2515 1276 2634 1329 loco
2666 1276 2753 1331 ulii
2784 1278 2931 1341 dicit,
2971 1277 3173 1334 Gratias
3211 1299 3306 1351 ago
3345 1281 3449 1338 Deo
3491 1304 3601 1342 meo

2014 1362 2067 1415 in
2095 1368 2231 1417 omni
2261 1368 2501 1420 memoria
2526 1370 2694 1434 vestri,
2723 1387 2919 1437 semper
2946 1372 2998 1425 in
3029 1374 3166 1427 omni
3202 1393 3347 1445 prece
3374 1394 3485 1431 mea
3511 1397 3603 1449 pro

2016 1454 2245 1509 omnibus
2265 1456 2400 1509 vobis
2425 1476 2539 1511 cum
2565 1462 2753 1530 gaudio
2776 1462 3180 1529 deprecationem
3212 1468 3420 1537 faciens,
3450 1487 3603 1540 super

2014 1547 2398 1600 comntunioue’
2439 1562 2598 1603 vestra
2642 1553 2693 1603 in
2742 1551 3018 1624 Evangelia
3052 1572 3084 1607 a
3123 1558 3287 1627 prima
3328 1560 3409 1615 die
3450 1579 3605 1632 usque

2013 1648 2177 1697 nunc;
2203 1636 2460 1704 con/ideas
2487 1640 2580 1691 ltoc
2609 1639 2794 1709 ipsum.
2824 1645 3059 1713 quoniam
3093 1648 3179 1714 qui
3203 1650 3348 1718 cwpit
3376 1650 3426 1702 in
3462 1653 3602 1707 vobis

2013 1736 2138 1811 opus
2165 1723 2371 1789 bonum,
2398 1729 2620 1797 perﬁciet
2643 1747 2800 1797 usque
2828 1733 2878 1786 in
2902 1732 3044 1788 'dient
3075 1735 3263 1792 Christi
3287 1740 3411 1794 Jesu
3444 1741 3601 1811 (Phi.

2013 1810 2139 1884 lipp.
2172 1831 2208 1879 l,
2238 1818 2358 1889 3-6)
2402 1839 2415 1873 :
2448 1821 2572 1890 quid
2599 1821 2739 1876 aliud
2773 1826 2848 1878 eis
2878 1842 3035 1895 quam
3069 1810 3519 1896 perseverantiam
3549 1826 3609 1891 in

2012 1905 2152 1959 bono
2181 1924 2345 1978 usque
2374 1910 2426 1963 in
2460 1912 2615 1966 linem
2635 1955 2651 1976 ,
2698 1913 2767 1969 de
2801 1914 2895 1969 Dei
2938 1918 3280 1974 miseratione
3311 1924 3602 1991 promittit?

2012 1994 2247 2065 itemque
2275 1998 2359 2051 ubi
2388 2000 2535 2067 dicit,
2563 2001 2768 2057 Salutat
2805 2022 2892 2059 vos
2928 2004 3233 2078 Epaphras,
3263 2014 3350 2074 qui
3377 2030 3441 2068 ea:
3465 2017 3603 2071 vobis

2010 2098 2083 2142 est
2104 2106 2276 2144 servus
2306 2091 2490 2146 Christi
2516 2092 2664 2162 Jesu,
2686 2113 2885 2166 semper
2910 2109 3107 2153 certans
3136 2119 3228 2171 pro
3253 2104 3387 2157 vobis
3410 2107 3461 2158 in
3482 2122 3602 2160 ora-

2009 2181 2247 2245 tionibus,
2293 2194 2349 2237 nt
2387 2186 2526 2240 stetis
2557 2187 2764 2256 perfecti
2801 2198 2849 2243 et
2892 2189 3029 2257 pleni
3070 2192 3122 2245 in
3171 2194 3310 2246 omni
3349 2196 3604 2253 voluntate

2009 2268 2107 2322 Dei
2135 2269 2350 2342 (Coloss.
2377 2289 2446 2337 iv,
2474 2276 2561 2344 12)
2589 2293 2601 2327 :
2631 2277 2754 2346 quid
2778 2288 2881 2345 est,
2913 2289 2967 2332 ut
2993 2282 3153 2348 stetis,
3186 2281 3307 2348 nisi,
3328 2283 3396 2339 Ut
3423 2300 3601 2353 pcrse-
3686 2306 3691 2315 ·

2007 2360 2234 2415 veretis?
2274 2361 2426 2418 Unde
2450 2364 2649 2419 dictum
2677 2376 2760 2420 est
2794 2368 2861 2423 de
2891 2368 3132 2436 diabolo,
3178 2369 3243 2425 In
3268 2375 3474 2428 veritate
3497 2393 3599 2431 non

2006 2452 2139 2505 stetit
2170 2451 2345 2522 (Joan.
2381 2471 2492 2522 Vill,
2525 2457 2614 2527 41)
2643 2477 2655 2511 :
2686 2459 2806 2527 quia
2836 2459 2933 2514 fuit
2961 2461 3056 2528 ibi,
3082 2463 3174 2516 sed
3206 2480 3310 2517 non
3342 2480 3596 2535 perman-

2006 2540 2095 2594 sit.
2122 2540 2255 2597 Nam
2284 2544 2463 2614 utique
2487 2547 2571 2599 isti
2596 2547 2649 2600 in
2672 2546 2774 2602 (ide
2794 2548 2902 2619 jam
2930 2550 3160 2606 stabant.
3185 2552 3294 2609 Nec
3318 2556 3458 2611 aliud
3480 2573 3595 2612 ora-

2006 2646 2148 2698 mus,
2179 2647 2299 2686 cum
2330 2649 2565 2700 oramus,
2599 2646 2656 2690 ut
2682 2640 2772 2705 qui
2814 2647 2938 2703 stat,
2980 2651 3107 2707 stet,
3142 2643 3242 2697 nisi
3271 2655 3324 2698 ut
3350 2660 3600 2716 perseve-

2006 2731 2107 2776 ret.
2147 2723 2274 2779 ltem
2315 2724 2480 2781 Judas
2503 2730 2795 2796 apostolus,
2835 2745 2956 2785 cum
2997 2732 3145 2799 dicit,
3188 2734 3254 2787 Ei
3296 2747 3466 2791 autent
3512 2737 3601 2805 qui

2006 2822 2180 2880 potens
2203 2824 2274 2868 est
2310 2832 2604 2871 conservare
2639 2835 2723 2872 vos
2752 2821 2861 2873 sine
2890 2819 3185 2888 o/Tensione,
3218 2835 3263 2878 et
3291 2828 3596 2883 constituere

2005 2912 2121 2955 ante
2147 2915 2468 2975 conspectum
2491 2908 2671 2977 gloria:
2690 2925 2798 2963 sua:
2817 2910 3167 2967 inmaculatos
3192 2914 3244 2967 in
3272 2916 3449 2970 latitia
3477 2917 3597 2990 (Ju-

2005 2992 2087 3047 d¢
2108 2993 2204 3065 24)
2239 3014 2250 3049 :
2282 3011 2456 3051 neune
2480 3000 2819 3067 apertissime
2849 3002 3086 3057 ostendit
3107 3004 3306 3059 donum
3333 3006 3426 3062 Dei
3450 3023 3591 3076 eSse,

2004 3084 2058 3139 iu
2085 3085 2222 3140 bono
2243 3103 2589 3157 perseverare
2618 3106 2785 3161 usque
2811 3091 2864 3146 in
2894 3093 3087 3147 linem?
3115 3094 3252 3162 Quid
3283 3097 3424 3150 enim
3453 3098 3596 3154 aliud

2005 3173 2195 3240 donat,
2242 3178 2332 3247 qui
2367 3189 2652 3236 conservat
2680 3183 2797 3237 sine
2828 3182 3163 3250 nil‘ensione,
3213 3196 3269 3255 ut
3310 3189 3597 3245 constituat

2004 3274 2131 3320 ante
2150 3277 2497 3337 Conspectum
2525 3271 2709 3340 glorim
2737 3288 2848 3326 sua:
2881 3273 3244 3329 innuaenlatos
3294 3276 3345 3330 in
3387 3276 3592 3348 la'titia,

2004 3357 2105 3411 nisi
2138 3361 2591 3427 persevtrantiam
2621 3362 2847 3416 bonam?
2872 3363 3007 3431 Quid
3050 3373 3132 3419 est
3163 3367 3322 3420 etiam
3365 3369 3504 3437 quod
3542 3370 3594 3426 in

2003 3448 2380 3517 Apostolorum
2412 3452 2634 3506 Actibus
2662 3454 2884 3522 legimus
2904 3496 2918 3516 .
2954 3457 3223 3511 Audientes
3255 3469 3424 3513 autent
3454 3459 3593 3514 Gen-

2004 3548 2076 3593 tes
2102 3541 2287 3609 gavisa:
2315 3552 2448 3605 sunt,
2486 3551 2529 3595 et
2558 3554 2857 3611 exceperunt
2896 3543 3112 3600 Verbum
3147 3546 3374 3615 Domini,
3408 3560 3454 3604 et
3481 3568 3593 3606 cre-

2004 3630 2240 3685 diderunt
2265 3642 2506 3703 quotquot
2529 3644 2673 3686 erant
2695 3634 2917 3689 ordinati
2936 3637 2988 3689 in
3018 3639 3171 3691 vitam
3191 3650 3430 3694 retentant
3453 3642 3590 3706 (Act.

2002 3737 2119 3787 xm,
2142 3723 2273 3792 48)?
2293 3724 2423 3792 Quis
2445 3724 2497 3777 in
2527 3733 2780 3779 :rternam
2814 3727 2975 3781 vitam
3007 3731 3176 3797 potuit
3203 3733 3460 3795 ordinari,
3490 3736 3593 3791 nisi

2002 3816 2408 3884 perseverantiae
2430 3816 2606 3870 dono?
2631 3817 3070 3888 Quandoquidem
3092 3822 3179 3891 qui
3204 3829 3591 3891 perseveraverit

2002 3921 2158 3974 usque
2179 3907 2231 3960 in
2258 3908 2430 3977 finem,
2452 3909 2532 3963 hic
2563 3909 2734 3964 salvus
2758 3911 2850 3964 erit
2880 3910 3092 3981 (Matth.
3128 3928 3186 3976 ι.
3215 3913 3329 3983 22).
3361 3916 3473 3984 Qua
3500 3932 3589 3969 sa-

2002 3997 2131 4061 inte,
2156 3999 2253 4053 nisi
2284 4001 2517 4055 aeterna?
2541 4002 2673 4056 Cum
2696 4018 2824 4058 vero
2850 4003 2899 4057 in
2930 4005 3170 4059 oratione
3190 4006 3455 4062 dominica
3481 4009 3590 4064 Deo

2001 4088 2141 4143 Patri
2171 4089 2417 4155 dicimus,
2462 4091 2821 4162 Sanctificatur
2845 4111 3026 4149 nomen
3062 4107 3203 4149 tuum
3246 4096 3346 4166 (Id.
3388 4113 3460 4161 Vl,
3489 4099 3544 4170 9)
3572 4119 3586 4156 :

2002 4179 2125 4249 quid
2155 4179 2296 4233 aliud
2325 4180 2573 4247 dicimus,
2600 4199 2756 4252 quam
2782 4193 2839 4237 ut
2868 4200 3060 4238 nomen
3087 4185 3203 4255 ejus
3228 4188 3589 4245 sanctiﬁct-tur

2000 4270 2053 4324 in
2084 4270 2269 4325 nobis?
2295 4271 2447 4338 Quod
2473 4288 2589 4327 cum
2614 4274 2724 4342 jam
2759 4291 2852 4344 per
2876 4276 3142 4330 lavacrum
3166 4281 3587 4349 regenerationis

1999 4360 2243 4416 effectum
2272 4363 2361 4430 sit,
2400 4380 2565 4433 quare
2587 4366 2825 4435 quotidie
2853 4382 2881 4419 a
2915 4368 3156 4423 fidi-libus
3191 4372 3444 4440 poscitur,
3476 4374 3578 4429 nisi

1998 4460 2058 4505 ut
2085 4453 2134 4505 in
2161 4467 2228 4507 eo
2248 4454 2387 4521 quod
2413 4452 2609 4508 factum
2637 4456 2790 4511 estin
2819 4458 2992 4521 nobis,
3022 4470 3397 4528 perseveretur
3422 4479 3451 4516 a
3481 4480 3582 4519 no-

1998 4542 2151 4597 his”?
2178 4542 2309 4597 Nam
2335 4553 2390 4599 et
2419 4546 2602 4600 beatus
2628 4546 2926 4618 Cyprianus
2948 4549 3049 4604 hoc
3077 4550 3154 4604 sic
3175 4551 3454 4623 intelligit:
3482 4570 3578 4609 ex-

1999 4648 2203 4703 ponens
2240 4637 2434 4705 quippe
2475 4637 2718 4693 eamdem
2747 4642 3065 4706 orationem,
3104 4658 3122 4692 t
3156 4642 3409 4705 Dicimus.
3442 4663 3461 4697 ι
3498 4646 3578 4700 iu-

1997 4724 2129 4794 quit,
2164 4742 2183 4776 t
2213 4725 2569 4796 Sanctiﬁcetur
2598 4746 2777 4783 nomen
2806 4741 2978 4796 tuum;
3025 4747 3129 4786 non
3160 4733 3301 4802 quod
3328 4743 3571 4803 optemus

1997 4814 2141 4879 Deo,
2183 4825 2239 4870 ut
2277 4818 2640 4873 sanctiﬂcetur
2678 4821 3007 4875 orationibus
3038 4825 3270 4888 nostris;
3316 4824 3407 4878 sed
3437 4827 3575 4894 quod

1996 4917 2238 4979 petamus
2259 4923 2289 4962 a
2320 4910 2448 4974 Deo,
2482 4919 2539 4964 ut.
2565 4926 2757 4967 nomen
2788 4912 2902 4981 ejus
2924 4912 3284 4967 sanctiﬁcetur
3309 4913 3359 4968 in
3404 4916 3573 4971 nobis.

1994 4997 2258 5053 Caeterum
2287 5015 2317 5053 a
2343 5014 2450 5069 quo
2481 5000 2624 5056 Deus
2644 5001 3022 5068 sanctiﬁcatur,
3068 5002 3159 5073 qui
3199 5004 3311 5071 ipse
3339 5004 3572 5059 sanctifi-

1994 5088 2113 5142 cat?
2140 5088 2243 5143 Sed
2296 5090 2417 5159 quia
2473 5090 2587 5159 ipse
2632 5092 2784 5155 dixit,
2836 5091 3016 5147 Sancti
3054 5100 3230 5157 estote,
3259 5093 3495 5163 quoniam
3530 5107 3576 5149 et

1994 5180 2122 5249 ego‘
2152 5193 2355 5236 sanctus
2379 5199 2490 5237 sum
2519 5182 2703 5252 (Levii.
2732 5199 2850 5248 xm,
2877 5182 2973 5247 2);
3007 5182 3058 5238 id
3091 5184 3317 5253 petimus
3341 5194 3394 5239 et
3425 5201 3580 5256 roga-

1994 5286 2132 5336 mus,
2183 5281 2242 5326 ut
2289 5272 2377 5340 qui
2419 5273 2470 5326 in
2519 5274 2787 5342 Baptismo
2816 5274 3130 5328 sanctiticati
3172 5289 3377 5341 sumus,
3424 5276 3475 5329 iu
3506 5291 3574 5332 eo

2059 5390 2073 5420 ί
2113 5388 2248 5448 Fditi,
2277 5401 2374 5455 non
2397 5386 2570 5455 debet;
2611 5388 2769 5438 addita
2803 5387 2899 5439 illic
2937 5398 3151 5455 negante
3193 5388 3441 5455 particula,
3464 5406 3576 5455 qua:

1992 5462 2019 5498 a
2053 5452 2304 5521 manuscrii
2324 5451 2386 5499 tis
2414 5451 2600 5521 aberat.
2626 5457 2808 5521 Locum
2835 5451 3098 5521 emendare
3131 5451 3335 5521 tentavit
3358 5451 3578 5521 erasmus

1994 5513 2362 5580 trans;_.ositione
2381 5509 2668 5580 copulativa:
2692 5512 2953 5580 particulae,
2982 5513 3232 5580 bocpiodo
3258 5511 3379 5580 {qui
3402 5513 3577 5580 bonum

1995 5571 2169 5620 deserit
2190 5585 2220 5620 a
2243 5586 2334 5633 quo
2358 5570 2602 5621 declinare
2633 5570 2727 5621 non
2751 5572 2903 5629 debet,
2928 5580 2972 5633 ct
2992 5571 3245 5622 inclinatur
3268 5570 3320 5623 in
3340 5575 3542 5626 nudum.

2057 5634 2077 5663 ²
2110 5644 2208 5695 sui.
2230 5639 2302 5681 t-‘r.
2330 5642 2381 5682 et
2398 5633 2561 5695 plures
2575 5639 2710 5695 _'.tt_ss.,
2735 5632 3172 5683 contmwticatiom.

2057 5695 2077 5726 ³
2114 5693 2378 5757 Albiuensis
2399 5693 2501 5753 ius,
2533 5693 2627 5744 nisi
2650 5701 2699 5744 ut
2722 5695 2847 5756 quod
2869 5696 3047 5756 [.ctnm
3068 5703 3136 5746 cst
3161 5694 3210 5745 in
3233 5694 3379 5755 nobis,
3409 5708 3571 5757 peru-

1995 5762 2117 5805 rerrt
2142 5757 2190 5804 in
2214 5756 2363 5804 nobis.

2061 5819 2080 5847 ⁵
2114 5827 2288 5867 Omnes
2312 5829 2462 5893 prope
2485 5823 2617 5878 3155.,
2636 5815 2868 5881 quomodo
2891 5829 2991 5878 rgo.
