4014 6186
491 314 596 377 913

405 485 410 489 .
506 431 632 498 μιυιι
671 445 792 486 esse
819 437 1078 497 coepimus
1107 438 1528 497 perseveremus.
1559 443 1580 478 ι
1625 425 1762 481 Ecce
1798 423 2076 496 gloriosis-

494 524 660 576 simus
685 520 882 593 llartyr
909 520 1010 574 hoc
1035 519 1216 579 sentit,
1251 517 1391 588 quod
1422 519 1474 572 in
1507 517 1588 573 his
1620 517 1796 572 verbis
1839 517 2075 588 quotidie

490 612 674 665 lidcles
701 610 896 664 Cltt'isli
921 618 1124 674 petunt,
1160 624 1210 663 ut
1240 618 1582 680 perseverent
1613 607 1666 662 in
1695 623 1760 662 eo
1787 608 1926 678 quod
1953 623 2073 664 esse

494 711 788 770 ι’ωιιετιιιιι.
819 696 974 755 Nullo
993 710 1170 754 autem
1197 701 1495 766 dubitante,
1522 700 1762 770 quisquis
1789 717 1818 750 a
1849 699 2072 753 Domino

488 805 542 845 ut
572 794 620 846 in
647 793 784 845 bono
807 803 1100 860 persevi-ret
1129 803 1393 861 precatur,
1421 791 1619 846 donum
1638 791 1754 861 ejus
1774 805 1893 846 esse
1911 793 2070 845 talem

489 887 938 952 perseverantiam
969 885 1268 936 runlitetur.

558 972 784 1029 CAPUT
830 971 932 1026 \‘ll.
957 1003 981 1014 -
1014 1004 1030 1014 ο
1053 974 1141 1026 11.
1171 974 1298 1040 Qua:
1325 987 1444 1026 cum
1474 971 1542 1026 ita
1569 973 1672 1028 slnt
1693 1013 1708 1040 ,
1752 972 2070 1040 eorripimus

487 1073 662 1118 tamen
694 1081 806 1124 eos.
848 1065 1093 1133 juSquue
1121 1066 1456 1134 Corripimus,
1490 1067 1581 1135 qui
1611 1081 1729 1120 cum
1763 1065 1896 1119 bene
1923 1067 2068 1120 vive-

485 1164 637 1216 rent,
669 1169 774 1206 non
815 1155 866 1208 in
903 1169 969 1209 eo
1006 1165 1446 1232 perseverarunt.
1486 1155 1563 1210 Ex
1602 1157 1737 1210 bOna
1781 1157 1974 1226 quippe
2015 1155 2067 1210 in

487 1248 679 1298 malam
709 1248 869 1298 vitam
892 1262 987 1300 sua
1010 1247 1280 1302 voluntate
1306 1247 1488 1301 mutati
1517 1259 1640 1302 sunt
1675 1265 1688 1302 τ
1718 1257 1768 1302 ει
1794 1249 1914 1303 ideo
1941 1263 2066 1302 cor-

487 1336 730 1403 reptione
756 1336 804 1396 ’ς
835 1345 891 1390 ct
934 1337 978 1388 si
1015 1335 1142 1388 nihil
1172 1337 1250 1390 eis
1278 1339 1546 1406 correptio
1573 1335 1850 1406 profuerit,
1885 1338 1980 1392 sed
2015 1338 2066 1392 in

482 1428 589 1482 vita
619 1427 820 1496 perdita
845 1443 1013 1497 usque
1039 1429 1104 1481 ad
1137 1439 1362 1483 mortem
1395 1431 1875 1498 perseveraverint,
1904 1431 2066 1484 etiam

480 1517 658 1571 divina
689 1518 739 1570 in
761 1529 1021 1572 aeternum
1047 1519 1387 1575 damnatione
1414 1531 1538 1574 sunt
1560 1521 1724 1590 digni.
1757 1520 1867 1576 Nec
1891 1537 1950 1576 se
1971 1537 2069 1576 ex—

474 1609 734 1662 eusibunt
761 1609 1018 1674 dicentes,
1045 1611 1182 1664 sicut
1221 1610 1380 1664 modo
1407 1611 1658 1673 dicunt’,
1694 1611 1866 1679 Quare
1905 1612 2068 1665 carri-

477 1698 692 1765 pimur.’
731 1699 799 1752 ita
847 1709 990 1762 tunc,
1036 1699 1212 1768 Quare
1255 1701 1588 1766 damnamur,
1634 1701 2064 1771 quandoquidem

479 1800 625 1848 ut_ex
654 1790 795 1844 bono
820 1803 1214 1848 reverteremnr
1241 1793 1308 1848 ad
1349 1795 1544 1848 malum
1565 1835 1579 1858 ,
1611 1795 2072 1866 perseverantiam

476 1895 588 1936 non
637 1883 940 1951 accepimus
977 1900 1077 1952 qua
1129 1899 1561 1954 permanercmus
1607 1887 1658 1940 iu
1702 1887 1882 1942 bono?
1921 1887 2065 1943 nullo

480 1969 642 2024 modo
663 1970 762 2026 hac
794 1974 1138 2028 excusatione
1179 1989 1208 2028 a
1241 1975 1380 2044 justa
1409 1975 1751 2032 damnatione
1779 1992 1838 2032 se
1869 1978 2064 2033 libera-

480 2062 626 2116 bunt.
655 2062 710 2118 Si
737 2063 900 2128 enim,
931 2064 1068 2118 sicut
1095 2066 1289 2120 veritas
1325 2067 1576 2137 loquitur,
1607 2083 1764 2122 nemo
1791 2068 2050 2124 liberatur

380 2183 386 2188 -
477 2169 506 2205 ει
535 2151 876 2209 damnatione
905 2171 1024 2225 qua:
1055 2155 1191 2210 facta
1218 2168 1301 2212 est
1323 2174 1420 2226 per
1434 2159 1626 2222 Adam,
1656 2161 1754 2214 nisi
1775 2176 1868 2230 per
1896 2161 2060 2216 ﬁdem

478 2244 604 2300 .lesu
631 2244 856 2311 Christi;
889 2257 942 2302 et
971 2258 1148 2303 tamen
1171 2250 1239 2304 ab
1274 2250 1372 2306 hac
1399 2251 1740 2308 damnatione
1770 2269 1874 2308 non
1905 2269 1965 2309 se
1996 2254 2062 2308 Ii-

385 2341 395 2357 '
481 2335 737 2390 hcrahunt
764 2339 850 2406 qui
874 2349 1123 2408 poterunt
1147 2340 1346 2405 dicere,
1377 2358 1481 2396 non
1505 2359 1562 2398 se
1581 2343 1794 2398 audisse
1820 2345 2062 2416 Evange-

479 2426 606 2480 lium
629 2426 820 2481 Christi
841 2469 857 2492 ,
885 2444 1007 2484 cum
1046 2431 1176 2484 ﬁdes
1209 2447 1274 2486 ex
1305 2433 1485 2487 auditu
1525 2433 1596 2488 sit
1639 2434 1814 2506 (Rom.
1846 2452 1898 2501 κ,
1930 2437 2060 2506 l7):

477 2529 678 2589 quanto
705 2521 879 2576 minus
905 2537 963 2575 se
983 2521 1285 2577 liherabunt
1311 2524 1401 2594 qui
1422 2523 1611 2580 dicturi
1635 2535 1779 2590 sunt,
1804 2527 2063 2584 Perseve-

479 2611 705 2664 rantiam
745 2627 850 2666 non
883 2613 1186 2682 accepimus
1203 2614 1228 2666 ἲ
1253 2614 1457 2670 Iustior
1481 2616 1624 2670 enim
1655 2617 1866 2672 videtur
1890 2633 2058 2674 excu-

474 2701 612 2754 satio
647 2701 960 2768 dicentium,
1006 2703 1123 2759 Nun
1161 2708 1468 2775 accepimus
1504 2709 1828 2764 audientiam
1852 2750 1870 2778 ,
1900 2727 2060 2782 quam

473 2787 784 2854 dicentium,
813 2791 928 2845 Non
959 2795 1266 2863 accepimus
1289 2798 1740 2865 perseverantiam
1763 2813 1777 2851 :
1805 2801 2060 2869 quoniam

474 2887 643 2948 potest
675 2880 778 2934 dici
797 2925 812 2944 ,
843 2881 1048 2949 Homo,
1083 2886 1134 2938 in
1165 2900 1231 2940 eo
1260 2886 1399 2955 quod
1431 2887 1680 2943 audieras
1707 2897 1761 2943 et
1787 2898 2058 2958 tenueras,

473 2975 528 3029 in
546 2991 610 3030 eo
632 2991 1001 3044 perseverares
1016 2979 1060 3034 si
1083 2981 1248 3038 velles
1267 2981 1342 3055 (a)
1363 2998 1380 3047 ;
1405 2983 1552 3039 nullo
1576 2984 1737 3039 modo
1753 2995 1931 3040 autem
1956 2985 2059 3041 dici

471 3074 665 3135 potest,
695 3065 749 3122 Id
775 3069 914 3138 quod
943 3084 1046 3124 non
1071 3071 1336 3135 audieras,
1365 3073 1613 3128 crederes
1640 3075 1686 3130 si
1708 3075 1890 3130 velles.

548 3155 632 3210 t2.
673 3159 751 3210 Ac
775 3173 872 3226 per
899 3162 998 3214 hoc
1025 3171 1080 3215 et
1112 3163 1201 3230 qui
1243 3162 1588 3234 Evangelium
1620 3182 1724 3220 non
1753 3167 2056 3234 audierunt,

469 3253 529 3300 et
553 3248 641 3316 qui
665 3262 734 3303 eo
759 3249 940 3304 audito
965 3252 1018 3306 in
1046 3253 1241 3308 melius
1269 3259 1579 3311 commutati
1607 3262 2059 3327 perseverantiam

471 3351 582 3390 non
609 3349 959 3407 acceperunt,
1003 3351 1056 3396 et
1095 3343 1184 3412 qui
1225 3343 1516 3414 Evangelio
1551 3348 1730 3404 audito
1763 3352 1946 3406 venire
1993 3353 2060 3408 ad

466 3425 763 3494 Christum,
785 3430 888 3486 huc
905 3441 1004 3498 est,
1027 3433 1079 3486 in
1105 3449 1224 3488 eum
1243 3434 1464 3491 credere
1481 3438 1786 3506 noluerunt,
1807 3441 2058 3511 quoniam

471 3519 588 3587 ipse
607 3519 762 3586 dixit,
789 3519 952 3576 Nemo
975 3527 1104 3578 venit
1127 3525 1196 3578 ad
1219 3543 1316 3592 me,
1339 3527 1436 3581 nisi
1457 3529 1503 3583 ei
1523 3531 1696 3585 datum
1721 3533 1872 3601 fuerit
1893 3551 1926 3587 a
1956 3533 2060 3588 Pa-

473 3616 550 3661 tre
576 3625 684 3663 meo
711 3609 892 3681 (Joan.
925 3628 998 3680 vi,
1027 3615 1142 3686 66),
1183 3625 1240 3670 et
1287 3619 1374 3687 qui
1421 3633 1516 3686 per
1549 3631 1761 3676 aetatem
1789 3623 2058 3691 parvulam

473 3715 570 3754 nec
597 3700 814 3756 credere
841 3713 1144 3772 potuerunt,
1167 3707 1261 3761 sed
1287 3709 1354 3764 ab
1373 3711 1614 3780 originali
1641 3729 1775 3768 noxa
1803 3716 1918 3770 solo
1939 3732 2061 3786 pos-

469 3798 591 3844 sent
637 3791 850 3846 lavacro
891 3797 1310 3860 regenerationis
1350 3800 1582 3869 absolvi,
1613 3819 1718 3874 quo
1745 3813 1920 3862 tamen
1952 3826 2058 3866 non

467 3893 688 3953 accepto
716 3887 909 3939 mortui
940 3889 1251 3957 perierunt;
1297 3907 1401 3946 non
1435 3903 1561 3948 sunt
1596 3895 1666 3950 ab
1691 3895 1780 3950 illa
1805 3913 2062 3970 conSper-

469 3973 620 4028 sione
644 3974 882 4042 discreti,
901 3993 1057 4046 quam
1079 3989 1288 4036 constat
1309 3998 1430 4038 esse
1457 3983 1784 4053 damnatam,
1807 3991 2058 4049 euntibus

469 4063 718 4119 omnibus
755 4081 820 4120 ex
864 4083 968 4120 uno
1007 4069 1059 4123 in
1105 4071 1628 4130 condemnationem.
1671 4075 2060 4137 Disceruuntur

467 4164 648 4208 autem
675 4171 780 4208 non
813 4157 1020 4212 meritis
1048 4160 1184 4226 suis,
1211 4162 1304 4216 sed
1336 4178 1434 4232 per
1465 4166 1687 4234 gratiam
1727 4167 2053 4238 Mediatoris,

471 4238 576 4298 hoc
603 4253 705 4310 est,
741 4246 794 4300 in
839 4249 1094 4318 sanguine
1117 4252 1340 4307 secundi
1375 4254 1542 4308 Adam
1567 4255 1838 4326 iustiﬁcati
1866 4261 2052 4329 gratis.

472 4329 656 4402 itaque
675 4349 795 4389 cum
823 4338 1090 4407 audimus,
1121 4341 1245 4407 Quis
1273 4343 1405 4396 enim
1432 4355 1479 4398 te
1506 4345 1781 4402 discernit?
1810 4349 1946 4416 Quid
1972 4369 2057 4405 an-

469 4431 571 4475 tem
595 4423 746 4478 lmbes
783 4430 916 4482 auod
956 4447 1058 4484 non
1103 4433 1377 4504 accepisti?
1415 4435 1476 4489 Si
1503 4448 1672 4492 autem
1711 4448 1760 4493 et
1791 4445 2049 4510 occepisti,

469 4515 594 4586 quid
621 4517 856 4586 gloriaris
877 4523 1021 4577 quasi
1050 4539 1150 4577 non
1177 4528 1430 4595 acceperis
1456 4528 1497 4597 (l
1521 4526 1638 4583 Cor.
1661 4545 1733 4597 tv,
1757 4531 1852 4603 7)?
1877 4533 1944 4588 ab
1965 4535 2053 4591 illa

471 4606 786 4677 perditionis
825 4625 997 4665 massa
1035 4630 1154 4678 qua:
1193 4615 1330 4671 facta
1355 4627 1437 4672 est
1467 4635 1560 4688 per
1595 4625 1820 4690 primum
1859 4624 2052 4692 Adam,

473 4699 730 4753 debemus
758 4699 1054 4774 intelligere
1082 4708 1348 4762 nemiuem
1377 4724 1532 4778 posse
1560 4710 1812 4780 discerni,
1837 4699 1937 4770 nisi
1965 4718 2054 4787 qui

471 4787 574 4844 hoc
598 4789 794 4846 donum
822 4791 998 4858 habet.
1026 4799 1265 4866 quisquis
1293 4799 1471 4868 habet,
1501 4803 1641 4874 quod
1669 4806 1836 4875 gratia
1865 4805 2054 4862 Salva-

468 4880 601 4934 toris
629 4883 834 4950 accepit
854 4883 895 4936 ⁸.
949 4885 1059 4940 lloc
1097 4903 1274 4942 atncm
1313 4892 1659 4963 apostolicum
1693 4896 2053 4954 testimonium

533 4969 1085 5050 ξᾼξξίιιὶᾲερεξζρξξηαιιν.
1127 4985 1184 5030 At
1205 4977 1374 5043 plures
1393 4989 1521 5043 Mss,
1545 4985 1861 5050 correptione.
1889 4987 2056 5040 ttefer-

466 5037 551 5098 tur
565 5039 644 5089 ad,
667 5040 776 5082 sum
799 5034 950 5098 (tigni.

531 5093 553 5164 ξ
587 5098 695 5164 μιν.
721 5107 784 5164 εξ
811 5093 1016 5164 pagus
1032 5098 1215 5164 aliquot
1235 5109 1364 5162 Mss...
1381 5103 1504 5156 sicut
1525 5105 1604 5157 hic
1625 5106 1768 5158 modo
1783 5107 1967 5161 dicunt.

533 5152 1085 5234 inimqgnialgtiodfltoc
1109 5152 1290 5234 donum
1308 5152 2054 5234 iniii'ﬁu'gaijiii‘t'igiiéiibod

501 5219 906 5293 ῖςιιὶειειςίξεη
942 5219 1036 5293 ιιὶιξ
1069 5223 1320 5293 quo¢_t_hoc
1355 5219 1532 5277 donaui
1554 5219 1698 5293 _hab.t
1731 5219 2054 5293 queant/’1';-

543 5331 556 5343 .
584 5277 711 5336 quod
693 5277 904 5386 (“gratia
923 5315 939 5338 ,
983 5277 1300 5341 etc.'Quidatn
1332 5294 1438 5337 Mss.
1459 5323 1476 5348 ,
1513 5277 1776 5386 uidit-[nail
1796 5277 2054 5368 ξ”ἇέίἶξίιῖςὶ

543 5345 553 5383 l
598 5346 617 5384 .'
662 5349 690 5385 8
794 5352 968 5386 omnes
1023 5341 1217 5386 ferunt-
1283 5345 1371 5386 Imr,
1427 5349 1597 5386 Immtm
1672 5353 1777 5386 ιιΙιοι
1867 5357 2050 5386 ηηιηι-Ιο

469 5341 570 5407 qui.
593 5346 617 5406 5
662 5341 752 5407 sed
794 5352 994 5407 omnes
1023 5341 1218 5407 ferunt,
1281 5345 1371 5398 hoc
1427 5341 1598 5401 bonum
1639 5341 1810 5404 liabet:
1842 5341 2052 5407 ὑὸιιιᾶἑ

469 5393 647 5472 ξξ-ιιίξλ
672 5395 854 5472 [Im-es,
877 5393 1440 5472 (If-ithnitlltabctnqnod
1820 5393 2051 5467 uti}:

465 5458 587 5523 ίιιτῐις
604 5458 814 5564 quisquis
835 5458 974 5514 habet
996 5458 1124 5535 quod
1143 5458 1433 5529 gratiaictc;
1447 5458 1656 5523 unuse}
1680 5458 2052 5552 ᾖεῖέίεἷξῃῖᾶζ

470 5514 666 5564 aridam
729 5519 883 5564 tabat-
929 5531 1088 5564 nmis-1
1180 5539 1259 5564 ιιιρ
1319 5538 1454 5564 Impia
1495 5533 1754 5564 Innonﬂnlm
1831 5550 1924 5564 .....
1971 5552 2050 5564 κ...

469 5514 666 5622 Ζὲεἱήειη
713 5514 884 5580 habet,
929 5514 1088 5589 gratia
1112 5565 1126 5586 ,
1144 5514 2054 5600 "eiEi’rbiié"n§§eiidu6‘f"ﬁii

577 5575 746 5622 bonum
769 5579 905 5622 lmln-t
952 5585 1079 5622 "md
1099 5588 1182 5622 nm'
1198 5589 1333 5622 ιιηιιοι
1390 5593 1546 5622 nan-.3.
1578 5595 1826 5622 c-i..........-..
1847 5600 2027 5622 ..---..;.

577 5575 1079 5663 ιοτιέιενειειρέμῖίιίεοά
1097 5575 2042 5663 nam:Mavzruzzssszzzea:

534 5635 610 5722 (αλ
635 5637 865 5722 «£39113,
885 5635 930 5692 id
946 5635 1042 5722 ﬁt,
1062 5635 2050 5722 suma'aaia'naaa;unum:

465 5692 740 5808 ἕῶίῖς
777 5692 867 5750 seu
889 5739 904 5762 ,
943 5692 1041 5756 nisi
1060 5692 1292 5761 ibiibi—iiii;

1341 311 1428 372 [ιε
1465 308 1945 370 CORREPTIONE
1983 311 2073 366 ET
2111 308 2388 376 GRATlA,
2430 311 2488 370 S.
2531 311 2902 372 AUGUSTINI

3658 322 3754 382 9‘16

2187 431 2293 479 tam
2327 439 2570 495 magnum
2600 429 2794 494 est,’ut
2820 428 3006 483 beatus
3043 428 3340 502 Cyprianus
3377 433 3443 489 ad
3484 434 3758 504 Quirinum

2181 514 2443 581 scribens,
2493 515 2664 586 ipsum
2713 518 3001 588 subiecerit
3045 521 3117 575 illi
3155 522 3326 585 titulo,
3359 525 3410 580 in
3439 543 3542 595 quo
3578 531 3674 596 ait,
3708 531 3759 586 In

2180 603 2326 657 nullo
2353 619 2472 660 esse
2497 606 2850 676 gloriandum,
2879 609 3091 678 quando
3114 622 3357 670 nostrum
3384 617 3514 673 nihil
3537 621 3604 675 sit
3625 621 3758 693 (Lib.

2179 697 2213 751 5
2232 693 2674 762 Testimoniorum,
2705 701 2850 753 titulo
2873 717 2960 757 seu
2979 717 3093 772 cvp.
3122 705 3198 775 4).

2251 789 2335 844 15.
2377 789 2708 862 Quicumque
2747 808 2874 862 ergo
2903 795 2970 848 ab
3012 797 3096 848 illa
3141 799 3383 870 originali
3421 801 3761 861 damnatione

2177 877 2274 932 ista
2307 879 2497 934 divium
2521 883 2704 950 gratia:
2734 883 3207 952 largitatediSCreti
3237 901 3379 955 sunt,
3411 909 3517 944 nou
3549 905 3630 948 est
3661 893 3759 949 du-

2179 966 2330 1022 bium
2351 972 2489 1038 quod
2513 985 2562 1026 et
2595 985 2909 1042 procuratur
2931 979 3008 1028 eis
3033 978 3351 1034 audiendqu
3380 983 3724 1053 Evangelium

2175 1069 2225 1112 et
2253 1073 2374 1114 cum
2401 1061 2644 1128 audiunt,
2670 1066 2922 1126 credunt;
2955 1075 3010 1122 et
3033 1067 3084 1120 in
3116 1069 3220 1124 ﬁde
3247 1087 3365 1142 qua-
3396 1089 3490 1142 per
3515 1075 3757 1130 dilectio.

2175 1164 2296 1204 nem
2327 1165 2576 1220 oneratur
2603 1153 2796 1226 (Colat.
2833 1171 2887 1217 v.
2911 1159 3002 1227 6),
3041 1175 3209 1230 usque
3237 1163 3291 1217 in
3324 1166 3480 1220 linem
3509 1181 3757 1235 persevc-

2173 1251 2322 1306 rant;
2349 1252 2403 1298 et
2423 1244 2465 1296 si
2490 1245 2700 1314 quando
2719 1247 3040 1312 exorbitant,
3062 1255 3292 1321 correpti
3315 1257 3687 1321 emendantur,
3711 1270 3758 1314 et

2173 1331 2386 1398 quidam
2418 1347 2602 1388 eorum
2651 1337 2750 1390 etsi
2796 1339 2864 1390 ah
2905 1338 3212 1396 hominibus
3242 1360 3348 1398 non
3383 1347 3757 1414 corripiantur.

2173 1420 2224 1474 in
2251 1421 2388 1476 viam
2417 1439 2575 1494 quam
2606 1426 2931 1496 reliquerant
2969 1431 3224 1497 redeunt;
3257 1447 3311 1488 et
3338 1439 3574 1491 nonnulli
3608 1455 3755 1494 acoe-

2172 1518 2258 1580 pta
2278 1513 2468 1582 gratia,
2495 1514 2544 1567 iu
2565 1515 2798 1582 qualibet
2816 1527 2992 1586 aetate,
3018 1523 3267 1590 periculis
3295 1525 3450 1594 hujus
3476 1528 3596 1582 vitm
3615 1511 3758 1584 inor-

2172 1601 2240 1656 tis
2267 1601 2543 1658 celeritate
2563 1605 2949 1662 subtrahuntur
2998 1611 3121 1666 llmc
3140 1615 3280 1666 enim
3302 1615 3480 1672 omnia
3509 1630 3760 1688 operatur

2170 1691 2223 1746 iu
2254 1691 2357 1759 eis,
2387 1695 2476 1762 qui
2504 1710 2627 1749 vasa
2658 1697 3036 1754 misericordia:
3063 1714 3314 1771 Operatus
3338 1717 3420 1762 est
3441 1723 3555 1775 eos,
3583 1711 3682 1780 qui
3709 1721 3760 1766 et

2168 1781 2327 1852 elegit
2345 1798 2440 1838 eos
2468 1783 2520 1838 in
2550 1785 2686 1840 Filio
2705 1804 2822 1849 suo,
2848 1796 2974 1844 ante
2994 1793 3428 1850 constitutionem
3451 1800 3632 1854 mundi
3665 1815 3761 1870 per

2168 1871 2483 1928 electionem
2507 1877 2714 1944 gratim.
2745 1877 2806 1932 Si
2831 1889 3000 1933 autem
3025 1884 3213 1952 gratia,
3235 1886 3350 1956 jam
3378 1904 3563 1943 nones:
3585 1892 3758 1959 operi-

2169 1961 2294 2026 bus;
2325 1962 2550 2032 alioquin
2593 1967 2760 2036 gratia
2787 1967 2902 2036 jam
2955 1985 3057 2023 non
3085 1981 3158 2024 cst
3183 1974 3351 2042 gratia
3375 1975 3550 2040 (Rom.
3575 1994 3652 2044 ιι,
3677 1979 3756 2050 6).

2164 2048 2280 2105 Non
2307 2054 2448 2106 enim
2471 2053 2551 2108 sic
2580 2065 2705 2109 sunt
2733 2057 2928 2124 vocati,
2961 2069 3018 2112 ut
3045 2077 3148 2114 non
3175 2075 3358 2119 essent
3393 2068 3581 2132 electi;
3625 2048 3755 2140 pro.

2166 2152 2286 2212 pter
2313 2143 2454 2211 quod
2489 2143 2687 2200 dictum
2729 2157 2842 2212 est,
2890 2147 3043 2203 Multi
3065 2151 3198 2206 enim
3223 2155 3404 2218 uocati,
3447 2160 3600 2226 pauci
3639 2177 3758 2215 vero

2165 2231 2306 2284 electi
2333 2231 2543 2304 (Matth.
2574 2249 2673 2302 xx,
2699 2235 2790 2306 16)
2820 2255 2832 2290 :
2865 2238 2959 2293 sed
3001 2243 3250 2310 quoniam
3294 2247 3586 2304 secundum
3622 2263 3758 2320 pro-

2165 2321 2397 2390 positum
2437 2325 2609 2378 vocati
2651 2335 2796 2392 sunt,
2828 2327 3065 2396 proiecto
3103 2341 3159 2386 et
3184 2334 3337 2388 electi
3364 2347 3488 2390 sunt
3513 2352 3611 2408 per
3637 2340 3758 2396 ele-

2165 2411 2420 2478 ctionem,
2466 2422 2526 2467 ut
2567 2413 2767 2468 dictum
2819 2425 2922 2484 est,
2962 2420 3164 2489 gratias,
3207 2437 3312 2477 non
3341 2428 3758 2494 punct-dentium

2166 2503 2478 2558 meritorum
2521 2519 2779 2572 suorum;
2823 2507 2945 2576 quia
2986 2511 3153 2580 gratia
3189 2512 3294 2568 illis
3323 2528 3407 2570 est
3432 2531 3592 2575 omne
3632 2535 3756 2577 me-

2166 2591 2348 2646 ritum.

2239 2685 2324 2739 14.
2367 2685 2442 2741 De
2489 2687 2681 2744 talibus
2725 2689 2855 2746 dicit
2892 2695 3178 2764 Apostolus
3223 2715 3238 2754 :
3281 2699 3487 2756 Scimus
3511 2706 3762 2776 quoniam

2165 2774 2485 2848 diligentibus
2508 2776 2672 2833 Deum
2701 2785 2874 2836 omnia
2901 2797 3198 2857 cooperatur
3225 2790 3278 2843 in
3313 2774 3533 2858 bonum,
3554 2796 3636 2850 his
3669 2801 3764 2868 qui

2163 2867 2438 2922 secundum
2466 2872 2780 2940 propositum
2813 2877 2975 2928 uocati
3001 2888 3118 2932 sunt
3152 2895 3175 2933 :
3201 2884 3436 2948 quoniam
3460 2900 3588 2954 quos
3624 2867 3757 2942 ante

2164 2958 2434 3027 prcscivit,
2459 2969 2506 3013 et
2537 2961 2908 3030 prtedestinavit
2931 2971 3213 3038 conformes
3236 2971 3470 3043 imaginis
3499 2974 3630 3030 Filii
3649 2981 3761 3047 sui,

2163 3060 2216 3102 ut
2240 3050 2307 3103 sit
2327 3051 2435 3120 ipse
2460 3053 2820 3124 primogenita“
2847 3057 2898 3109 in
2923 3060 3099 3114 multis
3123 3063 3367 3132 fratribus
3389 3080 3411 3120 :
3436 3083 3562 3136 quos
3583 3079 3763 3124 autem

2163 3141 2552 3210 praedestinavit,
2573 3143 2690 3199 illos
2706 3155 2753 3200 et
2769 3149 2957 3201 vocavit
2975 3164 2995 3212 ;
3013 3165 3141 3222 quos
3151 3162 3318 3208 autem
3329 3159 3538 3223 vocarit,
3554 3159 3704 3228 ipsos
3715 3172 3769 3216 et

2153 3230 2489 3301 justi/icavit;
2525 3249 2649 3300 quos
2689 3246 2856 3290 autem
2889 3239 3200 3310 instiﬁcavit,
3227 3244 3366 3314 ipsos
3388 3255 3433 3300 et
3450 3249 3766 3318 glori/imit

2164 3320 2336 3395 (Rom.
2357 3337 2472 3389 vm,
2489 3323 2690 3396 28-50).
2716 3326 2798 3382 Ex
2816 3329 2934 3384 istis
2949 3333 3122 3386 nullus
3138 3336 3294 3404 perit,
3309 3338 3432 3406 quia
3448 3356 3641 3397 omnes
3655 3344 3768 3400 elc-

2161 3416 2232 3468 cti
2249 3423 2389 3469 sunt.
2413 3416 2580 3470 Electi
2603 3427 2726 3472 sunt
2749 3415 2947 3488 autem,
2964 3424 3085 3493 quia
3105 3427 3397 3483 secundum
3419 3435 3763 3502 propositum

2163 3503 2334 3559 vocati
2359 3514 2486 3560 sunt
2509 3524 2522 3558 :
2546 3509 2875 3576 propositum
2896 3522 3098 3580 autem,
3117 3531 3222 3570 non
3237 3533 3415 3581 suum.
3429 3522 3524 3577 sed
3547 3523 3665 3591 Dei;
3695 3527 3768 3583 de

2164 3611 2271 3666 quo
2293 3597 2418 3652 alibi
2445 3597 2593 3664 dicit,
2625 3598 2694 3656 Ut
2721 3605 2997 3658 secundum
3017 3608 3302 3664 electionem
3323 3617 3640 3684 propositam
3663 3618 3769 3674 Dei

2163 3697 2404 3755 maneret,
2432 3705 2532 3744 non
2551 3705 2615 3744 ex
2648 3693 2897 3762 aperibus,
2923 3697 3013 3750 sed
3035 3713 3100 3752 ea:
3129 3711 3338 3755 vocante
3363 3703 3554 3759 dictum
3576 3717 3656 3761 est
3691 3709 3762 3772 ei,

2161 3779 2281 3849 quia
2299 3781 2467 3852 major
2487 3783 2664 3836 serviet
2691 3786 2875 3840 minori
2895 3785 3004 3858 (Id.
3028 3804 3103 3855 ιι,
3132 3790 3324 3863 11-15)
3351 3811 3366 3848 :
3387 3804 3441 3848 et
3459 3795 3608 3862 alibi,
3633 3797 3764 3853 Νωι

2160 3870 2438 3926 secundum
2479 3889 2634 3942 opera
2677 3885 2871 3942 nostra,
2917 3878 3108 3949 inquit,
3157 3882 3246 3937 sed
3287 3886 3562 3940 secundum
3604 3905 3766 3945 suain

2162 3963 2473 4032 prapositum
2497 3974 2544 4018 ct
2566 3966 2784 4034 gratiam
2807 3967 2874 4037 (ll
2901 3969 3035 4024 Tim.
3071 3988 3107 4035 ι,
3139 3971 3216 4046 9).
3247 3975 3381 4030 Cum
3427 3992 3559 4048 ergo
3596 3982 3764 4036 audio

2162 4067 2284 4108 mus
2309 4071 2322 4106 :
2353 4048 2493 4122 Quos
2514 4067 2681 4110 autem
2697 4059 3090 4128 prcdcstinarit,
3111 4062 3228 4118 illos
3246 4074 3294 4120 et
3312 4069 3537 4133 vocavit;
3555 4085 3764 4127 sectiu-

2161 4141 2289 4198 dum
2335 4145 2662 4214 propositum
2702 4157 2920 4204 vocatos
2963 4150 3218 4208 debemus
3255 4171 3546 4226 agnoscere
3577 4177 3592 4214 :
3620 4179 3771 4231 quo-

2162 4232 2302 4287 niam
2331 4234 2452 4290 inde
2478 4239 2659 4306 coepit,
2687 4238 2892 4304 dicens,
2924 4240 3108 4296 Omnia
3133 4246 3435 4316 cooperator
3457 4251 3510 4304 in
3537 4250 3763 4322 bonum,

2161 4321 2240 4373 Itis
2282 4323 2368 4392 qui
2412 4326 2688 4380 secundum
2727 4332 3045 4399 propositum
3067 4337 3228 4389 vocati
3262 4347 3417 4402 sunt;
3462 4355 3528 4396 ac
3553 4342 3770 4400 deinde

2160 4413 2446 4484 subjunxit,
2476 4417 2729 4484 Quoniam
2756 4437 2882 4490 quos
2905 4434 3022 4478 ante
3051 4429 3319 4496 promittit,
3343 4441 3388 4484 et
3412 4433 3770 4500 modestiu-

2161 4505 2232 4557 rit
2258 4509 2542 4578 conferam
2569 4510 2806 4581 imaginis
2822 4512 2949 4568 Filii
2971 4517 3068 4580 sui,
3092 4528 3148 4574 ut
3166 4521 3232 4574 sit
3257 4523 3365 4592 ipse
3391 4526 3770 4598 primogenita

2159 4595 2212 4648 in
2258 4597 2435 4652 multis
2486 4601 2768 4670 fratribus;
2816 4614 2976 4675 atque
3023 4608 3106 4664 his
3151 4613 3440 4680 pra-missis
3493 4595 3766 4685 subdidit,

2163 4685 2303 4750 Quos
2340 4698 2508 4742 autem
2539 4693 2938 4762 prwdestinavit,
2967 4699 3085 4753 illos
3112 4711 3160 4754 et
3187 4705 3395 4757 vocarit.
3424 4704 3535 4761 Eos
3575 4707 3772 4779 itaque

2158 4777 2270 4831 vult
2293 4777 2534 4849 intelligi,
2576 4797 2713 4851 quos
2734 4786 3027 4842 secundum
3052 4792 3386 4862 propositum
3410 4799 3621 4851 vocavit
3640 4777 3772 4864 {ne

2159 4875 2411 4936 putentur
2436 4869 2487 4923 in
2513 4871 2593 4926 eis
2617 4887 2739 4928 esse
2776 4875 2940 4946 aliqui
2985 4881 3160 4933 vocati
3189 4891 3242 4934 et
3283 4897 3389 4937 non
3417 4886 3596 4951 electi,
3629 4905 3775 4957 pro-

2159 4967 2280 5027 pter
2305 4958 2446 5012 illam
2475 4959 2798 5018 dominicam
2840 4969 3182 5036 sententiam,
3213 4970 3367 5026 Multi
3394 4977 3578 5041 vocati,
3599 4982 3773 5046 pauci

2157 5047 2319 5101 electi.
2348 5047 2682 5120 Quicumque
2717 5055 2858 5108 enim
2900 5056 3079 5124 electi,
3119 5061 3236 5116 sine
3272 5061 3434 5118 dubio
3457 5067 3620 5120 etiam
3666 5086 3775 5126 vo-

2156 5139 2259 5192 cati
2295 5157 2308 5192 :
2341 5155 2450 5195 non
2493 5151 2672 5198 autem
2721 5147 3043 5219 quicumque
3094 5154 3302 5222 vocati,
3355 5171 3772 5229 consequenter

2156 5227 2334 5282 electi.
2367 5229 2443 5285 illi
2473 5247 2600 5302 ergo
2619 5233 2797 5302 electi,
2825 5247 2885 5291 ut
2903 5253 3048 5308 saspe
3069 5241 3268 5297 dictum
3296 5255 3400 5313 est,
3429 5249 3520 5318 qui
3542 5227 3770 5307 (secun-

2155 5316 2282 5371 dum
2308 5322 2638 5390 propositum
2663 5325 2858 5391 vocati,
2887 5329 2976 5398 qui
3004 5330 3166 5385 etiam
3194 5316 3559 5402 pnedesunati
3583 5352 3772 5412 atque

2159 5411 2408 5480 praesciti.
2454 5411 2656 5467 Horum
2707 5416 2752 5470 si
2797 5419 3077 5489 quisquam
3129 5425 3285 5492 perit,
3331 5425 3531 5484 fallitur
3560 5411 3722 5488 Deus
3749 5453 3769 5488 :

2155 5498 2248 5553 sed
2277 5515 2434 5554 nemo
2459 5515 2642 5556 eorum
2672 5507 2828 5573 perit,
2855 5509 2976 5578 quia
3005 5525 3108 5564 non
3137 5511 3336 5569 fallitur
3357 5515 3517 5572 Deus.
3539 5519 3770 5578 [lorum

2155 5591 2198 5645 si
2227 5593 2503 5664 quisquam
2534 5595 2703 5666 perit,
2741 5599 2870 5654 vitio
2901 5601 3133 5658 lmmano
3168 5606 3396 5664 vincitur
3438 5609 3573 5665 Deus
3601 5627 3620 5664 :
3653 5615 3774 5671 sed

2155 5699 2315 5737 neruo
2335 5699 2517 5739 eorum
2544 5687 2703 5755 perit,
2727 5689 2850 5759 quia
2879 5691 3018 5746 nulla
3041 5708 3099 5748 re
3126 5695 3356 5751 vincitur
3379 5698 3538 5754 Deus.
3569 5699 3773 5762 Electi

2161 5781 2336 5827 autem
2361 5785 2482 5830 sunt
2504 5778 2568 5832 ad
2593 5780 2918 5849 regnandum
2941 5798 3060 5839 cum
3080 5784 3324 5854 Christo;
3353 5804 3460 5844 non
3477 5798 3776 5858 quocnodu
