3972 6178
209 525 409 579 electus
449 529 532 577 est
578 515 743 578 Iudas
786 517 853 574 ad
899 533 1033 591 opus
1058 517 1142 573 cui
1189 515 1532 586 congruebat.
1578 513 1659 566 Ab
1701 511 1792 566 illo

209 616 408 686 quippe
425 615 628 669 electus
653 627 756 676 εει,
786 613 874 684 qui
904 612 1052 666 novit
1077 610 1215 664 bene
1239 607 1314 662 uti
1343 607 1500 661 etiam
1533 604 1707 664 malis.
1738 612 1796 656 ut

209 716 263 760 et
289 721 383 774 per
409 705 529 775 ejus
553 719 687 774 opus
721 703 1044 765 damnabile,
1077 698 1206 756 illud
1249 708 1468 768 propter
1499 695 1642 766 quod
1683 695 1798 763 ipse

208 805 450 860 venerat,
493 810 627 864 opus
668 793 972 848 venerabile
1015 791 1392 860 cmnpleretur.
1443 786 1576 842 Cum
1621 785 1799 852 itaque

211 882 482 947 audimus.
521 885 707 940 Nonne
749 901 840 956 ego
869 899 954 938 vos
992 882 1256 936 duodecim
1292 879 1436 948 elegi.
1483 887 1530 932 et
1571 893 1700 930 unus
1739 891 1804 930 ex

214 979 351 1034 vobis
371 979 598 1032 diabolus
635 985 708 1030 est
733 975 910 1048 (Joan.
939 989 1014 1040 vn,
1047 971 1183 1042 'il)?
1220 971 1336 1024 illos
1358 968 1614 1023 debemus
1649 964 1802 1019 intel-

212 1067 380 1140 ligere
408 1067 608 1124 electos
634 1081 730 1136 prr
755 1062 1192 1126 misericordiam,
1225 1061 1372 1114 illum
1404 1074 1498 1128 per
1512 1055 1764 1127 judicium
1785 1072 1819 1121 ς·

217 1161 338 1216 illos
357 1160 373 1191 ¹
399 1158 465 1212 ad
493 1158 842 1212 obtinendum
871 1168 1092 1226 regnum
1113 1167 1288 1216 suum,
1321 1149 1466 1204 illum
1487 1148 1554 1203 ad
1573 1146 1804 1202 funden-

219 1250 344 1308 dum
371 1249 682 1319 sanguinem
703 1259 884 1300 suum.

292 1341 380 1398 i5.
422 1339 608 1395 Merito
631 1339 876 1408 sequitur
902 1349 1004 1389 vox
1031 1333 1098 1387 ad
1129 1346 1350 1403 regnum
1381 1330 1672 1386 electorum
1701 1347 1718 1384 :
1745 1327 1810 1384 Si

222 1430 360 1489 Deus
383 1445 477 1501 pro
502 1428 664 1490 nobis,
685 1427 795 1498 quis
819 1435 994 1480 contra
1026 1423 1155 1477 nos?
1183 1421 1282 1489 Qui
1306 1419 1443 1474 Filio
1468 1419 1674 1491 proprio
1700 1433 1802 1471 non

222 1523 467 1596 pepercit,-
487 1520 575 1575 sed
600 1535 694 1589 pro
719 1517 862 1572 nobis
891 1514 1122 1570 omnibus
1153 1511 1363 1566 tradidit
1398 1527 1531 1570 eum,
1559 1509 1810 1580 quomodo

221 1632 322 1672 non
347 1625 394 1668 et
419 1629 533 1667 cum
559 1612 650 1666 illo
677 1610 818 1663 nobis
835 1610 1005 1662 omnia
1029 1603 1267 1658 donavit?
1294 1601 1420 1670 Quis
1436 1601 1690 1654 accusabit
1710 1600 1808 1652 ad-

221 1723 394 1764 versus
432 1704 612 1758 electos
647 1700 776 1755 Dei?
824 1699 962 1752 Deus
989 1695 1076 1767 qui
1109 1693 1403 1766 justi/ient?
1453 1691 1577 1758 Quis
1620 1689 1810 1743 conde-

222 1795 441 1850 mnat”?
467 1793 698 1846 Christus
735 1789 822 1859 qui
851 1797 1078 1841 mortuus
1105 1795 1200 1850 est,
1227 1783 1388 1854 magis
1430 1790 1598 1834 autem
1637 1780 1724 1850 qui
1765 1789 1812 1832 et

221 1882 512 1946 resurrexit,
544 1881 628 1950 qui
659 1889 730 1932 est
759 1878 810 1930 in
839 1876 1045 1930 dextera
1073 1873 1188 1937 Dei,
1210 1872 1294 1943 qui
1325 1881 1368 1924 et
1396 1868 1689 1940 interpellat
1719 1885 1811 1938 pro

223 1972 407 2028 nobis?
429 1973 598 2038 Quam
629 1969 780 2022 fortis
807 1976 984 2020 autem
1013 1961 1425 2034 perseverantim
1453 1973 1620 2030 usque
1662 1959 1714 2012 in
1747 1962 1810 2012 li-

225 2076 350 2117 uem
400 2073 592 2114 munus
635 2057 960 2125 acceperint,
1005 2061 1296 2118 sequantur
1333 2060 1382 2105 et
1415 2049 1637 2104 dicant:
1687 2049 1814 2116 Quis

223 2167 318 2206 nos
345 2149 592 2222 separabit
629 2165 661 2201 α
687 2148 934 2201 clam-tate
959 2143 1186 2199 Christi?
1223 2141 1516 2196 tribulatio?
1552 2158 1619 2194 an
1645 2158 1812 2210 angu-

221 2241 368 2296 stia?
389 2229 454 2294 an
486 2238 799 2311 persecutio?
825 2253 891 2289 an
921 2235 1120 2307 fames?
1143 2250 1210 2286 an
1240 2231 1480 2285 nuditas?
1505 2248 1571 2285 an
1609 2232 1812 2301 pericu-

225 2329 372 2384 lum?
406 2345 474 2382 an
516 2327 755 2400 gladius?
797 2326 944 2381 Sicut
980 2330 1224 2394 scriptum
1249 2332 1341 2400 est,
1372 2322 1506 2388 Quia
1541 2332 1744 2392 propter
1769 2332 1817 2376 te

225 2398 591 2490 mortificamur
617 2428 720 2473 tota
748 2420 849 2482 die,
867 2416 1102 2472 aestimati
1118 2398 1372 2470 sumusiut
1396 2429 1509 2468 ooes
1527 2414 1810 2468 occisionis.

225 2510 337 2567 Sed
363 2511 415 2565 in
445 2511 524 2564 Itis
551 2510 784 2565 omnibus
821 2506 1218 2578 supervincimus
1246 2520 1336 2576 per
1362 2519 1477 2558 eum
1514 2503 1600 2574 qui
1637 2503 1818 2558 dilexit

227 2616 342 2656 nos.
371 2600 548 2656 Certus
566 2617 676 2655 sum
701 2601 834 2654 enim
859 2601 978 2670 quia
1005 2613 1160 2669 neque
1199 2613 1356 2662 mors,
1388 2613 1548 2666 neque
1569 2597 1692 2663 vita,
1723 2610 1818 2650 no-

227 2707 325 2764 que
343 2693 576 2764 angelus,
599 2708 758 2758 neque
785 2690 1118 2760 principatus,
1148 2699 1306 2756 neqw
1333 2686 1623 2757 prtesentia,
1659 2701 1820 2758 neque

225 2785 426 2844 futura,
457 2798 618 2851 neque
639 2782 816 2845 virtus,
845 2795 1004 2850 neque
1027 2777 1265 2840 altitudo,
1293 2793 1453 2845 neque
1481 2777 1817 2848 profundum,

224 2888 390 2943 neque
412 2883 644 2926 creatura
669 2872 772 2925 alia
789 2871 966 2942 poterit
993 2886 1084 2924 nos
1105 2885 1343 2939 separare
1369 2885 1401 2922 a
1425 2868 1670 2922 cltaritate
1699 2867 1814 2936 Dei,

223 2978 346 3030 quc
394 2971 466 3017 est
507 2963 559 3016 in
595 2960 794 3018 Christo
839 2959 966 3015 Jesu
1015 2959 1230 3014 Domino
1278 2968 1448 3014 nostro
1493 2957 1670 3029 (Rom.
1698 2973 1815 3026 vut,

224 3049 448 3120 51'39).
1701 3041 1708 3050 ’

305 3143 394 3200 16.
417 3143 506 3198 Isti
531 3143 812 3214 signiﬁcati
837 3155 961 3199 sunt
986 3141 1053 3198 ad
1075 3143 1433 3208 Timotheum,
1463 3141 1552 3197 ubi
1575 3157 1696 3198 cum
1727 3141 1817 3196 di-

227 3243 377 3291 ctum
409 3235 616 3301 fuisset,
644 3234 988 3306 Hymenmum
1007 3243 1060 3289 et
1087 3235 1348 3288 Pbiletum
1378 3233 1532 3288 ﬁdem
1559 3249 1816 3305 quorum-

227 3325 356 3381 dam
397 3326 745 3392 subvertere;
790 3343 913 3380 mox
961 3327 1199 3380 additum
1242 3334 1342 3389 est,
1374 3324 1611 3379 Firmum
1649 3337 1818 3380 autem

230 3416 619 3488 fundamentum
659 3417 754 3472 Dei
796 3427 918 3481 stat,
951 3417 1138 3471 habens
1166 3418 1486 3488 signaculum
1512 3417 1625 3483 hoc,
1657 3417 1818 3473 Scivit

231 3503 486 3560 Dominus
527 3510 616 3576 qui
655 3516 775 3561 sunt
815 3507 926 3577 ejus
953 3507 1018 3576 (ll
1044 3505 1180 3560 Tim.
1203 3520 1262 3570 ιι,
1292 3505 1401 3572 l9).
1436 3505 1636 3559 llorum
1663 3505 1815 3570 ﬁdes,

231 3609 353 3665 quae
392 3611 488 3664 per
525 3595 862 3651 dilectionem
905 3605 1178 3666 operatur,
1213 3595 1448 3664 profecto
1477 3603 1568 3650 aut
1596 3595 1818 3649 omnino

232 3699 348 3739 non
367 3683 566 3746 deﬁcit.
598 3689 690 3740 aut
719 3687 764 3741 si
791 3681 878 3756 qui
902 3695 1026 3740 sunt
1059 3701 1286 3758 quorum
1317 3684 1512 3750 deﬁcit,
1543 3683 1820 3756 reparatur

229 3787 516 3847 numquam
541 3775 646 3830 vita
672 3777 770 3831 ista
796 3776 1029 3838 ﬁniatur.
1057 3787 1112 3833 et
1139 3777 1314 3832 deleta
1345 3793 1463 3846 quae
1490 3777 1816 3832 intercurre-

229 3874 319 3920 nt
339 3865 634 3936 iniquitate,
658 3881 824 3936 usque
848 3865 901 3921 in
919 3867 1077 3920 linem
1103 3865 1492 3935 perseverantia
1516 3866 1816 3933 deputatur.

227 3955 332 4025 Qui
361 3971 490 4010 vero
515 3957 904 4027 perscveraturi
933 3971 1038 4010 non
1065 3966 1208 4017 sunt.
1233 3971 1296 4011 ac
1339 3957 1418 4010 sic
1461 3973 1488 4010 a
1537 3957 1641 4012 fide
1679 3956 1819 4010 cltri-

225 4046 403 4100 stiana
431 4056 484 4100 et
507 4046 912 4102 conversatione
943 4046 1144 4114 lapsuri
1173 4054 1318 4110 sunt,
1340 4054 1396 4099 ut
1427 4047 1557 4101 tales
1578 4063 1670 4100 eos
1698 4048 1818 4102 vita:

229 4136 390 4207 hujus
419 4135 538 4192 ﬁnis
571 4137 833 4202 inveniat;
872 4137 1055 4207 proeul
1103 4137 1265 4189 dubio
1307 4152 1404 4190 nec
1430 4136 1520 4189 illo
1551 4145 1817 4206 tempore,

227 4239 338 4298 quo
367 4228 502 4283 bene
530 4228 717 4297 pit-que
743 4227 954 4292 vivunt,
986 4227 1038 4280 in
1068 4226 1290 4281 istorum
1309 4228 1569 4281 ’nnmero
1595 4242 1817 4296 compu-

229 4317 378 4374 tandi
409 4325 551 4372 sunt.
588 4316 702 4371 Non
731 4318 874 4370 enim
922 4326 1046 4370 sunt
1087 4331 1117 4369 a
1168 4331 1341 4371 massa
1378 4316 1465 4371 illa
1507 4315 1822 4386 perditionis

230 4407 568 4479 prmscientia
604 4407 694 4460 Dei
734 4416 789 4462 et
833 4405 1298 4476 pra3destinatione
1338 4406 1587 4470 discreti;
1617 4417 1670 4461 et
1697 4407 1819 4461 ideo

228 4513 334 4554 nec
357 4497 648 4553 secundum
677 4501 1012 4567 propositum
1045 4499 1237 4562 vocati,
1257 4513 1320 4554 ac
1342 4514 1434 4568 per
1458 4498 1560 4553 boc
1583 4513 1679 4554 nec
1707 4499 1822 4554 cle-

227 4589 304 4642 cti
337 4605 350 4640 :
380 4587 473 4642 sed
517 4587 572 4642 in
608 4587 686 4642 eis
725 4587 917 4650 vocati,
949 4587 1018 4642 de
1053 4587 1247 4656 quibus
1292 4587 1491 4642 dictum
1525 4597 1638 4652 est,
1670 4587 1824 4642 Multi

229 4678 434 4742 uocati;
465 4694 570 4734 nou
615 4677 668 4732 in
709 4679 788 4732 eis
826 4677 894 4732 de
936 4679 1130 4746 quibus
1170 4679 1366 4732 dictum
1399 4689 1500 4744 est,
1523 4679 1670 4748 pauci
1707 4695 1822 4732 vero

229 4771 396 4825 electi.
428 4771 490 4824 Et
520 4779 696 4824 tamen
727 4770 846 4838 quis
875 4780 1032 4840 neget
1074 4785 1168 4823 eos
1186 4770 1403 4834 electus,
1429 4785 1548 4824 cum
1576 4771 1820 4836 credunt,

231 4871 292 4918 et
323 4863 674 4932 baptizantur,
704 4869 759 4916 et
783 4863 1075 4916 secundum
1106 4861 1270 4915 Deum
1299 4863 1512 4915 vivunt?
1548 4861 1712 4916 Plane
1741 4861 1822 4916 di-

229 4964 429 5008 Cllllltll'
457 4951 611 5006 electi
639 4966 671 5004 a
702 4950 1062 5006 nescientibus
1099 4951 1225 5021 quid
1272 4951 1432 5004 futuri
1459 4951 1586 5012 sint,
1618 4965 1726 5004 non
1755 4950 1824 5004 ab

231 5045 330 5098 illo
357 5042 447 5112 qui
477 5055 572 5097 eos
601 5041 748 5095 novit
775 5056 880 5094 non
911 5040 1106 5095 habere
1135 5039 1581 5110 perseverantiam
1611 5055 1730 5110 qua:
1754 5039 1823 5094 ad

235 5134 449 5188 bonum
473 5133 632 5185 vitam
660 5129 897 5200 perducit
918 5129 1138 5195 electos,
1163 5129 1368 5200 scitque
1398 5129 1524 5184 illos
1553 5129 1624 5184 ita
1651 5139 1818 5198 stare,

231 5233 297 5278 ut
327 5223 616 5287 przescierit
645 5236 766 5277 esse
795 5235 1038 5276 casuros.

307 5311 536 5368 CAPUT
575 5311 708 5368 Vill.
736 5341 811 5354 -
837 5313 925 5369 i7.
957 5312 1050 5368 llic
1072 5312 1116 5366 si
1141 5327 1169 5364 τι
1194 5327 1278 5368 me
1299 5321 1588 5383 quaeratur,
1619 5327 1718 5367 cur
1735 5315 1816 5370 eis

231 5401 382 5457 Deus
424 5403 878 5470 perseverantiam
919 5419 1024 5458 non
1054 5402 1282 5470 dederit,
1313 5403 1511 5474 quibus
1534 5403 1692 5460 eam‘
1719 5419 1821 5476 qua

299 5552 647 5665 Laidos.
669 5557 784 5621 et’go
811 5554 972 5621 elegit.
1012 5557 1308 5621 hlauuscriptl
1349 5571 1466 5610 vero
1489 5572 1583 5609 non
1623 5559 1822 5620 habent,

229 5629 354 5709 ινφ)
375 5623 536 5679 elegit.
767 5675 780 5686 .
985 5679 998 5690 .

303 5738 318 5741 Α
355 5674 522 5741 Plures
545 5683 668 5741 uss»,
696 5689 802 5741 gms
823 5687 892 5728 est
915 5691 995 5740 qut
1011 5679 1330 5732 commutet?

301 5738 322 5770 ⁸
354 5739 428 5788 Sic
451 5745 554 5786 uss.
595 5738 727 5793 uilli,
749 5740 855 5787 fsto.

298 5799 322 5828 δ
357 5807 457 5846 Aut.
484 5803 554 5845 tir.
593 5807 643 5849 et
667 5806 793 5854 iis»,
817 5799 896 5863 qui
917 5813 1038 5849 non.

1627 391 1830 454 mm
1865 391 2067 456 usus.

3383 399 3486 455 926

1905 511 2194 570 christiano
2233 512 2487 578 viverent,
2523 513 2858 570 dilectionem
2904 513 3084 580 dedit;
3125 529 3210 571 mc
3240 529 3488 586 Ignorare

1902 605 2225 674 respondeo.
2257 605 2370 660 Non
2397 605 2539 659 enint
2562 617 2893 677 arroganter,
2927 607 3020 661 sed
3049 620 3346 677 agnoscens
3368 621 3484 662 mo-

1902 694 2083 764 dulum
2117 710 2313 762 meum,
2345 695 2503 752 audio
2541 697 2804 752 dicentem
2849 698 3180 766 Apostolum,
3225 695 3269 751 Ο
3309 697 3482 764 homo,

1904 793 1956 837 tu
1981 786 2091 854 quis
2113 802 2165 839 es
2189 789 2274 854 qui
2300 787 2604 856 respondeas
2635 787 2736 842 Deo
2767 787 2943 858 (Rom.
2975 804 3048 849 ιιι,
3080 787 3210 850 9.0)?
3243 799 3314 854 et,
3352 787 3484 842 Ο-αιο

1907 875 2069 930 titudo
2108 876 2394 930 divitiarum
2427 879 2688 946 sapientia:
2725 887 2768 930 et
2813 879 3030 932 scientiae
3071 877 3202 931 Dei!
3227 895 3378 948 quam
3410 879 3484 932 in.

1906 966 2194 1020 scrutabiliu
2228 977 2343 1020 sunt
2369 969 2566 1034 judicia
2605 969 2736 1039 ejus,
2765 978 2808 1021 et
2839 967 3206 1038 inrestigabilcs
3242 967 3338 1022 vite
3381 971 3485 1039 ejus

1911 1056 2021 1127 (Id.
2047 1073 2122 1124 x1,
2152 1058 2274 1126 δεμ
2307 1059 2572 1126 Quantum
2607 1059 2782 1128 itaque
2824 1059 2975 1112 nobis
3013 1057 3210 1128 judicia
3245 1073 3342 1113 sua
3371 1073 3486 1112 tua-

1909 1149 2163 1204 nifcstare
2200 1149 2465 1219 dignatur,
2499 1150 2697 1218 gratias
2741 1163 2960 1218 agamus
2999 1165 3014 1204 τ
3061 1160 3316 1218 quantum
3364 1163 3492 1202 vero

1909 1240 2258 1308 abscondere,
2291 1256 2396 1294 non
2433 1241 2690 1294 adversus
2724 1239 2840 1309 ejus
2875 1239 3156 1294 consilium
3189 1255 3492 1296 murmure-

1910 1349 2053 1400 mus,
2083 1335 2178 1391 sed
2204 1335 2306 1389 hoc
2330 1350 2543 1406 quoque
2583 1335 2735 1388 nobis
2775 1333 3184 1388 saluberrimum
3229 1349 3348 1388 esse
3375 1349 3492 1389 cre-

1912 1426 2120 1482 damus.
2147 1427 2227 1481 Tu
2253 1433 2430 1481 autem
2461 1425 2703 1497 quisquis
2752 1425 2999 1480 inimicus
3046 1424 3162 1495 ejus
3199 1427 3384 1496 gratia:
3419 1427 3498 1481 sic

1913 1518 2229 1588 interrogas,
2259 1518 2372 1589 ipse
2398 1517 2522 1588 quid
2549 1515 2717 1572 dicis?
2747 1515 2909 1582 Bene,
2939 1516 3078 1582 quod
3111 1525 3160 1571 te
3196 1531 3300 1570 non
3335 1531 3496 1586 negas

1913 1625 2032 1664 esse
2061 1609 2430 1676 rbristianmn,
2459 1617 2513 1664 et
2539 1609 2856 1662 catholicum
2883 1606 3072 1677 jactus.
3105 1606 3160 1664 Si
3182 1623 3310 1677 ergo
3329 1607 3498 1661 conﬁ-

1917 1701 2063 1764 teris,
2088 1701 2286 1754 donum
2329 1699 2421 1754 Dei
2469 1714 2588 1754 esse
2623 1713 2968 1768 perseverare
2997 1699 3050 1752 in
3084 1699 3224 1752 bono
3250 1709 3416 1768 usque
3441 1694 3497 1752 iu

1916 1789 2113 1858 ﬁnem;
2159 1807 2256 1848 cur
2302 1791 2404 1846 hoc
2445 1791 2642 1845 donum
2686 1789 2775 1844 ille
2823 1789 3075 1858 accipiat,
3107 1789 3196 1844 ille
3225 1803 3331 1843 non
3360 1789 3500 1843 acci-

1917 1887 2044 1956 piat,
2076 1895 2202 1956 puto
2235 1885 2375 1956 quod
2425 1899 2633 1940 mecum
2682 1885 2880 1953 pariter
2910 1883 3104 1947 nescis,
3136 1892 3188 1938 et
3217 1883 3374 1937 ambo
3415 1882 3500 1936 ltic

1917 1977 2280 2032 inscrutabilia
2321 1976 2520 2046 judicia
2572 1975 2664 2030 Dei
2705 1985 2986 2045 penetrare
3037 1990 3142 2028 non
3193 1987 3499 2043 possumus.

1916 2068 2020 2123 Aut
2048 2071 2092 2124 si
2123 2069 2188 2122 ad
2218 2067 2439 2122 liberum
2484 2067 2761 2120 arbitrium
2804 2065 3054 2132 hominis,
3083 2064 3225 2134 quod
3263 2081 3367 2120 non
3408 2079 3502 2120 se-

1917 2159 2148 2216 cundum
2181 2161 2274 2214 Dei
2299 2160 2546 2230 gratiam,
2575 2157 2668 2213 sed
2699 2168 2882 2212 contra
2922 2173 3040 2212 eam
3081 2156 3344 2220 defendis,
3379 2171 3501 2229 per-

1921 2251 2087 2308 tinere
2114 2252 2248 2306 dicis
2291 2261 2347 2307 ut
2393 2260 2703 2322 perseveret
2745 2251 2797 2304 in
2838 2251 2981 2306 bono
3007 2249 3250 2319 quisque,
3281 2248 3361 2304 vel
3393 2265 3501 2304 non

1919 2352 2242 2412 perseveret,
2273 2357 2375 2396 non
2410 2341 2518 2396 Deo
2543 2341 2778 2396 donante
2819 2341 2864 2393 si
2906 2349 3244 2410 perseveret,
3273 2338 3369 2394 sed
3397 2341 3500 2393 bu-

1919 2446 2076 2485 maua
2117 2433 2390 2486 voluntate
2437 2431 2693 2494 faciente;
2721 2430 2847 2500 quid
2893 2429 3174 2484 moliturus
3219 2444 3278 2483 es
3317 2439 3502 2484 contra

1919 2522 2078 2578 verba
2109 2521 2360 2588 dicentis,
2386 2519 2582 2590 Rogavi
2624 2538 2716 2590 pro
2759 2530 2824 2583 te,
2853 2519 3021 2583 Petro,
3044 2535 3106 2574 ne
3147 2519 3348 2590 deﬁciat
3377 2520 3505 2588 ﬁdes

1919 2623 2005 2668 tua
2035 2613 2180 2685 (Luc.
2215 2630 2348 2676 χχιι,
2383 2613 2510 2688 5?)?
2538 2617 2616 2668 An
2647 2613 2866 2668 audebis
2892 2613 3072 2668 direre
3095 2615 3254 2666 etiam
3285 2623 3509 2682 rogante

1919 2703 2139 2758 Christo
2186 2719 2253 2759 ne
2287 2703 2540 2758 όυῐίοιοτθι
2568 2703 2699 2756 ﬁdes
2723 2702 2888 2766 Petri,
2917 2701 3242 2756 defecturam
3273 2701 3434 2756 luisse
3461 2702 3510 2756 si

1922 2793 2111 2848 Petrus
2139 2809 2256 2849 eam
2287 2793 2516 2848 deficere
2550 2793 2821 2857 voluisset,
2856 2792 2956 2846 boc
2981 2801 3084 2856 est,
3118 2791 3161 2846 si
3192 2806 3308 2846 eam
3337 2807 3514 2862 usque

1921 2883 1974 2938 in
2013 2884 2170 2938 linem
2216 2899 2561 2954 perseverare
2602 2881 2898 2937 noluisset?
2923 2882 3070 2952 quasi
3119 2880 3259 2936 aliud
3313 2880 3511 2936 Petrus

1922 2975 2030 3029 ullo
2057 2975 2215 3028 modo
2247 2975 2423 3039 vellet,
2459 2989 2616 3042 quam
2644 2989 2740 3043 pro
2772 2973 2864 3026 illo
2893 2972 3137 3028 Christus
3178 2981 3420 3042 rogasset
3449 2981 3508 3026 ut

1923 3059 2105 3114 vellet.
2135 3057 2268 3113 Nam
2294 3059 2414 3128 quis
2439 3058 2666 3128 ignorat,
2692 3067 2818 3111 tunc
2840 3055 3002 3110 fuisse
3033 3057 3319 3126 perituram
3348 3055 3505 3128 fidem

1920 3147 2088 3213 Petri,
2113 3149 2158 3203 si
2180 3165 2240 3202 ea
2269 3163 2372 3220 qua
2401 3149 2575 3204 ﬁdelis
2605 3149 2776 3213 crat‘,
2807 3147 3053 3200 voluntas
3082 3147 3195 3216 ipsa
3222 3145 3506 3211 deficeret;

1922 3248 1979 3294 et
2028 3254 2452 3310 permansuram,
2483 3240 2528 3294 si
2573 3238 2756 3294 eadem
2804 3237 3044 3292 voluntas
3091 3235 3366 3292 maneret?
3403 3235 3508 3291 Sed

1921 3329 2044 3401 quia
2074 3337 2401 3400 prmparatur
2430 3330 2674 3383 voluntas
2713 3345 2743 3382 a
2796 3327 3020 3382 Domino
3054 3325 3233 3397 (Prov.
3267 3341 3376 3387 vtu.
3406 3343 3508 3381 sec.

1922 3421 2272 3492 LXX);ideo
2303 3435 2399 3490 pro
2435 3421 2524 3475 illo
2565 3419 2762 3474 Christi
2803 3433 2910 3472 non
2956 3424 3136 3487 posset
3177 3430 3296 3470 esse
3338 3415 3511 3472 inanis

1921 3509 2112 3564 oratio.
2140 3509 2360 3574 Quando
2386 3509 2589 3578 rogavit
2623 3523 2752 3576 ergo
2787 3523 2854 3562 ne
2903 3507 3038 3562 ﬁdes
3083 3505 3198 3574 ejus
3227 3504 3504 3572 deﬁceret,

1921 3601 2046 3673 quid
2066 3601 2210 3657 aliud
2237 3601 2464 3670 rogavit,
2484 3601 2584 3654 nisi
2615 3608 2672 3654 ut
2701 3601 2920 3654 haberet
2937 3600 2990 3652 in
3020 3598 3124 3653 ﬁde
3154 3597 3504 3663 liberrimam,

1924 3691 2300 3756 fortissimam,
2342 3687 2766 3752 invictissimum,
2804 3685 3389 3756 perseverantissimam
3417 3702 3513 3742 vo-

1923 3781 2220 3836 luntatem?
2269 3779 2407 3836 Ecce
2451 3777 2898 3850 quemadmodum
2947 3775 3240 3831 secundum
3283 3777 3506 3844 gratiam

1925 3875 2042 3937 Dei,
2076 3889 2182 3928 non
2227 3881 2409 3928 contra
2451 3887 2592 3936 eam,
2628 3870 2847 3925 libertas
2875 3867 3176 3924 defenditur
3200 3867 3512 3928 voluntatis.

1923 3965 2186 4020 Voluntas
2213 3965 2408 4036 quippe
2447 3962 2678 4016 humana
2725 3977 2831 4014 non
2878 3959 3128 4014 libertate
3165 3959 3514 4028 consequitur

1869 4075 1890 4082 -
1923 4056 2168 4126 gratiam,
2198 4053 2290 4108 sed
2321 4054 2487 4124 gratia
2536 4051 2710 4122 potius
2750 4051 3075 4114 libertatem,
3099 4059 3152 4102 et
3181 4056 3240 4102 ut
3265 4061 3511 4115 persevc-

1924 4155 2005 4201 ret
2027 4145 2391 4200 delectabilem
2428 4143 2860 4214 perpetuitatem,
2886 4149 2940 4196 et
2965 4139 3376 4210 insuperabilem
3398 4137 3513 4193 for-

1928 4235 2229 4290 titudincm.

1997 4325 2086 4382 18.
2115 4323 2410 4378 Mirandum
2439 4331 2520 4378 est
2545 4321 2792 4392 quidem,
2825 4321 3155 4390 multumque
3183 4320 3509 4386 mirandum,

1925 4417 2066 4487 quod
2089 4416 2210 4471 ﬁliis
2239 4417 2351 4470 suis
2377 4415 2691 4484 quibusdam
2727 4415 2866 4467 Dcus
2900 4429 3036 4482 quos
3078 4414 3414 4482 regeneravit
3457 4413 3512 4468 in

1927 4499 2159 4572 Christo,
2187 4506 2380 4576 quibus
2415 4505 2591 4571 fidem,
2621 4519 2795 4573 spem,
2828 4503 3168 4557 dilectionem
3213 4503 3376 4565 dedit,
3407 4519 3512 4558 nou

1928 4605 2020 4652 dat
2048 4597 2533 4667 perseverantiam;
2561 4611 2683 4650 cum
2730 4593 2852 4648 ﬁliis
2895 4594 3084 4648 alienis
3129 4595 3330 4648 scelera
3366 4602 3508 4646 tanta

1928 4689 2178 4753 dimittat,
2229 4699 2388 4758 atque
2438 4688 2702 4758 impertita
2753 4687 2920 4758 gratia
2969 4687 3128 4741 faciat
3179 4687 3316 4741 filios
3363 4701 3510 4739 suos.

1928 4779 2061 4846 Quis
2092 4781 2190 4834 IIOC
2217 4797 2320 4832 nou
2350 4779 2610 4834 miretur?
2635 4778 2756 4849 quis
2782 4777 2884 4832 boc
2912 4793 3016 4831 non
3043 4771 3512 4832 vehementissime

1929 4871 2307 4942 stupcal‘lSed
2351 4872 2512 4926 etiam
2555 4870 2681 4924 illud
2730 4885 2834 4924 non
2881 4870 3057 4924 minus
3101 4869 3291 4924 mirum
3323 4878 3426 4934 cst,
3460 4876 3516 4922 ct

1931 4973 2106 5019 tamen
2139 4952 2346 5029 verum,
2378 4974 2536 5032 atque
2569 4962 2636 5016 ita
2667 4959 3028 5022 manifestum,
3064 4971 3122 5014 ttt
3151 4975 3249 5015 nec
3280 4959 3378 5028 ipsi
3411 4960 3510 5013 iui-

1931 5055 2053 5110 mici
2079 5055 2264 5125 gratize
2286 5053 2376 5108 Dei
2398 5051 2671 5120 quomodo
2703 5051 2754 5105 id
2783 5061 2978 5121 negent
3008 5049 3218 5104 valeant
3247 5048 3508 5113 invenire,

1930 5145 2071 5216 quod
2122 5144 2258 5199 ﬁlios
2301 5143 2556 5215 quosdam
2601 5143 2894 5197 amicorum
2925 5156 3166 5204 suorum,
3194 5141 3296 5194 ltoc
3319 5150 3400 5194 est
3429 5155 3518 5194 rc-

1930 5246 2306 5307 generatorum
2357 5235 2725 5304 bonorumque
2774 5231 3032 5298 ﬁdelium,
3079 5231 3195 5286 sine
3238 5230 3514 5300 Baptismo

1932 5330 2057 5385 hinc
2085 5328 2332 5398 parvulos
2359 5335 2636 5391 exeuntes,
2666 5324 2858 5394 quibus
2885 5323 3068 5394 utique
3096 5322 3142 5377 si
3169 5322 3329 5378 vellet
3355 5320 3514 5390 bujus

1931 5421 2125 5476 lavacri
2171 5420 2393 5489 gratiam
2439 5424 2768 5487 procuraret,
2797 5416 2848 5469 in
2888 5413 3042 5484 cujus
3085 5421 3346 5484 potestate
3387 5420 3517 5466 sunt

1931 5514 2129 5576 omnia,
2161 5513 2357 5567 alienat
2385 5523 2414 5564 a
2450 5523 2617 5578 regno
2643 5523 2762 5572 suo,
2794 5523 2902 5576 quo
2929 5515 3175 5576 parentes
3204 5504 3366 5560 mittit
3395 5503 3517 5559 illo-

1934 5620 2073 5668 rum,
2097 5611 2150 5656 et
2171 5600 2430 5672 quosdam
2471 5598 2611 5654 ﬁlios
2654 5598 2989 5654 inimicorum
3036 5610 3254 5654 suorum
3294 5594 3417 5650 facit
3461 5595 3514 5648 in

1937 5706 2124 5746 manus
2163 5682 2584 5746 Christianorum
2609 5689 2809 5754 venire,
2851 5699 2906 5743 et
2950 5703 3044 5757 per
3098 5685 3200 5740 bne
3247 5687 3518 5740 lavacrum

2007 5803 2024 5833 ⁸
2054 5807 2150 5850 Aut.
2174 5809 2224 5850 et
2248 5807 2342 5860 Fr,
2367 5813 2408 5852 st
2430 5814 2486 5850 ca
2509 5813 2620 5860 (pur
2641 5797 2799 5858 fidelis
2823 5805 2942 5851 crat.
