4014 6186
405 398 511 456 99.7

406 500 795 565 introducit‘in
822 508 1066 566 regnum,
1097 505 1127 543 a
1168 502 1273 556 quo
1318 495 1504 538 eorum
1551 482 1798 545 parentes
1837 462 1997 520 alieni

409 608 708 663 sunt;eum
753 602 807 646 et
849 589 955 643 illis
1001 583 1223 642 malum,
1250 588 1302 634 et
1353 576 1468 630 istis
1512 572 1709 626 bonum
1751 563 2001 654 meritum

411 693 616 750 nullum
639 689 708 744 sit
735 683 984 756 parvulis,
1013 693 1080 733 es
1099 687 1282 731 eorum
1312 665 1522 740 propria
1545 661 1840 716 voluntate.
1868 651 2003 708 Cer—

415 799 468 844 te
495 787 580 840 hic
605 743 803 854 judicia
833 777 948 840 Dei,
971 770 1219 844 quoniam
1243 765 1386 836 justa
1415 768 1472 814 et
1497 758 1600 812 alta
1629 759 1773 813 sunt.
1799 761 1898 802 nec
1931 743 2009 798 vi-

417 834 652 947 tuperai'i
683 875 926 942 possunt,
958 834 1055 917 nec
1082 834 1374 930 penetrari.
1409 851 1465 905 In
1493 847 1577 902 his
1603 853 1684 898 est
1713 851 1766 895 et
1792 835 1918 894 illud
1943 834 2011 888 de

421 927 841 1040 perrseverantia,
863 957 932 1012 de
971 968 1074 1024 qua
1119 962 1261 1004 nunc
1288 945 1642 1012 disputamus.
1667 935 1742 988 De
1771 927 2012 995 utrisque

422 1017 954 1127 crgoexclamemus,
988 1042 1032 1097 Ο
1072 1037 1287 1094 altitudo
1331 1032 1626 1087 divitiarum
1665 1017 1930 1090 sapientia?
1968 1022 2016 1068 et

1516 1121 1528 1127 -
1589 1117 1620 1127 ..
1655 1116 1667 1126 .
1761 1112 1772 1124 .
1863 1107 1877 1127 .

423 1107 646 1202 scientia;
669 1140 799 1196 Dei!
819 1153 972 1202 quam
991 1127 1342 1188 inscrutubilia
1363 1134 1478 1178 sunt
1499 1116 1700 1192 judicia
1725 1112 1833 1184 ejus
1855 1107 1877 1162 !

502 1237 588 1292 l9.
616 1233 723 1288 Nec
750 1229 1009 1284 miremur
1039 1237 1136 1278 nos
1165 1218 1430 1284 vestigare
1456 1225 1562 1266 non
1604 1219 1762 1276 posse
1802 1195 2022 1255 investi-

429 1325 634 1394 gabiles
661 1323 772 1376 vias
801 1319 937 1387 eius.
967 1314 1035 1370 Ut
1060 1311 1202 1365 enim
1229 1307 1328 1360 alia
1354 1295 1761 1357 innumerabilia
1791 1300 2018 1352 taceam,

433 1377 552 1488 aliive
579 1413 696 1468 aliis
721 1377 932 1472 daniur,
962 1405 1080 1458 aliis
1108 1415 1211 1454 non
1241 1397 1434 1451 dantur
1465 1387 1768 1444 hominibus
1787 1397 1817 1436 a
1837 1377 2025 1435 Domi-

437 1525 508 1562 no
557 1505 686 1566 Deo.
718 1499 856 1569 apud
897 1511 1054 1566 quem
1105 1505 1210 1545 non
1257 1495 1342 1542 est
1383 1480 1624 1552 acceptio
1675 1483 2024 1545 personarum

437 1597 618 1669 (Rom.
645 1611 702 1656 ιι.
736 1567 796 1647 l
811 1593 850 1657 ),
877 1603 976 1642 nec
993 1584 1296 1640 tribuuntur
1320 1578 1420 1633 ista
1449 1571 1654 1629 meritis
1670 1567 2024 1626 voluntatum,

441 1657 581 1744 sicut
629 1693 754 1740 sunt
805 1681 1128 1739 celeritates,
1177 1673 1338 1734 vires,
1389 1669 1544 1719 home
1596 1657 1947 1717 valetudines,
1977 1661 2032 1706 et

441 1772 864 1848 plllt'hl‘lltldlnes
885 1779 1194 1836 corporum,
1221 1757 1430 1829 ingenia
1452 1751 1734 1811 mirabilia,
1758 1755 1812 1802 et
1833 1743 2030 1800 multa-

445 1885 562 1923 rum
594 1865 785 1919 artium
815 1872 1041 1930 capaces
1067 1863 1266 1910 naturae
1297 1847 1592 1905 mentium:
1624 1842 1709 1897 vel
1739 1855 1858 1910 qua:
1881 1851 2033 1891 acce-

445 1959 608 2013 duut’
627 1928 991 2016 extrinsecus,
1025 1956 1083 2003 ut
1117 1955 1200 2002 eSt
1243 1940 1533 2013 opulentia.
1565 1933 1838 1994 nobilitas,
1865 1928 2038 1983 bono-

451 2067 562 2116 res,
581 2059 636 2106 et
655 2057 847 2101 cmtera
877 2039 1198 2112 huiusmodi,
1222 2051 1339 2107 quae
1358 2033 1581 2104 quisque
1603 2038 1651 2080 ut
1675 2024 1890 2086 haheat,
1927 2035 2035 2074 non

450 2141 554 2196 nisi
582 2141 634 2194 in
663 2137 756 2192 Dei
787 2143 869 2192 est
895 2109 1157 2204 potestate
1183 2133 1276 2180 :ut
1323 2138 1425 2178 non
1470 2121 1727 2175 immorer
1773 2113 1932 2168 etiam
1982 2109 2034 2162 in

453 2232 779 2300 Baptismate
809 2224 1150 2296 parvulorum
1185 2215 1346 2291 (quod
1378 2212 1556 2268 nullus
1599 2209 1823 2262 istorum
1864 2205 2040 2270 potest

453 2324 654 2379 dicere.
685 2319 821 2374 sicut
849 2316 957 2379 illa,
984 2313 1050 2367 ad
1081 2325 1302 2380 regnum
1336 2305 1426 2359 Dei
1459 2316 1564 2358 non
1595 2291 1914 2370 pertinere).
1941 2304 2040 2346 cur

455 2415 531 2470 illi
571 2409 791 2482 parvulo
823 2407 1000 2470 detur,
1037 2402 1113 2458 illi
1159 2415 1264 2454 non
1289 2397 1480 2458 detur;
1511 2405 1632 2448 cum
1659 2388 1729 2442 sit
1757 2395 2040 2450 utrumque

455 2505 512 2560 in
545 2473 802 2570 potestate
830 2497 944 2562 Dei,
971 2506 1027 2548 et
1063 2493 1179 2547 sine
1209 2489 1302 2544 illo
1325 2485 1674 2542 Sacramento
1694 2489 1856 2531 nemo
1880 2473 2043 2527 intret

458 2596 512 2650 in
541 2605 760 2662 regnum
794 2587 924 2642 Dei:
950 2593 1008 2640 ut
1033 2597 1162 2650 ergo
1200 2579 1317 2634 haec
1357 2585 1561 2628 taceam
1603 2568 1686 2624 vel
1719 2565 2040 2632 relinquam,

459 2683 584 2748 illos
603 2651 749 2746 ipsos
775 2670 1112 2732 intueantur'
1142 2669 1211 2724 de
1247 2666 1440 2737 quibus
1467 2661 1663 2731 agitur.
1688 2657 1764 2711 De
1789 2653 1872 2708 his
1900 2651 2042 2706 enim

463 2742 798 2834 disserimus,
822 2765 910 2835 qui
941 2757 1386 2832 perseverantiam
1413 2749 1665 2808 bonitatis
1689 2761 1796 2802 non
1823 2742 2043 2808 habent,

461 2861 560 2918 sed
587 2876 655 2916 ex
678 2859 820 2912 bono
851 2856 906 2910 in
935 2853 1131 2908 malum
1153 2847 1436 2904 deﬁciente
1461 2843 1600 2897 bona
1631 2838 1903 2892 voluntate
1927 2845 2048 2886 mo-

464 2954 694 3010 riuntur.
725 2945 1122 3018 Respondeant,
1145 2941 1191 2995 si
1220 2943 1461 3007 possunt.
1480 2947 1575 2988 cur
1597 2929 1717 2984 illos
1739 2927 1899 2985 Deus,
1925 2935 2048 2977 cum

466 3044 699 3100 ﬁdeliter
726 3049 781 3096 et
809 3017 892 3108 pie
917 3037 1177 3095 viverent,
1208 3045 1315 3086 non
1357 3037 1486 3081 tunc
1509 3023 1579 3078 de
1609 3021 1728 3074 vitae
1773 3017 1929 3085 hujus
1951 3027 2051 3084 pe-

469 3135 655 3194 riculis
678 3131 876 3202 rapuit.
907 3143 976 3184 ne
1003 3123 1204 3180 malitia
1227 3126 1464 3176 mutaret
1489 3115 1815 3170 intellectum
1841 3118 2053 3170 eorum,

472 3236 530 3282 et
558 3241 624 3280 ne
671 3195 814 3278 ﬁctio
852 3213 1372 3288 deciperet-animas
1411 3221 1618 3262 eorum.
1649 3201 1840 3259 Utrum
1871 3197 1974 3252 hoc
2001 3195 2056 3250 in

473 3321 737 3386 potestate.
767 3324 872 3363 non
899 3286 1103 3370 habuit,
1125 3320 1192 3358 an
1217 3315 1404 3357 eorum
1434 3297 1571 3352 mala
1597 3293 1770 3348 futura
1800 3286 2060 3344 nescivit?

475 3376 676 3474 Nempe
702 3400 833 3456 nihil
867 3399 1057 3453 horum
1094 3393 1192 3448 nisi
1226 3385 1627 3461 perversissime
1649 3392 1810 3450 atque
1835 3376 2063 3434 insanis-

477 3465 856 3552 sime‘dicitur.
883 3487 994 3544 Cur
1039 3499 1168 3552 ergo
1211 3497 1314 3536 non
1355 3476 1518 3533 fecit?
1556 3471 1930 3543 liespondeant
1973 3465 2063 3535 qui

476 3603 576 3644 nos
605 3585 847 3648 irrident,
879 3577 1092 3650 quando
1135 3577 1188 3632 in
1223 3573 1388 3629 rebus
1427 3569 1618 3624 talibus
1676 3564 2064 3621 exclamamus.

482 3681 650 3746 Quam
689 3647 1040 3728 inscristtibilia
1076 3676 1192 3721 sunt
1218 3661 1419 3736 judicia
1453 3659 1584 3730 ejus,
1615 3665 1662 3710 et
1699 3647 2068 3722 inuestigabites

479 3742 576 3824 uite
593 3765 734 3838 ejus!
763 3763 944 3832 Neque
971 3759 1112 3814 enim
1138 3757 1242 3811 hoc
1268 3767 1374 3808 non
1395 3751 1558 3806 donat
1585 3749 1726 3801 Deus
1753 3742 1944 3814 quibus
1969 3752 2070 3793 vo-

481 3833 662 3917 luerit.
692 3866 783 3912 aut
807 3869 936 3909 vero
958 3850 1230 3918 Scriptura
1253 3847 1339 3899 illa
1369 3841 1648 3904 mentitur,
1671 3851 1793 3906 quae
1821 3833 1888 3888 de
1921 3846 2068 3886 mor-

485 3961 540 4005 te
577 3947 726 4002 velut
768 3945 1054 3998 immatura
1096 3935 1328 3991 hominis
1362 3930 1493 4002 justi
1531 3928 1626 3986 ait.
1657 3925 1858 3992 Raptus
1897 3928 1990 3980 est.
2015 3935 2077 3973 ne

485 4041 682 4097 malitia
710 4043 922 4090 mutaret
959 4029 1266 4085 intellectum
1290 4025 1422 4094 ejus,
1453 4029 1544 4074 aut
1568 4034 1632 4072 ne
1657 4015 1792 4085 ﬁctio
1826 4012 2076 4081 deciperet

487 4133 710 4187 animam
737 4122 1025 4198 ejus(Sap.
1055 4133 1132 4175 tv.
1157 4117 1266 4184 ll).
1299 4113 1407 4170 Cur
1450 4111 1610 4180 igitur
1649 4107 1752 4161 hoc
1798 4114 1907 4158 tam
1957 4116 2074 4154 mae

494 4235 658 4293 gnum
697 4189 1017 4279 hetnellcinm
1051 4207 1169 4263 aliis
1196 4206 1308 4268 dat,
1339 4203 1458 4258 aliis
1487 4215 1592 4254 non
1622 4197 1714 4252 dat
1745 4197 1903 4252 Deus.
1935 4189 2076 4261 apud

491 4289 652 4382 quem
679 4323 784 4362 non
809 4312 894 4359 est
917 4301 1188 4372 iniquitas,
1218 4310 1316 4352 nec
1341 4292 1584 4362 acceptio
1616 4299 1964 4359 personarum
1985 4323 2000 4346 ,
2027 4289 2082 4336 et

493 4374 548 4458 in
577 4400 729 4470 cujus
757 4403 1020 4468 potestate
1051 4399 1134 4446 est
1174 4387 1426 4460 quamdiu
1476 4383 1702 4452 quisque
1747 4379 1801 4433 in
1847 4378 1946 4431 hac
1977 4374 2082 4429 vita

496 4463 728 4549 maneat.
758 4463 884 4556 quae
928 4482 1152 4540 tentatio
1195 4479 1336 4534 dicta
1377 4483 1461 4530 est
1503 4487 1664 4543 super
1717 4479 1912 4524 terram
1937 4463 2080 4538 (Job.

498 4598 596 4647 vn,
629 4579 719 4650 l)?
747 4576 897 4632 Sicut
941 4588 1070 4642 ergo
1115 4578 1378 4639 coguntur
1417 4565 1590 4627 fateri,
1616 4562 1814 4618 donum
1842 4559 1935 4612 Dei
1965 4571 2086 4613 esse

502 4679 562 4726 ut
587 4649 734 4724 ﬁniat
768 4665 932 4720 homo
953 4663 1116 4716 vitam
1142 4660 1320 4720 istam,
1349 4663 1632 4724 antequam
1651 4666 1716 4706 ex
1744 4649 1884 4704 bono
1910 4656 2085 4702 mule-

503 4769 592 4816 tur
619 4759 670 4814 in
699 4757 932 4820 malum;
961 4768 1058 4806 cur
1085 4759 1262 4805 autem
1305 4747 1424 4801 aliis
1448 4745 1694 4807 donetur,
1727 4741 1846 4796 aliis
1871 4755 1974 4794 non
1995 4738 2092 4793 do-

506 4859 686 4914 netur,
710 4850 988 4919 ignorant:
1010 4853 1079 4897 ita
1105 4841 1304 4896 donum
1334 4837 1424 4894 Dei
1449 4852 1569 4893 esse
1599 4835 1651 4890 in
1669 4834 1811 4889 bono
1841 4848 2092 4902 perseve-

508 4942 735 5000 rantiam
779 4937 1071 4994 secundum
1113 4931 1448 5000 Scripturas,
1479 4929 1546 4984 de
1569 4927 1762 4994 quibus
1786 4923 2092 4980 testimonia

511 5035 676 5090 multa
703 5032 812 5102 jam
836 5029 1007 5099 posui.
1036 5025 1301 5082 fateantur
1323 5021 1632 5086 nobiscum;
1659 5027 1714 5074 et
1732 5032 1829 5072 cur
1851 5016 1970 5071 aliis
1993 5015 2094 5070 de—

511 5133 620 5184 tur,
649 5121 768 5176 aliis
800 5134 905 5174 non
931 5118 1109 5181 detur,
1149 5115 1266 5170 sine
1311 5126 1585 5168 murmure
1627 5109 1884 5165 adversus
1929 5107 2096 5162 Deum

510 5214 800 5282 dignentur
827 5208 1073 5278 ignorare
1101 5205 1409 5260 nobiscum.

585 5298 810 5356 CAPUT
849 5297 941 5353 IX.
967 5296 1151 5350 —-20.
1201 5293 1311 5349 Nec
1353 5307 1452 5348 nos
1497 5299 1740 5356 moveat,
1793 5286 1935 5359 quod
1979 5286 2100 5341 liliis

513 5391 628 5445 suis
653 5387 969 5461 quibusdam
999 5387 1140 5442 Deus
1167 5403 1270 5442 non
1313 5385 1406 5442 dat
1443 5385 1598 5440 istam
1625 5377 2098 5452 perseverantiam.

517 5480 671 5537 Absit
691 5479 834 5536 enim
865 5487 924 5534 et
951 5479 1023 5534 ita
1045 5487 1208 5544 esset,
1235 5478 1282 5534 si
1331 5477 1398 5535 de
1443 5477 1548 5532 illis
1589 5471 1982 5546 przedestinatis
2008 5483 2098 5526 es-

585 5655 600 5684 ¹
639 5651 712 5699 sic
733 5657 857 5709 MSS.,
900 5656 950 5697 Αι
973 5649 1111 5706 editi,
1134 5644 1392 5709 introduri.

586 5717 607 5748 ³
644 5721 740 5764 stu.
765 5707 851 5771 Br.
865 5717 917 5758 et
939 5709 1105 5771 plures
1125 5715 1252 5764 Mss,
1275 5707 1517 5759 accidunt.

585 5777 607 5809 ⁸
642 5770 859 5825 Nonnulli
880 5770 1006 5830 Mss,
1030 5771 1298 5820 intueamur

1259 370 1348 426 DE
1385 353 1868 424 COIlllEl'TlO-NE
1910 348 1995 406 ΕΤ
2034 341 2312 407 GRATIA,
2347 339 2404 396 S.
2449 333 2818 394 AUGUSTINI

3583 326 3698 385 923

2109 466 2227 512 sent
2253 465 2308 512 et
2338 453 2632 510 secundum
2673 451 3004 522 propositum
3042 447 3262 513 vocatis,
3294 448 3384 520 qui
3413 461 3537 504 vere
3565 455 3697 503 sunt

2107 548 2201 603 ﬁlii
2242 545 2627 616 promissionis.
2660 543 2790 598 Nam
2821 541 2907 596 isti
2933 557 3054 597 cum
3086 541 3173 612 pie
3199 541 3412 608 vivunt,
3441 541 3704 603 dicuntur

2111 636 2471 695 liliiDeizsed
2515 637 2765 707 quoniam
2808 635 2998 690 victuri
3037 645 3163 690 sunt
3206 635 3367 706 impie
3413 645 3469 693 et
3505 638 3559 692 in
3605 653 3705 695 ea-

2112 731 2234 787 dem
2267 730 2538 798 impietate
2563 729 2826 792 morituri,
2856 742 2962 783 non
2993 743 3086 783 eos
3111 728 3243 784 dicit
3267 727 3406 783 ﬁlios
3437 729 3528 784 Dei
3557 745 3705 798 prte-

2115 825 2334 880 scicntia
2369 823 2482 876 Dei.
2511 821 2645 876 Sunt
2675 821 2820 875 enim
2865 820 3092 874 lilii'Dei
3115 863 3130 886 ,
3172 820 3262 891 qui
3307 821 3540 876 nonduin
3573 831 3709 876 sunt

2117 915 2289 978 nobis,
2321 922 2378 968 et
2415 920 2542 968 sunt
2579 913 2689 980 jam
2734 913 2876 976 Deo;
2908 912 2975 966 de
3024 912 3216 982 quibus
3258 912 3333 966 ait
3375 912 3710 983 evangelista

2117 1008 2372 1080 Joannes,
2403 1005 2534 1072 Quia
2553 1004 2702 1059 Jesus
2729 1005 3005 1060 moriturus
3034 1014 3140 1059 erat
3169 1021 3260 1074 pro
3279 1011 3444 1075 gente,
3467 1021 3560 1058 nec
3589 1013 3711 1057 tau-

2123 1109 2227 1154 tum
2263 1115 2354 1168 pro
2391 1107 2557 1170 gente,
2583 1097 2672 1152 sed
2697 1097 2848 1150 etiam
2873 1107 2928 1150 ut
2957 1097 3091 1166 ﬁlios
3117 1095 3214 1149 Dei
3234 1096 3486 1166 dispersos
3506 1111 3724 1166 congre-

2123 1198 2266 1261 garet
2297 1187 2349 1240 in
2374 1203 2532 1240 unum
2567 1185 2743 1256 (Joan.
2785 1201 2864 1250 ιι,
2892 1186 2981 1252 51,
3015 1185 3106 1257 52)
3133 1202 3147 1238 :
3177 1185 3318 1255 quod
3367 1185 3549 1254 utique
3593 1198 3716 1239 cre-

2125 1280 2303 1335 dendo
2331 1277 2495 1359 futuri
2523 1287 2674 1332 erant
2706 1293 2800 1346 per
2845 1277 3112 1347 Evangelii
3155 1275 3627 1346 prmdieationem;
3655 1283 3719 1330 et

2130 1385 2309 1429 tamen
2336 1383 2618 1440 antequam
2644 1379 2786 1426 esset
2816 1368 3034 1435 factum,
3063 1369 3175 1439 jam
3222 1368 3314 1423 lilii
3356 1369 3447 1424 Dei
3477 1376 3635 1423 erant
3655 1367 3718 1424 in

2130 1466 2424 1522 memoriali
2449 1463 2622 1519 Patris
2643 1463 2723 1516 sui
2749 1463 3060 1517 ineoncussa
3086 1461 3374 1516 stabilitate
3399 1460 3726 1530 conscripti.

2132 1557 2202 1612 Et
2230 1564 2356 1612 sunt
2380 1569 2567 1610 rursus
2594 1552 2830 1623 quidam.
2862 1553 2950 1621 qui
2991 1551 3081 1606 ﬁlii
3130 1551 3223 1605 Dei
3273 1560 3490 1620 propter
3534 1566 3728 1605 susce.

2137 1657 2278 1717 ptam
2309 1645 2394 1700 vel
2433 1643 2796 1713 temporaliter
2813 1643 3038 1714 gratiam
3061 1641 3310 1696 dicuntur
3347 1657 3376 1696 a
3417 1642 3592 1704 nobis,
3621 1657 3728 1697 nec

2135 1747 2260 1792 sunt
2290 1747 2462 1791 tamen
2495 1736 2635 1791 Deo:
2657 1733 2723 1789 de
2748 1735 2939 1805 quibus
2965 1735 3042 1788 ait
3071 1733 3212 1788 idem
3243 1732 3498 1795 Joannes,
3525 1732 3610 1788 Ex
3629 1749 3728 1787 uo-

2139 1829 2214 1884 bis
2241 1829 2491 1890 exierunt,
2517 1825 2607 1881 sed
2627 1843 2728 1880 non
2755 1835 2899 1880 erant
2943 1841 3008 1880 es:
3043 1825 3220 1890 nobis;
3249 1825 3385 1895 quod
3435 1826 3479 1880 si
3510 1827 3730 1896 fuissent

2139 1937 2202 1976 ex
2225 1920 2388 1987 nobis,
2412 1919 2798 1990 permansissent
2815 1918 2986 1988 utique
3005 1917 3263 1970 uobiscum
3278 1916 3320 1988 (Ι
3340 1914 3499 1971 Joaa.
3524 1933 3580 1974 tt.
3611 1918 3727 1986 l9).

2141 2013 2257 2068 Non
2288 2011 2383 2078 ait,
2411 2025 2476 2065 ex
2505 2009 2660 2064 nobis
2697 2009 2961 2069 exierunt.
2993 2006 3085 2062 sed
3118 2007 3238 2077 quia
3271 2023 3375 2062 non
3409 2019 3732 2062 manserunt

2145 2102 2442 2162 nobiscum,
2467 2099 2576 2170 jam
2604 2114 2710 2154 non
2736 2106 2860 2153 sunt
2887 2114 2954 2152 ex
2983 2097 3173 2160 nobis;
3196 2113 3378 2153 verum
3407 2099 3500 2163 ait,
3532 2096 3616 2152 Ea:
3636 2115 3732 2152 ιιο-

2145 2194 2221 2250 bis
2250 2193 2502 2257 exierunt,
2524 2191 2613 2244 sed
2638 2206 2738 2243 non
2763 2197 2906 2244 erant
2932 2188 3190 2252 exnobis;
3215 2187 3316 2242 hoc
3333 2197 3436 2254 est,
3469 2187 3539 2242 Et
3561 2203 3737 2258 quan-

2147 2283 2218 2338 do
2237 2281 2556 2338 videbantur
2593 2281 2647 2335 in
2688 2279 2864 2344 nobis,
2894 2293 2998 2332 non
3045 2287 3292 2332 erantex
3319 2277 3492 2332 nobis.
3525 2277 3592 2332 Et
3617 2288 3737 2332 tan-

2148 2389 2307 2444 quam
2328 2371 2377 2427 ei
2395 2371 2683 2436 diceretur,
2706 2367 2859 2425 Unde
2887 2369 2937 2422 id
2955 2367 3232 2422 ostendis?
3265 2367 3414 2434 Quod
3436 2370 3482 2424 si
3497 2369 3734 2438 fuissent,

2152 2463 2344 2533 inquit,
2373 2479 2436 2517 ea:
2456 2461 2618 2525 nobis,
2653 2461 3043 2532 permansissent
3068 2461 3237 2530 utique
3265 2459 3542 2514 uobiscum.
3565 2459 3742 2515 Filio—

2151 2569 2270 2609 rum
2309 2553 2401 2607 Dei
2427 2567 2529 2606 vox
2559 2559 2672 2606 est:
2695 2549 2931 2606 Joannes
2967 2550 3222 2620 loquitur,
3254 2549 3308 2604 in
3340 2548 3464 2605 ﬁliis
3493 2551 3586 2606 Dei
3617 2549 3744 2606 loco

2153 2645 2424 2717 praecipuo
2444 2643 2784 2698 constitutus.
2811 2640 2946 2696 Cum
2975 2655 3105 2711 ergo
3133 2640 3226 2696 lilii
3255 2639 3348 2696 Dei
3363 2641 3548 2703 dicunt
3567 2641 3636 2696 de
3657 2639 3749 2694 his

2155 2736 2245 2808 qui
2269 2733 2724 2804 perseverantiam
2748 2747 2852 2786 non
2875 2731 3196 2795 habuerunt,
3220 2729 3304 2786 Ea:
3325 2731 3466 2786 nobis
3485 2731 3746 2796 exierunt,

2155 2827 2245 2882 sed
2269 2843 2371 2881 non
2397 2834 2538 2880 eram
2565 2841 2628 2878 ea:
2651 2824 2832 2888 nobis;
2857 2834 2910 2878 et
2937 2822 3171 2886 addunt.
3203 2822 3352 2888 Quod
3375 2825 3419 2878 si
3441 2824 3656 2892 fuissent
3678 2839 3750 2878 ex

2155 2917 2318 2982 nobis,
2343 2917 2729 2986 perntattsissent
2769 2915 2940 2984 utique
2972 2915 3233 2969 nobiscum
3265 2931 3286 2971 :
3328 2915 3454 2985 quid
3478 2914 3626 2970 aliud
3653 2915 3744 2970 di-

2159 3017 2307 3075 cunt,
2337 3007 2460 3072 nisi,
2486 3005 2602 3060 Non
2633 3014 2786 3061 erant
2810 3005 2926 3064 lilii.
2945 3007 3104 3060 etiam
3128 3005 3342 3074 quando
3366 3015 3520 3060 erant
3545 3005 3599 3060 in
3623 3019 3753 3074 pro-

2161 3101 2393 3157 fessione
2413 3107 2468 3154 et
2495 3099 2709 3154 nomine
2733 3097 2962 3152 ﬁliorum
2977 3097 3001 3152 ἲ
3019 3114 3124 3152 non
3145 3099 3268 3169 quia
3289 3096 3550 3166 justitiam
3579 3099 3756 3154 simu-
3771 3127 3790 3142 ς

2163 3191 2437 3255 laverunt;
2468 3187 2562 3245 sed
2593 3188 2715 3258 quia
2765 3189 2818 3242 in
2860 3203 2922 3242 ea
2967 3203 3072 3242 non
3107 3197 3532 3257 permanserunt.
3565 3187 3758 3256 Neque

2165 3283 2306 3340 enim
2335 3283 2429 3347 ait,
2448 3281 2582 3336 Nam
2611 3281 2654 3334 si
2683 3281 2904 3334 fuissent
2923 3295 2988 3334 ex
3016 3280 3190 3347 nobis,
3211 3295 3412 3346 veram,
3437 3295 3546 3336 non
3573 3279 3758 3336 ﬁctam

2163 3376 2423 3447 justitiam
2454 3375 2752 3430 tenuissent
2773 3373 2954 3442 utique
2974 3372 3249 3427 nobiscum
3271 3391 3285 3426 ;
3305 3371 3422 3438 sed,
3451 3371 3496 3426 si
3516 3371 3760 3441 fuissent,

2169 3467 2362 3537 inquit,
2382 3481 2444 3520 ea:
2459 3465 2622 3529 nobis,
2639 3462 3028 3532 permansisth
3051 3465 3222 3534 utique
3239 3461 3588 3515 uobiscumJn
3611 3460 3762 3515 bono

2172 3559 2296 3614 illos
2321 3557 2528 3613 volebat
2576 3555 2760 3626 procul
2803 3555 2966 3610 dubio
3014 3570 3350 3624 permanere.
3383 3554 3548 3609 Erant
3583 3554 3765 3624 itaque

2173 3649 2225 3703 in
2254 3650 2414 3712 bono,
2439 3645 2532 3700 sed
2571 3647 2694 3716 quia
2715 3645 2852 3698 ineo
2877 3660 2982 3701 non
3001 3652 3424 3713 permanserunt,
3453 3641 3503 3697 id
3519 3651 3604 3698 est
3647 3659 3758 3697 non

2175 3751 2344 3808 usque
2369 3737 2420 3791 in
2448 3735 2604 3790 linem
2635 3743 3132 3804 pt-rseveraverunt,
3163 3749 3265 3787 non
3289 3742 3456 3798 erant,
3484 3729 3682 3802 inquit,
3701 3748 3767 3785 ιε

2177 3829 2341 3894 uobis,
2372 3835 2428 3885 et
2455 3825 2668 3896 quando
2697 3835 2854 3882 erant
2879 3825 3191 3890 nobiscum;
3223 3823 3324 3878 hoc
3350 3833 3453 3887 est,
3487 3836 3594 3876 non
3615 3832 3772 3876 erant

2179 3937 2247 3978 ex
2277 3935 2502 3977 numero
2532 3918 2784 3983 ﬁliorum,
2811 3925 2866 3972 et
2887 3916 3100 3987 quando
3128 3923 3282 3970 erant
3305 3915 3356 3969 in
3387 3913 3491 3969 lide
3517 3914 3806 3968 liliorum‘:'

2181 4011 2430 4083 quoniam
2465 4010 2555 4078 qui
2592 4023 2720 4064 vere
2763 4007 2854 4062 lilii
2895 4014 3043 4072 sunt,
3068 4005 3297 4074 ιιι-ωειθὶιί
3324 4013 3381 4059 et
3401 4001 3778 4074 praedestinati

2182 4113 2309 4162 sunt
2329 4105 2634 4158 conformes
2663 4100 2911 4170 imaginis
2938 4098 3056 4153 Filii
3088 4097 3226 4168 ejus,
3252 4106 3308 4152 et
3333 4095 3634 4152 secundum
3663 4110 3781 4165 pro-

2187 4199 2414 4266 positqu
2446 4193 2616 4250 vocati
2645 4198 2771 4244 sunt
2814 4198 2872 4244 ut
2899 4188 3054 4243 electi
3085 4195 3284 4242 essent.
3312 4183 3428 4240 Non
3455 4183 3602 4238 enim
3635 4182 3780 4252 perit

2186 4289 2326 4343 ﬁlius
2379 4283 2787 4356 promissionis.
2845 4279 2941 4337 sed
3005 4278 3145 4334 ﬁlius
3203 4275 3519 4349 perditionis
3575 4274 3780 4346 (locis.

2190 4395 2328 4446 xvu,
2362 4379 2474 4449 l2).

2259 4469 2352 4524 21.
2385 4468 2621 4522 Fuerunt
2661 4479 2791 4534 ergo
2817 4464 2900 4518 isti
2940 4478 3008 4519 ex
3051 4459 3390 4516 multitudine
3418 4465 3734 4513 vocatorum
3767 4471 3782 4506 :

2191 4578 2258 4618 ex
2287 4561 2580 4616 electorum
2619 4567 2796 4611 autem
2834 4556 3098 4625 paucitate
3137 4567 3240 4606 non
3272 4549 3506 4606 luerunt.
3534 4547 3653 4603 Non
3686 4549 3789 4618 igi-

2194 4663 2280 4708 tur
2324 4651 2444 4706 llliis
2490 4650 2601 4704 suis
2649 4645 3038 4716 praedestinatis
3079 4643 3097 4676 ⁸
3147 4643 3288 4697 Deus
3331 4639 3792 4712 perseverantiam

2195 4759 2302 4798 non
2327 4742 2506 4803 dedit;
2549 4735 2965 4794 haberentenim
2989 4749 3107 4788 eam
3139 4733 3184 4788 si
3229 4732 3282 4786 in
3327 4745 3395 4786 eo
3427 4729 3661 4784 ﬁliorum
3693 4743 3795 4782 nn-

2198 4847 2350 4890 mero
2373 4841 2589 4887 essent:
2623 4837 2678 4884 et
2723 4826 2851 4896 quid
2903 4823 3160 4879 haberent
3183 4863 3199 4886 ,
3229 4820 3370 4892 quod
3417 4833 3524 4874 non
3551 4818 3796 4886 accepis-

2198 4935 2318 4982 sent
2343 4965 2358 4988 ,
2399 4921 2693 4977 secundum
2741 4916 3092 4986 apostolicam
3136 4927 3424 4982 veramque
3465 4911 3796 4965 sententiam

2201 5016 2243 5088 (I
2271 5015 2387 5070 Cor.
2423 5029 2492 5077 tv,
2523 5013 2603 5081 7)?
2651 5012 2727 5064 Ac
2753 5023 2847 5077 per
2871 5007 2975 5060 hoc
3000 5005 3133 5060 tales
3164 5003 3258 5057 lilii
3282 5001 3418 5056 Filio
3440 4999 3660 5056 Christo
3685 4998 3797 5053 dati

2201 5114 2404 5170 essent,
2436 5099 2884 5173 quemadmodum
2909 5097 3024 5168 ipse
3050 5094 3182 5150 dicit
3205 5091 3272 5148 ad
3289 5093 3526 5156 Patrem,
3560 5089 3630 5146 Ut
3651 5105 3802 5142 omne

2203 5197 2336 5270 quod
2358 5195 2540 5251 dediin
2561 5193 2712 5256 mihi,
2742 5207 2842 5244 non
2871 5196 3061 5259 pereat,
3077 5185 3166 5240 sed
3186 5185 3363 5238 habeat
3387 5183 3538 5236 vitam
3555 5191 3804 5234 a'ternaus

2207 5291 2385 5360 (Joan.
2409 5305 2486 5350 ιιι.
2529 5287 2618 5346 l5.
2642 5294 2686 5338 et
2703 5299 2775 5348 γι,
2804 5281 2914 5353 59).
2953 5279 3162 5348 lliergo
3179 5275 3391 5331 Christo
3429 5273 3804 5341 intelliguntur

2207 5381 2344 5446 dari,
2373 5379 2463 5449 qui
2488 5374 2721 5432 ordinati
2743 5382 2866 5427 sunt
2889 5373 2942 5426 in
2966 5369 3128 5424 vitam
3145 5377 3423 5422 aeternam.
3445 5363 3548 5432 Ipsi
3577 5373 3705 5416 sum
3728 5361 3798 5416 illi

2211 5467 2568 5542 prmdestinati
2613 5474 2669 5520 et
2703 5460 2992 5519 secundum
3041 5456 3373 5528 propositum
3413 5453 3624 5516 vocati,
3669 5466 3802 5520 quo-

2212 5579 2328 5620 t‘utn
2365 5559 2542 5615 nullus
2573 5556 2726 5626 perit.
2771 5556 2848 5608 Ac
2888 5567 2981 5622 pcr
3010 5550 3110 5604 hoc
3137 5547 3316 5602 nullus
3346 5561 3532 5600 eorum
3558 5558 3628 5597 es
3660 5542 3805 5596 bono

2281 5699 2294 5729 ι
2333 5703 2440 5744 Iov.
2469 5707 2480 5742 :
2510 5692 2656 5754 Igitur
2683 5684 2927 5754 [iliissuis
2949 5697 3040 5734 non
3081 5678 3448 5754 prmdestintttis.
3493 5677 3706 5726 Alteram
3729 5675 3804 5726 lo-

2217 5760 2281 5809 eti
2303 5770 2426 5807 .nem
2450 5745 2610 5804 lerunt
2634 5745 2748 5801 editi
2773 5749 2850 5799 alii
2877 5745 3273 5800 et-tnanuscriptl.
