3972 6178
252 338 357 392 9:29
1666 319 1868 376 LIBER
1906 319 2106 379 UNUS.
3420 321 3520 376 95c

252 454 303 508 in
337 449 535 504 malum
568 455 798 501 mutatus
824 444 937 500 ﬁnit
969 443 1105 498 hanc
1136 441 1332 507 vitam;
1361 437 1611 510 quoniam
1646 436 1723 490 sic
1746 444 1829 489 est

252 545 552 607 ordinatus,
583 550 633 596 et
661 539 784 594 idco
808 538 1020 592 Christo
1043 535 1232 600 datus,
1263 542 1323 587 ut
1347 548 1451 587 non
1485 537 1703 601 pereat,
1737 527 1831 583 sed

1941 433 2208 504 prtescirit,
2225 441 2272 487 et
2284 432 2948 505 prcedeslinavit’conformes
2983 437 3216 508 imaginis
3237 436 3358 493 Filii
3393 454 3525 506 qus,

1938 530 1992 576 ut
2011 523 2075 579 sit
2103 524 2209 593 ipse
2228 522 2586 594 primogenitus
2614 525 2665 577 in
2693 525 2860 578 multis
2887 525 3128 597 fratribus
3152 542 3171 580 :
3214 544 3337 596 quos
3366 538 3534 583 autem

255 635 450 691 habeat
474 632 636 688 vitam
666 640 940 685 aeternam.
986 626 1055 682 Et
1081 639 1267 681 rursus
1303 638 1437 694 quos
1471 621 1700 677 dicimus
1731 618 1835 672 ini-
1942 615 2328 686 praedestinavit,
2354 614 2526 668 illoset
2547 616 2754 679 vocavit,
2775 616 3282 673 scilicetsecuudum
3305 621 3538 689 proposi-

256 727 426 781 micos
445 722 582 793 ejus,
606 720 688 777 vel
712 718 960 790 parvulos
989 716 1127 771 lilios
1152 714 1490 770 inimicorum
1517 711 1653 780 ejus,
1678 722 1839 778 quos-
1942 712 2057 758 tum
2077 720 2090 769 ;
2110 720 2232 775 quos
2247 714 2412 759 autem
2425 705 2635 770 vocavit,
2655 706 2792 776 ipsos
2809 716 2851 760 et
2860 708 3198 777 justi/ienuit;
3232 726 3355 782 quos
3372 720 3537 764 autem

255 830 484 885 cumque
504 828 689 869 eorum
707 811 785 865 sic
809 816 1216 879 regeneraturus
1235 811 1336 870 est,
1358 804 1488 857 utin
1516 816 1578 857 ea
1598 800 1700 855 lide
1720 812 1839 869 quze
1935 800 2254 871 justiﬁcavit,
2309 801 2447 868 ipsos
2470 810 2515 854 et
2540 799 2840 871 glori/ienuit
2869 803 3043 874 (Rom.
3072 805 3410 879 vut,28-50).
3447 809 3538 861 Illa

255 924 352 979 per
381 905 722 962 dilectionem
752 910 1025 973 operatur,
1048 898 1187 953 hanc
1210 898 1371 951 vitam
1403 896 1622 960 ﬁniant;
1649 892 1757 962 jam
1786 902 1843 947 et
1946 890 2121 948 omnia
2147 890 2255 959 jam
2277 889 2409 944 facta
2431 900 2576 949 sunt.
2596 893 2842 963 prtescivit
2862 934 2874 953 ,
2906 895 3292 963 praedestinavit,
3326 900 3535 965 vocavit,

256 996 541 1068 antequam
590 994 693 1050 hoc
724 993 842 1057 llat,
873 993 924 1046 in
947 991 1034 1047 illa
1081 987 1547 1058 pmdestinatione
1581 994 1704 1039 Sunt
1753 983 1843 1037 ﬁlii
1940 982 2533 1053 just:ﬁcavit;quoniam
2559 993 2611 1039 et
2627 1000 2812 1040 omnes
2825 986 2933 1055 jam
2954 991 3543 1058 pne-citiacpraedesti-

256 1088 394 1161 ejus,
418 1095 473 1143 et
491 1086 599 1141 dati
625 1094 752 1139 sunt
778 1082 993 1139 Christo
1033 1080 1167 1136 Filio
1195 1079 1342 1149 ejus,
1368 1087 1426 1133 ut
1457 1094 1561 1132 non
1591 1082 1841 1146 pereant,

257 1178 353 1235 sed
373 1177 604 1233 habeant
629 1175 790 1229 vitam
829 1182 1101 1226 aeternam.

330 1268 420 1324 22.
445 1267 686 1337 Denique
714 1265 826 1335 ipse
856 1263 1122 1329 Salvator,
1152 1260 1214 1317 Si
1230 1259 1534 1320 mansa-itis,
1559 1257 1764 1326 inquit,
1795 1255 1847 1309 in

258 1358 407 1416 verba
450 1373 594 1423 meo,
632 1371 744 1410 vere
768 1353 1004 1425 discipuli
1041 1352 1139 1405 mei
1179 1350 1295 1404 estis
1323 1351 1341 1418 (
1366 1348 1523 1403 Joan.
1550 1363 1642 1402 vnt
1666 1389 1681 1412 ,
1714 1347 1774 1401 3i
1804 1345 1849 1417 ).

260 1447 528 1519 Numquid
549 1447 602 1503 in
636 1446 718 1500 his
737 1442 1124 1512 computandus
1150 1452 1229 1496 est
1253 1440 1437 1506 Judas,
1461 1439 1549 1510 qui
1578 1453 1683 1492 non
1705 1451 1851 1491 man-

263 1540 335 1597 sit
362 1541 416 1596 in
455 1538 619 1594 verbo
644 1534 805 1605 ejus?
848 1532 1115 1603 Numquid
1162 1533 1214 1586 in
1246 1531 1331 1585 his
1352 1529 1697 1599 computandi
1729 1538 1855 1582 sunt

264 1631 381 1698 illi,
411 1629 479 1685 de
499 1627 692 1700 quibus
721 1624 1066 1695 Evangelium
1097 1624 1174 1677 sic
1201 1622 1454 1692 loquitur,
1481 1619 1572 1675 ubi
1599 1618 1855 1673 Dominus

266 1737 391 1778 cum
443 1716 874 1776 commendasset
898 1713 1322 1770 manducandum
1364 1726 1579 1766 carnem
1623 1725 1775 1764 suam
1802 1718 1857 1764 et

267 1811 558 1868 bibendum
588 1808 899 1879 sanguinem
931 1822 1111 1872 suum,
1140 1816 1212 1860 att
1241 1803 1589 1872 evangelista,
1621 1801 1747 1855 llwc
1777 1801 1858 1854 di-

264 1902 340 1956 a:it
387 1902 441 1955 in
487 1915 743 1970 synagoga
782 1898 999 1962 docens,
1041 1895 1095 1948 in
1133 1893 1511 1962 Capharnaunt.
1547 1891 1696 1946 Multi
1739 1906 1857 1961 ergo

268 1992 526 2047 audientes
571 2006 635 2044 ea:
679 1986 944 2057 discipulis
989 1991 1098 2056 ejus
1141 1985 1417 2049 dixerunt,
1465 1981 1637 2036 Durus
1681 1991 1752 2035 est
1778 1981 1859 2034 hic

266 2100 470 2145 sermo,
518 2082 630 2153 quis
666 2088 825 2151 potest
868 2094 982 2132 eum
1020 2076 1244 2131 audire?
1280 2073 1459 2131 Sciens
1502 2082 1666 2127 autem
1707 2070 1859 2125 Iesus

267 2173 412 2245 apud
453 2172 771 2241 semetipsum
803 2169 923 2241 quia
961 2175 1332 2221 murmurarent
1383 2165 1454 2241 de.
1484 2163 1578 2216 hoc
1621 2161 1863 2231 discipuli

270 2267 409 2335 ejus,
432 2264 559 2318 dixit
584 2263 693 2317 eis:
722 2260 837 2315 Hoc
877 2276 965 2314 vos
1002 2257 1353 2313 scandalizat?
1390 2255 1452 2310 Si
1492 2272 1609 2327 ergo
1639 2252 1861 2308 videritis

275 2358 467 2412 Filium
501 2356 718 2411 hominis
755 2353 1104 2408 ascendentem
1143 2351 1229 2405 ubi
1270 2360 1376 2405 erat
1405 2350 1585 2420 prius?
1637 2346 1864 2417 Spiritus

272 2459 347 2503 est
382 2450 467 2519 qui
506 2448 757 2517 vivi/icui,
801 2461 920 2500 caro
959 2454 1125 2499 autem
1175 2459 1276 2497 non
1319 2442 1520 2512 prodest
1568 2439 1862 2508 quidquam.

282 2539 445 2594 Verba
473 2554 586 2608 qua:
606 2555 697 2608 ego
719 2538 917 2591 locutus
940 2552 1050 2590 sunt
1081 2531 1217 2588 vobis
1235 2574 1250 2598 ,
1276 2532 1483 2602 spiritus
1511 2538 1561 2583 et
1598 2528 1699 2582 vita
1727 2534 1862 2581 sunt.

274 2631 385 2686 Sed
406 2641 520 2686 sunt
543 2631 748 2702 quidam
779 2645 841 2682 ea:
858 2629 995 2682 uobis
1022 2627 1109 2695 qui
1128 2642 1230 2679 non
1252 2623 1479 2676 credunt.
1505 2620 1706 2675 Sciebat
1733 2619 1865 2673 enim

272 2723 339 2776 ub
380 2723 524 2775 initio
546 2721 698 2775 Jesus
722 2761 737 2784 ,
775 2719 859 2787 qui
897 2727 1059 2771 essent
1084 2715 1368 2779 credentes,
1392 2722 1436 2766 et
1464 2712 1574 2782 quis
1593 2711 1869 2764 traditurus

275 2821 406 2867 esset
425 2827 561 2876 eum;
591 2819 637 2863 et
664 2808 857 2861 dicebat
881 2822 900 2860 :
931 2805 1210 2873 Propterea
1237 2804 1344 2857 dixi
1368 2802 1504 2856 vobis
1529 2841 1545 2868 ,
1572 2801 1702 2867 Quia
1724 2815 1869 2853 nemo

276 2904 415 2959 venit
434 2902 502 2956 ad
523 2917 602 2956 me
619 2942 636 2968 ,
676 2900 774 2955 nisi
799 2898 948 2971 fuerit
986 2897 1031 2951 ei
1055 2897 1230 2950 datum
1254 2912 1286 2948 a
1317 2894 1473 2948 Patre
1518 2908 1646 2947 meo.
1672 2890 1756 2947 Ea:
1776 2892 1871 2946 hoc

280 2995 431 3049 multi
457 2992 819 3063 discipulorum
838 2992 947 3061 ejus
972 2989 1199 3048 abierunt
1222 2996 1357 3041 retro
1374 3027 1390 3054 ,
1414 2994 1460 3039 et
1477 2986 1592 3056 jam
1620 3000 1723 3037 non
1758 2999 1874 3037 cum

282 3087 380 3141 illo
404 3085 728 3140 ambulabant
753 3081 874 3153 (Id.
905 3097 958 3136 γι
981 3120 997 3148 ,
1023 3077 1259 3149 60-67).
1299 3076 1561 3146 Numquid
1587 3089 1691 3130 non
1714 3085 1768 3129 et
1788 3072 1875 3128 isti

286 3174 530 3246 discipuli
553 3171 803 3243 appellati
823 3179 981 3238 sunt,
1007 3169 1257 3239 loquente
1276 3164 1592 3237 Evangelio't
1613 3165 1677 3219 Et
1697 3172 1874 3219 tamen

291 3282 399 3322 non
443 3273 598 3320 erant
634 3277 764 3318 vere
807 3258 1089 3330 discipuli,
1136 3258 1258 3328 quia
1313 3270 1419 3310 non
1469 3260 1779 3309 manserunt
1820 3251 1876 3306 in

290 3356 456 3413 verbo
496 3354 647 3424 ejus.
674 3350 966 3408 secundmn
997 3348 1050 3403 id
1074 3347 1217 3419 quod
1253 3347 1366 3411 ait,
1401 3343 1462 3400 Si
1500 3343 1785 3398 manseritis
1822 3343 1877 3397 in

286 3445 437 3501 uerbo
457 3460 596 3512 meo,
626 3458 738 3498 uere
759 3439 999 3512 discipuli
1036 3439 1134 3493 mei
1168 3440 1304 3493 estis.
1322 3436 1470 3505 Quia
1496 3450 1626 3505 ergo
1647 3449 1754 3488 non
1776 3433 1876 3486 ha-

294 3541 524 3594 buerunt
570 3532 1055 3607 perseverantiam,
1113 3530 1250 3585 sicut
1302 3542 1409 3583 non
1453 3540 1579 3582 vere
1634 3523 1880 3593 discipuli

291 3629 490 3685 Christi
510 3668 526 3693 ,
555 3626 625 3681 ita
656 3639 756 3680 nec
775 3638 902 3679 vere
942 3621 1036 3676 lilii
1067 3619 1161 3675 Dei
1199 3618 1443 3683 fuerunt,
1471 3616 1634 3672 etiam
1662 3613 1881 3685 quando

292 3734 413 3776 esse
440 3717 756 3773 videbantur
797 3722 854 3771 et
908 3713 981 3768 ita
1008 3710 1357 3766 vocabantur.
1386 3707 1732 3777 Appellamus
1754 3718 1882 3774 ergo

294 3827 394 3867 nos
416 3820 469 3865 et
492 3809 693 3866 electos
713 3847 730 3875 ,
763 3814 819 3860 et
842 3801 1047 3860 Christi
1081 3800 1373 3870 discipulos
1400 3799 1452 3864 ι,
1486 3806 1541 3852 et
1569 3796 1661 3851 Dei
1705 3795 1878 3860 ﬁlios,

214 3932 229 3943 ς
294 3903 422 3973 quia
446 3900 525 3956 sic
547 3896 850 3969 appellandi
891 3902 1044 3960 sunt,
1072 3906 1208 3963 quos
1230 3900 1573 3961 regeneratus
1596 3889 1680 3958 pie
1706 3887 1885 3942 vivere

296 3992 607 4051 cernimus:
636 3989 731 4045 sed
778 3995 907 4043 tunc
936 4000 1065 4040 vere
1110 3991 1234 4038 sunt
1259 3980 1401 4052 quod
1440 3980 1809 4051 appellantur,
1838 3977 1885 4032 si

296 4081 596 4138 manserint
636 4080 690 4134 in
737 4093 805 4133 eo
847 4083 1064 4145 prepter
1102 4072 1246 4143 quod
1289 4072 1369 4128 sic
1421 4069 1782 4140 appellantur.
1828 4066 1885 4123 Si

290 4184 479 4229 autem
528 4167 983 4242 perseverantiam
1030 4180 1134 4219 non
1176 4162 1414 4228 habent,
1464 4161 1516 4216 id
1559 4169 1681 4229 est,
1728 4162 1779 4214 in
1819 4175 1888 4217 eo

302 4264 446 4336 quod
473 4269 756 4333 coeperunt
778 4273 898 4315 esse
926 4272 1031 4311 non
1059 4263 1309 4320 manent,
1340 4268 1449 4308 non
1476 4266 1601 4308 vere
1623 4251 1889 4322 appellan-

305 4368 391 4412 tur
408 4355 555 4426 quod
598 4353 934 4423 appellantur
976 4357 1032 4403 et
1069 4363 1174 4401 non
1216 4354 1381 4400 sunt:
1408 4344 1552 4415 apud
1585 4358 1709 4398 eum
1745 4343 1887 4397 enim

298 4449 412 4504 hoc
439 4462 544 4502 non
573 4454 719 4510 sunt,
746 4443 831 4498 cui
853 4448 1037 4497 notum
1072 4446 1156 4495 est
1181 4437 1324 4510 quod
1338 4435 1505 4492 futuri
1530 4444 1673 4502 sunt,
1702 4434 1754 4490 id
1782 4441 1887 4501 est,

304 4554 372 4595 es
399 4538 555 4592 bonis
582 4534 728 4590 mali.

276 4618 293 4635 ’
374 4631 466 4687 23.
502 4629 727 4698 Propter
756 4626 857 4681 hoc
898 4623 1182 4697 Apostolus
1222 4636 1345 4677 cum
1391 4618 1646 4685 dixisset,
1688 4617 1893 4674 Scimus

304 4723 545 4793 quoniam
571 4719 894 4791 diligentibus
911 4716 1074 4770 Deum
1101 4715 1271 4768 omnia
1297 4720 1594 4783 cooperatur
1613 4710 1665 4763 in
1684 4707 1891 4773 bonum;

306 4816 485 4870 sciens
511 4812 795 4867 nonnullos
820 4809 1040 4879 diligere
1067 4806 1231 4860 Deum
1254 4845 1271 4871 ,
1301 4813 1357 4859 et
1385 4809 1438 4857 in
1465 4818 1530 4857 eo
1552 4802 1692 4856 bono
1728 4816 1897 4869 usque

307 4909 362 4962 in
390 4906 549 4961 linem
575 4918 681 4959 non
707 4914 1052 4972 permanere,
1084 4911 1210 4952 mox
1234 4895 1468 4963 addidit,
1499 4895 1577 4948 his
1604 4895 1692 4965 qui
1714 4909 1896 4947 secun-

308 4999 432 5052 dum
454 4994 766 5066 propositum
793 4991 953 5045 uocati
980 4997 1119 5043 sunt.
1160 4987 1223 5042 Hi
1247 4986 1389 5041 enim
1418 4986 1471 5040 in
1511 5000 1576 5038 eo
1603 4984 1744 5054 quod
1772 4982 1898 5036 dili-

306 5099 442 5162 gunt
457 5091 644 5153 Deum,
660 5092 975 5157 permanent
996 5097 1163 5150 usque
1183 5080 1236 5135 in
1261 5080 1438 5144 linem;
1462 5086 1516 5132 et
1542 5079 1631 5148 qui
1660 5078 1726 5132 ad
1760 5087 1897 5132 tem-

310 5197 412 5252 pus
436 5180 563 5237 inde
586 5179 833 5241 deviant,
859 5180 1217 5237 revertuntur,
1244 5181 1305 5225 ut
1333 5185 1500 5240 usque
1523 5169 1574 5223 in
1598 5171 1753 5223 linem
1782 5183 1899 5238 per-

307 5273 541 5338 ducant,
599 5268 741 5339 quod
793 5267 846 5323 in
903 5265 1046 5320 bono
1097 5277 1220 5318 esse
1256 5268 1552 5332 coeperunt.
1598 5259 1900 5316 Ostendens

310 5370 493 5420 autem
541 5361 669 5433 quid
694 5360 765 5414 sit
807 5356 1100 5413 secundum
1147 5353 1475 5424 propositum
1517 5351 1725 5418 vocari,
1768 5365 1897 5405 mox

310 5455 517 5510 addidit
544 5468 606 5507 ea
651 5466 767 5522 quae
792 5448 902 5519 jam
936 5460 1093 5516 supra
1135 5444 1320 5515 posui,
1355 5443 1605 5509 Quoniam
1634 5458 1757 5511 quos
1783 5450 1902 5494 ante

376 5592 393 5622 ι
430 5595 540 5638 ων.
561 5599 575 5636 :
600 5582 900 5648 Appellamus
921 5592 1037 5645 ergo
1057 5591 1136 5631 eos
1157 5583 1203 5648 et
1229 5576 1403 5648 electos
1423 5572 1601 5648 afuisti
1621 5573 1897 5648 discipulos.

311 5634 890 5710 editioni/*1ka
911 5634 1130 5710 ενᾶᾳηοδ
1150 5646 1195 5691 et
1223 5639 1393 5710 ele_cto_s
1412 5635 1588 5687 Christi
1611 5634 1902 5710 disdjmlps;

312 5696 641 5771 omissa
657 5696 857 5771 electos,
898 5696 1154 5766 copulante
1180 5698 1433 5765 particula,
1469 5711 1613 5761 quam
1657 5700 1704 5746 in
1735 5696 1902 5745 multis

311 5770 645 5835 tuauuscriptls
668 5770 956 5833 reperimus.

1950 1074 2063 1127 nati
2089 1084 2246 1138 sunt,
2277 1083 2331 1128 et
2361 1073 2513 1128 mulli
2534 1075 2643 1143 jam
2680 1077 2849 1130 νοωιί
2878 1086 3035 1147 atque
3058 1079 3327 1148 justilicati
3358 1099 3373 1136 :
3399 1083 3539 1151 quod

1950 1175 2128 1219 autem
2170 1166 2343 1234 posuit
2387 1165 2438 1220 in
2489 1165 2629 1232 line,
2681 1168 2796 1222 illos
2834 1179 2877 1221 et
2919 1169 3218 1239 gloriﬁcarit
3258 1174 3540 1241 (siquidem

1954 1257 2039 1312 illa
2083 1258 2250 1327 gloria
2274 1268 2356 1312 est
2402 1257 2487 1312 hic
2522 1258 2902 1328 intelligenda,
2933 1261 2998 1314 de
3040 1276 3143 1331 qua
3182 1263 3320 1317 idem
3375 1264 3501 1317 dicit
3525 1305 3542 1326 .

1956 1346 2080 1403 Cum
2130 1346 2360 1403 Christus
2406 1351 2703 1420 apparuerit
2737 1351 2836 1403 vita
2863 1361 3024 1404 vestra
3046 1392 3061 1417 ,
3088 1362 3207 1406 tunc
3245 1363 3292 1408 et
3321 1371 3406 1408 eos
3432 1370 3547 1408 cum

1954 1438 2045 1493 illo
2060 1437 2362 1508 apparebitis
2374 1439 2423 1491 in
2448 1440 2610 1509 gloria
2632 1437 2847 1512 [Coloss.
2872 1456 2949 1507 lll,
2969 1441 3070 1514 4]),
3098 1446 3330 1499 nondum
3353 1436 3545 1502 litatum

1957 1538 2059 1583 est.
2085 1529 2337 1594 Quamvis
2366 1538 2418 1582 et
2451 1529 2537 1582 illa
2568 1528 2691 1592 duo,
2719 1530 2767 1583 id
2799 1539 2918 1596 est,
2948 1535 3139 1586 vocavit
3166 1544 3212 1587 et
3223 1535 3546 1604 justi/ienuit,

1958 1634 2065 1672 non
2118 1619 2173 1701 in
2217 1618 2466 1672 omnibus
2516 1619 2647 1673 facta
2680 1620 2818 1684 sint,
2853 1620 2923 1675 dc
2964 1623 3159 1692 quibus
3207 1624 3347 1679 dicta
3388 1636 3546 1693 sunt;

1960 1707 2135 1761 adhuc
2181 1709 2323 1762 enim
2364 1724 2528 1777 usque
2564 1710 2614 1763 in
2662 1709 2820 1764 linem
2848 1714 3025 1767 sa'cnli
3068 1714 3218 1769 multi
3250 1719 3473 1772 vocandi
3495 1728 3552 1773 et

1955 1799 2282 1871 justilicandi
2322 1810 2444 1855 Sunt
2473 1817 2485 1853 :
2510 1810 2563 1854 ct
2593 1810 2767 1857 tamen
2812 1804 2970 1858 verba
3011 1808 3260 1874 praeteriti
3294 1812 3548 1878 temporis

1962 1892 2138 1962 posuit
2164 1890 2228 1945 de
2270 1891 2429 1945 rebus
2479 1892 2638 1946 etiam
2669 1891 2897 1960 futuris,
2926 1906 3175 1966 tanquam
3213 1898 3324 1965 jam
3369 1898 3554 1955 fecerit

1965 1983 2142 2048 Deus,
2173 1999 2291 2052 quae
2336 1983 2445 2051 jam
2498 1993 2553 2038 ut
2599 1983 2788 2039 ﬁerent
2831 2001 2896 2041 ex
2942 1990 3238 2045 mternitate
3271 1990 3551 2063 disposuit.

1962 2071 2087 2127 ideo
2107 2075 2173 2128 dc
2191 2075 2282 2128 illo
2298 2074 2489 2129 dicitet
2508 2075 2760 2145 propheta
2789 2075 2965 2144 Isaias,
2998 2078 3098 2144 Qui
3122 2082 3364 2151 [ecitqute
3382 2087 3554 2153 futura

1964 2175 2079 2220 sunt
2098 2164 2229 2235 (lsai
2246 2182 2365 2224 xcv.
2379 2184 2479 2221 sec.
2504 2167 2691 2237 LXX).
2713 2168 3044 2241 Quicumque
3058 2176 3249 2242 ergnin
3268 2175 3360 2231 Dei
3380 2178 3558 2245 provi-

1969 2254 2278 2309 dentissima
2296 2256 2644 2325 dispositione
2672 2260 2920 2326 praesciti,
2965 2262 3342 2330 prmdestiuati,
3362 2267 3555 2334 vocali,

1963 2345 2543 2417 justitimti,gloritii~ati
2560 2358 2702 2410 sunt.
2721 2366 2825 2404 non
2853 2351 2973 2406 dico
3010 2354 3168 2408 etiam
3199 2357 3430 2410 nondum
3476 2372 3563 2413 re-

1968 2438 2096 2500 nati,
2119 2437 2212 2492 sed
2234 2439 2390 2490 t-tiatn
2414 2439 2645 2493 nondum
2676 2442 2804 2505 nati,
2827 2441 2936 2512 jam
2972 2444 3059 2497 lilii
3081 2445 3172 2499 Dei
3198 2458 3338 2512 sunt,
3363 2456 3418 2503 et
3446 2464 3562 2503 om-

1932 2535 1939 2541 ‘
1970 2526 2098 2581 nino
2128 2527 2299 2594 perire
2319 2541 2423 2581 non
2448 2539 2685 2598 possunt.
2716 2531 2777 2585 Hi
2805 2548 2926 2588 vero
2952 2536 3166 2590 \‘euittttl
3184 2538 3249 2591 ad
3269 2538 3558 2607 Christum;

1973 2620 2093 2689 quia
2125 2618 2195 2674 ita
2225 2618 2440 2674 veniunt
2461 2660 2475 2684 ,
2504 2621 2770 2690 quomodo
2797 2625 2908 2692 ipse
2929 2626 3096 2693 dicit,
3133 2629 3295 2684 Omne
3315 2633 3453 2703 quod
3471 2634 3561 2687 dat

1974 2709 2099 2763 mihi
2130 2707 2305 2778 Pater,
2333 2709 2401 2763 ad
2427 2727 2505 2764 me
2535 2712 2734 2779 veniet;
2758 2724 2807 2767 et
2834 2712 2947 2769 eum
2966 2718 3051 2786 qui
3077 2720 3208 2772 venit
3236 2723 3304 2773 ad
3329 2738 3427 2787 me,
3460 2739 3561 2777 non

1977 2800 2174 2871 ejiciam
2202 2803 2362 2873 foras.
2395 2802 2461 2856 Et
2491 2803 2647 2873 paulo
2676 2813 2835 2874 post,
2866 2805 2990 2861 Iltec
3014 2818 3121 2875 est,
3152 2810 3320 2880 inquit
3339 2852 3355 2878 ,
3378 2814 3563 2867 uolun-

1977 2900 2056 2945 tas
2081 2892 2192 2962 ejus
2229 2893 2315 2964 qui
2344 2893 2478 2946 misit
2505 2910 2584 2947 me
2620 2893 2790 2950 Putris
2810 2938 2825 2960 ,
2859 2907 2910 2949 ut
2936 2914 3083 2952 omne
3107 2902 3241 2969 quod
3272 2902 3408 2955 dedit
3437 2904 3561 2957 mihi

1976 2997 2079 3035 non
2108 2984 2316 3053 perdant
2342 2998 2478 3037 exeo
2504 2982 2682 3054 (Joan.
2710 3000 2799 3051 vt,
2829 2986 2916 3049 57,
2950 2988 3062 3058 59).
3092 2991 3174 3043 Ab
3201 2991 3293 3045 illo
3313 3007 3441 3062 ergo
3466 2994 3564 3047 da-

1980 3080 2067 3126 tur
2093 3072 2252 3126 etiam
2279 3074 2673 3142 perseverantia
2701 3075 2753 3130 in
2788 3075 2927 3131 bono
2955 3092 3122 3147 usque
3149 3080 3200 3133 in
3231 3082 3390 3136 linem
3418 3100 3433 3136 :
3463 3099 3561 3138 ne-

1979 3176 2084 3231 que
2103 3162 2244 3217 enim
2273 3163 2458 3230 datur,
2489 3164 2590 3219 nisi
2616 3165 2694 3219 eis
2733 3167 2823 3237 qui
2853 3183 2957 3222 non
3003 3170 3278 3239 peribunt;
3311 3174 3563 3244 quoniam

1980 3252 2071 3323 qui
2098 3267 2203 3308 non
2227 3265 2571 3323 perseverant
2594 3256 2862 3326 peribunt.

1982 3404 2001 3427 ν
2053 3343 2144 3399 24.
2189 3344 2408 3401 Talibus
2436 3346 2578 3402 Deus
2618 3348 2961 3418 diligentibus
3001 3367 3122 3406 eum
3150 3354 3327 3410 omnia
3367 3371 3565 3427 coope-

1982 3445 2130 3491 ratur
2155 3435 2207 3489 in
2238 3435 2456 3501 bonum;
2494 3451 2661 3506 usque
2686 3438 2823 3493 adeo
2847 3455 3066 3510 prorsus
3091 3446 3288 3508 omnia,
3322 3453 3378 3501 ut
3403 3448 3565 3502 etiam

1983 3524 2029 3579 si
2085 3525 2174 3595 qui
2227 3540 2412 3580 eorum
2461 3526 2674 3581 deviant
2725 3536 2779 3583 et
2832 3533 3174 3600 exorbitant,
3233 3538 3391 3591 etiam
3466 3538 3568 3594 hoc

1985 3616 2157 3688 ipsum
2183 3616 2262 3671 eis
2283 3617 2437 3672 faciat
2462 3619 2723 3686 proﬁcere
2744 3620 2805 3674 in
2848 3621 3044 3677 bonum
3064 3664 3080 3690 ,
3112 3627 3234 3696 quia
3259 3627 3570 3688 lmmiliorcs

1986 3709 2212 3766 redeunt
2257 3718 2416 3780 atque
2464 3709 2753 3767 doctiores.
2801 3714 3016 3769 Discunt
3058 3718 3198 3771 enim
3227 3718 3278 3773 in
3302 3720 3412 3788 ipsa
3440 3723 3568 3775 via’

1982 3800 2126 3871 justa
2156 3816 2278 3856 cum
2308 3812 2541 3858 tremore
2574 3818 2634 3859 se
2659 3794 2927 3861 exsultare
2956 3806 3174 3874 debere,
3207 3825 3312 3864 non
3351 3813 3448 3866 sibi
3479 3829 3568 3868 ιιι-α

1986 3892 2226 3963 rogando
2249 3902 2498 3963 tanquam
2519 3894 2586 3948 de
2606 3909 2700 3949 sua
2721 3897 2911 3951 virtute
2935 3898 3177 3952 lidnciam
3201 3903 3569 3970 permanendi,

1995 3994 2096 4038 nec
2124 3983 2349 4039 dicendo
2380 3985 2430 4038 in
2461 3985 2780 4042 abundantia
2824 4002 2917 4042 sua
2942 4031 2956 4053 ,
2982 3989 3098 4044 Non
3144 3993 3474 4049 movehiinur
3520 3996 3571 4050 in

1990 4083 2272 4129 :eternum.
2302 4075 2527 4145 Pmpter
2572 4076 2713 4146 quod
2744 4078 2822 4131 eis
2868 4064 3093 4139 dicitur.
3124 4080 3339 4137 Seruite'
3359 4083 3574 4139 Doniino

1990 4169 2044 4222 in
2070 4176 2279 4230 timore,
2309 4176 2358 4222 et
2398 4168 2619 4222 exultate
2654 4168 2842 4235 eicum
2866 4179 3114 4237 tremore,
3151 4189 3215 4226 ne
3240 4176 3444 4243 quando
3467 4177 3575 4230 ira-

1992 4269 2164 4313 scatur
2195 4259 2441 4313 Dominus
2464 4301 2479 4325 ,
2505 4268 2552 4313 et
2579 4260 2795 4328 pereatis
2814 4259 2878 4314 de
2901 4262 2983 4315 via
3001 4264 3145 4334 justa
3175 4263 3347 4334 (Psal.
3380 4282 3415 4323 tt
3435 4309 3452 4335 ,
3486 4270 3575 4335 ll,

1995 4350 2107 4423 η).
2152 4349 2336 4421 Neque
2359 4351 2501 4405 enim
2532 4350 2640 4418 ait,
2670 4352 2736 4406 Et
2766 4366 2870 4407 non
2898 4354 2919 4384 '
2944 4356 3168 4410 veniatis
3214 4358 3281 4412 ad
3326 4362 3464 4415 viam
3486 4364 3577 4431 ju-

1995 4452 2153 4509 stam;
2180 4443 2292 4508 sed,
2318 4459 2380 4496 ne
2392 4442 2627 4513 pereatis,
2653 4443 2841 4512 inquit,
2862 4445 2926 4499 de
2942 4446 3021 4499 aia
3033 4446 3181 4516 justa
3210 4463 3231 4503 :
3250 4449 3376 4521 quid
3398 4463 3579 4507 osten-

1996 4535 2149 4602 dens,
2182 4535 2282 4590 nisi
2305 4550 2400 4591 eos
2423 4550 2544 4591 esse
2564 4536 2939 4601 commonitos,
2965 4539 3054 4607 qui
3079 4539 3189 4608 jam
3220 4542 3494 4598 ambulant
3523 4545 3578 4599 in

1997 4627 2079 4682 via
2102 4627 2265 4696 iusta,
2294 4634 2350 4680 ut
2370 4626 2422 4681 in
2446 4626 2637 4681 timore
2655 4626 2763 4682 Deo
2789 4628 3045 4693 serviant,
3076 4629 3127 4685 id
3152 4640 3253 4699 est,
3282 4649 3385 4687 non
3412 4635 3577 4689 altum

1998 4717 2241 4786 sapiant,
2270 4716 2363 4770 sed
2396 4718 2615 4772 timeant
2643 4716 2832 4788 (Rom.
2856 4734 2941 4784 ιι,
2972 4719 3093 4790 20)?
3112 4722 3251 4790 quod
3278 4712 3541 4792 signiﬁcat
3560 4766 3578 4791 ,

1999 4806 2115 4862 Non
2143 4808 2452 4878 superbiant
2472 4850 2488 4875 ,
2522 4808 2616 4863 sed
2663 4810 2889 4866 humiles
2918 4811 3065 4865 sint:
3096 4813 3234 4867 unde
3258 4825 3312 4869 et
3336 4816 3461 4870 alihi
3498 4818 3583 4871 di-

2000 4900 2111 4964 cit,
2157 4898 2277 4953 Non
2320 4901 2423 4953 alta
2467 4900 2717 4969 sapientes
2738 4941 2755 4967 ,
2790 4903 2878 4955 sed
2908 4902 3185 4957 humilibus
3222 4908 3585 4963 consentientes

2004 4987 2114 5059 (Id.
2154 5005 2226 5043 ιιι
2251 5031 2266 5055 ,
2301 4989 2387 5058 l6)
2419 5006 2431 5041 :
2462 4989 2727 5044 exsultent
2755 4990 2895 5058 Deo,
2936 4993 3028 5047 sed
3057 5008 3177 5048 cum
3222 5003 3489 5063 tremore;
3530 4999 3581 5052 in

2004 5082 2148 5136 nullo
2193 5081 2520 5152 gloriantes,
2559 5081 2771 5151 quando
2812 5092 3051 5137 nostrum
3098 5083 3227 5139 nihil
3267 5087 3376 5151 sit;
3406 5096 3465 5142 ut
3491 5088 3584 5159 qui

2003 5172 2287 5243 gloriatur,
2322 5171 2373 5225 in
2406 5172 2631 5226 Domino
2660 5172 2915 5241 glorietur
2958 5174 3171 5239 (.Ierem.
3200 5191 3256 5230 Ix
3277 5217 3293 5243 ,
3320 5176 3420 5239 25.
3450 5178 3543 5249 24)
3569 5197 3582 5235 :

2005 5276 2073 5317 ne
2100 5270 2318 5329 pereant
2343 5260 2410 5316 de
2434 5261 2515 5314 via
2540 5261 2681 5330 jnsta
2702 5304 2717 5327 ,
2748 5262 2800 5315 in
2828 5277 2930 5332 qua
2968 5264 3075 5332 jam
3100 5267 3375 5323 ambulare
3402 5284 3583 5340 crepe-

2008 5358 2149 5414 runt,
2179 5351 2304 5405 dum
2326 5351 2424 5406 sibi
2444 5351 2545 5406 hoc
2570 5350 2740 5421 ipsum
2764 5353 3034 5422 assignant
3054 5396 3067 5421 ,
3098 5355 3241 5425 quod
3272 5358 3325 5412 in
3349 5373 3412 5413 ea
3435 5368 3580 5415 sunt.

2007 5445 2101 5501 llis
2127 5443 2301 5498 verbis
2329 5458 2456 5498 usus
2480 5454 2563 5498 est
2596 5452 2650 5497 et
2672 5444 2955 5512 Apostolus
2973 5483 2990 5507 ,
3017 5445 3103 5500 ubi
3130 5447 3231 5511 ait,
3257 5446 3384 5504 Cum
3410 5452 3589 5510 timor:

2007 5543 2054 5588 et
2103 5543 2318 5588 tremore
2374 5545 2586 5588 uestram
2630 5533 2856 5603 ipsorum
2900 5535 3115 5590 salutem
3165 5542 3465 5611 operamini.
3520 5544 3586 5600 Et

2071 5696 2085 5725 ι
2126 5701 2223 5741 Am.
2250 5699 2303 5742 et
2325 5689 2492 5754 plures
2512 5696 2638 5747 Mss,
2664 5687 2774 5738 rita.

2075 5759 2094 5788 ²
2130 5756 2263 5815 miti,
2288 5751 2364 5805 ne.
2402 5751 2568 5802 Melius
2591 5759 2715 5814 3:53.,
2737 5763 2845 5803 non.
