  <div class='ocr_page' id='page_1' title='image "/cluster/home/n/w/nwhite01/storage/ocr_20150623/44/hvd.32044069687945/471.png"; bbox 0 0 3972 6178; ppageno 0'>
   <div class='ocr_carea' id='block_1_1' title="bbox 433 323 530 379">
    <p class='ocr_par' dir='ltr' id='par_1_1' title="bbox 433 323 530 379">
     <span class='ocr_line' id='line_1_1' title="bbox 433 323 530 379; baseline -0.021 0"><span class='ocrx_word' id='word_1_1' title='bbox 433 323 530 379; x_wconf 79' lang='lat'><strong>93!</strong></span> 
     </span>
    </p>
   </div>
   <div class='ocr_carea' id='block_1_2' title="bbox 436 419 2027 506">
    <p class='ocr_par' dir='ltr' id='par_1_2' title="bbox 436 419 2027 506">
     <span class='ocr_line' id='line_1_2' title="bbox 436 419 2027 506; baseline -0.013 -12"><span class='ocrx_word' id='word_1_2' title='bbox 436 435 728 494; x_wconf 86' lang='lat' dir='ltr'><strong>ostendens</strong></span> <span class='ocrx_word' id='word_1_3' title='bbox 771 449 936 504; x_wconf 84' lang='lat' dir='ltr'><strong>quare</strong></span> <span class='ocrx_word' id='word_1_4' title='bbox 972 445 1091 486; x_wconf 82' lang='lat' dir='ltr'><strong>cum</strong></span> <span class='ocrx_word' id='word_1_5' title='bbox 1134 426 1326 506; x_wconf 65' lang='lat' dir='ltr'><strong>timorg</strong></span> <span class='ocrx_word' id='word_1_6' title='bbox 1367 435 1426 480; x_wconf 81' lang='lat' dir='ltr'><strong>et</strong></span> <span class='ocrx_word' id='word_1_7' title='bbox 1469 436 1701 480; x_wconf 90' lang='lat' dir='ltr'><strong>tremore</strong></span> <span class='ocrx_word' id='word_1_8' title='bbox 1732 440 1747 476; x_wconf 88' lang='lat'><strong>:</strong></span> <span class='ocrx_word' id='word_1_9' title='bbox 1778 419 1917 478; x_wconf 71' lang='lat' dir='ltr'><strong>Deus</strong></span> <span class='ocrx_word' id='word_1_10' title='bbox 1956 428 2027 474; x_wconf 75' lang='lat' dir='ltr'><strong>est</strong></span> 
     </span>
    </p>
   </div>
   <div class='ocr_carea' id='block_1_3' title="bbox 437 513 2030 598">
    <p class='ocr_par' dir='ltr' id='par_1_3' title="bbox 437 513 2030 598">
     <span class='ocr_line' id='line_1_3' title="bbox 437 513 2030 598; baseline -0.013 -13"><span class='ocrx_word' id='word_1_11' title='bbox 437 533 570 585; x_wconf 76' lang='lat' dir='ltr'><strong>enim</strong></span> <span class='ocrx_word' id='word_1_12' title='bbox 589 569 605 596; x_wconf 95' lang='lat'><strong>,</strong></span> <span class='ocrx_word' id='word_1_13' title='bbox 662 526 858 598; x_wconf 88' lang='lat' dir='ltr'><strong>inquit,</strong></span> <span class='ocrx_word' id='word_1_14' title='bbox 887 525 973 590; x_wconf 89' lang='lat' dir='ltr'><strong>qui</strong></span> <span class='ocrx_word' id='word_1_15' title='bbox 1007 530 1244 588; x_wconf 74' lang='lat' dir='ltr'><strong>operatur</strong></span> <span class='ocrx_word' id='word_1_16' title='bbox 1265 520 1317 574; x_wconf 85' lang='lat' dir='ltr'><strong>in</strong></span> <span class='ocrx_word' id='word_1_17' title='bbox 1342 517 1479 573; x_wconf 72' lang='lat' dir='ltr'><strong>vobis</strong></span> <span class='ocrx_word' id='word_1_18' title='bbox 1505 525 1548 570; x_wconf 76' lang='lat' dir='ltr'><strong>rt</strong></span> <span class='ocrx_word' id='word_1_19' title='bbox 1572 513 1700 570; x_wconf 65' lang='lat' dir='ltr'><strong>uelle</strong></span> <span class='ocrx_word' id='word_1_20' title='bbox 1716 522 1766 572; x_wconf 81' lang='lat' dir='ltr'><strong>et</strong></span> <span class='ocrx_word' id='word_1_21' title='bbox 1785 514 1985 585; x_wconf 83' lang='lat' dir='ltr'><strong>operari</strong></span> <span class='ocrx_word' id='word_1_22' title='bbox 2012 552 2030 576; x_wconf 86' lang='lat'><strong>,</strong></span> 
     </span>
    </p>
   </div>
   <div class='ocr_carea' id='block_1_4' title="bbox 444 601 2034 693">
    <p class='ocr_par' dir='ltr' id='par_1_4' title="bbox 444 601 2034 693">
     <span class='ocr_line' id='line_1_4' title="bbox 444 601 2034 693; baseline -0.011 -18"><span class='ocrx_word' id='word_1_23' title='bbox 444 639 540 693; x_wconf 80' lang='lat' dir='ltr'><strong>pro</strong></span> <span class='ocrx_word' id='word_1_24' title='bbox 561 621 690 674; x_wconf 85' lang='lat' dir='ltr'><strong>bona</strong></span> <span class='ocrx_word' id='word_1_25' title='bbox 713 619 968 672; x_wconf 76' lang='lat' dir='ltr'><strong>voluntate</strong></span> <span class='ocrx_word' id='word_1_26' title='bbox 990 613 1248 687; x_wconf 77' lang='lat' dir='ltr'><strong>(Philipp.</strong></span> <span class='ocrx_word' id='word_1_27' title='bbox 1276 628 1348 678; x_wconf 83' lang='grc' dir='ltr'><strong>ιι,</strong></span> <span class='ocrx_word' id='word_1_28' title='bbox 1373 610 1460 676; x_wconf 70' lang='lat' dir='ltr'><strong>lit,</strong></span> <span class='ocrx_word' id='word_1_29' title='bbox 1489 607 1596 674; x_wconf 79' lang='lat' dir='ltr'><strong>i3).</strong></span> <span class='ocrx_word' id='word_1_30' title='bbox 1629 604 1749 665; x_wconf 80' lang='lat' dir='ltr'><strong>Non</strong></span> <span class='ocrx_word' id='word_1_31' title='bbox 1776 606 1916 660; x_wconf 88' lang='lat' dir='ltr'><strong>enim</strong></span> <span class='ocrx_word' id='word_1_32' title='bbox 1939 601 2034 658; x_wconf 87' lang='lat' dir='ltr'><strong>ha-</strong></span> 
     </span>
    </p>
   </div>
   <div class='ocr_carea' id='block_1_5' title="bbox 445 695 2030 772">
    <p class='ocr_par' dir='ltr' id='par_1_5' title="bbox 445 695 2030 772">
     <span class='ocr_line' id='line_1_5' title="bbox 445 695 2030 772; baseline -0.011 -6"><span class='ocrx_word' id='word_1_33' title='bbox 445 711 606 766; x_wconf 85' lang='lat' dir='ltr'><strong>bebat</strong></span> <span class='ocrx_word' id='word_1_34' title='bbox 653 711 793 764; x_wconf 89' lang='lat' dir='ltr'><strong>hunc</strong></span> <span class='ocrx_word' id='word_1_35' title='bbox 839 708 1085 762; x_wconf 74' lang='lat' dir='ltr'><strong>llmOﬂ‘m</strong></span> <span class='ocrx_word' id='word_1_36' title='bbox 1128 713 1184 760; x_wconf 92' lang='lat' dir='ltr'><strong>et</strong></span> <span class='ocrx_word' id='word_1_37' title='bbox 1230 714 1520 758; x_wconf 88' lang='lat' dir='ltr'><strong>tremorem</strong></span> <span class='ocrx_word' id='word_1_38' title='bbox 1546 742 1564 770; x_wconf 92' lang='lat'><strong>,</strong></span> <span class='ocrx_word' id='word_1_39' title='bbox 1599 699 1691 772; x_wconf 88' lang='lat' dir='ltr'><strong>qui</strong></span> <span class='ocrx_word' id='word_1_40' title='bbox 1733 697 1948 754; x_wconf 89' lang='lat' dir='ltr'><strong>diccbat</strong></span> <span class='ocrx_word' id='word_1_41' title='bbox 1977 695 2030 749; x_wconf 90' lang='lat' dir='ltr'><strong>in</strong></span> 
     </span>
    </p>
   </div>
   <div class='ocr_carea' id='block_1_6' title="bbox 439 787 2032 864">
    <p class='ocr_par' dir='ltr' id='par_1_6' title="bbox 439 787 2032 864">
     <span class='ocr_line' id='line_1_6' title="bbox 439 787 2032 864; baseline -0.012 -4"><span class='ocrx_word' id='word_1_42' title='bbox 439 802 761 860; x_wconf 77' lang='lat' dir='ltr'><strong>abundantia</strong></span> <span class='ocrx_word' id='word_1_43' title='bbox 813 814 906 854; x_wconf 85' lang='lat' dir='ltr'><strong>sua</strong></span> <span class='ocrx_word' id='word_1_44' title='bbox 933 841 946 864; x_wconf 92' lang='lat'><strong>,</strong></span> <span class='ocrx_word' id='word_1_45' title='bbox 979 797 1098 852; x_wconf 84' lang='lat' dir='ltr'><strong>Non</strong></span> <span class='ocrx_word' id='word_1_46' title='bbox 1126 796 1356 852; x_wconf 80' lang='lat' dir='ltr'><strong>movebar</strong></span> <span class='ocrx_word' id='word_1_47' title='bbox 1381 793 1436 851; x_wconf 87' lang='lat' dir='ltr'><strong>in</strong></span> <span class='ocrx_word' id='word_1_48' title='bbox 1469 805 1732 851; x_wconf 64' lang='lat' dir='ltr'><strong>internum.</strong></span> <span class='ocrx_word' id='word_1_49' title='bbox 1777 788 1882 846; x_wconf 88' lang='lat' dir='ltr'><strong>Sed</strong></span> <span class='ocrx_word' id='word_1_50' title='bbox 1910 787 2032 859; x_wconf 84' lang='lat' dir='ltr'><strong>quia</strong></span> 
     </span>
    </p>
   </div>
   <div class='ocr_carea' id='block_1_7' title="bbox 441 885 2034 961">
    <p class='ocr_par' dir='ltr' id='par_1_7' title="bbox 441 885 2034 961">
     <span class='ocr_line' id='line_1_7' title="bbox 441 885 2034 961; baseline -0.011 -13"><span class='ocrx_word' id='word_1_51' title='bbox 441 894 582 948; x_wconf 77' lang='lat' dir='ltr'><strong>filius</strong></span> <span class='ocrx_word' id='word_1_52' title='bbox 623 901 737 946; x_wconf 84' lang='lat' dir='ltr'><strong>erat</strong></span> <span class='ocrx_word' id='word_1_53' title='bbox 779 887 1169 961; x_wconf 74' lang='lat' dir='ltr'><strong>promissionis,</strong></span> <span class='ocrx_word' id='word_1_54' title='bbox 1211 902 1319 944; x_wconf 89' lang='lat' dir='ltr'><strong>non</strong></span> <span class='ocrx_word' id='word_1_55' title='bbox 1366 885 1725 957; x_wconf 82' lang='lat' dir='ltr'><strong>perditionis,</strong></span> <span class='ocrx_word' id='word_1_56' title='bbox 1779 886 2034 948; x_wconf 78' lang='lat' dir='ltr'><strong>expertus</strong></span> 
     </span>
    </p>
   </div>
   <div class='ocr_carea' id='block_1_8' title="bbox 442 968 2024 1054">
    <p class='ocr_par' dir='ltr' id='par_1_8' title="bbox 442 968 2024 1054">
     <span class='ocr_line' id='line_1_8' title="bbox 442 968 2024 1054; baseline -0.013 -14"><span class='ocrx_word' id='word_1_57' title='bbox 442 985 554 1040; x_wconf 88' lang='lat' dir='ltr'><strong>Deo</strong></span> <span class='ocrx_word' id='word_1_58' title='bbox 601 982 872 1054; x_wconf 79' lang='lat' dir='ltr'><strong>paululum</strong></span> <span class='ocrx_word' id='word_1_59' title='bbox 907 979 1194 1039; x_wconf 74' lang='lat' dir='ltr'><strong>deserente</strong></span> <span class='ocrx_word' id='word_1_60' title='bbox 1231 977 1359 1049; x_wconf 87' lang='lat' dir='ltr'><strong>quid</strong></span> <span class='ocrx_word' id='word_1_61' title='bbox 1395 983 1538 1032; x_wconf 83' lang='lat' dir='ltr'><strong>esset</strong></span> <span class='ocrx_word' id='word_1_62' title='bbox 1582 974 1698 1044; x_wconf 88' lang='lat' dir='ltr'><strong>ipse</strong></span> <span class='ocrx_word' id='word_1_63' title='bbox 1726 989 1740 1024; x_wconf 90' lang='lat'><strong>:</strong></span> <span class='ocrx_word' id='word_1_64' title='bbox 1768 968 1987 1024; x_wconf 83' lang='lat' dir='ltr'><strong>Domine</strong></span> <span class='ocrx_word' id='word_1_65' title='bbox 2008 1008 2024 1034; x_wconf 92' lang='lat'><strong>,</strong></span> 
     </span>
    </p>
   </div>
   <div class='ocr_carea' id='block_1_9' title="bbox 438 1062 2034 1144">
    <p class='ocr_par' dir='ltr' id='par_1_9' title="bbox 438 1062 2034 1144">
     <span class='ocr_line' id='line_1_9' title="bbox 438 1062 2034 1144; baseline -0.014 -10"><span class='ocrx_word' id='word_1_66' title='bbox 438 1075 628 1144; x_wconf 78' lang='lat' dir='ltr'><strong>inquit.</strong></span> <span class='ocrx_word' id='word_1_67' title='bbox 658 1073 712 1128; x_wconf 77' lang='lat' dir='ltr'><strong>in</strong></span> <span class='ocrx_word' id='word_1_68' title='bbox 736 1070 998 1133; x_wconf 74' lang='lat' dir='ltr'><strong>voluntate</strong></span> <span class='ocrx_word' id='word_1_69' title='bbox 1019 1083 1107 1126; x_wconf 88' lang='lat' dir='ltr'><strong>tua</strong></span> <span class='ocrx_word' id='word_1_70' title='bbox 1139 1069 1417 1142; x_wconf 67' lang='lat' dir='ltr'><strong>priestitisti</strong></span> <span class='ocrx_word' id='word_1_71' title='bbox 1445 1066 1612 1120; x_wconf 83' lang='lat' dir='ltr'><strong>decori</strong></span> <span class='ocrx_word' id='word_1_72' title='bbox 1639 1079 1748 1117; x_wconf 90' lang='lat' dir='ltr'><strong>meo</strong></span> <span class='ocrx_word' id='word_1_73' title='bbox 1779 1062 2034 1124; x_wconf 82' lang='lat' dir='ltr'><strong>uirtutem;</strong></span> 
     </span>
    </p>
   </div>
   <div class='ocr_carea' id='block_1_10' title="bbox 439 1151 2037 1239">
    <p class='ocr_par' dir='ltr' id='par_1_10' title="bbox 439 1151 2037 1239">
     <span class='ocr_line' id='line_1_10' title="bbox 439 1151 2037 1239; baseline -0.014 -15"><span class='ocrx_word' id='word_1_74' title='bbox 439 1164 666 1222; x_wconf 62' lang='lat' dir='ltr'><strong>armis“</strong></span> <span class='ocrx_word' id='word_1_75' title='bbox 705 1169 888 1239; x_wconf 77' lang='lat' dir='ltr'><strong>faciem</strong></span> <span class='ocrx_word' id='word_1_76' title='bbox 930 1176 1069 1218; x_wconf 87' lang='lat' dir='ltr'><strong>tuam</strong></span> <span class='ocrx_word' id='word_1_77' title='bbox 1091 1179 1122 1216; x_wconf 90' lang='lat' dir='ltr'><strong>a</strong></span> <span class='ocrx_word' id='word_1_78' title='bbox 1148 1176 1226 1214; x_wconf 85' lang='lat' dir='ltr'><strong>me</strong></span> <span class='ocrx_word' id='word_1_79' title='bbox 1245 1201 1260 1228; x_wconf 91' lang='lat'><strong>,</strong></span> <span class='ocrx_word' id='word_1_80' title='bbox 1292 1169 1338 1214; x_wconf 78' lang='lat' dir='ltr'><strong>et</strong></span> <span class='ocrx_word' id='word_1_81' title='bbox 1370 1161 1536 1229; x_wconf 74' lang='lat' dir='ltr'><strong>factus</strong></span> <span class='ocrx_word' id='word_1_82' title='bbox 1564 1170 1676 1210; x_wconf 81' lang='lat' dir='ltr'><strong>sum</strong></span> <span class='ocrx_word' id='word_1_83' title='bbox 1711 1151 2037 1206; x_wconf 72' lang='lat' dir='ltr'><strong>conturbatus</strong></span> 
     </span>
    </p>
   </div>
   <div class='ocr_carea' id='block_1_11' title="bbox 445 1241 2039 1330">
    <p class='ocr_par' dir='ltr' id='par_1_11' title="bbox 445 1241 2039 1330">
     <span class='ocr_line' id='line_1_11' title="bbox 445 1241 2039 1330; baseline -0.014 -14"><span class='ocrx_word' id='word_1_84' title='bbox 445 1257 620 1330; x_wconf 67' lang='lat' dir='ltr'><strong>tl&#39;sol.</strong></span> <span class='ocrx_word' id='word_1_85' title='bbox 643 1275 792 1324; x_wconf 75' lang='lat' dir='ltr'><strong>xxrx,</strong></span> <span class='ocrx_word' id='word_1_86' title='bbox 817 1259 870 1322; x_wconf 88' lang='lat'><strong>7,</strong></span> <span class='ocrx_word' id='word_1_87' title='bbox 895 1257 972 1328; x_wconf 92' lang='lat'><strong>8).</strong></span> <span class='ocrx_word' id='word_1_88' title='bbox 997 1255 1136 1310; x_wconf 85' lang='lat' dir='ltr'><strong>Ecce</strong></span> <span class='ocrx_word' id='word_1_89' title='bbox 1161 1252 1369 1308; x_wconf 88' lang='lat' dir='ltr'><strong>doctior</strong></span> <span class='ocrx_word' id='word_1_90' title='bbox 1388 1292 1402 1318; x_wconf 95' lang='lat'><strong>,</strong></span> <span class='ocrx_word' id='word_1_91' title='bbox 1426 1257 1482 1304; x_wconf 92' lang='lat' dir='ltr'><strong>et</strong></span> <span class='ocrx_word' id='word_1_92' title='bbox 1519 1248 1589 1303; x_wconf 89' lang='lat' dir='ltr'><strong>ob</strong></span> <span class='ocrx_word' id='word_1_93' title='bbox 1618 1247 1720 1300; x_wconf 90' lang='lat' dir='ltr'><strong>hoc</strong></span> <span class='ocrx_word' id='word_1_94' title='bbox 1739 1245 1900 1301; x_wconf 82' lang='lat' dir='ltr'><strong>etiam</strong></span> <span class='ocrx_word' id='word_1_95' title='bbox 1939 1241 2039 1296; x_wconf 88' lang='lat' dir='ltr'><strong>bu-</strong></span> 
     </span>
    </p>
   </div>
   <div class='ocr_carea' id='block_1_12' title="bbox 445 1335 2041 1416">
    <p class='ocr_par' dir='ltr' id='par_1_12' title="bbox 445 1335 2041 1416">
     <span class='ocr_line' id='line_1_12' title="bbox 445 1335 2041 1416; baseline -0.013 -8"><span class='ocrx_word' id='word_1_96' title='bbox 445 1353 626 1409; x_wconf 80' lang='lat' dir='ltr'><strong>tnilior</strong></span> <span class='ocrx_word' id='word_1_97' title='bbox 648 1393 664 1416; x_wconf 91' lang='lat'><strong>,</strong></span> <span class='ocrx_word' id='word_1_98' title='bbox 693 1349 862 1404; x_wconf 87' lang='lat' dir='ltr'><strong>tenuit</strong></span> <span class='ocrx_word' id='word_1_99' title='bbox 890 1349 1026 1401; x_wconf 83' lang='lat' dir='ltr'><strong>viam</strong></span> <span class='ocrx_word' id='word_1_100' title='bbox 1047 1387 1062 1413; x_wconf 94' lang='lat'><strong>,</strong></span> <span class='ocrx_word' id='word_1_101' title='bbox 1087 1345 1198 1415; x_wconf 88' lang='lat' dir='ltr'><strong>jam</strong></span> <span class='ocrx_word' id='word_1_102' title='bbox 1222 1342 1408 1397; x_wconf 72' lang='lat' dir='ltr'><strong>videns</strong></span> <span class='ocrx_word' id='word_1_103' title='bbox 1450 1349 1506 1394; x_wconf 88' lang='lat' dir='ltr'><strong>et</strong></span> <span class='ocrx_word' id='word_1_104' title='bbox 1543 1338 1804 1394; x_wconf 83' lang='lat' dir='ltr'><strong>conﬁtens</strong></span> <span class='ocrx_word' id='word_1_105' title='bbox 1829 1376 1844 1400; x_wconf 92' lang='lat'><strong>,</strong></span> <span class='ocrx_word' id='word_1_106' title='bbox 1869 1335 1921 1388; x_wconf 92' lang='lat' dir='ltr'><strong>in</strong></span> <span class='ocrx_word' id='word_1_107' title='bbox 1949 1348 2041 1387; x_wconf 79' lang='lat' dir='ltr'><strong>vo-</strong></span> 
     </span>
    </p>
   </div>
   <div class='ocr_carea' id='block_1_13' title="bbox 447 1425 2036 1502">
    <p class='ocr_par' dir='ltr' id='par_1_13' title="bbox 447 1425 2036 1502">
     <span class='ocr_line' id='line_1_13' title="bbox 447 1425 2036 1502; baseline -0.015 -4"><span class='ocrx_word' id='word_1_108' title='bbox 447 1443 650 1498; x_wconf 89' lang='lat' dir='ltr'><strong>luntate</strong></span> <span class='ocrx_word' id='word_1_109' title='bbox 693 1456 786 1495; x_wconf 89' lang='lat' dir='ltr'><strong>sua</strong></span> <span class='ocrx_word' id='word_1_110' title='bbox 824 1440 988 1492; x_wconf 89' lang='lat' dir='ltr'><strong>Deum</strong></span> <span class='ocrx_word' id='word_1_111' title='bbox 1033 1434 1212 1491; x_wconf 86' lang='lat' dir='ltr'><strong>decori</strong></span> <span class='ocrx_word' id='word_1_112' title='bbox 1249 1431 1366 1502; x_wconf 92' lang='lat' dir='ltr'><strong>ejus</strong></span> <span class='ocrx_word' id='word_1_113' title='bbox 1405 1427 1718 1501; x_wconf 67' lang='lat' dir='ltr'><strong>praestitisse</strong></span> <span class='ocrx_word' id='word_1_114' title='bbox 1745 1425 2036 1479; x_wconf 86' lang='lat' dir='ltr'><strong>virtutem:</strong></span> 
     </span>
    </p>
   </div>
   <div class='ocr_carea' id='block_1_14' title="bbox 447 1511 2041 1604">
    <p class='ocr_par' dir='ltr' id='par_1_14' title="bbox 447 1511 2041 1604">
     <span class='ocr_line' id='line_1_14' title="bbox 447 1511 2041 1604; baseline -0.013 -17"><span class='ocrx_word' id='word_1_115' title='bbox 447 1533 590 1604; x_wconf 88' lang='lat' dir='ltr'><strong>quod</strong></span> <span class='ocrx_word' id='word_1_116' title='bbox 619 1529 720 1585; x_wconf 88' lang='lat' dir='ltr'><strong>sibi</strong></span> <span class='ocrx_word' id='word_1_117' title='bbox 765 1529 878 1599; x_wconf 91' lang='lat' dir='ltr'><strong>ipse</strong></span> <span class='ocrx_word' id='word_1_118' title='bbox 929 1526 1169 1582; x_wconf 86' lang='lat' dir='ltr'><strong>tribuens</strong></span> <span class='ocrx_word' id='word_1_119' title='bbox 1219 1522 1364 1578; x_wconf 87' lang='lat' dir='ltr'><strong>etde</strong></span> <span class='ocrx_word' id='word_1_120' title='bbox 1392 1535 1452 1576; x_wconf 88' lang='lat' dir='ltr'><strong>se</strong></span> <span class='ocrx_word' id='word_1_121' title='bbox 1494 1530 1826 1590; x_wconf 73' lang='lat' dir='ltr'><strong>prmsumens</strong></span> <span class='ocrx_word' id='word_1_122' title='bbox 1865 1513 1918 1566; x_wconf 91' lang='lat' dir='ltr'><strong>in</strong></span> <span class='ocrx_word' id='word_1_123' title='bbox 1950 1511 2041 1566; x_wconf 88' lang='lat' dir='ltr'><strong>tali</strong></span> 
     </span>
    </p>
   </div>
   <div class='ocr_carea' id='block_1_15' title="bbox 447 1603 2042 1692">
    <p class='ocr_par' dir='ltr' id='par_1_15' title="bbox 447 1603 2042 1692">
     <span class='ocr_line' id='line_1_15' title="bbox 447 1603 2042 1692; baseline -0.016 -12"><span class='ocrx_word' id='word_1_124' title='bbox 447 1603 766 1679; x_wconf 80' lang='lat' dir='ltr'><strong>abundantia</strong></span> <span class='ocrx_word' id='word_1_125' title='bbox 785 1636 942 1692; x_wconf 89' lang='lat' dir='ltr'><strong>quam</strong></span> <span class='ocrx_word' id='word_1_126' title='bbox 963 1617 1282 1687; x_wconf 75' lang='lat' dir='ltr'><strong>prtrslilerat</strong></span> <span class='ocrx_word' id='word_1_127' title='bbox 1309 1613 1470 1676; x_wconf 87' lang='lat' dir='ltr'><strong>Deus,</strong></span> <span class='ocrx_word' id='word_1_128' title='bbox 1491 1625 1596 1664; x_wconf 91' lang='lat' dir='ltr'><strong>non</strong></span> <span class='ocrx_word' id='word_1_129' title='bbox 1617 1607 1685 1663; x_wconf 89' lang='lat' dir='ltr'><strong>de</strong></span> <span class='ocrx_word' id='word_1_130' title='bbox 1701 1607 1792 1661; x_wconf 92' lang='lat' dir='ltr'><strong>illo</strong></span> <span class='ocrx_word' id='word_1_131' title='bbox 1813 1603 1899 1675; x_wconf 89' lang='lat' dir='ltr'><strong>qui</strong></span> <span class='ocrx_word' id='word_1_132' title='bbox 1921 1617 2042 1657; x_wconf 88' lang='lat' dir='ltr'><strong>eam</strong></span> 
     </span>
    </p>
   </div>
   <div class='ocr_carea' id='block_1_16' title="bbox 447 1693 2045 1788">
    <p class='ocr_par' dir='ltr' id='par_1_16' title="bbox 447 1693 2045 1788">
     <span class='ocr_line' id='line_1_16' title="bbox 447 1693 2045 1788; baseline -0.016 -17"><span class='ocrx_word' id='word_1_133' title='bbox 447 1715 774 1788; x_wconf 70' lang='lat' dir='ltr'><strong>prmstiterat</strong></span> <span class='ocrx_word' id='word_1_134' title='bbox 797 1753 811 1778; x_wconf 94' lang='lat'><strong>,</strong></span> <span class='ocrx_word' id='word_1_135' title='bbox 839 1709 1068 1776; x_wconf 80' lang='lat' dir='ltr'><strong>diccbat,</strong></span> <span class='ocrx_word' id='word_1_136' title='bbox 1096 1705 1218 1760; x_wconf 86' lang='lat' dir='ltr'><strong>Non</strong></span> <span class='ocrx_word' id='word_1_137' title='bbox 1244 1702 1472 1758; x_wconf 69' lang='lat' dir='ltr'><strong>nzoaebor</strong></span> <span class='ocrx_word' id='word_1_138' title='bbox 1489 1701 1542 1754; x_wconf 86' lang='lat' dir='ltr'><strong>in</strong></span> <span class='ocrx_word' id='word_1_139' title='bbox 1563 1708 1826 1754; x_wconf 68' lang='lat' dir='ltr'><strong>arternum.</strong></span> <span class='ocrx_word' id='word_1_140' title='bbox 1849 1693 2045 1749; x_wconf 81' lang='lat' dir='ltr'><strong>Factus</strong></span> 
     </span>
    </p>
   </div>
   <div class='ocr_carea' id='block_1_17' title="bbox 448 1785 2046 1874">
    <p class='ocr_par' dir='ltr' id='par_1_17' title="bbox 448 1785 2046 1874">
     <span class='ocr_line' id='line_1_17' title="bbox 448 1785 2046 1874; baseline -0.016 -14"><span class='ocrx_word' id='word_1_141' title='bbox 448 1785 529 1860; x_wconf 84' lang='lat' dir='ltr'><strong>est</strong></span> <span class='ocrx_word' id='word_1_142' title='bbox 553 1818 682 1874; x_wconf 83' lang='lat' dir='ltr'><strong>ergo</strong></span> <span class='ocrx_word' id='word_1_143' title='bbox 702 1799 1047 1856; x_wconf 85' lang='lat' dir='ltr'><strong>conturbatus</strong></span> <span class='ocrx_word' id='word_1_144' title='bbox 1064 1836 1080 1862; x_wconf 89' lang='lat'><strong>,</strong></span> <span class='ocrx_word' id='word_1_145' title='bbox 1109 1803 1168 1850; x_wconf 88' lang='lat' dir='ltr'><strong>ut</strong></span> <span class='ocrx_word' id='word_1_146' title='bbox 1181 1809 1239 1850; x_wconf 91' lang='lat' dir='ltr'><strong>se</strong></span> <span class='ocrx_word' id='word_1_147' title='bbox 1278 1792 1576 1856; x_wconf 87' lang='lat' dir='ltr'><strong>inveniret,</strong></span> <span class='ocrx_word' id='word_1_148' title='bbox 1602 1798 1657 1844; x_wconf 90' lang='lat' dir='ltr'><strong>et</strong></span> <span class='ocrx_word' id='word_1_149' title='bbox 1673 1785 1945 1842; x_wconf 87' lang='lat' dir='ltr'><strong>humiliter</strong></span> <span class='ocrx_word' id='word_1_150' title='bbox 1960 1797 2046 1837; x_wconf 89' lang='lat' dir='ltr'><strong>sa-</strong></span> 
     </span>
    </p>
   </div>
   <div class='ocr_carea' id='block_1_18' title="bbox 450 1872 2045 1966">
    <p class='ocr_par' dir='ltr' id='par_1_18' title="bbox 450 1872 2045 1966">
     <span class='ocr_line' id='line_1_18' title="bbox 450 1872 2045 1966; baseline -0.014 -17"><span class='ocrx_word' id='word_1_151' title='bbox 450 1872 636 1966; x_wconf 76' lang='lat' dir='ltr'><strong>piens,</strong></span> <span class='ocrx_word' id='word_1_152' title='bbox 667 1908 773 1947; x_wconf 92' lang='lat' dir='ltr'><strong>non</strong></span> <span class='ocrx_word' id='word_1_153' title='bbox 809 1890 981 1945; x_wconf 90' lang='lat' dir='ltr'><strong>solum</strong></span> <span class='ocrx_word' id='word_1_154' title='bbox 1025 1898 1241 1942; x_wconf 55' lang='lat' dir='ltr'><strong>alterna:</strong></span> <span class='ocrx_word' id='word_1_155' title='bbox 1269 1884 1392 1938; x_wconf 68' lang='lat' dir='ltr'><strong>vita:</strong></span> <span class='ocrx_word' id='word_1_156' title='bbox 1414 1923 1429 1948; x_wconf 95' lang='lat'><strong>,</strong></span> <span class='ocrx_word' id='word_1_157' title='bbox 1454 1894 1639 1936; x_wconf 71' lang='lat' dir='ltr'><strong>verum</strong></span> <span class='ocrx_word' id='word_1_158' title='bbox 1667 1877 1828 1932; x_wconf 87' lang='lat' dir='ltr'><strong>etiam</strong></span> <span class='ocrx_word' id='word_1_159' title='bbox 1859 1875 1912 1928; x_wconf 90' lang='lat' dir='ltr'><strong>in</strong></span> <span class='ocrx_word' id='word_1_160' title='bbox 1945 1872 2045 1927; x_wconf 88' lang='lat' dir='ltr'><strong>hac</strong></span> 
     </span>
    </p>
   </div>
   <div class='ocr_carea' id='block_1_19' title="bbox 447 1966 2045 2053">
    <p class='ocr_par' dir='ltr' id='par_1_19' title="bbox 447 1966 2045 2053">
     <span class='ocr_line' id='line_1_19' title="bbox 447 1966 2045 2053; baseline -0.015 -14"><span class='ocrx_word' id='word_1_161' title='bbox 447 1985 558 2039; x_wconf 81' lang='lat' dir='ltr'><strong>vita</strong></span> <span class='ocrx_word' id='word_1_162' title='bbox 591 1984 689 2053; x_wconf 69' lang='lat' dir='ltr'><strong>piae</strong></span> <span class='ocrx_word' id='word_1_163' title='bbox 717 1978 1138 2036; x_wconf 75' lang='lat' dir='ltr'><strong>conversationis</strong></span> <span class='ocrx_word' id='word_1_164' title='bbox 1167 1985 1223 2030; x_wconf 88' lang='lat' dir='ltr'><strong>et</strong></span> <span class='ocrx_word' id='word_1_165' title='bbox 1250 1969 1679 2043; x_wconf 56' lang='lat' dir='ltr'><strong>perseverantia),</strong></span> <span class='ocrx_word' id='word_1_166' title='bbox 1709 1966 1760 2020; x_wconf 92' lang='lat' dir='ltr'><strong>in</strong></span> <span class='ocrx_word' id='word_1_167' title='bbox 1785 1978 1892 2035; x_wconf 91' lang='lat' dir='ltr'><strong>quo</strong></span> <span class='ocrx_word' id='word_1_168' title='bbox 1921 1975 2045 2032; x_wconf 86' lang='lat' dir='ltr'><strong>spes</strong></span> 
     </span>
    </p>
   </div>
   <div class='ocr_carea' id='block_1_20' title="bbox 453 2053 2045 2137">
    <p class='ocr_par' dir='ltr' id='par_1_20' title="bbox 453 2053 2045 2137">
     <span class='ocr_line' id='line_1_20' title="bbox 453 2053 2045 2137; baseline -0.016 -5"><span class='ocrx_word' id='word_1_169' title='bbox 453 2074 698 2132; x_wconf 89' lang='lat' dir='ltr'><strong>habenda</strong></span> <span class='ocrx_word' id='word_1_170' title='bbox 721 2081 862 2129; x_wconf 72' lang='lat' dir='ltr'><strong>esset</strong></span> <span class='ocrx_word' id='word_1_171' title='bbox 882 2113 896 2137; x_wconf 92' lang='lat'><strong>,</strong></span> <span class='ocrx_word' id='word_1_172' title='bbox 925 2069 1246 2125; x_wconf 70' lang='lat' dir='ltr'><strong>aildisecret.</strong></span> <span class='ocrx_word' id='word_1_173' title='bbox 1274 2065 1402 2120; x_wconf 78' lang='lat' dir='ltr'><strong>[hec</strong></span> <span class='ocrx_word' id='word_1_174' title='bbox 1431 2077 1532 2117; x_wconf 71' lang='lat' dir='ltr'><strong>vos</strong></span> <span class='ocrx_word' id='word_1_175' title='bbox 1569 2070 1622 2115; x_wconf 90' lang='lat' dir='ltr'><strong>et</strong></span> <span class='ocrx_word' id='word_1_176' title='bbox 1644 2057 1870 2128; x_wconf 78' lang='lat' dir='ltr'><strong>apostoli</strong></span> <span class='ocrx_word' id='word_1_177' title='bbox 1903 2053 2045 2108; x_wconf 79' lang='lat' dir='ltr'><strong>Petri</strong></span> 
     </span>
    </p>
   </div>
   <div class='ocr_carea' id='block_1_21' title="bbox 451 2147 2042 2236">
    <p class='ocr_par' dir='ltr' id='par_1_21' title="bbox 451 2147 2042 2236">
     <span class='ocr_line' id='line_1_21' title="bbox 451 2147 2042 2236; baseline -0.017 -12"><span class='ocrx_word' id='word_1_178' title='bbox 451 2183 573 2224; x_wconf 87' lang='lat' dir='ltr'><strong>esse</strong></span> <span class='ocrx_word' id='word_1_179' title='bbox 604 2166 772 2236; x_wconf 88' lang='lat' dir='ltr'><strong>potuit</strong></span> <span class='ocrx_word' id='word_1_180' title='bbox 801 2164 1045 2220; x_wconf 82' lang='lat' dir='ltr'><strong>:dixerat</strong></span> <span class='ocrx_word' id='word_1_181' title='bbox 1072 2160 1266 2230; x_wconf 84' lang='lat' dir='ltr'><strong>quippe</strong></span> <span class='ocrx_word' id='word_1_182' title='bbox 1285 2164 1340 2212; x_wconf 91' lang='lat' dir='ltr'><strong>et</strong></span> <span class='ocrx_word' id='word_1_183' title='bbox 1360 2156 1474 2225; x_wconf 89' lang='lat' dir='ltr'><strong>ipse</strong></span> <span class='ocrx_word' id='word_1_184' title='bbox 1504 2153 1556 2208; x_wconf 90' lang='lat' dir='ltr'><strong>in</strong></span> <span class='ocrx_word' id='word_1_185' title='bbox 1584 2147 1904 2206; x_wconf 83' lang='lat' dir='ltr'><strong>abundantia</strong></span> <span class='ocrx_word' id='word_1_186' title='bbox 1925 2159 2042 2211; x_wconf 88' lang='lat' dir='ltr'><strong>sua,</strong></span> 
     </span>
    </p>
   </div>
   <div class='ocr_carea' id='block_1_22' title="bbox 450 2237 2046 2325">
    <p class='ocr_par' dir='ltr' id='par_1_22' title="bbox 450 2237 2046 2325">
     <span class='ocr_line' id='line_1_22' title="bbox 450 2237 2046 2325; baseline -0.016 -8"><span class='ocrx_word' id='word_1_187' title='bbox 450 2262 687 2316; x_wconf 76' lang='lat' dir='ltr'><strong>Animam</strong></span> <span class='ocrx_word' id='word_1_188' title='bbox 732 2273 896 2312; x_wconf 83' lang='lat' dir='ltr'><strong>meam</strong></span> <span class='ocrx_word' id='word_1_189' title='bbox 941 2271 1034 2325; x_wconf 82' lang='lat' dir='ltr'><strong>pro</strong></span> <span class='ocrx_word' id='word_1_190' title='bbox 1063 2263 1112 2308; x_wconf 85' lang='lat' dir='ltr'><strong>te</strong></span> <span class='ocrx_word' id='word_1_191' title='bbox 1153 2265 1340 2322; x_wconf 86' lang='lat' dir='ltr'><strong>ponam</strong></span> <span class='ocrx_word' id='word_1_192' title='bbox 1378 2245 1575 2319; x_wconf 81' lang='lat' dir='ltr'><strong>(Joan.</strong></span> <span class='ocrx_word' id='word_1_193' title='bbox 1618 2258 1711 2298; x_wconf 79' lang='lat' dir='ltr'><strong>nn</strong></span> <span class='ocrx_word' id='word_1_194' title='bbox 1737 2283 1751 2308; x_wconf 95' lang='lat'><strong>,</strong></span> <span class='ocrx_word' id='word_1_195' title='bbox 1779 2237 1871 2311; x_wconf 81' lang='lat'><strong>57)</strong></span> <span class='ocrx_word' id='word_1_196' title='bbox 1898 2256 1912 2304; x_wconf 87' lang='lat'><strong>;</strong></span> <span class='ocrx_word' id='word_1_197' title='bbox 1944 2237 2046 2294; x_wconf 87' lang='lat' dir='ltr'><strong>sibi</strong></span> 
     </span>
    </p>
   </div>
   <div class='ocr_carea' id='block_1_23' title="bbox 451 2334 2045 2416">
    <p class='ocr_par' dir='ltr' id='par_1_23' title="bbox 451 2334 2045 2416">
     <span class='ocr_line' id='line_1_23' title="bbox 451 2334 2045 2416; baseline -0.013 -8"><span class='ocrx_word' id='word_1_198' title='bbox 451 2351 756 2408; x_wconf 81' lang='lat' dir='ltr'><strong>festinando</strong></span> <span class='ocrx_word' id='word_1_199' title='bbox 783 2350 1023 2404; x_wconf 90' lang='lat' dir='ltr'><strong>tribuens</strong></span> <span class='ocrx_word' id='word_1_200' title='bbox 1043 2387 1058 2412; x_wconf 93' lang='lat'><strong>,</strong></span> <span class='ocrx_word' id='word_1_201' title='bbox 1087 2343 1228 2416; x_wconf 91' lang='lat' dir='ltr'><strong>quod</strong></span> <span class='ocrx_word' id='word_1_202' title='bbox 1253 2343 1301 2396; x_wconf 91' lang='lat' dir='ltr'><strong>ei</strong></span> <span class='ocrx_word' id='word_1_203' title='bbox 1349 2341 1520 2396; x_wconf 82' lang='lat' dir='ltr'><strong>fuerat</strong></span> <span class='ocrx_word' id='word_1_204' title='bbox 1550 2353 1578 2390; x_wconf 90' lang='lat' dir='ltr'><strong>a</strong></span> <span class='ocrx_word' id='word_1_205' title='bbox 1607 2334 1833 2392; x_wconf 90' lang='lat' dir='ltr'><strong>Domino</strong></span> <span class='ocrx_word' id='word_1_206' title='bbox 1861 2342 2045 2406; x_wconf 85' lang='lat' dir='ltr'><strong>postea</strong></span> 
     </span>
    </p>
   </div>
   <div class='ocr_carea' id='block_1_24' title="bbox 451 2425 2044 2514">
    <p class='ocr_par' dir='ltr' id='par_1_24' title="bbox 451 2425 2044 2514">
     <span class='ocr_line' id='line_1_24' title="bbox 451 2425 2044 2514; baseline -0.014 -14"><span class='ocrx_word' id='word_1_207' title='bbox 451 2443 804 2514; x_wconf 79' lang='lat' dir='ltr'><strong>largiendum.</strong></span> <span class='ocrx_word' id='word_1_208' title='bbox 834 2440 1042 2497; x_wconf 78' lang='lat' dir='ltr'><strong>Avertit</strong></span> <span class='ocrx_word' id='word_1_209' title='bbox 1088 2447 1268 2490; x_wconf 88' lang='lat' dir='ltr'><strong>autem</strong></span> <span class='ocrx_word' id='word_1_210' title='bbox 1295 2433 1363 2488; x_wconf 89' lang='lat' dir='ltr'><strong>ab</strong></span> <span class='ocrx_word' id='word_1_211' title='bbox 1391 2431 1482 2486; x_wconf 92' lang='lat' dir='ltr'><strong>illo</strong></span> <span class='ocrx_word' id='word_1_212' title='bbox 1531 2429 1718 2484; x_wconf 81' lang='lat' dir='ltr'><strong>faciem</strong></span> <span class='ocrx_word' id='word_1_213' title='bbox 1754 2425 2044 2490; x_wconf 75' lang='lat' dir='ltr'><strong>Dominus,</strong></span> 
     </span>
    </p>
   </div>
   <div class='ocr_carea' id='block_1_25' title="bbox 455 2513 2050 2592">
    <p class='ocr_par' dir='ltr' id='par_1_25' title="bbox 455 2513 2050 2592">
     <span class='ocr_line' id='line_1_25' title="bbox 455 2513 2050 2592; baseline -0.015 -1"><span class='ocrx_word' id='word_1_214' title='bbox 455 2545 513 2592; x_wconf 88' lang='lat' dir='ltr'><strong>et</strong></span> <span class='ocrx_word' id='word_1_215' title='bbox 538 2513 709 2590; x_wconf 81' lang='lat' dir='ltr'><strong>factus</strong></span> <span class='ocrx_word' id='word_1_216' title='bbox 743 2542 828 2588; x_wconf 89' lang='lat' dir='ltr'><strong>est</strong></span> <span class='ocrx_word' id='word_1_217' title='bbox 874 2528 1264 2590; x_wconf 85' lang='lat' dir='ltr'><strong>conturbatus,</strong></span> <span class='ocrx_word' id='word_1_218' title='bbox 1292 2524 1366 2579; x_wconf 79' lang='lat' dir='ltr'><strong>ita</strong></span> <span class='ocrx_word' id='word_1_219' title='bbox 1393 2531 1458 2576; x_wconf 86' lang='lat' dir='ltr'><strong>ut</strong></span> <span class='ocrx_word' id='word_1_220' title='bbox 1477 2535 1602 2575; x_wconf 77' lang='lat' dir='ltr'><strong>eum</strong></span> <span class='ocrx_word' id='word_1_221' title='bbox 1645 2515 1784 2572; x_wconf 84' lang='lat' dir='ltr'><strong>mori</strong></span> <span class='ocrx_word' id='word_1_222' title='bbox 1823 2529 1928 2587; x_wconf 78' lang='lat' dir='ltr'><strong>pm</strong></span> <span class='ocrx_word' id='word_1_223' title='bbox 1953 2513 2050 2568; x_wconf 73' lang='lat' dir='ltr'><strong>illo</strong></span> 
     </span>
    </p>
   </div>
   <div class='ocr_carea' id='block_1_26' title="bbox 450 2604 2046 2691">
    <p class='ocr_par' dir='ltr' id='par_1_26' title="bbox 450 2604 2046 2691">
     <span class='ocr_line' id='line_1_26' title="bbox 450 2604 2046 2691; baseline -0.017 -8"><span class='ocrx_word' id='word_1_224' title='bbox 450 2636 700 2682; x_wconf 64' lang='lat' dir='ltr'><strong>nam</strong></span> <span class='ocrx_word' id='word_1_225' title='bbox 735 2631 820 2678; x_wconf 87' lang='lat' dir='ltr'><strong>ter</strong></span> <span class='ocrx_word' id='word_1_226' title='bbox 841 2627 1080 2691; x_wconf 77' lang='lat' dir='ltr'><strong>negaret.</strong></span> <span class='ocrx_word' id='word_1_227' title='bbox 1127 2614 1234 2671; x_wconf 89' lang='lat' dir='ltr'><strong>Sed</strong></span> <span class='ocrx_word' id='word_1_228' title='bbox 1282 2624 1470 2668; x_wconf 86' lang='lat' dir='ltr'><strong>rursus</strong></span> <span class='ocrx_word' id='word_1_229' title='bbox 1517 2605 1784 2664; x_wconf 68' lang='lat' dir='ltr'><strong>conrertit</strong></span> <span class='ocrx_word' id='word_1_230' title='bbox 1829 2604 1896 2658; x_wconf 89' lang='lat' dir='ltr'><strong>ad</strong></span> <span class='ocrx_word' id='word_1_231' title='bbox 1924 2619 2046 2658; x_wconf 90' lang='lat' dir='ltr'><strong>eum</strong></span> 
     </span>
    </p>
   </div>
   <div class='ocr_carea' id='block_1_27' title="bbox 453 2695 2042 2774">
    <p class='ocr_par' dir='ltr' id='par_1_27' title="bbox 453 2695 2042 2774">
     <span class='ocr_line' id='line_1_27' title="bbox 453 2695 2042 2774; baseline -0.014 -1"><span class='ocrx_word' id='word_1_232' title='bbox 453 2717 642 2774; x_wconf 80' lang='lat' dir='ltr'><strong>faciem</strong></span> <span class='ocrx_word' id='word_1_233' title='bbox 689 2730 839 2770; x_wconf 89' lang='lat' dir='ltr'><strong>suam</strong></span> <span class='ocrx_word' id='word_1_234' title='bbox 887 2712 1282 2774; x_wconf 36' lang='lat' dir='ltr'><strong>Duminushet</strong></span> <span class='ocrx_word' id='word_1_235' title='bbox 1323 2704 1532 2774; x_wconf 87' lang='lat' dir='ltr'><strong>culpam</strong></span> <span class='ocrx_word' id='word_1_236' title='bbox 1578 2697 1830 2771; x_wconf 79' lang='lat' dir='ltr'><strong>lacrymis</strong></span> <span class='ocrx_word' id='word_1_237' title='bbox 1866 2695 2042 2752; x_wconf 79' lang='lat' dir='ltr'><strong>diluit.</strong></span> 
     </span>
    </p>
   </div>
   <div class='ocr_carea' id='block_1_28' title="bbox 453 2781 2044 2876">
    <p class='ocr_par' dir='ltr' id='par_1_28' title="bbox 453 2781 2044 2876">
     <span class='ocr_line' id='line_1_28' title="bbox 453 2781 2044 2876; baseline -0.014 -15"><span class='ocrx_word' id='word_1_238' title='bbox 453 2807 588 2876; x_wconf 82' lang='lat' dir='ltr'><strong>Quid</strong></span> <span class='ocrx_word' id='word_1_239' title='bbox 629 2814 712 2861; x_wconf 89' lang='lat' dir='ltr'><strong>est</strong></span> <span class='ocrx_word' id='word_1_240' title='bbox 757 2802 899 2859; x_wconf 89' lang='lat' dir='ltr'><strong>enim</strong></span> <span class='ocrx_word' id='word_1_241' title='bbox 949 2797 1125 2862; x_wconf 84' lang='lat' dir='ltr'><strong>aliud,</strong></span> <span class='ocrx_word' id='word_1_242' title='bbox 1160 2793 1400 2866; x_wconf 72' lang='lat' dir='ltr'><strong>Respexit</strong></span> <span class='ocrx_word' id='word_1_243' title='bbox 1422 2808 1534 2848; x_wconf 81' lang='lat' dir='ltr'><strong>eum</strong></span> <span class='ocrx_word' id='word_1_244' title='bbox 1563 2787 1714 2863; x_wconf 83' lang='lat' dir='ltr'><strong>(Luc.</strong></span> <span class='ocrx_word' id='word_1_245' title='bbox 1743 2801 1881 2854; x_wconf 79' lang='lat' dir='ltr'><strong>xm,</strong></span> <span class='ocrx_word' id='word_1_246' title='bbox 1911 2781 2044 2857; x_wconf 84' lang='lat'><strong>6|);</strong></span> 
     </span>
    </p>
   </div>
   <div class='ocr_carea' id='block_1_29' title="bbox 453 2881 2046 2963">
    <p class='ocr_par' dir='ltr' id='par_1_29' title="bbox 453 2881 2046 2963">
     <span class='ocr_line' id='line_1_29' title="bbox 453 2881 2046 2963; baseline -0.016 -9"><span class='ocrx_word' id='word_1_247' title='bbox 453 2898 556 2954; x_wconf 87' lang='lat' dir='ltr'><strong>nisi</strong></span> <span class='ocrx_word' id='word_1_248' title='bbox 581 2941 595 2963; x_wconf 94' lang='lat'><strong>,</strong></span> <span class='ocrx_word' id='word_1_249' title='bbox 627 2895 841 2952; x_wconf 80' lang='lat' dir='ltr'><strong>Faciem</strong></span> <span class='ocrx_word' id='word_1_250' title='bbox 865 2934 881 2958; x_wconf 89' lang='lat'><strong>,</strong></span> <span class='ocrx_word' id='word_1_251' title='bbox 907 2905 1066 2962; x_wconf 86' lang='lat' dir='ltr'><strong>quam</strong></span> <span class='ocrx_word' id='word_1_252' title='bbox 1098 2887 1368 2959; x_wconf 89' lang='lat' dir='ltr'><strong>paululum</strong></span> <span class='ocrx_word' id='word_1_253' title='bbox 1398 2883 1467 2937; x_wconf 89' lang='lat' dir='ltr'><strong>ab</strong></span> <span class='ocrx_word' id='word_1_254' title='bbox 1496 2881 1590 2936; x_wconf 91' lang='lat' dir='ltr'><strong>illo</strong></span> <span class='ocrx_word' id='word_1_255' title='bbox 1619 2884 1923 2942; x_wconf 84' lang='lat' dir='ltr'><strong>averterat,</strong></span> <span class='ocrx_word' id='word_1_256' title='bbox 1953 2889 2046 2930; x_wconf 91' lang='lat' dir='ltr'><strong>re-</strong></span> 
     </span>
    </p>
   </div>
   <div class='ocr_carea' id='block_1_30' title="bbox 456 2962 2048 3046">
    <p class='ocr_par' dir='ltr' id='par_1_30' title="bbox 456 2962 2048 3046">
     <span class='ocr_line' id='line_1_30' title="bbox 456 2962 2048 3046; baseline -0.016 -3"><span class='ocrx_word' id='word_1_257' title='bbox 456 2962 757 3043; x_wconf 81' lang='lat' dir='ltr'><strong>vocavitad</strong></span> <span class='ocrx_word' id='word_1_258' title='bbox 785 2998 904 3038; x_wconf 92' lang='lat' dir='ltr'><strong>eum</strong></span> <span class='ocrx_word' id='word_1_259' title='bbox 924 2981 948 3036; x_wconf 67' lang='grc' dir='ltr'><strong>ἲ</strong></span> <span class='ocrx_word' id='word_1_260' title='bbox 971 2980 1162 3036; x_wconf 85' lang='lat' dir='ltr'><strong>Factus</strong></span> <span class='ocrx_word' id='word_1_261' title='bbox 1186 2991 1314 3046; x_wconf 90' lang='lat' dir='ltr'><strong>ergo</strong></span> <span class='ocrx_word' id='word_1_262' title='bbox 1340 2971 1513 3028; x_wconf 78' lang='lat' dir='ltr'><strong>fuerat</strong></span> <span class='ocrx_word' id='word_1_263' title='bbox 1541 2966 1890 3025; x_wconf 88' lang='lat' dir='ltr'><strong>conturbatus</strong></span> <span class='ocrx_word' id='word_1_264' title='bbox 1915 2983 1931 3020; x_wconf 91' lang='lat'><strong>:</strong></span> <span class='ocrx_word' id='word_1_265' title='bbox 1953 2962 2048 3019; x_wconf 91' lang='lat' dir='ltr'><strong>sed</strong></span> 
     </span>
    </p>
   </div>
   <div class='ocr_carea' id='block_1_31' title="bbox 457 3056 2050 3149">
    <p class='ocr_par' dir='ltr' id='par_1_31' title="bbox 457 3056 2050 3149">
     <span class='ocr_line' id='line_1_31' title="bbox 457 3056 2050 3149; baseline -0.016 -15"><span class='ocrx_word' id='word_1_266' title='bbox 457 3079 581 3149; x_wconf 85' lang='lat' dir='ltr'><strong>quia</strong></span> <span class='ocrx_word' id='word_1_267' title='bbox 623 3075 814 3130; x_wconf 84' lang='lat' dir='ltr'><strong>didicit</strong></span> <span class='ocrx_word' id='word_1_268' title='bbox 851 3087 956 3126; x_wconf 91' lang='lat' dir='ltr'><strong>non</strong></span> <span class='ocrx_word' id='word_1_269' title='bbox 979 3069 1045 3124; x_wconf 89' lang='lat' dir='ltr'><strong>de</strong></span> <span class='ocrx_word' id='word_1_270' title='bbox 1069 3083 1129 3122; x_wconf 88' lang='lat' dir='ltr'><strong>se</strong></span> <span class='ocrx_word' id='word_1_271' title='bbox 1159 3067 1278 3137; x_wconf 90' lang='lat' dir='ltr'><strong>ipso</strong></span> <span class='ocrx_word' id='word_1_272' title='bbox 1304 3063 1470 3118; x_wconf 79' lang='lat' dir='ltr'><strong>ﬁdere</strong></span> <span class='ocrx_word' id='word_1_273' title='bbox 1491 3101 1505 3126; x_wconf 91' lang='lat'><strong>,</strong></span> <span class='ocrx_word' id='word_1_274' title='bbox 1527 3061 1688 3116; x_wconf 88' lang='lat' dir='ltr'><strong>etiam</strong></span> <span class='ocrx_word' id='word_1_275' title='bbox 1716 3057 1821 3149; x_wconf 84' lang='lat' dir='ltr'><strong>hoc</strong></span> <span class='ocrx_word' id='word_1_276' title='bbox 1846 3056 1896 3112; x_wconf 92' lang='lat' dir='ltr'><strong>ei</strong></span> <span class='ocrx_word' id='word_1_277' title='bbox 1925 3069 2050 3125; x_wconf 88' lang='lat' dir='ltr'><strong>pro-</strong></span> 
     </span>
    </p>
   </div>
   <div class='ocr_carea' id='block_1_32' title="bbox 458 3148 2050 3228">
    <p class='ocr_par' dir='ltr' id='par_1_32' title="bbox 458 3148 2050 3228">
     <span class='ocr_line' id='line_1_32' title="bbox 458 3148 2050 3228; baseline -0.016 -3"><span class='ocrx_word' id='word_1_278' title='bbox 458 3148 582 3225; x_wconf 81' lang='lat' dir='ltr'><strong>fecit</strong></span> <span class='ocrx_word' id='word_1_279' title='bbox 634 3167 686 3220; x_wconf 90' lang='lat' dir='ltr'><strong>in</strong></span> <span class='ocrx_word' id='word_1_280' title='bbox 727 3166 965 3228; x_wconf 88' lang='lat' dir='ltr'><strong>bonum,</strong></span> <span class='ocrx_word' id='word_1_281' title='bbox 993 3159 1220 3214; x_wconf 83' lang='lat' dir='ltr'><strong>faciente</strong></span> <span class='ocrx_word' id='word_1_282' title='bbox 1264 3154 1357 3210; x_wconf 87' lang='lat' dir='ltr'><strong>illo</strong></span> <span class='ocrx_word' id='word_1_283' title='bbox 1405 3153 1494 3224; x_wconf 91' lang='lat' dir='ltr'><strong>qui</strong></span> <span class='ocrx_word' id='word_1_284' title='bbox 1541 3148 1884 3220; x_wconf 77' lang='lat' dir='ltr'><strong>diligentibus</strong></span> <span class='ocrx_word' id='word_1_285' title='bbox 1925 3160 2050 3201; x_wconf 87' lang='lat' dir='ltr'><strong>eum</strong></span> 
     </span>
    </p>
   </div>
   <div class='ocr_carea' id='block_1_33' title="bbox 457 3241 2054 3324">
    <p class='ocr_par' dir='ltr' id='par_1_33' title="bbox 457 3241 2054 3324">
     <span class='ocr_line' id='line_1_33' title="bbox 457 3241 2054 3324; baseline -0.015 -10"><span class='ocrx_word' id='word_1_286' title='bbox 457 3258 635 3314; x_wconf 86' lang='lat' dir='ltr'><strong>omnia</strong></span> <span class='ocrx_word' id='word_1_287' title='bbox 663 3263 980 3324; x_wconf 80' lang='lat' dir='ltr'><strong>rooperatur</strong></span> <span class='ocrx_word' id='word_1_288' title='bbox 1019 3250 1072 3304; x_wconf 90' lang='lat' dir='ltr'><strong>in</strong></span> <span class='ocrx_word' id='word_1_289' title='bbox 1110 3249 1341 3312; x_wconf 89' lang='lat' dir='ltr'><strong>bonum;</strong></span> <span class='ocrx_word' id='word_1_290' title='bbox 1382 3243 1504 3315; x_wconf 86' lang='lat' dir='ltr'><strong>quia</strong></span> <span class='ocrx_word' id='word_1_291' title='bbox 1539 3241 1831 3298; x_wconf 87' lang='lat' dir='ltr'><strong>secundum</strong></span> <span class='ocrx_word' id='word_1_292' title='bbox 1863 3251 2054 3309; x_wconf 88' lang='lat' dir='ltr'><strong>propo-</strong></span> 
     </span>
    </p>
   </div>
   <div class='ocr_carea' id='block_1_34' title="bbox 456 3331 2054 3407">
    <p class='ocr_par' dir='ltr' id='par_1_34' title="bbox 456 3331 2054 3407">
     <span class='ocr_line' id='line_1_34' title="bbox 456 3331 2054 3407; baseline -0.011 -2"><span class='ocrx_word' id='word_1_293' title='bbox 456 3351 618 3406; x_wconf 77' lang='lat' dir='ltr'><strong>situm</strong></span> <span class='ocrx_word' id='word_1_294' title='bbox 658 3356 878 3402; x_wconf 89' lang='lat' dir='ltr'><strong>vocatus</strong></span> <span class='ocrx_word' id='word_1_295' title='bbox 915 3350 1032 3398; x_wconf 91' lang='lat' dir='ltr'><strong>erat</strong></span> <span class='ocrx_word' id='word_1_296' title='bbox 1054 3382 1068 3407; x_wconf 89' lang='lat'><strong>,</strong></span> <span class='ocrx_word' id='word_1_297' title='bbox 1097 3349 1154 3394; x_wconf 93' lang='lat' dir='ltr'><strong>ut</strong></span> <span class='ocrx_word' id='word_1_298' title='bbox 1186 3354 1344 3394; x_wconf 90' lang='lat' dir='ltr'><strong>nemo</strong></span> <span class='ocrx_word' id='word_1_299' title='bbox 1389 3352 1511 3392; x_wconf 90' lang='lat' dir='ltr'><strong>cum</strong></span> <span class='ocrx_word' id='word_1_300' title='bbox 1540 3341 1720 3406; x_wconf 86' lang='lat' dir='ltr'><strong>posset</strong></span> <span class='ocrx_word' id='word_1_301' title='bbox 1745 3332 1955 3404; x_wconf 86' lang='lat' dir='ltr'><strong>eripere</strong></span> <span class='ocrx_word' id='word_1_302' title='bbox 1985 3331 2054 3388; x_wconf 85' lang='lat' dir='ltr'><strong>de</strong></span> 
     </span>
    </p>
   </div>
   <div class='ocr_carea' id='block_1_35' title="bbox 459 3432 1342 3502">
    <p class='ocr_par' dir='ltr' id='par_1_35' title="bbox 459 3432 1342 3502">
     <span class='ocr_line' id='line_1_35' title="bbox 459 3432 1342 3502; baseline -0.017 -5"><span class='ocrx_word' id='word_1_303' title='bbox 459 3456 622 3497; x_wconf 87' lang='lat' dir='ltr'><strong>manu</strong></span> <span class='ocrx_word' id='word_1_304' title='bbox 646 3437 842 3494; x_wconf 82' lang='lat' dir='ltr'><strong>Christi</strong></span> <span class='ocrx_word' id='word_1_305' title='bbox 866 3477 880 3502; x_wconf 92' lang='lat'><strong>,</strong></span> <span class='ocrx_word' id='word_1_306' title='bbox 911 3432 997 3490; x_wconf 86' lang='lat' dir='ltr'><strong>cui</strong></span> <span class='ocrx_word' id='word_1_307' title='bbox 1030 3433 1184 3488; x_wconf 86' lang='lat' dir='ltr'><strong>datus</strong></span> <span class='ocrx_word' id='word_1_308' title='bbox 1209 3437 1342 3486; x_wconf 88' lang='lat' dir='ltr'><strong>erat.</strong></span> 
     </span>
    </p>
   </div>
   <div class='ocr_carea' id='block_1_36' title="bbox 527 3537 2054 3620">
    <p class='ocr_par' dir='ltr' id='par_1_36' title="bbox 527 3537 2054 3620">
     <span class='ocr_line' id='line_1_36' title="bbox 527 3537 2054 3620; baseline -0.012 -10"><span class='ocrx_word' id='word_1_309' title='bbox 527 3555 619 3609; x_wconf 73' lang='lat'><strong>25.</strong></span> <span class='ocrx_word' id='word_1_310' title='bbox 647 3551 817 3608; x_wconf 88' lang='lat' dir='ltr'><strong>Nemo</strong></span> <span class='ocrx_word' id='word_1_311' title='bbox 835 3564 964 3620; x_wconf 91' lang='lat' dir='ltr'><strong>ergo</strong></span> <span class='ocrx_word' id='word_1_312' title='bbox 992 3545 1134 3602; x_wconf 88' lang='lat' dir='ltr'><strong>dicat</strong></span> <span class='ocrx_word' id='word_1_313' title='bbox 1154 3560 1264 3600; x_wconf 87' lang='lat' dir='ltr'><strong>non</strong></span> <span class='ocrx_word' id='word_1_314' title='bbox 1277 3557 1398 3599; x_wconf 89' lang='lat' dir='ltr'><strong>esse</strong></span> <span class='ocrx_word' id='word_1_315' title='bbox 1417 3538 1815 3612; x_wconf 88' lang='lat' dir='ltr'><strong>corripiendum</strong></span> <span class='ocrx_word' id='word_1_316' title='bbox 1836 3537 1928 3610; x_wconf 90' lang='lat' dir='ltr'><strong>qui</strong></span> <span class='ocrx_word' id='word_1_317' title='bbox 1955 3553 2054 3593; x_wconf 79' lang='lat' dir='ltr'><strong>ex-</strong></span> 
     </span>
    </p>
   </div>
   <div class='ocr_carea' id='block_1_37' title="bbox 459 3626 2055 3710">
    <p class='ocr_par' dir='ltr' id='par_1_37' title="bbox 459 3626 2055 3710">
     <span class='ocr_line' id='line_1_37' title="bbox 459 3626 2055 3710; baseline -0.009 -12"><span class='ocrx_word' id='word_1_318' title='bbox 459 3645 654 3700; x_wconf 88' lang='lat' dir='ltr'><strong>orbitat</strong></span> <span class='ocrx_word' id='word_1_319' title='bbox 681 3643 748 3696; x_wconf 90' lang='lat' dir='ltr'><strong>de</strong></span> <span class='ocrx_word' id='word_1_320' title='bbox 781 3641 862 3694; x_wconf 83' lang='lat' dir='ltr'><strong>via</strong></span> <span class='ocrx_word' id='word_1_321' title='bbox 903 3626 1040 3710; x_wconf 84' lang='lat' dir='ltr'><strong>justa</strong></span> <span class='ocrx_word' id='word_1_322' title='bbox 1063 3679 1079 3704; x_wconf 96' lang='lat'><strong>,</strong></span> <span class='ocrx_word' id='word_1_323' title='bbox 1107 3634 1203 3692; x_wconf 91' lang='lat' dir='ltr'><strong>sed</strong></span> <span class='ocrx_word' id='word_1_324' title='bbox 1241 3634 1290 3691; x_wconf 92' lang='lat' dir='ltr'><strong>ei</strong></span> <span class='ocrx_word' id='word_1_325' title='bbox 1333 3633 1564 3690; x_wconf 90' lang='lat' dir='ltr'><strong>reditum</strong></span> <span class='ocrx_word' id='word_1_326' title='bbox 1607 3639 1664 3686; x_wconf 91' lang='lat' dir='ltr'><strong>et</strong></span> <span class='ocrx_word' id='word_1_327' title='bbox 1700 3645 2055 3702; x_wconf 81' lang='lat' dir='ltr'><strong>perseveran-</strong></span> 
     </span>
    </p>
   </div>
   <div class='ocr_carea' id='block_1_38' title="bbox 463 3723 2058 3797">
    <p class='ocr_par' dir='ltr' id='par_1_38' title="bbox 463 3723 2058 3797">
     <span class='ocr_line' id='line_1_38' title="bbox 463 3723 2058 3797; baseline -0.011 -5"><span class='ocrx_word' id='word_1_328' title='bbox 463 3739 590 3792; x_wconf 90' lang='lat' dir='ltr'><strong>tiam</strong></span> <span class='ocrx_word' id='word_1_329' title='bbox 620 3753 647 3788; x_wconf 90' lang='lat' dir='ltr'><strong>a</strong></span> <span class='ocrx_word' id='word_1_330' title='bbox 678 3733 904 3789; x_wconf 90' lang='lat' dir='ltr'><strong>Domino</strong></span> <span class='ocrx_word' id='word_1_331' title='bbox 939 3740 1141 3784; x_wconf 87' lang='lat' dir='ltr'><strong>tantum</strong></span> <span class='ocrx_word' id='word_1_332' title='bbox 1182 3742 1302 3784; x_wconf 88' lang='lat' dir='ltr'><strong>esse</strong></span> <span class='ocrx_word' id='word_1_333' title='bbox 1344 3723 1667 3797; x_wconf 82' lang='lat' dir='ltr'><strong>poscendam</strong></span> <span class='ocrx_word' id='word_1_334' title='bbox 1697 3740 1712 3778; x_wconf 92' lang='lat'><strong>:</strong></span> <span class='ocrx_word' id='word_1_335' title='bbox 1743 3736 1900 3777; x_wconf 89' lang='lat' dir='ltr'><strong>nemo</strong></span> <span class='ocrx_word' id='word_1_336' title='bbox 1932 3737 2058 3792; x_wconf 86' lang='lat' dir='ltr'><strong>pru-</strong></span> 
     </span>
    </p>
   </div>
   <div class='ocr_carea' id='block_1_39' title="bbox 464 3812 2062 3883">
    <p class='ocr_par' dir='ltr' id='par_1_39' title="bbox 464 3812 2062 3883">
     <span class='ocr_line' id='line_1_39' title="bbox 464 3812 2062 3883; baseline -0.011 0"><span class='ocrx_word' id='word_1_337' title='bbox 464 3828 599 3883; x_wconf 89' lang='lat' dir='ltr'><strong>dens</strong></span> <span class='ocrx_word' id='word_1_338' title='bbox 649 3833 704 3881; x_wconf 90' lang='lat' dir='ltr'><strong>et</strong></span> <span class='ocrx_word' id='word_1_339' title='bbox 733 3823 903 3878; x_wconf 81' lang='lat' dir='ltr'><strong>ﬁdelis</strong></span> <span class='ocrx_word' id='word_1_340' title='bbox 934 3821 1036 3875; x_wconf 92' lang='lat' dir='ltr'><strong>hoc</strong></span> <span class='ocrx_word' id='word_1_341' title='bbox 1059 3819 1222 3874; x_wconf 86' lang='lat' dir='ltr'><strong>dicat.</strong></span> <span class='ocrx_word' id='word_1_342' title='bbox 1261 3816 1320 3872; x_wconf 89' lang='lat' dir='ltr'><strong>Si</strong></span> <span class='ocrx_word' id='word_1_343' title='bbox 1359 3816 1502 3871; x_wconf 91' lang='lat' dir='ltr'><strong>enim</strong></span> <span class='ocrx_word' id='word_1_344' title='bbox 1537 3812 1833 3870; x_wconf 89' lang='lat' dir='ltr'><strong>secundum</strong></span> <span class='ocrx_word' id='word_1_345' title='bbox 1865 3826 2062 3883; x_wconf 83' lang='lat' dir='ltr'><strong>propo-</strong></span> 
     </span>
    </p>
   </div>
   <div class='ocr_carea' id='block_1_40' title="bbox 461 3903 2048 3982">
    <p class='ocr_par' dir='ltr' id='par_1_40' title="bbox 461 3903 2048 3982">
     <span class='ocr_line' id='line_1_40' title="bbox 461 3903 2048 3982; baseline -0.01 -7"><span class='ocrx_word' id='word_1_346' title='bbox 461 3920 622 3975; x_wconf 83' lang='lat' dir='ltr'><strong>situm</strong></span> <span class='ocrx_word' id='word_1_347' title='bbox 648 3924 866 3972; x_wconf 79' lang='lat' dir='ltr'><strong>vocatus</strong></span> <span class='ocrx_word' id='word_1_348' title='bbox 895 3924 976 3968; x_wconf 91' lang='lat' dir='ltr'><strong>est</strong></span> <span class='ocrx_word' id='word_1_349' title='bbox 1015 3913 1136 3977; x_wconf 87' lang='lat' dir='ltr'><strong>iste,</strong></span> <span class='ocrx_word' id='word_1_350' title='bbox 1164 3909 1354 3982; x_wconf 88' lang='lat' dir='ltr'><strong>procul</strong></span> <span class='ocrx_word' id='word_1_351' title='bbox 1381 3907 1545 3962; x_wconf 91' lang='lat' dir='ltr'><strong>dubio</strong></span> <span class='ocrx_word' id='word_1_352' title='bbox 1571 3906 1647 3961; x_wconf 90' lang='lat' dir='ltr'><strong>illi</strong></span> <span class='ocrx_word' id='word_1_353' title='bbox 1672 3946 1687 3971; x_wconf 94' lang='lat'><strong>,</strong></span> <span class='ocrx_word' id='word_1_354' title='bbox 1715 3906 1875 3960; x_wconf 89' lang='lat' dir='ltr'><strong>etiam</strong></span> <span class='ocrx_word' id='word_1_355' title='bbox 1906 3903 2048 3975; x_wconf 84' lang='lat' dir='ltr'><strong>quod</strong></span> 
     </span>
    </p>
   </div>
   <div class='ocr_carea' id='block_1_41' title="bbox 464 3995 2058 4079">
    <p class='ocr_par' dir='ltr' id='par_1_41' title="bbox 464 3995 2058 4079">
     <span class='ocr_line' id='line_1_41' title="bbox 464 3995 2058 4079; baseline -0.012 -12"><span class='ocrx_word' id='word_1_356' title='bbox 464 4011 768 4079; x_wconf 85' lang='lat' dir='ltr'><strong>corripitur,</strong></span> <span class='ocrx_word' id='word_1_357' title='bbox 799 4007 938 4061; x_wconf 89' lang='lat' dir='ltr'><strong>Dens</strong></span> <span class='ocrx_word' id='word_1_358' title='bbox 976 4009 1298 4072; x_wconf 87' lang='lat' dir='ltr'><strong>coeperatur</strong></span> <span class='ocrx_word' id='word_1_359' title='bbox 1328 4000 1382 4053; x_wconf 88' lang='lat' dir='ltr'><strong>in</strong></span> <span class='ocrx_word' id='word_1_360' title='bbox 1411 3997 1636 4053; x_wconf 88' lang='lat' dir='ltr'><strong>bonum.</strong></span> <span class='ocrx_word' id='word_1_361' title='bbox 1666 3995 1854 4052; x_wconf 87' lang='lat' dir='ltr'><strong>Utrum</strong></span> <span class='ocrx_word' id='word_1_362' title='bbox 1880 4003 2058 4048; x_wconf 87' lang='lat' dir='ltr'><strong>autem</strong></span> 
     </span>
    </p>
   </div>
   <div class='ocr_carea' id='block_1_42' title="bbox 466 4083 2054 4168">
    <p class='ocr_par' dir='ltr' id='par_1_42' title="bbox 466 4083 2054 4168">
     <span class='ocr_line' id='line_1_42' title="bbox 466 4083 2054 4168; baseline -0.011 -10"><span class='ocrx_word' id='word_1_363' title='bbox 466 4106 538 4158; x_wconf 87' lang='lat' dir='ltr'><strong>ita</strong></span> <span class='ocrx_word' id='word_1_364' title='bbox 589 4103 661 4158; x_wconf 91' lang='lat' dir='ltr'><strong>sit</strong></span> <span class='ocrx_word' id='word_1_365' title='bbox 685 4108 905 4154; x_wconf 87' lang='lat' dir='ltr'><strong>vocatus</strong></span> <span class='ocrx_word' id='word_1_366' title='bbox 927 4137 942 4163; x_wconf 91' lang='lat'><strong>,</strong></span> <span class='ocrx_word' id='word_1_367' title='bbox 978 4093 1230 4168; x_wconf 89' lang='lat' dir='ltr'><strong>quoniam</strong></span> <span class='ocrx_word' id='word_1_368' title='bbox 1275 4090 1369 4163; x_wconf 89' lang='lat' dir='ltr'><strong>qui</strong></span> <span class='ocrx_word' id='word_1_369' title='bbox 1395 4087 1618 4157; x_wconf 88' lang='lat' dir='ltr'><strong>corripit</strong></span> <span class='ocrx_word' id='word_1_370' title='bbox 1658 4087 1863 4151; x_wconf 88' lang='lat' dir='ltr'><strong>nescit,</strong></span> <span class='ocrx_word' id='word_1_371' title='bbox 1893 4083 2054 4140; x_wconf 78' lang='lat' dir='ltr'><strong>faciat</strong></span> 
     </span>
    </p>
   </div>
   <div class='ocr_carea' id='block_1_43' title="bbox 469 4175 2063 4264">
    <p class='ocr_par' dir='ltr' id='par_1_43' title="bbox 469 4175 2063 4264">
     <span class='ocr_line' id='line_1_43' title="bbox 469 4175 2063 4264; baseline -0.011 -15"><span class='ocrx_word' id='word_1_372' title='bbox 469 4195 582 4264; x_wconf 83' lang='lat' dir='ltr'><strong>ipse</strong></span> <span class='ocrx_word' id='word_1_373' title='bbox 627 4207 748 4246; x_wconf 87' lang='lat' dir='ltr'><strong>cum</strong></span> <span class='ocrx_word' id='word_1_374' title='bbox 801 4187 1062 4244; x_wconf 82' lang='lat' dir='ltr'><strong>charitate</strong></span> <span class='ocrx_word' id='word_1_375' title='bbox 1087 4182 1229 4256; x_wconf 89' lang='lat' dir='ltr'><strong>quod</strong></span> <span class='ocrx_word' id='word_1_376' title='bbox 1276 4181 1380 4236; x_wconf 89' lang='lat' dir='ltr'><strong>scit</strong></span> <span class='ocrx_word' id='word_1_377' title='bbox 1421 4193 1543 4236; x_wconf 89' lang='lat' dir='ltr'><strong>esse</strong></span> <span class='ocrx_word' id='word_1_378' title='bbox 1583 4176 1884 4232; x_wconf 87' lang='lat' dir='ltr'><strong>faciendum</strong></span> <span class='ocrx_word' id='word_1_379' title='bbox 1914 4193 1930 4231; x_wconf 88' lang='lat'><strong>:</strong></span> <span class='ocrx_word' id='word_1_380' title='bbox 1960 4175 2063 4232; x_wconf 89' lang='lat' dir='ltr'><strong>scit</strong></span> 
     </span>
    </p>
   </div>
   <div class='ocr_carea' id='block_1_44' title="bbox 467 4266 2062 4346">
    <p class='ocr_par' dir='ltr' id='par_1_44' title="bbox 467 4266 2062 4346">
     <span class='ocr_line' id='line_1_44' title="bbox 467 4266 2062 4346; baseline -0.012 -7"><span class='ocrx_word' id='word_1_381' title='bbox 467 4284 609 4339; x_wconf 91' lang='lat' dir='ltr'><strong>enim</strong></span> <span class='ocrx_word' id='word_1_382' title='bbox 660 4281 816 4334; x_wconf 82' lang='lat' dir='ltr'><strong>talem</strong></span> <span class='ocrx_word' id='word_1_383' title='bbox 859 4275 1298 4346; x_wconf 87' lang='lat' dir='ltr'><strong>corripiendum;</strong></span> <span class='ocrx_word' id='word_1_384' title='bbox 1337 4272 1540 4326; x_wconf 86' lang='lat' dir='ltr'><strong>facturo</strong></span> <span class='ocrx_word' id='word_1_385' title='bbox 1570 4268 1679 4323; x_wconf 90' lang='lat' dir='ltr'><strong>Deo</strong></span> <span class='ocrx_word' id='word_1_386' title='bbox 1727 4275 1820 4321; x_wconf 90' lang='lat' dir='ltr'><strong>aut</strong></span> <span class='ocrx_word' id='word_1_387' title='bbox 1851 4266 2062 4322; x_wconf 89' lang='lat' dir='ltr'><strong>miseri-</strong></span> 
     </span>
    </p>
   </div>
   <div class='ocr_carea' id='block_1_45' title="bbox 467 4355 2060 4436">
    <p class='ocr_par' dir='ltr' id='par_1_45' title="bbox 467 4355 2060 4436">
     <span class='ocr_line' id='line_1_45' title="bbox 467 4355 2060 4436; baseline -0.012 -8"><span class='ocrx_word' id='word_1_388' title='bbox 467 4374 726 4435; x_wconf 88' lang='lat' dir='ltr'><strong>cordiam,</strong></span> <span class='ocrx_word' id='word_1_389' title='bbox 751 4377 842 4423; x_wconf 90' lang='lat' dir='ltr'><strong>ant</strong></span> <span class='ocrx_word' id='word_1_390' title='bbox 863 4366 1121 4436; x_wconf 87' lang='lat' dir='ltr'><strong>judicium</strong></span> <span class='ocrx_word' id='word_1_391' title='bbox 1145 4365 1161 4396; x_wconf 75' lang='grc'>⁸</span> <span class='ocrx_word' id='word_1_392' title='bbox 1189 4381 1204 4418; x_wconf 90' lang='lat'><strong>:</strong></span> <span class='ocrx_word' id='word_1_393' title='bbox 1239 4357 1656 4416; x_wconf 89' lang='lat' dir='ltr'><strong>misericordiam</strong></span> <span class='ocrx_word' id='word_1_394' title='bbox 1682 4356 1896 4427; x_wconf 88' lang='lat' dir='ltr'><strong>quidem</strong></span> <span class='ocrx_word' id='word_1_395' title='bbox 1916 4394 1932 4421; x_wconf 91' lang='lat'><strong>,</strong></span> <span class='ocrx_word' id='word_1_396' title='bbox 1960 4355 2005 4409; x_wconf 88' lang='lat' dir='ltr'><strong>si</strong></span> <span class='ocrx_word' id='word_1_397' title='bbox 2031 4370 2060 4409; x_wconf 88' lang='lat' dir='ltr'><strong>a</strong></span> 
     </span>
    </p>
   </div>
   <div class='ocr_carea' id='block_1_46' title="bbox 470 4446 2063 4533">
    <p class='ocr_par' dir='ltr' id='par_1_46' title="bbox 470 4446 2063 4533">
     <span class='ocr_line' id='line_1_46' title="bbox 470 4446 2063 4533; baseline -0.013 -11"><span class='ocrx_word' id='word_1_398' title='bbox 470 4481 646 4523; x_wconf 83' lang='lat' dir='ltr'><strong>massa</strong></span> <span class='ocrx_word' id='word_1_399' title='bbox 681 4459 996 4533; x_wconf 86' lang='lat' dir='ltr'><strong>perditionis</strong></span> <span class='ocrx_word' id='word_1_400' title='bbox 1025 4457 1116 4512; x_wconf 90' lang='lat' dir='ltr'><strong>ille</strong></span> <span class='ocrx_word' id='word_1_401' title='bbox 1144 4455 1232 4526; x_wconf 87' lang='lat' dir='ltr'><strong>qui</strong></span> <span class='ocrx_word' id='word_1_402' title='bbox 1265 4451 1588 4522; x_wconf 79' lang='lat' dir='ltr'><strong>corripitur,</strong></span> <span class='ocrx_word' id='word_1_403' title='bbox 1609 4449 1793 4520; x_wconf 75' lang='lat' dir='ltr'><strong>gratia:</strong></span> <span class='ocrx_word' id='word_1_404' title='bbox 1817 4446 2063 4518; x_wconf 75' lang='lat' dir='ltr'><strong>largitate</strong></span> 
     </span>
    </p>
   </div>
   <div class='ocr_carea' id='block_1_47' title="bbox 473 4539 2066 4620">
    <p class='ocr_par' dir='ltr' id='par_1_47' title="bbox 473 4539 2066 4620">
     <span class='ocr_line' id='line_1_47' title="bbox 473 4539 2066 4620; baseline -0.013 -6"><span class='ocrx_word' id='word_1_405' title='bbox 473 4560 736 4614; x_wconf 86' lang='lat' dir='ltr'><strong>discretus</strong></span> <span class='ocrx_word' id='word_1_406' title='bbox 763 4564 881 4620; x_wconf 88' lang='lat' dir='ltr'><strong>est,</strong></span> <span class='ocrx_word' id='word_1_407' title='bbox 927 4561 982 4607; x_wconf 91' lang='lat' dir='ltr'><strong>et</strong></span> <span class='ocrx_word' id='word_1_408' title='bbox 1011 4565 1119 4605; x_wconf 88' lang='lat' dir='ltr'><strong>non</strong></span> <span class='ocrx_word' id='word_1_409' title='bbox 1155 4557 1239 4605; x_wconf 82' lang='lat' dir='ltr'><strong>est</strong></span> <span class='ocrx_word' id='word_1_410' title='bbox 1282 4546 1422 4602; x_wconf 91' lang='lat' dir='ltr'><strong>inter</strong></span> <span class='ocrx_word' id='word_1_411' title='bbox 1443 4557 1570 4597; x_wconf 88' lang='lat' dir='ltr'><strong>vasa</strong></span> <span class='ocrx_word' id='word_1_412' title='bbox 1614 4542 1707 4596; x_wconf 70' lang='lat' dir='ltr'><strong>irze</strong></span> <span class='ocrx_word' id='word_1_413' title='bbox 1732 4555 1851 4612; x_wconf 75' lang='lat' dir='ltr'><strong>qua:</strong></span> <span class='ocrx_word' id='word_1_414' title='bbox 1891 4539 2066 4609; x_wconf 82' lang='lat' dir='ltr'><strong>perle-</strong></span> 
     </span>
    </p>
   </div>
   <div class='ocr_carea' id='block_1_48' title="bbox 473 4630 2064 4716">
    <p class='ocr_par' dir='ltr' id='par_1_48' title="bbox 473 4630 2064 4716">
     <span class='ocr_line' id='line_1_48' title="bbox 473 4630 2064 4716; baseline -0.014 -7"><span class='ocrx_word' id='word_1_415' title='bbox 473 4664 558 4709; x_wconf 87' lang='lat' dir='ltr'><strong>cta</strong></span> <span class='ocrx_word' id='word_1_416' title='bbox 587 4659 710 4706; x_wconf 84' lang='lat' dir='ltr'><strong>sunt</strong></span> <span class='ocrx_word' id='word_1_417' title='bbox 735 4650 788 4702; x_wconf 92' lang='lat' dir='ltr'><strong>in</strong></span> <span class='ocrx_word' id='word_1_418' title='bbox 821 4643 1172 4716; x_wconf 79' lang='lat' dir='ltr'><strong>perditionem</strong></span> <span class='ocrx_word' id='word_1_419' title='bbox 1195 4681 1210 4704; x_wconf 91' lang='lat'><strong>,</strong></span> <span class='ocrx_word' id='word_1_420' title='bbox 1237 4638 1332 4694; x_wconf 86' lang='lat' dir='ltr'><strong>sed</strong></span> <span class='ocrx_word' id='word_1_421' title='bbox 1363 4639 1502 4692; x_wconf 88' lang='lat' dir='ltr'><strong>inter</strong></span> <span class='ocrx_word' id='word_1_422' title='bbox 1531 4649 1658 4689; x_wconf 84' lang='lat' dir='ltr'><strong>vasa</strong></span> <span class='ocrx_word' id='word_1_423' title='bbox 1685 4630 2064 4687; x_wconf 77' lang='lat' dir='ltr'><strong>misericordia:</strong></span> 
     </span>
    </p>
   </div>
   <div class='ocr_carea' id='block_1_49' title="bbox 473 4721 2062 4816">
    <p class='ocr_par' dir='ltr' id='par_1_49' title="bbox 473 4721 2062 4816">
     <span class='ocr_line' id='line_1_49' title="bbox 473 4721 2062 4816; baseline -0.015 -17"><span class='ocrx_word' id='word_1_424' title='bbox 473 4761 594 4816; x_wconf 64' lang='lat' dir='ltr'><strong>qum</strong></span> <span class='ocrx_word' id='word_1_425' title='bbox 641 4736 956 4814; x_wconf 78' lang='lat' dir='ltr'><strong>pra-paravit</strong></span> <span class='ocrx_word' id='word_1_426' title='bbox 1001 4734 1140 4788; x_wconf 80' lang='lat' dir='ltr'><strong>Deus</strong></span> <span class='ocrx_word' id='word_1_427' title='bbox 1171 4734 1220 4784; x_wconf 90' lang='lat' dir='ltr'><strong>in</strong></span> <span class='ocrx_word' id='word_1_428' title='bbox 1252 4729 1478 4801; x_wconf 75' lang='lat' dir='ltr'><strong>gloriam</strong></span> <span class='ocrx_word' id='word_1_429' title='bbox 1509 4725 1686 4795; x_wconf 85' lang='lat' dir='ltr'><strong>(Rom.</strong></span> <span class='ocrx_word' id='word_1_430' title='bbox 1713 4739 1788 4790; x_wconf 83' lang='lat' dir='ltr'><strong>nt,</strong></span> <span class='ocrx_word' id='word_1_431' title='bbox 1813 4721 1906 4789; x_wconf 71' lang='lat'><strong>22,</strong></span> <span class='ocrx_word' id='word_1_432' title='bbox 1931 4721 2062 4793; x_wconf 70' lang='lat'><strong>2&#39;5);</strong></span> 
     </span>
    </p>
   </div>
   <div class='ocr_carea' id='block_1_50' title="bbox 475 4814 2068 4909">
    <p class='ocr_par' dir='ltr' id='par_1_50' title="bbox 475 4814 2068 4909">
     <span class='ocr_line' id='line_1_50' title="bbox 475 4814 2068 4909; baseline -0.015 -17"><span class='ocrx_word' id='word_1_433' title='bbox 475 4814 728 4909; x_wconf 80' lang='lat' dir='ltr'><strong>judicium</strong></span> <span class='ocrx_word' id='word_1_434' title='bbox 756 4845 903 4897; x_wconf 82' lang='lat' dir='ltr'><strong>vero,</strong></span> <span class='ocrx_word' id='word_1_435' title='bbox 931 4826 976 4882; x_wconf 92' lang='lat' dir='ltr'><strong>si</strong></span> <span class='ocrx_word' id='word_1_436' title='bbox 1005 4827 1056 4881; x_wconf 92' lang='lat' dir='ltr'><strong>in</strong></span> <span class='ocrx_word' id='word_1_437' title='bbox 1080 4824 1183 4880; x_wconf 84' lang='lat' dir='ltr'><strong>illis</strong></span> <span class='ocrx_word' id='word_1_438' title='bbox 1209 4831 1292 4878; x_wconf 88' lang='lat' dir='ltr'><strong>est</strong></span> <span class='ocrx_word' id='word_1_439' title='bbox 1317 4820 1621 4884; x_wconf 82' lang='lat' dir='ltr'><strong>damnatus,</strong></span> <span class='ocrx_word' id='word_1_440' title='bbox 1653 4817 1706 4871; x_wconf 91' lang='lat' dir='ltr'><strong>in</strong></span> <span class='ocrx_word' id='word_1_441' title='bbox 1735 4814 1818 4872; x_wconf 89' lang='lat' dir='ltr'><strong>his</strong></span> <span class='ocrx_word' id='word_1_442' title='bbox 1851 4829 1955 4870; x_wconf 91' lang='lat' dir='ltr'><strong>non</strong></span> <span class='ocrx_word' id='word_1_443' title='bbox 1985 4823 2068 4869; x_wconf 88' lang='lat' dir='ltr'><strong>est</strong></span> 
     </span>
    </p>
   </div>
   <div class='ocr_carea' id='block_1_51' title="bbox 479 4927 904 5000">
    <p class='ocr_par' dir='ltr' id='par_1_51' title="bbox 479 4927 904 5000">
     <span class='ocr_line' id='line_1_51' title="bbox 479 4927 904 5000; baseline -0.026 -13"><span class='ocrx_word' id='word_1_444' title='bbox 479 4927 904 5000; x_wconf 68' lang='lat' dir='ltr'><strong>prurdestinatus.</strong></span> 
     </span>
    </p>
   </div>
   <div class='ocr_carea' id='block_1_52' title="bbox 551 5033 2066 5114">
    <p class='ocr_par' dir='ltr' id='par_1_52' title="bbox 551 5033 2066 5114">
     <span class='ocr_line' id='line_1_52' title="bbox 551 5033 2066 5114; baseline -0.021 0"><span class='ocrx_word' id='word_1_445' title='bbox 551 5052 778 5114; x_wconf 78' lang='lat' dir='ltr'><strong>CAPUT</strong></span> <span class='ocrx_word' id='word_1_446' title='bbox 809 5049 874 5106; x_wconf 80' lang='grc' dir='ltr'><strong>Χ.</strong></span> <span class='ocrx_word' id='word_1_447' title='bbox 895 5078 968 5091; x_wconf 88' lang='grc'><strong>-</strong></span> <span class='ocrx_word' id='word_1_448' title='bbox 991 5045 1084 5100; x_wconf 70' lang='grc'><strong>26.</strong></span> <span class='ocrx_word' id='word_1_449' title='bbox 1115 5042 1213 5098; x_wconf 84' lang='lat' dir='ltr'><strong>llic</strong></span> <span class='ocrx_word' id='word_1_450' title='bbox 1234 5043 1255 5074; x_wconf 78' lang='grc'>³</span> <span class='ocrx_word' id='word_1_451' title='bbox 1277 5038 1514 5096; x_wconf 70' lang='lat' dir='ltr'><strong>extiritur</strong></span> <span class='ocrx_word' id='word_1_452' title='bbox 1542 5037 1644 5092; x_wconf 88' lang='lat' dir='ltr'><strong>alia</strong></span> <span class='ocrx_word' id='word_1_453' title='bbox 1685 5033 1932 5106; x_wconf 77' lang='lat' dir='ltr'><strong>qua-stio.</strong></span> <span class='ocrx_word' id='word_1_454' title='bbox 1962 5047 2066 5088; x_wconf 84' lang='lat' dir='ltr'><strong>non</strong></span> 
     </span>
    </p>
   </div>
   <div class='ocr_carea' id='block_1_53' title="bbox 481 5123 2070 5207">
    <p class='ocr_par' dir='ltr' id='par_1_53' title="bbox 481 5123 2070 5207">
     <span class='ocr_line' id='line_1_53' title="bbox 481 5123 2070 5207; baseline -0.018 0"><span class='ocrx_word' id='word_1_455' title='bbox 481 5165 609 5207; x_wconf 86' lang='lat' dir='ltr'><strong>sane</strong></span> <span class='ocrx_word' id='word_1_456' title='bbox 627 5139 1044 5204; x_wconf 85' lang='lat' dir='ltr'><strong>contemnenda,</strong></span> <span class='ocrx_word' id='word_1_457' title='bbox 1073 5135 1170 5193; x_wconf 89' lang='lat' dir='ltr'><strong>sed</strong></span> <span class='ocrx_word' id='word_1_458' title='bbox 1197 5135 1249 5189; x_wconf 93' lang='lat' dir='ltr'><strong>in</strong></span> <span class='ocrx_word' id='word_1_459' title='bbox 1278 5129 1542 5202; x_wconf 88' lang='lat' dir='ltr'><strong>adjutorio</strong></span> <span class='ocrx_word' id='word_1_460' title='bbox 1565 5125 1798 5186; x_wconf 84' lang='lat' dir='ltr'><strong>Domini.</strong></span> <span class='ocrx_word' id='word_1_461' title='bbox 1836 5126 1888 5178; x_wconf 91' lang='lat' dir='ltr'><strong>in</strong></span> <span class='ocrx_word' id='word_1_462' title='bbox 1917 5123 2070 5193; x_wconf 81' lang='lat' dir='ltr'><strong>cujus</strong></span> 
     </span>
    </p>
   </div>
   <div class='ocr_carea' id='block_1_54' title="bbox 485 5213 2064 5296">
    <p class='ocr_par' dir='ltr' id='par_1_54' title="bbox 485 5213 2064 5296">
     <span class='ocr_line' id='line_1_54' title="bbox 485 5213 2064 5296; baseline -0.016 -2"><span class='ocrx_word' id='word_1_463' title='bbox 485 5255 642 5296; x_wconf 87' lang='lat' dir='ltr'><strong>manu</strong></span> <span class='ocrx_word' id='word_1_464' title='bbox 669 5246 792 5292; x_wconf 89' lang='lat' dir='ltr'><strong>sunt</strong></span> <span class='ocrx_word' id='word_1_465' title='bbox 819 5243 874 5287; x_wconf 84' lang='lat' dir='ltr'><strong>et</strong></span> <span class='ocrx_word' id='word_1_466' title='bbox 901 5245 1001 5286; x_wconf 90' lang='lat' dir='ltr'><strong>nos</strong></span> <span class='ocrx_word' id='word_1_467' title='bbox 1016 5239 1073 5284; x_wconf 90' lang='lat' dir='ltr'><strong>et</strong></span> <span class='ocrx_word' id='word_1_468' title='bbox 1091 5237 1368 5282; x_wconf 86' lang='lat' dir='ltr'><strong>sermones</strong></span> <span class='ocrx_word' id='word_1_469' title='bbox 1397 5220 1566 5276; x_wconf 90' lang='lat' dir='ltr'><strong>nostri</strong></span> <span class='ocrx_word' id='word_1_470' title='bbox 1597 5215 1617 5290; x_wconf 82' lang='lat'>(</span> <span class='ocrx_word' id='word_1_471' title='bbox 1648 5217 1780 5288; x_wconf 69' lang='grc' dir='ltr'><strong>δίῳ.</strong></span> <span class='ocrx_word' id='word_1_472' title='bbox 1803 5232 1898 5281; x_wconf 85' lang='lat' dir='ltr'><strong>vn,</strong></span> <span class='ocrx_word' id='word_1_473' title='bbox 1931 5214 1994 5269; x_wconf 80' lang='grc'><strong>16</strong></span> <span class='ocrx_word' id='word_1_474' title='bbox 2023 5213 2064 5284; x_wconf 84' lang='grc'><strong>),</strong></span> 
     </span>
    </p>
   </div>
   <div class='ocr_carea' id='block_1_55' title="bbox 483 5307 2066 5401">
    <p class='ocr_par' dir='ltr' id='par_1_55' title="bbox 483 5307 2066 5401">
     <span class='ocr_line' id='line_1_55' title="bbox 483 5307 2066 5401; baseline -0.018 -15"><span class='ocrx_word' id='word_1_475' title='bbox 483 5327 837 5401; x_wconf 70' lang='lat' dir='ltr'><strong>aggredienda</strong></span> <span class='ocrx_word' id='word_1_476' title='bbox 864 5333 1026 5395; x_wconf 87' lang='lat' dir='ltr'><strong>atque</strong></span> <span class='ocrx_word' id='word_1_477' title='bbox 1059 5316 1340 5375; x_wconf 77' lang='lat' dir='ltr'><strong>solvenda.</strong></span> <span class='ocrx_word' id='word_1_478' title='bbox 1370 5311 1639 5382; x_wconf 66' lang='lat' dir='ltr'><strong>Quaeritur</strong></span> <span class='ocrx_word' id='word_1_479' title='bbox 1659 5311 1799 5365; x_wconf 78' lang='lat' dir='ltr'><strong>enim</strong></span> <span class='ocrx_word' id='word_1_480' title='bbox 1827 5323 1857 5363; x_wconf 87' lang='lat' dir='ltr'><strong>a</strong></span> <span class='ocrx_word' id='word_1_481' title='bbox 1889 5307 2066 5373; x_wconf 81' lang='lat' dir='ltr'><strong>nobis,</strong></span> 
     </span>
    </p>
   </div>
   <div class='ocr_carea' id='block_1_56' title="bbox 546 5511 2044 5583">
    <p class='ocr_par' dir='ltr' id='par_1_56' title="bbox 546 5511 2044 5583">
     <span class='ocr_line' id='line_1_56' title="bbox 546 5511 2044 5583; baseline 0.007 -14"><span class='ocrx_word' id='word_1_482' title='bbox 546 5529 570 5560; x_wconf 71' lang='grc' dir='ltr'><strong>ο</strong></span> <span class='ocrx_word' id='word_1_483' title='bbox 602 5521 1124 5583; x_wconf 71' lang='lat' dir='ltr'><strong>rditi,hinr.llt_MSS-.</strong></span> <span class='ocrx_word' id='word_1_484' title='bbox 1151 5511 1245 5564; x_wconf 74' lang='grc' dir='ltr'><em>Ιιίε·</em></span> <span class='ocrx_word' id='word_1_485' title='bbox 1305 5572 1326 5583; x_wconf 72' lang='grc'><em>,</em></span> <span class='ocrx_word' id='word_1_486' title='bbox 1381 5576 1392 5583; x_wconf 86' lang='lat'>_</span> <span class='ocrx_word' id='word_1_487' title='bbox 1526 5578 1610 5583; x_wconf 74' lang='lat'><strong>__</strong></span> <span class='ocrx_word' id='word_1_488' title='bbox 1659 5573 1732 5583; x_wconf 38' lang='lat' dir='ltr'><strong>__J</strong></span> <span class='ocrx_word' id='word_1_489' title='bbox 1778 5566 1834 5583; x_wconf 33' lang='grc' dir='ltr'><strong>μβ</strong></span> <span class='ocrx_word' id='word_1_490' title='bbox 1879 5562 2044 5583; x_wconf 39' lang='lat' dir='ltr'><strong>“mm.</strong></span> 
     </span>
    </p>
   </div>
   <div class='ocr_carea' id='block_1_57' title="bbox 549 5566 2068 5642">
    <p class='ocr_par' dir='ltr' id='par_1_57' title="bbox 549 5566 2068 5642">
     <span class='ocr_line' id='line_1_57' title="bbox 549 5566 2068 5642; baseline -0.016 -6"><span class='ocrx_word' id='word_1_491' title='bbox 549 5590 565 5620; x_wconf 72' lang='grc' dir='ltr'>ί</span> <span class='ocrx_word' id='word_1_492' title='bbox 603 5566 894 5636; x_wconf 62' lang='lat' dir='ltr'><strong>lEiZ&#39;i;&#39;r&#39;.‘&quot;.&#39;-i</strong></span> <span class='ocrx_word' id='word_1_493' title='bbox 917 5566 1123 5642; x_wconf 43' lang='lat' dir='ltr'><strong>irini-es;</strong></span> <span class='ocrx_word' id='word_1_494' title='bbox 1148 5586 1253 5642; x_wconf 57' lang='lat' dir='ltr'><strong>tias.</strong></span> <span class='ocrx_word' id='word_1_495' title='bbox 1297 5572 1616 5642; x_wconf 27' lang='lat' dir='ltr'><strong>facturoinco</strong></span> <span class='ocrx_word' id='word_1_496' title='bbox 1649 5573 1732 5618; x_wconf 85' lang='lat' dir='ltr'><strong>aut</strong></span> <span class='ocrx_word' id='word_1_497' title='bbox 1767 5566 1834 5618; x_wconf 82' lang='lat' dir='ltr'><strong>art</strong></span> 
     </span>
    </p>
   </div>
   <div class='ocr_carea' id='block_1_58' title="bbox 489 5634 2068 5703">
    <p class='ocr_par' dir='ltr' id='par_1_58' title="bbox 489 5634 2068 5703">
     <span class='ocr_line' id='line_1_58' title="bbox 489 5634 2068 5703; baseline -0.016 -5"><span class='ocrx_word' id='word_1_498' title='bbox 489 5634 706 5698; x_wconf 80' lang='lat' dir='ltr'><strong>cordiam</strong></span> <span class='ocrx_word' id='word_1_499' title='bbox 728 5678 743 5703; x_wconf 91' lang='lat'><strong>,</strong></span> <span class='ocrx_word' id='word_1_500' title='bbox 788 5651 868 5692; x_wconf 87' lang='lat' dir='ltr'><strong>m:t</strong></span> <span class='ocrx_word' id='word_1_501' title='bbox 906 5634 970 5703; x_wconf 63' lang='lat' dir='ltr'><strong>ait</strong></span> <span class='ocrx_word' id='word_1_502' title='bbox 1009 5637 1266 5703; x_wconf 73' lang='lat' dir='ltr'><strong>judicium.</strong></span> <span class='ocrx_word' id='word_1_503' title='bbox 1297 5634 1306 5638; x_wconf 71' lang='grc'>⁷</span> <span class='ocrx_word' id='word_1_504' title='bbox 1337 5636 1660 5703; x_wconf 74' lang='lat' dir='ltr'><strong>Lorariienses</strong></span> <span class='ocrx_word' id='word_1_505' title='bbox 1701 5634 2068 5703; x_wconf 75' lang='lat' dir='ltr'><strong>exnunxerunt,</strong></span> 
     </span>
    </p>
   </div>
   <div class='ocr_carea' id='block_1_59' title="bbox 487 5697 2068 5818">
    <p class='ocr_par' dir='ltr' id='par_1_59' title="bbox 487 5697 2068 5818">
     <span class='ocr_line' id='line_1_59' title="bbox 487 5697 2068 5818; baseline -0.001 -71"><span class='ocrx_word' id='word_1_506' title='bbox 487 5709 586 5818; x_wconf 46' lang='lat' dir='ltr'><strong>at;</strong></span> <span class='ocrx_word' id='word_1_507' title='bbox 618 5697 742 5814; x_wconf 47' lang='lat' dir='ltr'><strong>aii-.6</strong></span> <span class='ocrx_word' id='word_1_508' title='bbox 771 5697 1159 5764; x_wconf 69' lang='lat' dir='ltr'><strong>[articula&#39;abest</strong></span> <span class='ocrx_word' id='word_1_509' title='bbox 1183 5699 1328 5746; x_wconf 87' lang='lat' dir='ltr'><strong>etiam</strong></span> <span class='ocrx_word' id='word_1_510' title='bbox 1349 5707 1378 5745; x_wconf 91' lang='lat' dir='ltr'><strong>a</strong></span> <span class='ocrx_word' id='word_1_511' title='bbox 1400 5700 1726 5748; x_wconf 79' lang='lat' dir='ltr'><strong>vetustissimo</strong></span> <span class='ocrx_word' id='word_1_512' title='bbox 1771 5697 1934 5748; x_wconf 81' lang='lat' dir='ltr'><strong>codice</strong></span> <span class='ocrx_word' id='word_1_513' title='bbox 1955 5699 2068 5743; x_wconf 81' lang='lat' dir='ltr'><strong>Oor-</strong></span> 
     </span>
     <span class='ocr_line' id='line_1_60' title="bbox 553 5780 657 5816; baseline -0.01 0"><span class='ocrx_word' id='word_1_514' title='bbox 553 5780 617 5816; x_wconf 73' lang='lat' dir='ltr'><strong>IL‘l</strong></span> <span class='ocrx_word' id='word_1_515' title='bbox 651 5782 657 5788; x_wconf 85' lang='grc'><em>“</em></span> 
     </span>
    </p>
   </div>
   <div class='ocr_carea' id='block_1_60' title="bbox 1305 298 2874 372">
    <p class='ocr_par' dir='ltr' id='par_1_60' title="bbox 1305 298 2874 372">
     <span class='ocr_line' id='line_1_61' title="bbox 1305 298 2874 372; baseline -0.008 -5"><span class='ocrx_word' id='word_1_516' title='bbox 1305 311 1393 368; x_wconf 77' lang='lat' dir='ltr'><strong>DE</strong></span> <span class='ocrx_word' id='word_1_517' title='bbox 1433 305 1912 367; x_wconf 60' lang='lat' dir='ltr'><strong>CODREPTIONE</strong></span> <span class='ocrx_word' id='word_1_518' title='bbox 1953 303 2042 362; x_wconf 73' lang='lat' dir='ltr'>ET</span> <span class='ocrx_word' id='word_1_519' title='bbox 2077 305 2362 372; x_wconf 68' lang='lat' dir='ltr'><strong>GRA‘HA,</strong></span> <span class='ocrx_word' id='word_1_520' title='bbox 2398 305 2461 361; x_wconf 76' lang='lat' dir='ltr'><strong>&#39;S.</strong></span> <span class='ocrx_word' id='word_1_521' title='bbox 2501 298 2874 360; x_wconf 73' lang='lat' dir='ltr'><strong>AUGUSTINI</strong></span> 
     </span>
    </p>
   </div>
   <div class='ocr_carea' id='block_1_61' title="bbox 3595 293 3728 352">
    <p class='ocr_par' dir='ltr' id='par_1_61' title="bbox 3595 293 3728 352">
     <span class='ocr_line' id='line_1_62' title="bbox 3595 293 3728 352; baseline 0 -3"><span class='ocrx_word' id='word_1_522' title='bbox 3595 345 3600 349; x_wconf 90' lang='lat'><strong>.</strong></span> <span class='ocrx_word' id='word_1_523' title='bbox 3619 293 3728 352; x_wconf 75' lang='lat'><strong>93!</strong></span> 
     </span>
    </p>
   </div>
   <div class='ocr_carea' id='block_1_62' title="bbox 2141 405 3732 486">
    <p class='ocr_par' dir='ltr' id='par_1_62' title="bbox 2141 405 3732 486">
     <span class='ocr_line' id='line_1_63' title="bbox 2141 405 3732 486; baseline -0.007 -14"><span class='ocrx_word' id='word_1_524' title='bbox 2141 427 2395 486; x_wconf 87' lang='lat' dir='ltr'><strong>quantum</strong></span> <span class='ocrx_word' id='word_1_525' title='bbox 2420 415 2609 472; x_wconf 88' lang='lat' dir='ltr'><strong>attinet</strong></span> <span class='ocrx_word' id='word_1_526' title='bbox 2635 413 2704 481; x_wconf 84' lang='lat' dir='ltr'><strong>ad</strong></span> <span class='ocrx_word' id='word_1_527' title='bbox 2734 412 2835 468; x_wconf 90' lang='lat' dir='ltr'><strong>hoc</strong></span> <span class='ocrx_word' id='word_1_528' title='bbox 2863 411 3060 466; x_wconf 80' lang='lat' dir='ltr'><strong>donum</strong></span> <span class='ocrx_word' id='word_1_529' title='bbox 3089 407 3208 476; x_wconf 82' lang='lat' dir='ltr'><strong>Dei,</strong></span> <span class='ocrx_word' id='word_1_530' title='bbox 3233 405 3377 479; x_wconf 82' lang='lat' dir='ltr'><strong>quod</strong></span> <span class='ocrx_word' id='word_1_531' title='bbox 3398 416 3478 462; x_wconf 79' lang='lat' dir='ltr'><strong>est</strong></span> <span class='ocrx_word' id='word_1_532' title='bbox 3503 407 3559 463; x_wconf 88' lang='lat' dir='ltr'><strong>in</strong></span> <span class='ocrx_word' id='word_1_533' title='bbox 3587 406 3732 462; x_wconf 84' lang='lat' dir='ltr'><strong>bono</strong></span> 
     </span>
    </p>
   </div>
   <div class='ocr_carea' id='block_1_63' title="bbox 2142 495 3734 580">
    <p class='ocr_par' dir='ltr' id='par_1_63' title="bbox 2142 495 3734 580">
     <span class='ocr_line' id='line_1_64' title="bbox 2142 495 3734 580; baseline -0.008 -13"><span class='ocrx_word' id='word_1_534' title='bbox 2142 523 2485 580; x_wconf 85' lang='lat' dir='ltr'><strong>perseverare</strong></span> <span class='ocrx_word' id='word_1_535' title='bbox 2523 521 2691 578; x_wconf 89' lang='lat' dir='ltr'><strong>usque</strong></span> <span class='ocrx_word' id='word_1_536' title='bbox 2727 505 2780 560; x_wconf 90' lang='lat' dir='ltr'><strong>in</strong></span> <span class='ocrx_word' id='word_1_537' title='bbox 2810 502 3000 570; x_wconf 86' lang='lat' dir='ltr'><strong>linem,</strong></span> <span class='ocrx_word' id='word_1_538' title='bbox 3027 500 3152 573; x_wconf 91' lang='lat' dir='ltr'><strong>quid</strong></span> <span class='ocrx_word' id='word_1_539' title='bbox 3181 499 3249 556; x_wconf 89' lang='lat' dir='ltr'><strong>de</strong></span> <span class='ocrx_word' id='word_1_540' title='bbox 3272 499 3388 570; x_wconf 85' lang='lat' dir='ltr'><strong>ipso</strong></span> <span class='ocrx_word' id='word_1_541' title='bbox 3417 498 3592 570; x_wconf 77' lang='lat' dir='ltr'><strong>primo</strong></span> <span class='ocrx_word' id='word_1_542' title='bbox 3629 495 3734 555; x_wconf 83' lang='lat' dir='ltr'><strong>bo-</strong></span> 
     </span>
    </p>
   </div>
   <div class='ocr_carea' id='block_1_64' title="bbox 2140 589 3736 667">
    <p class='ocr_par' dir='ltr' id='par_1_64' title="bbox 2140 589 3736 667">
     <span class='ocr_line' id='line_1_65' title="bbox 2140 589 3736 667; baseline -0.006 -12"><span class='ocrx_word' id='word_1_543' title='bbox 2140 601 2284 656; x_wconf 86' lang='lat' dir='ltr'><strong>mine</strong></span> <span class='ocrx_word' id='word_1_544' title='bbox 2325 593 2638 664; x_wconf 85' lang='lat' dir='ltr'><strong>sentiamus,</strong></span> <span class='ocrx_word' id='word_1_545' title='bbox 2662 597 2760 667; x_wconf 67' lang='lat' dir='ltr'><strong>fqui</strong></span> <span class='ocrx_word' id='word_1_546' title='bbox 2790 603 2936 651; x_wconf 88' lang='lat' dir='ltr'><strong>certe</strong></span> <span class='ocrx_word' id='word_1_547' title='bbox 2972 595 3090 648; x_wconf 89' lang='lat' dir='ltr'><strong>sine</strong></span> <span class='ocrx_word' id='word_1_548' title='bbox 3131 591 3242 646; x_wconf 93' lang='lat' dir='ltr'><strong>ullo</strong></span> <span class='ocrx_word' id='word_1_549' title='bbox 3285 591 3412 646; x_wconf 88' lang='lat' dir='ltr'><strong>vitio</strong></span> <span class='ocrx_word' id='word_1_550' title='bbox 3451 589 3626 646; x_wconf 83' lang='lat' dir='ltr'><strong>factus</strong></span> <span class='ocrx_word' id='word_1_551' title='bbox 3651 600 3736 646; x_wconf 83' lang='lat' dir='ltr'><strong>est</strong></span> 
     </span>
    </p>
   </div>
   <div class='ocr_carea' id='block_1_65' title="bbox 2139 682 3729 757">
    <p class='ocr_par' dir='ltr' id='par_1_65' title="bbox 2139 682 3729 757">
     <span class='ocr_line' id='line_1_66' title="bbox 2139 682 3729 757; baseline -0.009 -9"><span class='ocrx_word' id='word_1_552' title='bbox 2139 700 2342 748; x_wconf 75' lang='lat' dir='ltr'><strong>rectus.</strong></span> <span class='ocrx_word' id='word_1_553' title='bbox 2389 689 2499 746; x_wconf 83' lang='lat' dir='ltr'><strong>Nec</strong></span> <span class='ocrx_word' id='word_1_554' title='bbox 2541 689 2663 744; x_wconf 89' lang='lat' dir='ltr'><strong>dico</strong></span> <span class='ocrx_word' id='word_1_555' title='bbox 2695 706 2709 742; x_wconf 91' lang='lat'><strong>:</strong></span> <span class='ocrx_word' id='word_1_556' title='bbox 2736 687 2793 744; x_wconf 87' lang='lat' dir='ltr'><strong>Si</strong></span> <span class='ocrx_word' id='word_1_557' title='bbox 2841 684 3297 757; x_wconf 81' lang='lat' dir='ltr'><strong>perseverantiam</strong></span> <span class='ocrx_word' id='word_1_558' title='bbox 3344 698 3448 736; x_wconf 88' lang='lat' dir='ltr'><strong>non</strong></span> <span class='ocrx_word' id='word_1_559' title='bbox 3500 682 3729 748; x_wconf 82' lang='lat' dir='ltr'><strong>habuit,</strong></span> 
     </span>
    </p>
   </div>
   <div class='ocr_carea' id='block_1_66' title="bbox 2140 772 3728 855">
    <p class='ocr_par' dir='ltr' id='par_1_66' title="bbox 2140 772 3728 855">
     <span class='ocr_line' id='line_1_67' title="bbox 2140 772 3728 855; baseline -0.008 -16"><span class='ocrx_word' id='word_1_560' title='bbox 2140 783 2410 855; x_wconf 87' lang='lat' dir='ltr'><strong>quomodo</strong></span> <span class='ocrx_word' id='word_1_561' title='bbox 2431 783 2547 838; x_wconf 89' lang='lat' dir='ltr'><strong>sine</strong></span> <span class='ocrx_word' id='word_1_562' title='bbox 2568 781 2695 834; x_wconf 88' lang='lat' dir='ltr'><strong>vitio</strong></span> <span class='ocrx_word' id='word_1_563' title='bbox 2719 777 2840 844; x_wconf 80' lang='lat' dir='ltr'><strong>fuit,</strong></span> <span class='ocrx_word' id='word_1_564' title='bbox 2864 779 2948 833; x_wconf 92' lang='lat' dir='ltr'><strong>cui</strong></span> <span class='ocrx_word' id='word_1_565' title='bbox 2975 787 3079 832; x_wconf 89' lang='lat' dir='ltr'><strong>tam</strong></span> <span class='ocrx_word' id='word_1_566' title='bbox 3108 773 3472 830; x_wconf 82' lang='lat' dir='ltr'><strong>necessarium</strong></span> <span class='ocrx_word' id='word_1_567' title='bbox 3503 773 3596 826; x_wconf 89' lang='lat' dir='ltr'><strong>Dei</strong></span> <span class='ocrx_word' id='word_1_568' title='bbox 3625 772 3728 826; x_wconf 77' lang='lat' dir='ltr'><strong>do-</strong></span> 
     </span>
    </p>
   </div>
   <div class='ocr_carea' id='block_1_67' title="bbox 2141 865 3734 942">
    <p class='ocr_par' dir='ltr' id='par_1_67' title="bbox 2141 865 3734 942">
     <span class='ocr_line' id='line_1_68' title="bbox 2141 865 3734 942; baseline -0.008 -11"><span class='ocrx_word' id='word_1_569' title='bbox 2141 893 2268 932; x_wconf 87' lang='lat' dir='ltr'><strong>num</strong></span> <span class='ocrx_word' id='word_1_570' title='bbox 2320 875 2490 930; x_wconf 83' lang='lat' dir='ltr'><strong>defuit</strong></span> <span class='ocrx_word' id='word_1_571' title='bbox 2521 873 2582 927; x_wconf 71' lang='lat' dir='ltr'><strong>‘Y</strong></span> <span class='ocrx_word' id='word_1_572' title='bbox 2636 871 2771 928; x_wconf 86' lang='lat' dir='ltr'><strong>Huic</strong></span> <span class='ocrx_word' id='word_1_573' title='bbox 2829 884 3062 942; x_wconf 87' lang='lat' dir='ltr'><strong>namque</strong></span> <span class='ocrx_word' id='word_1_574' title='bbox 3115 867 3520 934; x_wconf 76' lang='lat' dir='ltr'><strong>interrogationi</strong></span> <span class='ocrx_word' id='word_1_575' title='bbox 3580 865 3734 918; x_wconf 78' lang='lat' dir='ltr'><strong>facile</strong></span> 
     </span>
    </p>
   </div>
   <div class='ocr_carea' id='block_1_68' title="bbox 2141 957 3732 1038">
    <p class='ocr_par' dir='ltr' id='par_1_68' title="bbox 2141 957 3732 1038">
     <span class='ocr_line' id='line_1_69' title="bbox 2141 957 3732 1038; baseline -0.007 -16"><span class='ocrx_word' id='word_1_576' title='bbox 2141 966 2514 1038; x_wconf 86' lang='lat' dir='ltr'><strong>respondetur,</strong></span> <span class='ocrx_word' id='word_1_577' title='bbox 2541 979 2663 1020; x_wconf 90' lang='lat' dir='ltr'><strong>eum</strong></span> <span class='ocrx_word' id='word_1_578' title='bbox 2695 960 3146 1034; x_wconf 82' lang='lat' dir='ltr'><strong>perseverantiam</strong></span> <span class='ocrx_word' id='word_1_579' title='bbox 3177 975 3282 1013; x_wconf 91' lang='lat' dir='ltr'><strong>non</strong></span> <span class='ocrx_word' id='word_1_580' title='bbox 3311 957 3585 1022; x_wconf 86' lang='lat' dir='ltr'><strong>habuisse,</strong></span> <span class='ocrx_word' id='word_1_581' title='bbox 3611 958 3732 1026; x_wconf 85' lang='lat' dir='ltr'><strong>quia</strong></span> 
     </span>
    </p>
   </div>
   <div class='ocr_carea' id='block_1_69' title="bbox 2141 1049 3731 1126">
    <p class='ocr_par' dir='ltr' id='par_1_69' title="bbox 2141 1049 3731 1126">
     <span class='ocr_line' id='line_1_70' title="bbox 2141 1049 3731 1126; baseline -0.009 -13"><span class='ocrx_word' id='word_1_582' title='bbox 2141 1059 2194 1113; x_wconf 91' lang='lat' dir='ltr'><strong>in</strong></span> <span class='ocrx_word' id='word_1_583' title='bbox 2229 1072 2296 1112; x_wconf 92' lang='lat' dir='ltr'><strong>eo</strong></span> <span class='ocrx_word' id='word_1_584' title='bbox 2347 1057 2508 1119; x_wconf 85' lang='lat' dir='ltr'><strong>bono,</strong></span> <span class='ocrx_word' id='word_1_585' title='bbox 2553 1072 2660 1126; x_wconf 91' lang='lat' dir='ltr'><strong>quo</strong></span> <span class='ocrx_word' id='word_1_586' title='bbox 2705 1053 2822 1108; x_wconf 85' lang='lat' dir='ltr'><strong>sine</strong></span> <span class='ocrx_word' id='word_1_587' title='bbox 2866 1053 2997 1106; x_wconf 88' lang='lat' dir='ltr'><strong>vitio</strong></span> <span class='ocrx_word' id='word_1_588' title='bbox 3042 1051 3159 1112; x_wconf 83' lang='lat' dir='ltr'><strong>fuit,</strong></span> <span class='ocrx_word' id='word_1_589' title='bbox 3192 1065 3296 1104; x_wconf 91' lang='lat' dir='ltr'><strong>non</strong></span> <span class='ocrx_word' id='word_1_590' title='bbox 3322 1049 3731 1118; x_wconf 78' lang='lat' dir='ltr'><strong>perseverarit:</strong></span> 
     </span>
    </p>
   </div>
   <div class='ocr_carea' id='block_1_70' title="bbox 2142 1141 3732 1221">
    <p class='ocr_par' dir='ltr' id='par_1_70' title="bbox 2142 1141 3732 1221">
     <span class='ocr_line' id='line_1_71' title="bbox 2142 1141 3732 1221; baseline -0.007 -17"><span class='ocrx_word' id='word_1_591' title='bbox 2142 1151 2306 1221; x_wconf 77' lang='lat' dir='ltr'><strong>cmpit</strong></span> <span class='ocrx_word' id='word_1_592' title='bbox 2329 1149 2470 1204; x_wconf 87' lang='lat' dir='ltr'><strong>enim</strong></span> <span class='ocrx_word' id='word_1_593' title='bbox 2495 1147 2691 1202; x_wconf 88' lang='lat' dir='ltr'><strong>habere</strong></span> <span class='ocrx_word' id='word_1_594' title='bbox 2716 1147 2900 1200; x_wconf 78' lang='lat' dir='ltr'><strong>vitium</strong></span> <span class='ocrx_word' id='word_1_595' title='bbox 2921 1161 2986 1199; x_wconf 76' lang='lat' dir='ltr'><strong>ex</strong></span> <span class='ocrx_word' id='word_1_596' title='bbox 3006 1160 3113 1215; x_wconf 89' lang='lat' dir='ltr'><strong>quo</strong></span> <span class='ocrx_word' id='word_1_597' title='bbox 3141 1142 3366 1206; x_wconf 86' lang='lat' dir='ltr'><strong>cecidit;</strong></span> <span class='ocrx_word' id='word_1_598' title='bbox 3399 1151 3453 1196; x_wconf 90' lang='lat' dir='ltr'><strong>et</strong></span> <span class='ocrx_word' id='word_1_599' title='bbox 3481 1141 3526 1197; x_wconf 87' lang='lat' dir='ltr'><strong>si</strong></span> <span class='ocrx_word' id='word_1_600' title='bbox 3547 1143 3732 1210; x_wconf 66' lang='lat' dir='ltr'><strong>coepit,</strong></span> 
     </span>
    </p>
   </div>
   <div class='ocr_carea' id='block_1_71' title="bbox 2144 1232 3735 1310">
    <p class='ocr_par' dir='ltr' id='par_1_71' title="bbox 2144 1232 3735 1310">
     <span class='ocr_line' id='line_1_72' title="bbox 2144 1232 3735 1310; baseline -0.004 -17"><span class='ocrx_word' id='word_1_601' title='bbox 2144 1250 2430 1310; x_wconf 82' lang='lat' dir='ltr'><strong>antequam</strong></span> <span class='ocrx_word' id='word_1_602' title='bbox 2458 1238 2730 1308; x_wconf 75' lang='lat' dir='ltr'><strong>cmpisset,</strong></span> <span class='ocrx_word' id='word_1_603' title='bbox 2776 1237 2958 1306; x_wconf 89' lang='lat' dir='ltr'><strong>utique</strong></span> <span class='ocrx_word' id='word_1_604' title='bbox 3002 1235 3119 1289; x_wconf 90' lang='lat' dir='ltr'><strong>sine</strong></span> <span class='ocrx_word' id='word_1_605' title='bbox 3149 1233 3277 1288; x_wconf 85' lang='lat' dir='ltr'><strong>vitio</strong></span> <span class='ocrx_word' id='word_1_606' title='bbox 3303 1232 3421 1287; x_wconf 85' lang='lat' dir='ltr'><strong>fuit.</strong></span> <span class='ocrx_word' id='word_1_607' title='bbox 3453 1233 3614 1288; x_wconf 78' lang='lat' dir='ltr'><strong>Aliud</strong></span> <span class='ocrx_word' id='word_1_608' title='bbox 3657 1243 3735 1287; x_wconf 86' lang='lat' dir='ltr'><strong>est</strong></span> 
     </span>
    </p>
   </div>
   <div class='ocr_carea' id='block_1_72' title="bbox 2144 1323 3732 1391">
    <p class='ocr_par' dir='ltr' id='par_1_72' title="bbox 2144 1323 3732 1391">
     <span class='ocr_line' id='line_1_73' title="bbox 2144 1323 3732 1391; baseline -0.004 -7"><span class='ocrx_word' id='word_1_609' title='bbox 2144 1331 2286 1385; x_wconf 88' lang='lat' dir='ltr'><strong>enim</strong></span> <span class='ocrx_word' id='word_1_610' title='bbox 2317 1345 2422 1383; x_wconf 89' lang='lat' dir='ltr'><strong>non</strong></span> <span class='ocrx_word' id='word_1_611' title='bbox 2449 1328 2648 1383; x_wconf 86' lang='lat' dir='ltr'><strong>habere</strong></span> <span class='ocrx_word' id='word_1_612' title='bbox 2675 1329 2880 1391; x_wconf 79' lang='lat' dir='ltr'><strong>vitium;</strong></span> <span class='ocrx_word' id='word_1_613' title='bbox 2909 1333 2964 1382; x_wconf 88' lang='lat' dir='ltr'><strong>et</strong></span> <span class='ocrx_word' id='word_1_614' title='bbox 3003 1324 3146 1378; x_wconf 86' lang='lat' dir='ltr'><strong>aliud</strong></span> <span class='ocrx_word' id='word_1_615' title='bbox 3180 1323 3338 1378; x_wconf 87' lang='lat' dir='ltr'><strong>estin</strong></span> <span class='ocrx_word' id='word_1_616' title='bbox 3361 1339 3426 1378; x_wconf 89' lang='lat' dir='ltr'><strong>ea</strong></span> <span class='ocrx_word' id='word_1_617' title='bbox 3454 1323 3698 1378; x_wconf 78' lang='lat' dir='ltr'><strong>bonitate</strong></span> <span class='ocrx_word' id='word_1_618' title='bbox 3717 1366 3732 1386; x_wconf 91' lang='lat'><strong>,</strong></span> 
     </span>
    </p>
   </div>
   <div class='ocr_carea' id='block_1_73' title="bbox 2145 1417 3730 1494">
    <p class='ocr_par' dir='ltr' id='par_1_73' title="bbox 2145 1417 3730 1494">
     <span class='ocr_line' id='line_1_74' title="bbox 2145 1417 3730 1494; baseline -0.005 -18"><span class='ocrx_word' id='word_1_619' title='bbox 2145 1423 2197 1476; x_wconf 91' lang='lat' dir='ltr'><strong>in</strong></span> <span class='ocrx_word' id='word_1_620' title='bbox 2239 1439 2342 1494; x_wconf 91' lang='lat' dir='ltr'><strong>qua</strong></span> <span class='ocrx_word' id='word_1_621' title='bbox 2381 1421 2581 1477; x_wconf 76' lang='lat' dir='ltr'><strong>nullout</strong></span> <span class='ocrx_word' id='word_1_622' title='bbox 2619 1421 2804 1475; x_wconf 87' lang='lat' dir='ltr'><strong>vitium</strong></span> <span class='ocrx_word' id='word_1_623' title='bbox 2833 1433 2937 1483; x_wconf 87' lang='lat' dir='ltr'><strong>est,</strong></span> <span class='ocrx_word' id='word_1_624' title='bbox 2971 1434 3076 1472; x_wconf 90' lang='lat' dir='ltr'><strong>non</strong></span> <span class='ocrx_word' id='word_1_625' title='bbox 3128 1432 3370 1472; x_wconf 82' lang='lat' dir='ltr'><strong>manere.</strong></span> <span class='ocrx_word' id='word_1_626' title='bbox 3418 1417 3497 1472; x_wconf 85' lang='lat' dir='ltr'><strong>Eo</strong></span> <span class='ocrx_word' id='word_1_627' title='bbox 3531 1419 3730 1487; x_wconf 79' lang='lat' dir='ltr'><strong>quippe</strong></span> 
     </span>
    </p>
   </div>
   <div class='ocr_carea' id='block_1_74' title="bbox 2147 1507 3730 1586">
    <p class='ocr_par' dir='ltr' id='par_1_74' title="bbox 2147 1507 3730 1586">
     <span class='ocr_line' id='line_1_75' title="bbox 2147 1507 3730 1586; baseline -0.002 -19"><span class='ocrx_word' id='word_1_628' title='bbox 2147 1513 2264 1583; x_wconf 88' lang='lat' dir='ltr'><strong>ipso</strong></span> <span class='ocrx_word' id='word_1_629' title='bbox 2289 1513 2430 1586; x_wconf 85' lang='lat' dir='ltr'><strong>quod</strong></span> <span class='ocrx_word' id='word_1_630' title='bbox 2461 1530 2566 1566; x_wconf 91' lang='lat' dir='ltr'><strong>non</strong></span> <span class='ocrx_word' id='word_1_631' title='bbox 2595 1512 2794 1567; x_wconf 87' lang='lat' dir='ltr'><strong>dicitur</strong></span> <span class='ocrx_word' id='word_1_632' title='bbox 2817 1525 3089 1582; x_wconf 86' lang='lat' dir='ltr'><strong>nunquam</strong></span> <span class='ocrx_word' id='word_1_633' title='bbox 3113 1509 3231 1564; x_wconf 87' lang='lat' dir='ltr'><strong>sine</strong></span> <span class='ocrx_word' id='word_1_634' title='bbox 3252 1511 3379 1564; x_wconf 92' lang='lat' dir='ltr'><strong>vitio</strong></span> <span class='ocrx_word' id='word_1_635' title='bbox 3413 1507 3602 1572; x_wconf 85' lang='lat' dir='ltr'><strong>fuisse,</strong></span> <span class='ocrx_word' id='word_1_636' title='bbox 3637 1509 3730 1564; x_wconf 82' lang='lat' dir='ltr'><strong>sed</strong></span> 
     </span>
    </p>
   </div>
   <div class='ocr_carea' id='block_1_75' title="bbox 2145 1601 3735 1674">
    <p class='ocr_par' dir='ltr' id='par_1_75' title="bbox 2145 1601 3735 1674">
     <span class='ocr_line' id='line_1_76' title="bbox 2145 1601 3735 1674; baseline -0.003 -14"><span class='ocrx_word' id='word_1_637' title='bbox 2145 1604 2339 1660; x_wconf 90' lang='lat' dir='ltr'><strong>dicitur</strong></span> <span class='ocrx_word' id='word_1_638' title='bbox 2373 1606 2491 1660; x_wconf 88' lang='lat' dir='ltr'><strong>sine</strong></span> <span class='ocrx_word' id='word_1_639' title='bbox 2519 1604 2649 1659; x_wconf 92' lang='lat' dir='ltr'><strong>vitio</strong></span> <span class='ocrx_word' id='word_1_640' title='bbox 2670 1618 2775 1658; x_wconf 90' lang='lat' dir='ltr'><strong>non</strong></span> <span class='ocrx_word' id='word_1_641' title='bbox 2815 1604 3198 1674; x_wconf 72' lang='lat' dir='ltr'><strong>permansisse,</strong></span> <span class='ocrx_word' id='word_1_642' title='bbox 3234 1602 3419 1672; x_wconf 85' lang='lat' dir='ltr'><strong>procul</strong></span> <span class='ocrx_word' id='word_1_643' title='bbox 3445 1601 3614 1656; x_wconf 82' lang='lat' dir='ltr'><strong>dubio</strong></span> <span class='ocrx_word' id='word_1_644' title='bbox 3641 1601 3735 1656; x_wconf 86' lang='lat' dir='ltr'><strong>de-</strong></span> 
     </span>
    </p>
   </div>
   <div class='ocr_carea' id='block_1_76' title="bbox 2146 1695 3739 1765">
    <p class='ocr_par' dir='ltr' id='par_1_76' title="bbox 2146 1695 3739 1765">
     <span class='ocr_line' id='line_1_77' title="bbox 2146 1695 3739 1765; baseline -0.005 -12"><span class='ocrx_word' id='word_1_645' title='bbox 2146 1707 2474 1753; x_wconf 85' lang='lat' dir='ltr'><strong>monstratur</strong></span> <span class='ocrx_word' id='word_1_646' title='bbox 2501 1696 2618 1752; x_wconf 87' lang='lat' dir='ltr'><strong>sine</strong></span> <span class='ocrx_word' id='word_1_647' title='bbox 2659 1697 2788 1751; x_wconf 82' lang='lat' dir='ltr'><strong>vitio</strong></span> <span class='ocrx_word' id='word_1_648' title='bbox 2835 1695 3017 1759; x_wconf 88' lang='lat' dir='ltr'><strong>fuisse,</strong></span> <span class='ocrx_word' id='word_1_649' title='bbox 3064 1695 3116 1748; x_wconf 92' lang='lat' dir='ltr'><strong>in</strong></span> <span class='ocrx_word' id='word_1_650' title='bbox 3161 1711 3269 1765; x_wconf 92' lang='lat' dir='ltr'><strong>quo</strong></span> <span class='ocrx_word' id='word_1_651' title='bbox 3312 1695 3454 1749; x_wconf 91' lang='lat' dir='ltr'><strong>bono</strong></span> <span class='ocrx_word' id='word_1_652' title='bbox 3481 1709 3593 1749; x_wconf 84' lang='lat' dir='ltr'><strong>non</strong></span> <span class='ocrx_word' id='word_1_653' title='bbox 3621 1709 3739 1764; x_wconf 80' lang='lat' dir='ltr'><strong>per-</strong></span> 
     </span>
    </p>
   </div>
   <div class='ocr_carea' id='block_1_77' title="bbox 2147 1787 3738 1860">
    <p class='ocr_par' dir='ltr' id='par_1_77' title="bbox 2147 1787 3738 1860">
     <span class='ocr_line' id='line_1_78' title="bbox 2147 1787 3738 1860; baseline -0.006 -14"><span class='ocrx_word' id='word_1_654' title='bbox 2147 1791 2411 1846; x_wconf 87' lang='lat' dir='ltr'><strong>mansisse</strong></span> <span class='ocrx_word' id='word_1_655' title='bbox 2435 1789 2698 1860; x_wconf 90' lang='lat' dir='ltr'><strong>cnlpatur.</strong></span> <span class='ocrx_word' id='word_1_656' title='bbox 2729 1788 2838 1845; x_wconf 88' lang='lat' dir='ltr'><strong>Sed</strong></span> <span class='ocrx_word' id='word_1_657' title='bbox 2862 1787 2993 1844; x_wconf 89' lang='lat' dir='ltr'><strong>illud</strong></span> <span class='ocrx_word' id='word_1_658' title='bbox 3025 1787 3192 1857; x_wconf 85' lang='lat' dir='ltr'><strong>magis</strong></span> <span class='ocrx_word' id='word_1_659' title='bbox 3230 1787 3583 1856; x_wconf 76' lang='lat' dir='ltr'><strong>quzerendum</strong></span> <span class='ocrx_word' id='word_1_660' title='bbox 3611 1802 3738 1857; x_wconf 85' lang='lat' dir='ltr'><strong>ope-</strong></span> 
     </span>
    </p>
   </div>
   <div class='ocr_carea' id='block_1_78' title="bbox 2147 1877 3736 1954">
    <p class='ocr_par' dir='ltr' id='par_1_78' title="bbox 2147 1877 3736 1954">
     <span class='ocr_line' id='line_1_79' title="bbox 2147 1877 3736 1954; baseline -0.003 -16"><span class='ocrx_word' id='word_1_661' title='bbox 2147 1883 2432 1954; x_wconf 89' lang='lat' dir='ltr'><strong>rosiusque</strong></span> <span class='ocrx_word' id='word_1_662' title='bbox 2479 1880 2814 1936; x_wconf 88' lang='lat' dir='ltr'><strong>tractandum</strong></span> <span class='ocrx_word' id='word_1_663' title='bbox 2850 1893 2966 1945; x_wconf 92' lang='lat' dir='ltr'><strong>est,</strong></span> <span class='ocrx_word' id='word_1_664' title='bbox 2999 1877 3270 1948; x_wconf 79' lang='lat' dir='ltr'><strong>quomodo</strong></span> <span class='ocrx_word' id='word_1_665' title='bbox 3311 1879 3736 1948; x_wconf 55' lang='lat' dir='ltr'><strong>respondeamus</strong></span> 
     </span>
    </p>
   </div>
   <div class='ocr_carea' id='block_1_79' title="bbox 2147 1969 3734 2060">
    <p class='ocr_par' dir='ltr' id='par_1_79' title="bbox 2147 1969 3734 2060">
     <span class='ocr_line' id='line_1_80' title="bbox 2147 1969 3734 2060; baseline -0.003 -32"><span class='ocrx_word' id='word_1_666' title='bbox 2147 1974 2228 2028; x_wconf 89' lang='lat' dir='ltr'><strong>eis</strong></span> <span class='ocrx_word' id='word_1_667' title='bbox 2255 1975 2342 2044; x_wconf 91' lang='lat' dir='ltr'><strong>qui</strong></span> <span class='ocrx_word' id='word_1_668' title='bbox 2369 1973 2570 2037; x_wconf 89' lang='lat' dir='ltr'><strong>dicunt,</strong></span> <span class='ocrx_word' id='word_1_669' title='bbox 2603 1991 2622 2024; x_wconf 86' lang='grc'><em>‹</em></span> <span class='ocrx_word' id='word_1_670' title='bbox 2659 1970 2714 2027; x_wconf 92' lang='lat' dir='ltr'><strong>Si</strong></span> <span class='ocrx_word' id='word_1_671' title='bbox 2743 1972 2794 2025; x_wconf 93' lang='lat' dir='ltr'><strong>in</strong></span> <span class='ocrx_word' id='word_1_672' title='bbox 2815 1971 2902 2026; x_wconf 89' lang='lat' dir='ltr'><strong>illa</strong></span> <span class='ocrx_word' id='word_1_673' title='bbox 2921 1971 3238 2060; x_wconf 65' lang='lat' dir='ltr'><strong>reptitudine</strong></span> <span class='ocrx_word' id='word_1_674' title='bbox 3263 1969 3314 2024; x_wconf 92' lang='lat' dir='ltr'><strong>in</strong></span> <span class='ocrx_word' id='word_1_675' title='bbox 3331 1985 3436 2040; x_wconf 89' lang='lat' dir='ltr'><strong>qua</strong></span> <span class='ocrx_word' id='word_1_676' title='bbox 3461 1970 3585 2025; x_wconf 88' lang='lat' dir='ltr'><strong>sine</strong></span> <span class='ocrx_word' id='word_1_677' title='bbox 3611 1970 3734 2024; x_wconf 74' lang='lat' dir='ltr'><strong>vitio</strong></span> 
     </span>
    </p>
   </div>
   <div class='ocr_carea' id='block_1_80' title="bbox 2149 2060 3735 2134">
    <p class='ocr_par' dir='ltr' id='par_1_80' title="bbox 2149 2060 3735 2134">
     <span class='ocr_line' id='line_1_81' title="bbox 2149 2060 3735 2134; baseline -0.003 -15"><span class='ocrx_word' id='word_1_678' title='bbox 2149 2063 2318 2120; x_wconf 84' lang='lat' dir='ltr'><strong>factus</strong></span> <span class='ocrx_word' id='word_1_679' title='bbox 2346 2073 2450 2128; x_wconf 90' lang='lat' dir='ltr'><strong>est,</strong></span> <span class='ocrx_word' id='word_1_680' title='bbox 2483 2063 2668 2120; x_wconf 89' lang='lat' dir='ltr'><strong>habuit</strong></span> <span class='ocrx_word' id='word_1_681' title='bbox 2705 2063 3177 2134; x_wconf 88' lang='lat' dir='ltr'><strong>perseverantiam,</strong></span> <span class='ocrx_word' id='word_1_682' title='bbox 3219 2060 3588 2130; x_wconf 87' lang='lat' dir='ltr'><strong>proculdubio</strong></span> <span class='ocrx_word' id='word_1_683' title='bbox 3613 2076 3735 2130; x_wconf 82' lang='lat' dir='ltr'><strong>per-</strong></span> 
     </span>
    </p>
   </div>
   <div class='ocr_carea' id='block_1_81' title="bbox 2149 2151 3740 2224">
    <p class='ocr_par' dir='ltr' id='par_1_81' title="bbox 2149 2151 3740 2224">
     <span class='ocr_line' id='line_1_82' title="bbox 2149 2151 3740 2224; baseline -0.003 -16"><span class='ocrx_word' id='word_1_684' title='bbox 2149 2156 2415 2210; x_wconf 80' lang='lat' dir='ltr'><strong>severavit</strong></span> <span class='ocrx_word' id='word_1_685' title='bbox 2444 2155 2496 2209; x_wconf 92' lang='lat' dir='ltr'><strong>in</strong></span> <span class='ocrx_word' id='word_1_686' title='bbox 2516 2171 2577 2209; x_wconf 90' lang='lat' dir='ltr'><strong>ea</strong></span> <span class='ocrx_word' id='word_1_687' title='bbox 2607 2171 2621 2208; x_wconf 94' lang='lat'><strong>:</strong></span> <span class='ocrx_word' id='word_1_688' title='bbox 2647 2163 2705 2210; x_wconf 86' lang='lat' dir='ltr'><strong>et</strong></span> <span class='ocrx_word' id='word_1_689' title='bbox 2731 2154 2776 2208; x_wconf 90' lang='lat' dir='ltr'><strong>si</strong></span> <span class='ocrx_word' id='word_1_690' title='bbox 2799 2152 3178 2224; x_wconf 79' lang='lat' dir='ltr'><strong>perseveravit,</strong></span> <span class='ocrx_word' id='word_1_691' title='bbox 3207 2151 3388 2222; x_wconf 79' lang='lat' dir='ltr'><strong>utique</strong></span> <span class='ocrx_word' id='word_1_692' title='bbox 3418 2167 3526 2205; x_wconf 89' lang='lat' dir='ltr'><strong>non</strong></span> <span class='ocrx_word' id='word_1_693' title='bbox 3547 2165 3740 2220; x_wconf 81' lang='lat' dir='ltr'><strong>pecea-</strong></span> 
     </span>
    </p>
   </div>
   <div class='ocr_carea' id='block_1_82' title="bbox 2151 2243 3734 2315">
    <p class='ocr_par' dir='ltr' id='par_1_82' title="bbox 2151 2243 3734 2315">
     <span class='ocr_line' id='line_1_83' title="bbox 2151 2243 3734 2315; baseline -0.004 -11"><span class='ocrx_word' id='word_1_694' title='bbox 2151 2249 2247 2315; x_wconf 85' lang='lat' dir='ltr'><strong>vit,</strong></span> <span class='ocrx_word' id='word_1_695' title='bbox 2279 2263 2381 2304; x_wconf 90' lang='lat' dir='ltr'><strong>nec</strong></span> <span class='ocrx_word' id='word_1_696' title='bbox 2419 2248 2561 2302; x_wconf 90' lang='lat' dir='ltr'><strong>illam</strong></span> <span class='ocrx_word' id='word_1_697' title='bbox 2602 2263 2753 2302; x_wconf 87' lang='lat' dir='ltr'><strong>suam</strong></span> <span class='ocrx_word' id='word_1_698' title='bbox 2782 2245 3152 2302; x_wconf 89' lang='lat' dir='ltr'><strong>rectitudincm</strong></span> <span class='ocrx_word' id='word_1_699' title='bbox 3184 2244 3460 2312; x_wconf 80' lang='lat' dir='ltr'><strong>Deumque</strong></span> <span class='ocrx_word' id='word_1_700' title='bbox 3483 2243 3734 2298; x_wconf 82' lang='lat' dir='ltr'><strong>deseruit.</strong></span> 
     </span>
    </p>
   </div>
   <div class='ocr_carea' id='block_1_83' title="bbox 2149 2335 3736 2409">
    <p class='ocr_par' dir='ltr' id='par_1_83' title="bbox 2149 2335 3736 2409">
     <span class='ocr_line' id='line_1_84' title="bbox 2149 2335 3736 2409; baseline -0.003 -14"><span class='ocrx_word' id='word_1_701' title='bbox 2149 2339 2285 2396; x_wconf 87' lang='lat' dir='ltr'><strong>Eum</strong></span> <span class='ocrx_word' id='word_1_702' title='bbox 2305 2348 2481 2394; x_wconf 89' lang='lat' dir='ltr'><strong>autem</strong></span> <span class='ocrx_word' id='word_1_703' title='bbox 2508 2353 2778 2409; x_wconf 83' lang='lat' dir='ltr'><strong>peccasse.</strong></span> <span class='ocrx_word' id='word_1_704' title='bbox 2804 2348 2857 2393; x_wconf 90' lang='lat' dir='ltr'><strong>et</strong></span> <span class='ocrx_word' id='word_1_705' title='bbox 2877 2337 3209 2394; x_wconf 86' lang='lat' dir='ltr'><strong>desertorem</strong></span> <span class='ocrx_word' id='word_1_706' title='bbox 3243 2335 3366 2390; x_wconf 86' lang='lat' dir='ltr'><strong>boui</strong></span> <span class='ocrx_word' id='word_1_707' title='bbox 3388 2335 3579 2398; x_wconf 86' lang='lat' dir='ltr'><strong>fuisse,</strong></span> <span class='ocrx_word' id='word_1_708' title='bbox 3597 2335 3736 2390; x_wconf 79' lang='lat' dir='ltr'><strong>veri.-</strong></span> 
     </span>
    </p>
   </div>
   <div class='ocr_carea' id='block_1_84' title="bbox 2152 2426 3738 2500">
    <p class='ocr_par' dir='ltr' id='par_1_84' title="bbox 2152 2426 3738 2500">
     <span class='ocr_line' id='line_1_85' title="bbox 2152 2426 3738 2500; baseline -0.005 -13"><span class='ocrx_word' id='word_1_709' title='bbox 2152 2439 2234 2487; x_wconf 90' lang='lat' dir='ltr'><strong>tas</strong></span> <span class='ocrx_word' id='word_1_710' title='bbox 2279 2432 2494 2486; x_wconf 89' lang='lat' dir='ltr'><strong>clamat.</strong></span> <span class='ocrx_word' id='word_1_711' title='bbox 2542 2429 2658 2485; x_wconf 79' lang='lat' dir='ltr'><strong>Non</strong></span> <span class='ocrx_word' id='word_1_712' title='bbox 2699 2445 2830 2500; x_wconf 80' lang='lat' dir='ltr'><strong>ergo</strong></span> <span class='ocrx_word' id='word_1_713' title='bbox 2870 2427 3054 2483; x_wconf 84' lang='lat' dir='ltr'><strong>habuit</strong></span> <span class='ocrx_word' id='word_1_714' title='bbox 3105 2427 3159 2482; x_wconf 91' lang='lat' dir='ltr'><strong>in</strong></span> <span class='ocrx_word' id='word_1_715' title='bbox 3203 2426 3295 2480; x_wconf 86' lang='lat' dir='ltr'><strong>illo</strong></span> <span class='ocrx_word' id='word_1_716' title='bbox 3320 2426 3462 2480; x_wconf 90' lang='lat' dir='ltr'><strong>bono</strong></span> <span class='ocrx_word' id='word_1_717' title='bbox 3493 2439 3738 2496; x_wconf 78' lang='lat' dir='ltr'><strong>perseve-</strong></span> 
     </span>
    </p>
   </div>
   <div class='ocr_carea' id='block_1_85' title="bbox 2150 2518 3733 2589">
    <p class='ocr_par' dir='ltr' id='par_1_85' title="bbox 2150 2518 3733 2589">
     <span class='ocr_line' id='line_1_86' title="bbox 2150 2518 3733 2589; baseline -0.004 -11"><span class='ocrx_word' id='word_1_718' title='bbox 2150 2524 2380 2578; x_wconf 74' lang='lat' dir='ltr'><strong>rantiam</strong></span> <span class='ocrx_word' id='word_1_719' title='bbox 2426 2538 2444 2576; x_wconf 84' lang='lat'><strong>:</strong></span> <span class='ocrx_word' id='word_1_720' title='bbox 2495 2531 2552 2577; x_wconf 85' lang='lat' dir='ltr'><strong>et</strong></span> <span class='ocrx_word' id='word_1_721' title='bbox 2595 2522 2644 2577; x_wconf 83' lang='lat' dir='ltr'><strong>si</strong></span> <span class='ocrx_word' id='word_1_722' title='bbox 2692 2537 2802 2577; x_wconf 78' lang='lat' dir='ltr'><strong>non</strong></span> <span class='ocrx_word' id='word_1_723' title='bbox 2844 2519 3067 2584; x_wconf 84' lang='lat' dir='ltr'><strong>habuit,</strong></span> <span class='ocrx_word' id='word_1_724' title='bbox 3118 2533 3224 2574; x_wconf 89' lang='lat' dir='ltr'><strong>non</strong></span> <span class='ocrx_word' id='word_1_725' title='bbox 3273 2518 3458 2589; x_wconf 87' lang='lat' dir='ltr'><strong>utique</strong></span> <span class='ocrx_word' id='word_1_726' title='bbox 3505 2519 3733 2588; x_wconf 84' lang='lat' dir='ltr'><strong>accepit.</strong></span> 
     </span>
    </p>
   </div>
   <div class='ocr_carea' id='block_1_86' title="bbox 2151 2611 3738 2685">
    <p class='ocr_par' dir='ltr' id='par_1_86' title="bbox 2151 2611 3738 2685">
     <span class='ocr_line' id='line_1_87' title="bbox 2151 2611 3738 2685; baseline -0.002 -16"><span class='ocrx_word' id='word_1_727' title='bbox 2151 2613 2430 2683; x_wconf 86' lang='lat' dir='ltr'><strong>Quomodo</strong></span> <span class='ocrx_word' id='word_1_728' title='bbox 2453 2614 2596 2670; x_wconf 85' lang='lat' dir='ltr'><strong>enim</strong></span> <span class='ocrx_word' id='word_1_729' title='bbox 2619 2625 2678 2671; x_wconf 87' lang='lat' dir='ltr'><strong>et</strong></span> <span class='ocrx_word' id='word_1_730' title='bbox 2703 2614 2999 2685; x_wconf 83' lang='lat' dir='ltr'><strong>accepisset</strong></span> <span class='ocrx_word' id='word_1_731' title='bbox 3029 2611 3519 2684; x_wconf 62' lang='lat' dir='ltr'><strong>perseverantiam,</strong></span> <span class='ocrx_word' id='word_1_732' title='bbox 3538 2620 3598 2667; x_wconf 78' lang='lat' dir='ltr'><strong>et</strong></span> <span class='ocrx_word' id='word_1_733' title='bbox 3631 2625 3738 2666; x_wconf 80' lang='lat' dir='ltr'><strong>non</strong></span> 
     </span>
    </p>
   </div>
   <div class='ocr_carea' id='block_1_87' title="bbox 2152 2702 3742 2777">
    <p class='ocr_par' dir='ltr' id='par_1_87' title="bbox 2152 2702 3742 2777">
     <span class='ocr_line' id='line_1_88' title="bbox 2152 2702 3742 2777; baseline -0.003 -17"><span class='ocrx_word' id='word_1_734' title='bbox 2152 2705 2594 2777; x_wconf 83' lang='lat' dir='ltr'><strong>perseverasset?</strong></span> <span class='ocrx_word' id='word_1_735' title='bbox 2643 2707 2831 2768; x_wconf 78' lang='lat' dir='ltr'><strong>Porro,</strong></span> <span class='ocrx_word' id='word_1_736' title='bbox 2858 2705 2904 2758; x_wconf 89' lang='lat' dir='ltr'><strong>si</strong></span> <span class='ocrx_word' id='word_1_737' title='bbox 2933 2715 3214 2776; x_wconf 79' lang='lat' dir='ltr'><strong>propterea</strong></span> <span class='ocrx_word' id='word_1_738' title='bbox 3245 2717 3351 2758; x_wconf 89' lang='lat' dir='ltr'><strong>non</strong></span> <span class='ocrx_word' id='word_1_739' title='bbox 3379 2702 3586 2768; x_wconf 84' lang='lat' dir='ltr'><strong>habuit,</strong></span> <span class='ocrx_word' id='word_1_740' title='bbox 3613 2702 3742 2774; x_wconf 71' lang='lat' dir='ltr'><strong>quin</strong></span> 
     </span>
    </p>
   </div>
   <div class='ocr_carea' id='block_1_88' title="bbox 2153 2791 3740 2870">
    <p class='ocr_par' dir='ltr' id='par_1_88' title="bbox 2153 2791 3740 2870">
     <span class='ocr_line' id='line_1_89' title="bbox 2153 2791 3740 2870; baseline -0.004 -15"><span class='ocrx_word' id='word_1_741' title='bbox 2153 2812 2260 2855; x_wconf 88' lang='lat' dir='ltr'><strong>non</strong></span> <span class='ocrx_word' id='word_1_742' title='bbox 2290 2799 2526 2870; x_wconf 86' lang='lat' dir='ltr'><strong>accepit;</strong></span> <span class='ocrx_word' id='word_1_743' title='bbox 2549 2798 2675 2870; x_wconf 86' lang='lat' dir='ltr'><strong>quid</strong></span> <span class='ocrx_word' id='word_1_744' title='bbox 2699 2799 2812 2868; x_wconf 88' lang='lat' dir='ltr'><strong>ipse</strong></span> <span class='ocrx_word' id='word_1_745' title='bbox 2832 2811 2938 2851; x_wconf 90' lang='lat' dir='ltr'><strong>non</strong></span> <span class='ocrx_word' id='word_1_746' title='bbox 2959 2794 3351 2866; x_wconf 83' lang='lat' dir='ltr'><strong>perseverando</strong></span> <span class='ocrx_word' id='word_1_747' title='bbox 3374 2795 3634 2864; x_wconf 78' lang='lat' dir='ltr'><strong>peccarit,</strong></span> <span class='ocrx_word' id='word_1_748' title='bbox 3651 2791 3740 2863; x_wconf 85' lang='lat' dir='ltr'><strong>qui</strong></span> 
     </span>
    </p>
   </div>
   <div class='ocr_carea' id='block_1_89' title="bbox 2154 2885 3740 2960">
    <p class='ocr_par' dir='ltr' id='par_1_89' title="bbox 2154 2885 3740 2960">
     <span class='ocr_line' id='line_1_90' title="bbox 2154 2885 3740 2960; baseline -0.004 -13"><span class='ocrx_word' id='word_1_749' title='bbox 2154 2891 2606 2960; x_wconf 83' lang='lat' dir='ltr'><strong>perseverantiam</strong></span> <span class='ocrx_word' id='word_1_750' title='bbox 2638 2905 2742 2944; x_wconf 92' lang='lat' dir='ltr'><strong>non</strong></span> <span class='ocrx_word' id='word_1_751' title='bbox 2771 2886 3011 2958; x_wconf 77' lang='lat' dir='ltr'><strong>accepit?</strong></span> <span class='ocrx_word' id='word_1_752' title='bbox 3031 2885 3215 2957; x_wconf 85' lang='lat' dir='ltr'><strong>Neque</strong></span> <span class='ocrx_word' id='word_1_753' title='bbox 3242 2887 3384 2942; x_wconf 88' lang='lat' dir='ltr'><strong>enim</strong></span> <span class='ocrx_word' id='word_1_754' title='bbox 3410 2886 3514 2942; x_wconf 87' lang='lat' dir='ltr'><strong>dici</strong></span> <span class='ocrx_word' id='word_1_755' title='bbox 3543 2895 3740 2956; x_wconf 80' lang='lat' dir='ltr'><strong>potest,</strong></span> 
     </span>
    </p>
   </div>
   <div class='ocr_carea' id='block_1_90' title="bbox 2155 2979 3740 3051">
    <p class='ocr_par' dir='ltr' id='par_1_90' title="bbox 2155 2979 3740 3051">
     <span class='ocr_line' id='line_1_91' title="bbox 2155 2979 3740 3051; baseline -0.003 -15"><span class='ocrx_word' id='word_1_756' title='bbox 2155 2981 2281 3037; x_wconf 90' lang='lat' dir='ltr'><strong>ideo</strong></span> <span class='ocrx_word' id='word_1_757' title='bbox 2303 2996 2408 3036; x_wconf 91' lang='lat' dir='ltr'><strong>non</strong></span> <span class='ocrx_word' id='word_1_758' title='bbox 2435 2982 2730 3048; x_wconf 87' lang='lat' dir='ltr'><strong>accepisse,</strong></span> <span class='ocrx_word' id='word_1_759' title='bbox 2759 2981 2882 3051; x_wconf 85' lang='lat' dir='ltr'><strong>quia</strong></span> <span class='ocrx_word' id='word_1_760' title='bbox 2923 2995 3028 3035; x_wconf 90' lang='lat' dir='ltr'><strong>non</strong></span> <span class='ocrx_word' id='word_1_761' title='bbox 3065 2990 3150 3034; x_wconf 88' lang='lat' dir='ltr'><strong>est</strong></span> <span class='ocrx_word' id='word_1_762' title='bbox 3177 2979 3442 3033; x_wconf 87' lang='lat' dir='ltr'><strong>discretus</strong></span> <span class='ocrx_word' id='word_1_763' title='bbox 3481 2992 3513 3032; x_wconf 87' lang='lat' dir='ltr'><strong>a</strong></span> <span class='ocrx_word' id='word_1_764' title='bbox 3569 2992 3740 3032; x_wconf 80' lang='lat' dir='ltr'><strong>massa</strong></span> 
     </span>
    </p>
   </div>
   <div class='ocr_carea' id='block_1_91' title="bbox 2155 3069 3740 3145">
    <p class='ocr_par' dir='ltr' id='par_1_91' title="bbox 2155 3069 3740 3145">
     <span class='ocr_line' id='line_1_92' title="bbox 2155 3069 3740 3145; baseline -0.003 -17"><span class='ocrx_word' id='word_1_765' title='bbox 2155 3073 2469 3145; x_wconf 85' lang='lat' dir='ltr'><strong>perditionis</strong></span> <span class='ocrx_word' id='word_1_766' title='bbox 2494 3072 2679 3142; x_wconf 72' lang='lat' dir='ltr'><strong>gratiae</strong></span> <span class='ocrx_word' id='word_1_767' title='bbox 2709 3071 2972 3142; x_wconf 88' lang='lat' dir='ltr'><strong>largitate.</strong></span> <span class='ocrx_word' id='word_1_768' title='bbox 3002 3069 3247 3126; x_wconf 81' lang='lat' dir='ltr'><strong>Nondum</strong></span> <span class='ocrx_word' id='word_1_769' title='bbox 3277 3070 3475 3140; x_wconf 87' lang='lat' dir='ltr'><strong>quippe</strong></span> <span class='ocrx_word' id='word_1_770' title='bbox 3509 3079 3628 3125; x_wconf 88' lang='lat' dir='ltr'><strong>erat</strong></span> <span class='ocrx_word' id='word_1_771' title='bbox 3657 3071 3740 3124; x_wconf 83' lang='lat' dir='ltr'><strong>illa</strong></span> 
     </span>
    </p>
   </div>
   <div class='ocr_carea' id='block_1_92' title="bbox 2154 3163 3740 3238">
    <p class='ocr_par' dir='ltr' id='par_1_92' title="bbox 2154 3163 3740 3238">
     <span class='ocr_line' id='line_1_93' title="bbox 2154 3163 3740 3238; baseline -0.004 -16"><span class='ocrx_word' id='word_1_772' title='bbox 2154 3167 2208 3222; x_wconf 89' lang='lat' dir='ltr'><strong>in</strong></span> <span class='ocrx_word' id='word_1_773' title='bbox 2237 3181 2436 3238; x_wconf 77' lang='lat' dir='ltr'><strong>genere</strong></span> <span class='ocrx_word' id='word_1_774' title='bbox 2478 3164 2715 3220; x_wconf 88' lang='lat' dir='ltr'><strong>humano</strong></span> <span class='ocrx_word' id='word_1_775' title='bbox 2747 3163 3060 3234; x_wconf 87' lang='lat' dir='ltr'><strong>perditionis</strong></span> <span class='ocrx_word' id='word_1_776' title='bbox 3091 3177 3264 3217; x_wconf 87' lang='lat' dir='ltr'><strong>massa</strong></span> <span class='ocrx_word' id='word_1_777' title='bbox 3293 3173 3582 3232; x_wconf 84' lang='lat' dir='ltr'><strong>antequam</strong></span> <span class='ocrx_word' id='word_1_778' title='bbox 3619 3177 3740 3235; x_wconf 53' lang='lat' dir='ltr'><strong>pem</strong></span> 
     </span>
    </p>
   </div>
   <div class='ocr_carea' id='block_1_93' title="bbox 2155 3253 3356 3330">
    <p class='ocr_par' dir='ltr' id='par_1_93' title="bbox 2155 3253 3356 3330">
     <span class='ocr_line' id='line_1_94' title="bbox 2155 3253 3356 3330; baseline -0.007 -17"><span class='ocrx_word' id='word_1_779' title='bbox 2155 3265 2353 3322; x_wconf 83' lang='lat' dir='ltr'><strong>easset,</strong></span> <span class='ocrx_word' id='word_1_780' title='bbox 2375 3271 2446 3330; x_wconf 80' lang='lat' dir='ltr'><strong>ex</strong></span> <span class='ocrx_word' id='word_1_781' title='bbox 2477 3270 2583 3326; x_wconf 89' lang='lat' dir='ltr'><strong>quo</strong></span> <span class='ocrx_word' id='word_1_782' title='bbox 2605 3261 2772 3310; x_wconf 78' lang='lat' dir='ltr'><strong>tracta</strong></span> <span class='ocrx_word' id='word_1_783' title='bbox 2803 3264 2886 3309; x_wconf 89' lang='lat' dir='ltr'><strong>est</strong></span> <span class='ocrx_word' id='word_1_784' title='bbox 2911 3255 3062 3324; x_wconf 87' lang='lat' dir='ltr'><strong>origo</strong></span> <span class='ocrx_word' id='word_1_785' title='bbox 3092 3253 3298 3307; x_wconf 88' lang='lat' dir='ltr'><strong>vitiata.</strong></span> <span class='ocrx_word' id='word_1_786' title='bbox 3334 3270 3356 3305; x_wconf 73' lang='grc' dir='ltr'><strong><em>ι</em></strong></span> 
     </span>
    </p>
   </div>
   <div class='ocr_carea' id='block_1_94' title="bbox 2227 3359 3740 3436">
    <p class='ocr_par' dir='ltr' id='par_1_94' title="bbox 2227 3359 3740 3436">
     <span class='ocr_line' id='line_1_95' title="bbox 2227 3359 3740 3436; baseline -0.004 -14"><span class='ocrx_word' id='word_1_787' title='bbox 2227 3367 2317 3422; x_wconf 72' lang='lat'><strong>27.</strong></span> <span class='ocrx_word' id='word_1_788' title='bbox 2357 3367 2695 3436; x_wconf 84' lang='lat' dir='ltr'><strong>Quapropter</strong></span> <span class='ocrx_word' id='word_1_789' title='bbox 2723 3363 3077 3421; x_wconf 86' lang='lat' dir='ltr'><strong>saluberrime</strong></span> <span class='ocrx_word' id='word_1_790' title='bbox 3101 3363 3438 3426; x_wconf 80' lang='lat' dir='ltr'><strong>conﬁtemur,</strong></span> <span class='ocrx_word' id='word_1_791' title='bbox 3479 3359 3624 3432; x_wconf 77' lang='lat' dir='ltr'><strong>quod</strong></span> <span class='ocrx_word' id='word_1_792' title='bbox 3653 3375 3740 3416; x_wconf 81' lang='lat' dir='ltr'><strong>re-</strong></span> 
     </span>
    </p>
   </div>
   <div class='ocr_carea' id='block_1_95' title="bbox 2157 3453 3742 3523">
    <p class='ocr_par' dir='ltr' id='par_1_95' title="bbox 2157 3453 3742 3523">
     <span class='ocr_line' id='line_1_96' title="bbox 2157 3453 3742 3523; baseline -0.005 -9"><span class='ocrx_word' id='word_1_793' title='bbox 2157 3457 2398 3514; x_wconf 88' lang='lat' dir='ltr'><strong>ctissime</strong></span> <span class='ocrx_word' id='word_1_794' title='bbox 2443 3457 2733 3521; x_wconf 89' lang='lat' dir='ltr'><strong>credimus,</strong></span> <span class='ocrx_word' id='word_1_795' title='bbox 2783 3455 2951 3510; x_wconf 88' lang='lat' dir='ltr'><strong>Deum</strong></span> <span class='ocrx_word' id='word_1_796' title='bbox 2995 3453 3385 3523; x_wconf 83' lang='lat' dir='ltr'><strong>Dominumqno</strong></span> <span class='ocrx_word' id='word_1_797' title='bbox 3419 3468 3598 3508; x_wconf 84' lang='lat' dir='ltr'><strong>rerum</strong></span> <span class='ocrx_word' id='word_1_798' title='bbox 3621 3467 3742 3508; x_wconf 81' lang='lat' dir='ltr'><strong>orn-</strong></span> 
     </span>
    </p>
   </div>
   <div class='ocr_carea' id='block_1_96' title="bbox 2157 3541 3738 3618">
    <p class='ocr_par' dir='ltr' id='par_1_96' title="bbox 2157 3541 3738 3618">
     <span class='ocr_line' id='line_1_97' title="bbox 2157 3541 3738 3618; baseline -0.005 -14"><span class='ocrx_word' id='word_1_799' title='bbox 2157 3549 2327 3613; x_wconf 88' lang='lat' dir='ltr'><strong>nium,</strong></span> <span class='ocrx_word' id='word_1_800' title='bbox 2377 3547 2470 3618; x_wconf 87' lang='lat' dir='ltr'><strong>qui</strong></span> <span class='ocrx_word' id='word_1_801' title='bbox 2523 3545 2725 3602; x_wconf 87' lang='lat' dir='ltr'><strong>creavit</strong></span> <span class='ocrx_word' id='word_1_802' title='bbox 2769 3545 2948 3600; x_wconf 85' lang='lat' dir='ltr'><strong>omnia</strong></span> <span class='ocrx_word' id='word_1_803' title='bbox 2979 3543 3118 3598; x_wconf 85' lang='lat' dir='ltr'><strong>bona</strong></span> <span class='ocrx_word' id='word_1_804' title='bbox 3155 3542 3345 3608; x_wconf 81' lang='lat' dir='ltr'><strong>valde,</strong></span> <span class='ocrx_word' id='word_1_805' title='bbox 3391 3551 3450 3598; x_wconf 90' lang='lat' dir='ltr'><strong>et</strong></span> <span class='ocrx_word' id='word_1_806' title='bbox 3495 3541 3635 3596; x_wconf 85' lang='lat' dir='ltr'><strong>mala</strong></span> <span class='ocrx_word' id='word_1_807' title='bbox 3675 3556 3738 3597; x_wconf 76' lang='lat' dir='ltr'><strong>es</strong></span> 
     </span>
    </p>
   </div>
   <div class='ocr_carea' id='block_1_97' title="bbox 2157 3631 3744 3706">
    <p class='ocr_par' dir='ltr' id='par_1_97' title="bbox 2157 3631 3744 3706">
     <span class='ocr_line' id='line_1_98' title="bbox 2157 3631 3744 3706; baseline -0.006 -11"><span class='ocrx_word' id='word_1_808' title='bbox 2157 3639 2317 3695; x_wconf 84' lang='lat' dir='ltr'><strong>bonis</strong></span> <span class='ocrx_word' id='word_1_809' title='bbox 2363 3637 2631 3692; x_wconf 79' lang='lat' dir='ltr'><strong>exoritura</strong></span> <span class='ocrx_word' id='word_1_810' title='bbox 2675 3651 2796 3692; x_wconf 87' lang='lat' dir='ltr'><strong>esse</strong></span> <span class='ocrx_word' id='word_1_811' title='bbox 2849 3635 3138 3706; x_wconf 72' lang='lat' dir='ltr'><strong>prazscivit,</strong></span> <span class='ocrx_word' id='word_1_812' title='bbox 3187 3643 3244 3688; x_wconf 90' lang='lat' dir='ltr'><strong>et</strong></span> <span class='ocrx_word' id='word_1_813' title='bbox 3283 3633 3441 3688; x_wconf 84' lang='lat' dir='ltr'><strong>scivit</strong></span> <span class='ocrx_word' id='word_1_814' title='bbox 3480 3633 3652 3704; x_wconf 83' lang='lat' dir='ltr'><strong>magis</strong></span> <span class='ocrx_word' id='word_1_815' title='bbox 3677 3631 3744 3686; x_wconf 82' lang='lat' dir='ltr'><strong>ad</strong></span> 
     </span>
    </p>
   </div>
   <div class='ocr_carea' id='block_1_98' title="bbox 2159 3726 3739 3801">
    <p class='ocr_par' dir='ltr' id='par_1_98' title="bbox 2159 3726 3739 3801">
     <span class='ocr_line' id='line_1_99' title="bbox 2159 3726 3739 3801; baseline -0.006 -14"><span class='ocrx_word' id='word_1_816' title='bbox 2159 3747 2313 3787; x_wconf 88' lang='lat' dir='ltr'><strong>suam</strong></span> <span class='ocrx_word' id='word_1_817' title='bbox 2337 3729 2909 3801; x_wconf 88' lang='lat' dir='ltr'><strong>omnipotentissimam</strong></span> <span class='ocrx_word' id='word_1_818' title='bbox 2939 3727 3230 3784; x_wconf 84' lang='lat' dir='ltr'><strong>bonitatem</strong></span> <span class='ocrx_word' id='word_1_819' title='bbox 3259 3726 3550 3797; x_wconf 84' lang='lat' dir='ltr'><strong>pertinere,</strong></span> <span class='ocrx_word' id='word_1_820' title='bbox 3579 3726 3739 3779; x_wconf 83' lang='lat' dir='ltr'><strong>etiam</strong></span> 
     </span>
    </p>
   </div>
   <div class='ocr_carea' id='block_1_99' title="bbox 2161 3819 3742 3892">
    <p class='ocr_par' dir='ltr' id='par_1_99' title="bbox 2161 3819 3742 3892">
     <span class='ocr_line' id='line_1_100' title="bbox 2161 3819 3742 3892; baseline -0.005 -10"><span class='ocrx_word' id='word_1_821' title='bbox 2161 3824 2230 3882; x_wconf 87' lang='lat' dir='ltr'><strong>de</strong></span> <span class='ocrx_word' id='word_1_822' title='bbox 2258 3825 2414 3880; x_wconf 87' lang='lat' dir='ltr'><strong>malis</strong></span> <span class='ocrx_word' id='word_1_823' title='bbox 2439 3824 2576 3880; x_wconf 86' lang='lat' dir='ltr'><strong>bene</strong></span> <span class='ocrx_word' id='word_1_824' title='bbox 2605 3822 2784 3879; x_wconf 88' lang='lat' dir='ltr'><strong>facere</strong></span> <span class='ocrx_word' id='word_1_825' title='bbox 2809 3823 2832 3854; x_wconf 81' lang='grc'>¹</span> <span class='ocrx_word' id='word_1_826' title='bbox 2851 3863 2867 3888; x_wconf 84' lang='grc'><strong><em>,</em></strong></span> <span class='ocrx_word' id='word_1_827' title='bbox 2897 3837 3058 3892; x_wconf 90' lang='lat' dir='ltr'><strong>quam</strong></span> <span class='ocrx_word' id='word_1_828' title='bbox 3097 3820 3236 3875; x_wconf 85' lang='lat' dir='ltr'><strong>mala</strong></span> <span class='ocrx_word' id='word_1_829' title='bbox 3261 3834 3385 3875; x_wconf 89' lang='lat' dir='ltr'><strong>esse</strong></span> <span class='ocrx_word' id='word_1_830' title='bbox 3415 3833 3524 3874; x_wconf 87' lang='lat' dir='ltr'><strong>non</strong></span> <span class='ocrx_word' id='word_1_831' title='bbox 3545 3819 3742 3882; x_wconf 85' lang='lat' dir='ltr'><strong>sinere.</strong></span> 
     </span>
    </p>
   </div>
   <div class='ocr_carea' id='block_1_100' title="bbox 2161 3910 3746 3986">
    <p class='ocr_par' dir='ltr' id='par_1_100' title="bbox 2161 3910 3746 3986">
     <span class='ocr_line' id='line_1_101' title="bbox 2161 3910 3746 3986; baseline -0.005 -14"><span class='ocrx_word' id='word_1_832' title='bbox 2161 3916 2239 3972; x_wconf 84' lang='lat' dir='ltr'><strong>sic</strong></span> <span class='ocrx_word' id='word_1_833' title='bbox 2257 3915 2536 3972; x_wconf 86' lang='lat' dir='ltr'><strong>ordinasse</strong></span> <span class='ocrx_word' id='word_1_834' title='bbox 2562 3913 2889 3986; x_wconf 79' lang='lat' dir='ltr'><strong>Angelorum</strong></span> <span class='ocrx_word' id='word_1_835' title='bbox 2913 3923 2969 3968; x_wconf 89' lang='lat' dir='ltr'><strong>et</strong></span> <span class='ocrx_word' id='word_1_836' title='bbox 2993 3912 3267 3968; x_wconf 85' lang='lat' dir='ltr'><strong>hominum</strong></span> <span class='ocrx_word' id='word_1_837' title='bbox 3303 3911 3492 3974; x_wconf 87' lang='lat' dir='ltr'><strong>vitam,</strong></span> <span class='ocrx_word' id='word_1_838' title='bbox 3517 3920 3576 3965; x_wconf 88' lang='lat' dir='ltr'><strong>ut</strong></span> <span class='ocrx_word' id='word_1_839' title='bbox 3601 3910 3657 3965; x_wconf 90' lang='lat' dir='ltr'><strong>in</strong></span> <span class='ocrx_word' id='word_1_840' title='bbox 3685 3923 3746 3965; x_wconf 82' lang='lat' dir='ltr'><strong>ea</strong></span> 
     </span>
    </p>
   </div>
   <div class='ocr_carea' id='block_1_101' title="bbox 2161 4001 3740 4080">
    <p class='ocr_par' dir='ltr' id='par_1_101' title="bbox 2161 4001 3740 4080">
     <span class='ocr_line' id='line_1_102' title="bbox 2161 4001 3740 4080; baseline -0.003 -21"><span class='ocrx_word' id='word_1_841' title='bbox 2161 4005 2312 4080; x_wconf 83' lang='lat' dir='ltr'><strong>prius</strong></span> <span class='ocrx_word' id='word_1_842' title='bbox 2333 4007 2638 4062; x_wconf 86' lang='lat' dir='ltr'><strong>ostenderet</strong></span> <span class='ocrx_word' id='word_1_843' title='bbox 2654 4005 2778 4076; x_wconf 90' lang='lat' dir='ltr'><strong>quid</strong></span> <span class='ocrx_word' id='word_1_844' title='bbox 2799 4013 3175 4075; x_wconf 83' lang='lat' dir='ltr'><strong>posseteorutn</strong></span> <span class='ocrx_word' id='word_1_845' title='bbox 3195 4003 3418 4057; x_wconf 85' lang='lat' dir='ltr'><strong>liberum</strong></span> <span class='ocrx_word' id='word_1_846' title='bbox 3439 4001 3740 4064; x_wconf 78' lang='lat' dir='ltr'><strong>arbitrium,</strong></span> 
     </span>
    </p>
   </div>
   <div class='ocr_carea' id='block_1_102' title="bbox 2163 4093 3744 4170">
    <p class='ocr_par' dir='ltr' id='par_1_102' title="bbox 2163 4093 3744 4170">
     <span class='ocr_line' id='line_1_103' title="bbox 2163 4093 3744 4170; baseline -0.005 -16"><span class='ocrx_word' id='word_1_847' title='bbox 2163 4098 2356 4155; x_wconf 89' lang='lat' dir='ltr'><strong>deinde</strong></span> <span class='ocrx_word' id='word_1_848' title='bbox 2378 4097 2506 4170; x_wconf 85' lang='lat' dir='ltr'><strong>quid</strong></span> <span class='ocrx_word' id='word_1_849' title='bbox 2525 4106 2706 4170; x_wconf 80' lang='lat' dir='ltr'><strong>posset</strong></span> <span class='ocrx_word' id='word_1_850' title='bbox 2731 4111 2842 4151; x_wconf 71' lang='lat' dir='ltr'><strong>sure</strong></span> <span class='ocrx_word' id='word_1_851' title='bbox 2867 4095 3050 4168; x_wconf 72' lang='lat' dir='ltr'><strong>gratiae</strong></span> <span class='ocrx_word' id='word_1_852' title='bbox 3074 4093 3388 4149; x_wconf 80' lang='lat' dir='ltr'><strong>beneﬁcium</strong></span> <span class='ocrx_word' id='word_1_853' title='bbox 3411 4093 3744 4162; x_wconf 72' lang='lat' dir='ltr'><strong>justitireqne</strong></span> 
     </span>
    </p>
   </div>
   <div class='ocr_carea' id='block_1_103' title="bbox 2161 4183 3752 4262">
    <p class='ocr_par' dir='ltr' id='par_1_103' title="bbox 2161 4183 3752 4262">
     <span class='ocr_line' id='line_1_104' title="bbox 2161 4183 3752 4262; baseline -0.006 -17"><span class='ocrx_word' id='word_1_854' title='bbox 2161 4190 2438 4262; x_wconf 89' lang='lat' dir='ltr'><strong>judicium.</strong></span> <span class='ocrx_word' id='word_1_855' title='bbox 2487 4190 2726 4260; x_wconf 88' lang='lat' dir='ltr'><strong>Denique</strong></span> <span class='ocrx_word' id='word_1_856' title='bbox 2763 4187 2938 4258; x_wconf 82' lang='lat' dir='ltr'><strong>angeli</strong></span> <span class='ocrx_word' id='word_1_857' title='bbox 2966 4185 3212 4257; x_wconf 88' lang='lat' dir='ltr'><strong>quidam.</strong></span> <span class='ocrx_word' id='word_1_858' title='bbox 3244 4199 3472 4255; x_wconf 88' lang='lat' dir='ltr'><strong>quorum</strong></span> <span class='ocrx_word' id='word_1_859' title='bbox 3501 4183 3752 4252; x_wconf 78' lang='lat' dir='ltr'><strong>princeps</strong></span> 
     </span>
    </p>
   </div>
   <div class='ocr_carea' id='block_1_104' title="bbox 2163 4273 3750 4351">
    <p class='ocr_par' dir='ltr' id='par_1_104' title="bbox 2163 4273 3750 4351">
     <span class='ocr_line' id='line_1_105' title="bbox 2163 4273 3750 4351; baseline -0.006 -14"><span class='ocrx_word' id='word_1_860' title='bbox 2163 4291 2245 4337; x_wconf 86' lang='lat' dir='ltr'><strong>est</strong></span> <span class='ocrx_word' id='word_1_861' title='bbox 2269 4281 2358 4351; x_wconf 91' lang='lat' dir='ltr'><strong>qui</strong></span> <span class='ocrx_word' id='word_1_862' title='bbox 2378 4280 2574 4336; x_wconf 88' lang='lat' dir='ltr'><strong>dicitur</strong></span> <span class='ocrx_word' id='word_1_863' title='bbox 2593 4278 2862 4344; x_wconf 88' lang='lat' dir='ltr'><strong>diabolus,</strong></span> <span class='ocrx_word' id='word_1_864' title='bbox 2888 4292 2984 4348; x_wconf 89' lang='lat' dir='ltr'><strong>per</strong></span> <span class='ocrx_word' id='word_1_865' title='bbox 3005 4276 3230 4332; x_wconf 90' lang='lat' dir='ltr'><strong>liberum</strong></span> <span class='ocrx_word' id='word_1_866' title='bbox 3265 4275 3552 4328; x_wconf 87' lang='lat' dir='ltr'><strong>arbitrium</strong></span> <span class='ocrx_word' id='word_1_867' title='bbox 3581 4289 3613 4328; x_wconf 82' lang='lat' dir='ltr'><strong>a</strong></span> <span class='ocrx_word' id='word_1_868' title='bbox 3644 4273 3750 4328; x_wconf 83' lang='lat' dir='ltr'><strong>Do-</strong></span> 
     </span>
    </p>
   </div>
   <div class='ocr_carea' id='block_1_105' title="bbox 2165 4363 3747 4440">
    <p class='ocr_par' dir='ltr' id='par_1_105' title="bbox 2165 4363 3747 4440">
     <span class='ocr_line' id='line_1_106' title="bbox 2165 4363 3747 4440; baseline -0.006 -12"><span class='ocrx_word' id='word_1_869' title='bbox 2165 4374 2313 4428; x_wconf 90' lang='lat' dir='ltr'><strong>mino</strong></span> <span class='ocrx_word' id='word_1_870' title='bbox 2338 4373 2446 4426; x_wconf 90' lang='lat' dir='ltr'><strong>Deo</strong></span> <span class='ocrx_word' id='word_1_871' title='bbox 2484 4370 2681 4440; x_wconf 65' lang='lat' dir='ltr'><strong>refuga:</strong></span> <span class='ocrx_word' id='word_1_872' title='bbox 2721 4367 2844 4423; x_wconf 86' lang='lat' dir='ltr'><strong>facti</strong></span> <span class='ocrx_word' id='word_1_873' title='bbox 2884 4376 3028 4423; x_wconf 86' lang='lat' dir='ltr'><strong>sunt.</strong></span> <span class='ocrx_word' id='word_1_874' title='bbox 3055 4366 3398 4436; x_wconf 77' lang='lat' dir='ltr'><strong>Refugientes</strong></span> <span class='ocrx_word' id='word_1_875' title='bbox 3423 4373 3605 4420; x_wconf 60' lang='lat' dir='ltr'><strong>vimen</strong></span> <span class='ocrx_word' id='word_1_876' title='bbox 3631 4363 3747 4431; x_wconf 84' lang='lat' dir='ltr'><strong>ejus</strong></span> 
     </span>
    </p>
   </div>
   <div class='ocr_carea' id='block_1_106' title="bbox 2167 4456 3754 4534">
    <p class='ocr_par' dir='ltr' id='par_1_106' title="bbox 2167 4456 3754 4534">
     <span class='ocr_line' id='line_1_107' title="bbox 2167 4456 3754 4534; baseline -0.008 -10"><span class='ocrx_word' id='word_1_877' title='bbox 2167 4468 2480 4532; x_wconf 85' lang='lat' dir='ltr'><strong>bonitatem,</strong></span> <span class='ocrx_word' id='word_1_878' title='bbox 2523 4479 2627 4534; x_wconf 89' lang='lat' dir='ltr'><strong>qua</strong></span> <span class='ocrx_word' id='word_1_879' title='bbox 2679 4461 2818 4518; x_wconf 84' lang='lat' dir='ltr'><strong>beati</strong></span> <span class='ocrx_word' id='word_1_880' title='bbox 2857 4459 3096 4526; x_wconf 84' lang='lat' dir='ltr'><strong>fuerunt,</strong></span> <span class='ocrx_word' id='word_1_881' title='bbox 3145 4473 3254 4514; x_wconf 89' lang='lat' dir='ltr'><strong>non</strong></span> <span class='ocrx_word' id='word_1_882' title='bbox 3298 4465 3594 4528; x_wconf 88' lang='lat' dir='ltr'><strong>potuerunt</strong></span> <span class='ocrx_word' id='word_1_883' title='bbox 3637 4456 3754 4525; x_wconf 81' lang='lat' dir='ltr'><strong>ejus</strong></span> 
     </span>
    </p>
   </div>
   <div class='ocr_carea' id='block_1_107' title="bbox 2167 4546 3752 4628">
    <p class='ocr_par' dir='ltr' id='par_1_107' title="bbox 2167 4546 3752 4628">
     <span class='ocr_line' id='line_1_108' title="bbox 2167 4546 3752 4628; baseline -0.01 -16"><span class='ocrx_word' id='word_1_884' title='bbox 2167 4556 2401 4628; x_wconf 76' lang='lat' dir='ltr'><strong>eﬂ‘ugere</strong></span> <span class='ocrx_word' id='word_1_885' title='bbox 2437 4555 2718 4624; x_wconf 90' lang='lat' dir='ltr'><strong>judicium,</strong></span> <span class='ocrx_word' id='word_1_886' title='bbox 2755 4567 2852 4622; x_wconf 89' lang='lat' dir='ltr'><strong>per</strong></span> <span class='ocrx_word' id='word_1_887' title='bbox 2896 4549 3041 4621; x_wconf 90' lang='lat' dir='ltr'><strong>quod</strong></span> <span class='ocrx_word' id='word_1_888' title='bbox 3081 4548 3365 4604; x_wconf 85' lang='lat' dir='ltr'><strong>miserrimi</strong></span> <span class='ocrx_word' id='word_1_889' title='bbox 3403 4546 3584 4602; x_wconf 77' lang='lat' dir='ltr'><strong>ell‘eeti</strong></span> <span class='ocrx_word' id='word_1_890' title='bbox 3609 4555 3752 4600; x_wconf 88' lang='lat' dir='ltr'><strong>sunt.</strong></span> 
     </span>
    </p>
   </div>
   <div class='ocr_carea' id='block_1_108' title="bbox 2169 4637 3758 4714">
    <p class='ocr_par' dir='ltr' id='par_1_108' title="bbox 2169 4637 3758 4714">
     <span class='ocr_line' id='line_1_109' title="bbox 2169 4637 3758 4714; baseline -0.007 -11"><span class='ocrx_word' id='word_1_891' title='bbox 2169 4647 2358 4704; x_wconf 73' lang='lat' dir='ltr'><strong>Casteri</strong></span> <span class='ocrx_word' id='word_1_892' title='bbox 2389 4656 2565 4700; x_wconf 88' lang='lat' dir='ltr'><strong>autem</strong></span> <span class='ocrx_word' id='word_1_893' title='bbox 2591 4659 2686 4714; x_wconf 88' lang='lat' dir='ltr'><strong>per</strong></span> <span class='ocrx_word' id='word_1_894' title='bbox 2708 4644 2880 4713; x_wconf 88' lang='lat' dir='ltr'><strong>ipsum</strong></span> <span class='ocrx_word' id='word_1_895' title='bbox 2905 4641 3128 4696; x_wconf 89' lang='lat' dir='ltr'><strong>liberum</strong></span> <span class='ocrx_word' id='word_1_896' title='bbox 3155 4639 3433 4694; x_wconf 87' lang='lat' dir='ltr'><strong>arbitrium</strong></span> <span class='ocrx_word' id='word_1_897' title='bbox 3457 4639 3509 4691; x_wconf 86' lang='lat' dir='ltr'><strong>in</strong></span> <span class='ocrx_word' id='word_1_898' title='bbox 3531 4637 3758 4692; x_wconf 81' lang='lat' dir='ltr'><strong>veritate</strong></span> 
     </span>
    </p>
   </div>
   <div class='ocr_carea' id='block_1_109' title="bbox 2169 4727 3758 4804">
    <p class='ocr_par' dir='ltr' id='par_1_109' title="bbox 2169 4727 3758 4804">
     <span class='ocr_line' id='line_1_110' title="bbox 2169 4727 3758 4804; baseline -0.009 -11"><span class='ocrx_word' id='word_1_899' title='bbox 2169 4744 2454 4803; x_wconf 80' lang='lat' dir='ltr'><strong>steterunt,</strong></span> <span class='ocrx_word' id='word_1_900' title='bbox 2485 4749 2713 4804; x_wconf 88' lang='lat' dir='ltr'><strong>eamque</strong></span> <span class='ocrx_word' id='word_1_901' title='bbox 2737 4733 2806 4790; x_wconf 90' lang='lat' dir='ltr'><strong>de</strong></span> <span class='ocrx_word' id='word_1_902' title='bbox 2829 4747 2932 4788; x_wconf 82' lang='lat' dir='ltr'><strong>suo</strong></span> <span class='ocrx_word' id='word_1_903' title='bbox 2973 4746 3100 4785; x_wconf 86' lang='lat' dir='ltr'><strong>casu</strong></span> <span class='ocrx_word' id='word_1_904' title='bbox 3129 4744 3398 4798; x_wconf 87' lang='lat' dir='ltr'><strong>nunquam</strong></span> <span class='ocrx_word' id='word_1_905' title='bbox 3437 4727 3622 4782; x_wconf 87' lang='lat' dir='ltr'><strong>futuro</strong></span> <span class='ocrx_word' id='word_1_906' title='bbox 3641 4741 3758 4780; x_wconf 80' lang='lat' dir='ltr'><strong>cer-</strong></span> 
     </span>
    </p>
   </div>
   <div class='ocr_carea' id='block_1_110' title="bbox 2173 4817 3761 4888">
    <p class='ocr_par' dir='ltr' id='par_1_110' title="bbox 2173 4817 3761 4888">
     <span class='ocr_line' id='line_1_111' title="bbox 2173 4817 3761 4888; baseline -0.008 -5"><span class='ocrx_word' id='word_1_907' title='bbox 2173 4828 2434 4884; x_wconf 88' lang='lat' dir='ltr'><strong>tissimam</strong></span> <span class='ocrx_word' id='word_1_908' title='bbox 2457 4825 2598 4882; x_wconf 89' lang='lat' dir='ltr'><strong>scire</strong></span> <span class='ocrx_word' id='word_1_909' title='bbox 2623 4831 2950 4880; x_wconf 85' lang='lat' dir='ltr'><strong>meruerunt.</strong></span> <span class='ocrx_word' id='word_1_910' title='bbox 2983 4819 3039 4877; x_wconf 88' lang='lat' dir='ltr'><strong>Si</strong></span> <span class='ocrx_word' id='word_1_911' title='bbox 3067 4821 3212 4876; x_wconf 68' lang='lat' dir='ltr'><strong>etaim</strong></span> <span class='ocrx_word' id='word_1_912' title='bbox 3245 4835 3342 4874; x_wconf 87' lang='lat' dir='ltr'><strong>nos</strong></span> <span class='ocrx_word' id='word_1_913' title='bbox 3369 4819 3439 4874; x_wconf 85' lang='lat' dir='ltr'><strong>de</strong></span> <span class='ocrx_word' id='word_1_914' title='bbox 3465 4817 3761 4888; x_wconf 79' lang='lat' dir='ltr'><strong>Scriptnria</strong></span> 
     </span>
    </p>
   </div>
   <div class='ocr_carea' id='block_1_111' title="bbox 2170 4907 3762 4988">
    <p class='ocr_par' dir='ltr' id='par_1_111' title="bbox 2170 4907 3762 4988">
     <span class='ocr_line' id='line_1_112' title="bbox 2170 4907 3762 4988; baseline -0.008 -15"><span class='ocrx_word' id='word_1_915' title='bbox 2170 4918 2371 4974; x_wconf 86' lang='lat' dir='ltr'><strong>sanctis</strong></span> <span class='ocrx_word' id='word_1_916' title='bbox 2404 4931 2566 4972; x_wconf 88' lang='lat' dir='ltr'><strong>nosse</strong></span> <span class='ocrx_word' id='word_1_917' title='bbox 2597 4914 2870 4988; x_wconf 87' lang='lat' dir='ltr'><strong>potuimus</strong></span> <span class='ocrx_word' id='word_1_918' title='bbox 2898 4920 3120 4967; x_wconf 81' lang='lat' dir='ltr'><strong>sanctos</strong></span> <span class='ocrx_word' id='word_1_919' title='bbox 3157 4909 3394 4980; x_wconf 82' lang='lat' dir='ltr'><strong>Angelos</strong></span> <span class='ocrx_word' id='word_1_920' title='bbox 3416 4908 3528 4978; x_wconf 72' lang='lat' dir='ltr'><strong>jam</strong></span> <span class='ocrx_word' id='word_1_921' title='bbox 3576 4907 3762 4963; x_wconf 83' lang='lat' dir='ltr'><strong>nullos</strong></span> 
     </span>
    </p>
   </div>
   <div class='ocr_carea' id='block_1_112' title="bbox 2171 4999 3762 5078">
    <p class='ocr_par' dir='ltr' id='par_1_112' title="bbox 2171 4999 3762 5078">
     <span class='ocr_line' id='line_1_113' title="bbox 2171 4999 3762 5078; baseline -0.01 -9"><span class='ocrx_word' id='word_1_922' title='bbox 2171 5026 2293 5068; x_wconf 89' lang='lat' dir='ltr'><strong>esse</strong></span> <span class='ocrx_word' id='word_1_923' title='bbox 2312 5024 2557 5072; x_wconf 83' lang='lat' dir='ltr'><strong>casuros;</strong></span> <span class='ocrx_word' id='word_1_924' title='bbox 2589 5015 2789 5078; x_wconf 87' lang='lat' dir='ltr'><strong>quanto</strong></span> <span class='ocrx_word' id='word_1_925' title='bbox 2817 5005 2988 5074; x_wconf 81' lang='lat' dir='ltr'><strong>magis</strong></span> <span class='ocrx_word' id='word_1_926' title='bbox 3017 5004 3119 5060; x_wconf 87' lang='lat' dir='ltr'><strong>hoc</strong></span> <span class='ocrx_word' id='word_1_927' title='bbox 3144 5002 3242 5074; x_wconf 85' lang='lat' dir='ltr'><strong>ipsi</strong></span> <span class='ocrx_word' id='word_1_928' title='bbox 3273 5001 3503 5058; x_wconf 79' lang='lat' dir='ltr'><strong>revelata</strong></span> <span class='ocrx_word' id='word_1_929' title='bbox 3529 4999 3638 5058; x_wconf 76' lang='lat' dir='ltr'><strong>sibi</strong></span> <span class='ocrx_word' id='word_1_930' title='bbox 3667 5013 3762 5054; x_wconf 47' lang='lat' dir='ltr'><strong>su.</strong></span> 
     </span>
    </p>
   </div>
   <div class='ocr_carea' id='block_1_113' title="bbox 2173 5091 3762 5164">
    <p class='ocr_par' dir='ltr' id='par_1_113' title="bbox 2173 5091 3762 5164">
     <span class='ocr_line' id='line_1_114' title="bbox 2173 5091 3762 5164; baseline -0.008 -5"><span class='ocrx_word' id='word_1_931' title='bbox 2173 5104 2389 5160; x_wconf 89' lang='lat' dir='ltr'><strong>blimius</strong></span> <span class='ocrx_word' id='word_1_932' title='bbox 2417 5100 2640 5157; x_wconf 83' lang='lat' dir='ltr'><strong>veritate</strong></span> <span class='ocrx_word' id='word_1_933' title='bbox 2666 5096 2967 5154; x_wconf 69' lang='lat' dir='ltr'><strong>noverunt?</strong></span> <span class='ocrx_word' id='word_1_934' title='bbox 2992 5094 3157 5151; x_wconf 84' lang='lat' dir='ltr'><strong>Nobis</strong></span> <span class='ocrx_word' id='word_1_935' title='bbox 3199 5093 3398 5164; x_wconf 88' lang='lat' dir='ltr'><strong>quippe</strong></span> <span class='ocrx_word' id='word_1_936' title='bbox 3434 5091 3593 5148; x_wconf 79' lang='lat' dir='ltr'><strong>beata</strong></span> <span class='ocrx_word' id='word_1_937' title='bbox 3641 5091 3762 5146; x_wconf 57' lang='lat' dir='ltr'><strong>sine</strong></span> 
     </span>
    </p>
   </div>
   <div class='ocr_carea' id='block_1_114' title="bbox 2177 5183 3754 5264">
    <p class='ocr_par' dir='ltr' id='par_1_114' title="bbox 2177 5183 3754 5264">
     <span class='ocr_line' id='line_1_115' title="bbox 2177 5183 3754 5264; baseline -0.01 -14"><span class='ocrx_word' id='word_1_938' title='bbox 2177 5195 2282 5250; x_wconf 76' lang='lat' dir='ltr'><strong>ﬁne</strong></span> <span class='ocrx_word' id='word_1_939' title='bbox 2302 5195 2408 5248; x_wconf 84' lang='lat' dir='ltr'><strong>vita</strong></span> <span class='ocrx_word' id='word_1_940' title='bbox 2448 5189 2710 5264; x_wconf 60' lang='lat' dir='ltr'><strong>promissa</strong></span> <span class='ocrx_word' id='word_1_941' title='bbox 2736 5198 2853 5255; x_wconf 89' lang='lat' dir='ltr'><strong>est,</strong></span> <span class='ocrx_word' id='word_1_942' title='bbox 2882 5197 2938 5242; x_wconf 86' lang='lat' dir='ltr'><strong>et</strong></span> <span class='ocrx_word' id='word_1_943' title='bbox 2973 5186 3246 5258; x_wconf 69' lang='lat' dir='ltr'><strong>mqualitas</strong></span> <span class='ocrx_word' id='word_1_944' title='bbox 3283 5183 3613 5253; x_wconf 74' lang='lat' dir='ltr'><strong>Angeloruln</strong></span> <span class='ocrx_word' id='word_1_945' title='bbox 3642 5199 3660 5235; x_wconf 90' lang='lat'><strong>:</strong></span> <span class='ocrx_word' id='word_1_946' title='bbox 3689 5195 3754 5235; x_wconf 75' lang='lat' dir='ltr'><strong>ex</strong></span> 
     </span>
    </p>
   </div>
   <div class='ocr_carea' id='block_1_115' title="bbox 2174 5272 3774 5355">
    <p class='ocr_par' dir='ltr' id='par_1_115' title="bbox 2174 5272 3774 5355">
     <span class='ocr_line' id='line_1_116' title="bbox 2174 5272 3774 5355; baseline -0.008 -17"><span class='ocrx_word' id='word_1_947' title='bbox 2174 5300 2278 5355; x_wconf 90' lang='lat' dir='ltr'><strong>qua</strong></span> <span class='ocrx_word' id='word_1_948' title='bbox 2317 5281 2674 5352; x_wconf 86' lang='lat' dir='ltr'><strong>promissione</strong></span> <span class='ocrx_word' id='word_1_949' title='bbox 2725 5278 2857 5334; x_wconf 85' lang='lat' dir='ltr'><strong>certi</strong></span> <span class='ocrx_word' id='word_1_950' title='bbox 2896 5291 3102 5340; x_wconf 83' lang='lat' dir='ltr'><strong>smnus.</strong></span> <span class='ocrx_word' id='word_1_951' title='bbox 3141 5291 3262 5332; x_wconf 89' lang='lat' dir='ltr'><strong>cum</strong></span> <span class='ocrx_word' id='word_1_952' title='bbox 3301 5274 3368 5329; x_wconf 87' lang='lat' dir='ltr'><strong>ad</strong></span> <span class='ocrx_word' id='word_1_953' title='bbox 3408 5273 3554 5329; x_wconf 84' lang='lat' dir='ltr'><strong>illam</strong></span> <span class='ocrx_word' id='word_1_954' title='bbox 3595 5272 3774 5326; x_wconf 71' lang='lat' dir='ltr'><strong>vitam</strong></span> 
     </span>
    </p>
   </div>
   <div class='ocr_carea' id='block_1_116' title="bbox 2179 5364 3756 5449">
    <p class='ocr_par' dir='ltr' id='par_1_116' title="bbox 2179 5364 3756 5449">
     <span class='ocr_line' id='line_1_117' title="bbox 2179 5364 3756 5449; baseline -0.011 -15"><span class='ocrx_word' id='word_1_955' title='bbox 2179 5387 2296 5449; x_wconf 88' lang='lat' dir='ltr'><strong>post</strong></span> <span class='ocrx_word' id='word_1_956' title='bbox 2323 5375 2578 5446; x_wconf 81' lang='lat' dir='ltr'><strong>judicium</strong></span> <span class='ocrx_word' id='word_1_957' title='bbox 2603 5372 2928 5434; x_wconf 77' lang='lat' dir='ltr'><strong>venerimus,</strong></span> <span class='ocrx_word' id='word_1_958' title='bbox 2943 5385 3050 5423; x_wconf 88' lang='lat' dir='ltr'><strong>non</strong></span> <span class='ocrx_word' id='word_1_959' title='bbox 3071 5366 3195 5422; x_wconf 86' lang='lat' dir='ltr'><strong>inde</strong></span> <span class='ocrx_word' id='word_1_960' title='bbox 3212 5382 3313 5420; x_wconf 86' lang='lat' dir='ltr'><strong>nos</strong></span> <span class='ocrx_word' id='word_1_961' title='bbox 3333 5380 3455 5420; x_wconf 81' lang='lat' dir='ltr'><strong>esse</strong></span> <span class='ocrx_word' id='word_1_962' title='bbox 3470 5364 3717 5434; x_wconf 82' lang='lat' dir='ltr'><strong>lapsuros</strong></span> <span class='ocrx_word' id='word_1_963' title='bbox 3738 5376 3756 5415; x_wconf 91' lang='lat'><strong>:</strong></span> 
     </span>
    </p>
   </div>
   <div class='ocr_carea' id='block_1_117' title="bbox 2241 5576 3764 5664">
    <p class='ocr_par' dir='ltr' id='par_1_117' title="bbox 2241 5576 3764 5664">
     <span class='ocr_line' id='line_1_118' title="bbox 2241 5576 3764 5664; baseline -0.007 -21"><span class='ocrx_word' id='word_1_964' title='bbox 2241 5598 2254 5627; x_wconf 80' lang='grc' dir='ltr'>ι</span> <span class='ocrx_word' id='word_1_965' title='bbox 2293 5603 2404 5664; x_wconf 52' lang='grc' dir='ltr'><strong>ΑιηΖ</strong></span> <span class='ocrx_word' id='word_1_966' title='bbox 2417 5597 2490 5664; x_wconf 69' lang='lat' dir='ltr'><strong>tjr.</strong></span> <span class='ocrx_word' id='word_1_967' title='bbox 2515 5603 2575 5642; x_wconf 87' lang='lat' dir='ltr'><strong>ac</strong></span> <span class='ocrx_word' id='word_1_968' title='bbox 2609 5587 2834 5654; x_wconf 81' lang='lat' dir='ltr'><strong>plerique</strong></span> <span class='ocrx_word' id='word_1_969' title='bbox 2876 5593 3006 5647; x_wconf 48' lang='grc' dir='ltr'><strong>διεδ,</strong></span> <span class='ocrx_word' id='word_1_970' title='bbox 3037 5583 3119 5638; x_wconf 81' lang='lat' dir='ltr'><strong>cui</strong></span> <span class='ocrx_word' id='word_1_971' title='bbox 3147 5589 3306 5636; x_wconf 65' lang='lat' dir='ltr'><strong>tam</strong></span> <span class='ocrx_word' id='word_1_972' title='bbox 3328 5579 3658 5634; x_wconf 68' lang='lat' dir='ltr'><strong>marina</strong></span> <span class='ocrx_word' id='word_1_973' title='bbox 3679 5576 3764 5632; x_wconf 73' lang='lat' dir='ltr'><strong>Dei</strong></span> 
     </span>
    </p>
   </div>
   <div class='ocr_carea' id='block_1_118' title="bbox 2176 5653 2947 5774">
    <p class='ocr_par' dir='ltr' id='par_1_118' title="bbox 2176 5653 2947 5774">
     <span class='ocr_line' id='line_1_119' title="bbox 2176 5653 2482 5715; baseline -0.026 -6"><span class='ocrx_word' id='word_1_974' title='bbox 2176 5657 2354 5709; x_wconf 82' lang='lat' dir='ltr'><strong>donum</strong></span> <span class='ocrx_word' id='word_1_975' title='bbox 2374 5653 2482 5715; x_wconf 80' lang='lat' dir='ltr'><strong>fuit.</strong></span> 
     </span>
     <span class='ocr_line' id='line_1_120' title="bbox 2238 5710 2947 5774; baseline -0.013 -3"><span class='ocrx_word' id='word_1_976' title='bbox 2238 5729 2257 5756; x_wconf 69' lang='grc' dir='ltr'><strong><em>ι</em></strong></span> <span class='ocrx_word' id='word_1_977' title='bbox 2293 5719 2456 5770; x_wconf 78' lang='lat' dir='ltr'><strong>itm-es</strong></span> <span class='ocrx_word' id='word_1_978' title='bbox 2479 5721 2604 5774; x_wconf 67' lang='lat' dir='ltr'><strong>uss,</strong></span> <span class='ocrx_word' id='word_1_979' title='bbox 2628 5710 2749 5764; x_wconf 82' lang='lat' dir='ltr'><strong>bona</strong></span> <span class='ocrx_word' id='word_1_980' title='bbox 2769 5712 2947 5773; x_wconf 78' lang='lat' dir='ltr'><strong>facere.</strong></span> 
     </span>
    </p>
   </div>
  </div>
