3972 6178
249 333 350 387 933

248 445 388 520 quod
415 444 461 500 si
484 441 551 499 de
579 455 636 496 se
657 439 785 510 ipsis
814 434 999 508 Angeli
1022 434 1287 499 nesciunt,
1314 448 1418 488 non
1447 433 1702 504 :rquaies,
1734 431 1830 487 sed

252 542 517 595 beatiores
544 537 764 590 erimus.
800 532 1010 588 Veritas
1033 539 1211 585 autem
1242 529 1392 584 nobis
1413 543 1599 583 eorum
1632 526 1836 596 promi-

250 630 319 686 sit
339 629 694 700 aequalitatem
724 625 743 698 (
773 623 958 678 Matth.
988 638 1126 688 χιιι,
1155 621 1223 677 30
1252 618 1292 691 ).
1317 619 1533 676 Certum
1563 630 1645 672 est
1674 618 1834 686 igitur

250 722 350 778 hoc
376 736 471 776 eos
502 735 662 775 nosse
689 734 782 788 per
807 717 1062 785 Speciem.
1092 713 1232 783 quod
1260 728 1356 765 nos
1383 727 1478 781 per
1508 708 1690 776 iidem,
1719 708 1837 761 uul-

252 817 352 873 iam
381 816 586 870 scilicet
616 814 819 865 ruinam
862 808 1173 879 cujusquam
1217 805 1383 860 sancti
1418 802 1591 870 angeli
1617 800 1726 871 jam
1755 798 1837 855 fu-

250 920 444 965 turam.
474 904 721 960 Diabolus
744 917 874 955 vero
901 910 952 954 et
981 897 1153 967 angeli
1184 896 1323 964 ejus,
1356 894 1457 950 etsi
1492 893 1636 948 beati
1681 898 1836 946 erant

250 1007 534 1065 antequam
577 992 849 1051 caderent,
872 997 927 1044 et
953 1003 1012 1043 se
1057 988 1107 1040 in
1152 985 1421 1040 miseriam
1460 995 1680 1036 casuros
1714 994 1836 1035 esse

252 1088 581 1150 nesciebant,
607 1093 723 1140 erat
754 1093 929 1136 tamen
961 1080 1137 1134 adhuc
1161 1075 1302 1145 quod
1330 1090 1517 1131 eorum
1547 1073 1837 1128 adderetur

251 1176 583 1237 beatitudini,
613 1175 656 1229 si
687 1189 783 1245 per
827 1171 1049 1225 liberum
1075 1167 1354 1222 arbitrium
1394 1165 1446 1218 in
1473 1166 1699 1219 veritate
1724 1173 1837 1216 ste-

251 1271 440 1324 tissent
470 1308 485 1332 ,
536 1266 707 1321 donec
746 1263 900 1318 istam
949 1275 1171 1314 summae
1222 1256 1564 1311 beatitudinis
1606 1254 1837 1325 plenitu-

250 1360 450 1425 dinem,
480 1366 732 1422 tanquam
770 1352 1045 1423 praemium
1077 1349 1243 1416 ipsius
1281 1336 1670 1419 permansiouis
1696 1343 1837 1398 acci-

253 1459 463 1520 perent,
493 1447 543 1501 id
568 1455 671 1509 est,
697 1453 753 1498 ut
795 1458 982 1513 magna
1032 1457 1124 1511 per
1165 1440 1417 1511 Spiritum
1448 1445 1690 1493 sanciunt
1718 1434 1840 1490 data

248 1539 570 1595 abundantia
598 1534 871 1590 charitatis
896 1533 1011 1597 Dei,
1034 1531 1225 1586 cadere
1247 1529 1470 1585 ulterius
1490 1528 1711 1582 omnino
1735 1540 1841 1579 non

254 1640 496 1701 possent,
519 1637 574 1683 et
608 1627 710 1681 hoc
732 1626 800 1681 de
822 1640 880 1680 se
899 1624 1198 1680 certissime
1223 1630 1465 1677 ucsseut.
1492 1620 1639 1675 Hanc
1665 1616 1839 1688 pleni-

256 1722 494 1776 tudinem
523 1716 869 1774 beatitudinis
892 1731 997 1769 non
1031 1713 1297 1767 habebant
1329 1710 1459 1766 :sed
1487 1711 1610 1780 quia
1638 1706 1844 1763 nescie—

253 1816 385 1868 bant
422 1827 571 1867 suam
623 1808 854 1864 futuram
901 1806 1195 1870 miseriam,
1240 1804 1449 1858 minore
1485 1801 1723 1872 quidem,
1747 1797 1839 1854 sed

260 1912 439 1959 tamen
482 1898 814 1956 beatitudine
837 1898 953 1952 sine
979 1897 1087 1951 ullo
1121 1895 1248 1949 vitio
1275 1892 1605 1949 fruebantur.
1634 1890 1764 1945 Nam
1795 1888 1843 1945 si

254 2012 411 2051 suum
430 2010 613 2049 casum
627 1990 861 2046 futurum
880 1998 1101 2044 nossent
1120 1997 1486 2055 aeternumque
1502 1984 1841 2055 supplicium,

253 2087 395 2142 beati
421 2086 601 2153 utique
631 2096 879 2138 essenon
909 2089 1146 2151 possent,
1187 2093 1323 2148 quos
1362 2076 1520 2146 hujus
1547 2076 1676 2131 tanti
1716 2074 1844 2130 mali

250 2184 428 2233 metus
442 2176 550 2246 jam
579 2184 705 2229 tunc
736 2172 959 2227 miseros
983 2185 1103 2226 esse
1132 2168 1499 2238 compelleret.

325 2270 418 2323 28.
458 2267 549 2323 Sic
589 2276 643 2319 et
694 2264 964 2318 hominem
1004 2260 1273 2316 feciteum
1305 2259 1473 2314 libero
1502 2256 1743 2324 arbitrio,
1791 2264 1847 2311 et

255 2359 501 2431 quamvis
521 2357 602 2411 sui
629 2331 788 2410 futuri
807 2369 963 2408 casus
990 2355 1252 2423 ignarum,
1277 2361 1450 2405 tamen
1473 2350 1593 2405 ideo
1612 2349 1842 2412 beatum,

253 2451 382 2519 quia
410 2459 460 2503 et
484 2465 586 2501 uuu
617 2446 751 2500 mori
769 2454 823 2501 et
852 2446 1104 2499 miserum
1133 2458 1236 2495 non
1257 2441 1371 2496 ﬁeri
1395 2441 1445 2494 in
1467 2455 1561 2494 sua
1587 2448 1849 2508 potestate

253 2554 378 2595 esse
407 2538 688 2594 sentiebat.
722 2537 774 2591 in
803 2552 908 2606 quo
937 2544 1076 2589 statu
1099 2542 1245 2588 recto
1269 2548 1332 2585 ac
1352 2532 1468 2585 sine
1495 2529 1645 2597 vitio,
1673 2528 1718 2583 si
1755 2543 1850 2597 per

248 2630 433 2700 ipsum
465 2629 689 2683 liberum
731 2626 1007 2680 arbitrium
1040 2638 1258 2678 manere
1298 2621 1580 2685 voluisset,
1611 2618 1848 2689 profecto

256 2720 377 2773 sine
405 2719 511 2772 ulio
540 2717 727 2770 mortis
756 2727 812 2768 et
832 2713 1155 2767 infelicitatis
1174 2714 1560 2779 experimento,
1583 2708 1851 2778 acciperet

254 2810 430 2873 illam,
463 2807 654 2860 merito
681 2803 870 2874 lmjus‘
896 2801 1318 2873 permansiouis,
1352 2798 1693 2855 beatitudinis
1733 2799 1848 2869 plc-

250 2900 581 2960 nitudinem,
609 2913 712 2967 qua
740 2906 794 2950 et
835 2894 1003 2949 sancti
1038 2891 1221 2963 Angeli
1248 2899 1372 2945 sunt
1396 2891 1557 2956 beati,
1586 2889 1640 2944 id
1667 2898 1771 2956 est,
1794 2896 1852 2944 ut

252 2991 458 3049 cadere
484 3006 588 3044 non
639 2997 817 3058 posset
856 2986 1098 3050 ulterius,
1129 2993 1184 3039 et
1213 2983 1317 3039 hoc
1340 2984 1637 3038 certissime
1666 2982 1846 3036 sciret.

257 3082 395 3139 Nam
428 3096 598 3151 neque
628 3079 740 3149 ipse
766 3086 947 3148 posset
968 3078 1129 3131 etiam
1158 3076 1209 3129 in
1235 3074 1479 3145 paradiso
1498 3074 1684 3129 beatus
1709 3087 1850 3139 esse,

254 3175 374 3231 imo
401 3174 472 3227 ibi
499 3187 602 3227 non
630 3170 807 3224 esset'
828 3211 844 3237 ,
877 3169 966 3223 ubi
990 3183 1109 3223 esse
1131 3167 1382 3221 miserum
1409 3182 1515 3220 non
1539 3164 1774 3231 deceret,
1805 3163 1853 3219 si

252 3280 387 3321 cum
433 3264 513 3317 sui
549 3276 708 3317 casus
740 3259 1071 3331 przescientia
1114 3262 1306 3313 timore
1327 3257 1349 3290 ⁸
1381 3259 1508 3312 tanti
1537 3257 1662 3311 mali
1687 3257 1851 3311 mise-

255 3373 385 3412 rrum
413 3355 629 3410 faceret.
655 3354 788 3419 Quia
833 3368 963 3408 vero
1007 3367 1102 3421 per
1130 3350 1352 3405 liberum
1379 3350 1657 3405 arbitrium
1685 3348 1851 3403 Deum

266 3447 522 3509 deseruit,
550 3448 749 3514 justum
771 3442 1028 3513 judicium
1076 3440 1168 3495 Dei
1211 3450 1465 3509 expertus
1501 3448 1603 3505 est,
1648 3447 1706 3493 ut
1729 3452 1851 3493 cum

257 3546 380 3592 :tota
403 3552 496 3590 sua
517 3536 704 3605 stirpe,
733 3551 852 3603 qua:
883 3534 936 3587 in
965 3531 1057 3586 ilio
1081 3531 1258 3585 adhuc
1284 3531 1451 3600 posita
1476 3537 1583 3584 tota
1613 3543 1735 3583 cum
1763 3527 1856 3582 illo

264 3637 602 3700 peccaverat,
625 3628 988 3681 damnaretur.
1022 3624 1294 3693 Quotquot
1312 3622 1453 3677 enim
1477 3637 1543 3677 ex
1573 3623 1672 3676 hac
1691 3621 1861 3691 stirpe

270 3724 437 3793 gratia
466 3720 557 3775 Dei
589 3720 947 3782 iiberautur,a
969 3714 1310 3771 damnatione
1339 3715 1519 3783 utique
1543 3712 1854 3777 liberantur,

271 3830 376 3886 qua
400 3814 510 3884 jam
543 3822 787 3867 tenentur
811 3810 1076 3867 obstricti.
1104 3808 1258 3865 Unde
1285 3807 1494 3862 etiamsi
1524 3806 1698 3860 nullus
1726 3803 1858 3858 iibe-

274 3918 503 3969 raretur,
525 3904 727 3976 justum
763 3903 853 3955 Dei
895 3900 1155 3969 judicium
1200 3912 1358 3953 nemo
1382 3897 1527 3967 juste
1569 3895 1885 3966 reprehenr

270 3996 443 4051 deret.
470 3995 622 4063 Quod
647 4008 774 4063 ergo
796 3991 948 4062 pauci
976 3989 1029 4043 in
1052 3990 1454 4057 comparatione
1483 3986 1815 4056 pereuntium
1834 4024 1854 4048 ,

274 4089 327 4142 in
346 4104 443 4142 suo
473 4102 602 4142 vero
624 4100 847 4139 numero
877 4082 1024 4136 ιιιιιιιὶ
1054 4081 1369 4146 liberantur,
1391 4079 1557 4148 gratia
1584 4077 1661 4143 lit,
1692 4076 1859 4147 gratis

276 4179 356 4244 iit,
387 4176 570 4248 gratia:
590 4184 716 4231 sunt
737 4174 958 4245 agenda:
983 4173 1106 4243 quia
1135 4171 1213 4237 iit,
1239 4186 1306 4225 ne
1338 4171 1458 4240 quis
1479 4169 1624 4224 velut
1650 4168 1718 4223 de
1745 4167 1859 4223 suis

276 4271 483 4328 meritis
511 4269 814 4331 extollatur,
835 4265 929 4321 sed
954 4280 1115 4320 omne
1135 4279 1196 4318 os
1215 4263 1521 4318 obstruatur
1543 4260 1563 4333 (
1582 4259 1735 4315 Rom.
1778 4275 1854 4325 tn,

282 4366 368 4436 t9)
388 4405 405 4431 ,
435 4375 487 4418 et
512 4364 602 4432 qui
627 4363 907 4431 gloriatur,
941 4359 993 4412 iu
1026 4357 1250 4412 Domino
1274 4355 1549 4425 glorietur.

348 4453 577 4511 CAPUT
608 4453 698 4508 XI.
721 4450 906 4507 —29.
940 4448 1074 4516 Quid
1114 4446 1288 4519 ergo?
1323 4447 1491 4501 Adam
1536 4460 1641 4500 non
1679 4443 1864 4500 habuit

280 4548 372 4602 Dei
398 4542 663 4618 gratiam?
686 4544 794 4598 imo
816 4558 942 4597 vero
964 4541 1145 4622 habuit
1169 4553 1431 4608 magnam,
1450 4538 1542 4592 sed
1573 4537 1857 4607 diSparcm.

282 4640 374 4694 ille
391 4638 444 4694 in
477 4636 630 4692 bonis
655 4646 792 4697 erat,
820 4650 939 4703 qua:
964 4632 1034 4688 de
1075 4632 1312 4686 bonitate
1336 4630 1418 4687 sui
1448 4628 1753 4684 Conditoris
1776 4642 1865 4683 ae-

281 4738 499 4801 ceperat
531 4745 545 4782 :
578 4742 749 4797 neque
787 4727 928 4780 enim
977 4739 1039 4779 ea
1095 4723 1233 4778 bona
1280 4732 1335 4778 et
1383 4723 1476 4778 ille
1510 4723 1623 4779 suis
1662 4721 1864 4776 meritis

283 4829 707 4892 comparaverat,
753 4818 806 4871 in
852 4817 1044 4886 quibus
1083 4829 1302 4886 prorsus
1329 4816 1532 4870 nullum
1568 4815 1868 4897 patiebatur

281 4916 504 4970 malum.
530 4910 712 4968 Sancti
736 4924 865 4966 vero
895 4908 948 4963 in
981 4908 1082 4964 hac
1118 4908 1249 4971 vita,
1280 4906 1347 4961 ad
1386 4920 1519 4976 quos
1544 4907 1774 4977 pertinet
1799 4905 1866 4959 ii-

283 5003 580 5062 berationis
606 5001 721 5056 inec
763 5000 954 5070 gratia,
992 4999 1045 5054 in
1075 4998 1233 5053 malis
1270 5005 1415 5058 sunt.
1441 5013 1508 5051 ex
1542 4997 1736 5067 quibus
1758 4996 1869 5051 cla-

284 5105 435 5152 mant
462 5093 528 5148 ad
558 5093 744 5155 Deum,
774 5089 959 5146 Libera
987 5105 1080 5145 nos
1102 5107 1135 5142 a
1162 5090 1298 5144 malo
1343 5088 1363 5158 (
1396 5087 1586 5142 Matth.
1614 5104 1701 5155 vt,
1728 5090 1798 5145 i3
1823 5089 1865 5161 ).

285 5188 382 5244 ille
423 5188 477 5242 in
520 5185 627 5241 illis
654 5182 812 5240 bonis
837 5180 1036 5261 Christi
1081 5189 1254 5237 morte
1291 5194 1401 5235 non
1440 5178 1585 5250 eguit
1620 5196 1634 5234 :
1666 5179 1799 5234 istos
1837 5194 1868 5232 a

285 5287 438 5334 reatu
464 5287 520 5333 et
565 5273 907 5331 haereditario
957 5280 1013 5329 et
1042 5271 1277 5344 proprio,
1316 5270 1458 5326 illius
1488 5269 1625 5340 Agni
1655 5270 1870 5341 sanguis

268 5372 536 5431 'absolvit.
575 5370 671 5426 ille
707 5383 815 5424 non
854 5381 991 5438 opus
1019 5365 1246 5422 habebat
1294 5380 1360 5422 eo
1397 5362 1684 5434 adjutorio,
1730 5362 1869 5434 quod
1919 5387 1932 5398 -

288 5464 577 5535 implorant
621 5459 710 5516 isti
759 5473 883 5515 cum
938 5456 1162 5513 dicunt:
1203 5455 1356 5511 l'ideo
1406 5455 1561 5510 aliaet
1613 5454 1771 5526 tegent
1818 5452 1869 5509 in

366 5627 379 5657 '
410 5645 480 5687 Sic
500 5642 606 5685 uss.
630 5634 766 5691 Ediii,
789 5629 1075 5694 hujunmtlt.

361 5698 380 5727 ¹
411 5698 612 5747 vatimni
628 5695 724 5744 duo
747 5702 870 5749 Mss...
896 5706 1014 5743 esse.

356 5768 373 5798 δ
410 5756 627 5808 nonnulli
657 5763 783 5808 Issa
806 5760 852 5806 et
870 5753 1010 5805 timor

1678 316 1850 374 LIBRI

1956 315 2114 373 LVUS.
3422 331 3519 387 ειη

3504 354 3527 387 Ὦ

1940 433 2171 488 membris
2204 434 2346 502 meis,
2378 447 2739 507 repugnantem
2763 437 2859 507 legi
2888 437 3065 492 utentis
3105 455 3247 500 mcw.
3277 448 3325 495 et
3353 444 3526 509 rapti-

1939 537 2136 579 vantem
2158 542 2234 579 me
2261 527 2312 579 in
2334 527 2440 597 lrge
2460 530 2666 596 peccati,
2694 545 2806 597 quin
2824 540 2892 585 est
2918 532 2970 584 in
2995 532 3229 586 membris
3255 534 3397 589 meis.
3425 533 3525 588 Iu-

1940 615 2068 684 felia:
2085 631 2176 685 ego
2197 617 2383 682 homof
2389 619 2500 687 quis
2539 635 2616 672 me
2644 618 2871 673 liberabit
2896 622 2960 675 de
2984 638 3196 692 corpore
3223 624 3400 678 mortis
3429 625 3527 678 Itu-

1930 704 2063 775 jus?
2084 703 2260 759 Gratia
2290 705 2385 761 Dei
2411 724 2500 775 per
2526 707 2558 760 J
2566 725 2701 762 esum
2729 708 2979 765 Christum
3002 711 3273 766 Dominum
3301 726 3526 769 nostrum

1941 795 1960 864 (
1991 794 2141 849 Rom.
2172 812 2265 861 vn,
2293 797 2461 855 25-25
2490 800 2529 870 ).
2554 799 2815 867 Quoniam
2851 802 2902 855 in
2928 802 3007 857 eis
3045 818 3171 858 caro
3196 806 3527 873 concupiscit

1941 884 2195 940 adversus
2216 889 2480 957 spiritum,
2504 901 2556 943 et
2579 891 2792 959 spiritus
2808 891 3070 947 adversus
3086 909 3301 949 carnem
3326 893 3527 969 (,Galat.

1942 990 1995 1037 v,
2026 976 2140 1044 Π),
2172 987 2331 1046 atque
2359 978 2408 1031 in
2439 979 2528 1032 tali
2557 980 2854 1035 certamine
2894 982 3199 1039 laborantes
3227 1000 3291 1041 ac
3317 987 3526 1055 pericii-

1944 1077 2117 1122 tautes
2141 1068 2254 1122 dari
2297 1069 2398 1124 sibi
2438 1073 2704 1141 pugnandi
2750 1074 3103 1145 vincendique
3146 1076 3394 1132 virtutem
3433 1093 3532 1147 per

1941 1156 2141 1213 Christi
2169 1161 2391 1228 gratiam
2421 1172 2665 1230 poscunt.
2698 1164 2791 1218 Ille
2827 1180 2956 1218 vero
3002 1166 3143 1220 nulla
3174 1168 3262 1221 tali
3304 1165 3417 1222 rixa
3460 1169 3527 1223 de

1945 1265 2003 1306 se
2028 1252 2143 1320 ipso
2167 1251 2184 1283 ³
2214 1251 2470 1307 adversus
2494 1269 2553 1309 se
2583 1255 2753 1326 ipsum
2791 1266 3020 1311 tentatus
3060 1268 3219 1327 atque
3266 1260 3528 1320 turbatus.

1944 1342 1997 1397 in
2021 1343 2112 1397 illo
2135 1343 2478 1399 beatitudinis
2506 1345 2624 1400 loco
2649 1362 2741 1401 sua
2764 1361 2944 1402 secum
2977 1364 3106 1417 pace
3136 1349 3429 1405 fruebatur.

2016 1433 2106 1488 50.
2149 1434 2381 1488 Proinde
2411 1436 2510 1489 etsi
2539 1452 2644 1489 non
2668 1437 2878 1491 interim
2901 1439 3103 1493 laetiore
3122 1456 3296 1505 nunc;
3321 1457 3534 1496 verum-

1948 1535 2125 1580 tamen
2157 1527 2458 1596 potentiore
2491 1528 2659 1597 gratia
2692 1529 2929 1597 indigent
2967 1530 3051 1584 isti
3083 1539 3171 1586 :et
3198 1548 3317 1600 qum
3345 1544 3535 1601 poten-

1948 1617 2054 1672 tior
2095 1633 2254 1689 quam
2315 1618 2408 1674 Dei
2454 1619 2757 1689 uuigenitus
2803 1620 2988 1687 Filius,
3035 1623 3253 1693 :equalis
3295 1623 3440 1679 Patri
3479 1636 3534 1679 ct

1945 1718 2267 1774 eoa-ternos,
2295 1724 2393 1779 pro
2418 1710 2495 1765 eis
2524 1709 2685 1765 homo
2716 1710 2902 1776 factus,
2924 1723 2978 1768 et
3000 1713 3115 1767 sine
3143 1729 3242 1769 suo
3270 1715 3291 1747 ³
3323 1715 3429 1769 ιιΙΙο
3447 1716 3536 1771 vel

1946 1801 2192 1872 originali
2219 1802 2296 1857 vel
2329 1804 2545 1872 proprio
2574 1816 2790 1873 peccato
2820 1806 2887 1860 ab
2910 1806 3214 1861 hominibus
3241 1811 3535 1877 peccatori-

1946 1892 2047 1947 bus
2084 1892 2403 1948 crucii‘txus?
2449 1894 2550 1963 Qui
2602 1897 2844 1965 quamvis
2890 1897 2977 1951 die
3026 1897 3182 1952 tertio
3218 1899 3528 1956 resurrexit.

1948 1998 2218 2050 nunquam
2245 1985 2534 2040 moriturus
2558 1986 2810 2050 ulterius;
2843 1989 3055 2056 pertulit
3079 1998 3252 2043 tamen
3274 2007 3367 2059 pro
3389 2005 3534 2045 mor-

1950 2074 2139 2127 talibus
2170 2085 2397 2129 mortem
2418 2115 2433 2140 ,
2462 2076 2552 2146 qui
2584 2078 2809 2133 mortuis
2838 2080 3082 2147 praestitit
3122 2080 3305 2143 vitam,
3352 2092 3410 2135 ut
3447 2097 3532 2135 re-

1949 2166 2149 2237 dempti
2177 2167 2293 2236 ejus
2327 2168 2607 2238 sanguine,
2651 2178 2800 2223 tanto
2824 2185 2888 2225 ac
2920 2171 3008 2226 tali
3056 2172 3275 2242 pignore
3312 2183 3533 2240 accepto

1950 2258 2232 2314 dicerent:
2263 2260 2325 2314 Si
2375 2259 2510 2316 Deus
2553 2278 2645 2331 pro
2680 2263 2842 2330 nobis,
2884 2265 2996 2334 quis
3045 2274 3220 2319 contra
3263 2266 3395 2320 nos?
3432 2264 3536 2329 Qui

1951 2347 2093 2402 Filio
2122 2365 2214 2403 suo
2245 2351 2452 2419 proprio
2478 2368 2580 2405 non
2609 2354 2863 2422 pepercit,
2894 2355 2984 2407 sed
3019 2372 3109 2424 pro
3136 2357 3277 2410 nobis
3305 2355 3537 2411 omnibus

1951 2437 2160 2490 tradidit
2179 2454 2316 2503 eum,
2340 2439 2588 2507 quomodo
2617 2457 2717 2493 non
2745 2451 2791 2495 et
2816 2459 2931 2495 cum
2954 2442 3043 2496 illo
3068 2446 3239 2498 omnia
3264 2447 3405 2499 nobis
3431 2446 3530 2499 do-

1953 2529 2088 2582 navit
2118 2536 2134 2598 (
2161 2526 2316 2583 Rom.
2349 2544 2463 2594 vut,
2510 2531 2600 2596 3i,
2633 2530 2701 2586 52
2728 2531 2745 2601 )
2781 2532 2971 2587 ?Deus
3008 2550 3137 2603 ergo
3169 2547 3409 2591 naturam
3442 2553 3538 2590 no-

1952 2629 2141 2684 stram,
2168 2620 2217 2677 id
2239 2629 2322 2675 est
2348 2621 2579 2675 animam
2611 2623 2925 2677 rationalem
2950 2639 3275 2696 carnemque
3305 2627 3536 2685 hominis

1954 2708 2148 2765 Christi
2180 2709 2202 2743 ³
2245 2711 2499 2780 suscepit,
2539 2714 2883 2782 susceptione
2925 2714 3265 2783 singulariter
3308 2718 3537 2775 mirabili

1956 2803 2041 2857 vel
2068 2802 2382 2857 mirabiliter
2410 2802 2690 2873 singulari,
2730 2814 2785 2858 ut
2812 2807 2938 2860 nulli
2963 2807 3182 2874 ⁸ῆιιειίιίςυ
3204 2823 3314 2864 sua:
3339 2824 3541 2880 praece-

1956 2892 2204 2948 dentibus
2226 2895 2428 2950 meritis
2456 2894 2623 2950 Filius
2654 2896 2744 2951 Dei
2766 2896 2843 2950 sic.
2864 2908 3011 2953 esset
3038 2900 3106 2952 ab
3124 2900 3271 2953 initio
3294 2917 3401 2970 quo
3420 2917 3545 2957 esse

1957 2982 2119 3038 homo
2145 2984 2416 3054 coepisset,
2446 2994 2502 3040 ut
2523 2986 2634 3055 ipse
2656 2995 2712 3042 et
2736 2987 2963 3044 Verbum
2982 2989 3122 3058 quod
3138 2991 3254 3045 sine
3269 2991 3417 3045 initio
3434 3002 3535 3059 est,

1956 3089 2063 3128 una
2092 3089 2317 3145 persona
2355 3085 2518 3132 esset.
2565 3077 2747 3149 Neque
2793 3081 2937 3134 enim
2966 3084 3246 3152 quisquam
3277 3094 3418 3138 tanta
3460 3086 3541 3141 rei

1959 3164 2118 3234 hujus
2145 3174 2200 3220 et
2227 3164 2351 3220 ﬁdei
2377 3183 2552 3222 czrcus
2578 3179 2662 3224 est
2687 3170 3007 3239 ignorantia,
3039 3184 3096 3226 ut
3123 3174 3315 3230 audeat
3339 3178 3540 3242 dicere,

1959 3256 2203 3326 quamvis
2226 3256 2292 3312 de
2314 3257 2514 3327 Spiritu
2543 3270 2731 3315 saneto
2754 3269 2809 3316 et
2834 3261 3036 3333 virgine
3054 3263 3221 3319 Maria
3253 3265 3417 3321 lilium
3442 3267 3543 3323 ho-

1960 3348 2118 3404 minis
2150 3359 2354 3416 natum,
2391 3364 2492 3421 per
2532 3352 2756 3407 liberum
2788 3363 2962 3408 tamen
2993 3356 3269 3412 arbitrium
3303 3361 3438 3414 bene
3468 3360 3548 3415 vi-

1958 3440 2154 3507 vendo,
2180 3448 2237 3495 et
2272 3441 2390 3496 sine
2420 3454 2637 3511 peccato
2659 3446 2798 3500 bona
2824 3463 2985 3517 opera
3017 3450 3257 3506 faciendo
3284 3455 3546 3509 meruisse

1961 3539 2018 3584 ut
2039 3541 2181 3585 esset
2204 3530 2297 3585 Dei
2326 3531 2513 3601 Filius,
2531 3536 2813 3592 resistente
2833 3538 3120 3609 Evangeiio
3136 3553 3295 3614 atque
3310 3544 3546 3613 dicente,

1960 3620 2188 3676 Verbum
2214 3639 2333 3677 caro
2362 3624 2553 3693 factum
2578 3637 2648 3681 est
2690 3628 2709 3697 (
2737 3628 2893 3683 Joan.
2928 3646 2964 3695 ι,
2999 3633 3066 3687 lt
3093 3634 3131 3700 ).
3164 3634 3295 3689 Nam
3329 3639 3416 3690 ubi
3447 3638 3550 3693 hoc

1961 3714 2157 3770 factum
2188 3726 2289 3780 est,
2322 3717 2423 3771 nisi
2465 3717 2517 3772 in
2547 3728 2698 3775 utero
2724 3721 3007 3791 virginali,
3038 3726 3180 3779 unde
3210 3727 3305 3780 iuit
3338 3729 3544 3783 initium

1962 3804 2196 3860 hominis
2238 3807 2477 3889 Christi?
2507 3806 2745 3882 itemque
2790 3812 3006 3884 \‘irgiue
3045 3817 3383 3886 requirente,
3415 3834 3536 3889 quo-

1962 3897 2124 3953 modo
2149 3899 2304 3954 ﬂeret
2330 3886 2473 3970 quod
2496 3902 2543 3956 ei
2578 3918 2673 3973 per
2698 3906 2944 3976 angelqu
2983 3912 3354 3978 nuntiabatur,
3389 3886 3550 3984 auge-

1962 3986 2049 4042 lus
2075 3990 2385 4058 respondit,
2427 3991 2654 4063 Spiritus
2681 4007 2886 4050 sanctas
2909 4002 3219 4067 superreniet
3260 4002 3312 4054 in
3352 4013 3401 4058 te
3427 4003 3469 4068 ‘,
3503 4016 3550 4059 et

1962 4079 2119 4133 virtus
2137 4079 2385 4136 Altissimi
2405 4084 2715 4140 obumbrabit
2739 4087 2827 4141 tibi
2856 4105 2875 4142 :
2903 4101 3188 4159 propterea,
3221 4096 3358 4164 quod
3377 4113 3552 4153 nasce-

1963 4180 2048 4263 tur
2067 4188 2130 4227 ea:
2152 4182 2200 4225 te
2225 4171 2494 4241 Sanctum,
2522 4179 2778 4232 vocabitur
2808 4179 2976 4235 Filias
3008 4181 3103 4237 Dei
3129 4184 3148 4253 (
3174 4184 3299 4240 Luc.
3328 4203 3364 4252 i,
3405 4189 3475 4245 55
3503 4188 3546 4263 ).

1965 4259 2246 4331 Pr0pterea
2267 4303 2283 4329 ,
2318 4263 2526 4333 inquit:
2561 4283 2666 4322 non
2711 4282 2928 4338 propter
2953 4289 3138 4341 opera,
3171 4291 3290 4344 qua:
3316 4259 3547 4333 noudum

1967 4354 2078 4409 nati
2115 4355 2297 4424 utique
2326 4357 2468 4410 nulla
2509 4368 2663 4424 Sttitt;
2707 4362 2800 4414 sed
2844 4376 3107 4433 propterea
3154 4368 3273 4436 quia
3325 4369 3553 4440 Spiritus

1964 4455 2167 4500 sanctus
2196 4448 2506 4515 superveniet
2533 4448 2586 4502 in
2614 4461 2680 4513 te,
2708 4463 2752 4505 ct
2781 4453 2938 4506 virtus
2963 4456 3205 4511 Altissimi
3238 4461 3552 4517 obnmbrabit

1968 4535 2076 4600 tibi,
2109 4536 2245 4606 quod
2268 4547 2501 4591 nascetur
2520 4555 2583 4592 at:
2606 4550 2654 4593 te
2681 4540 2948 4608 Sanctum,
2964 4548 3219 4602 iocabitur
3243 4549 3408 4605 Filius
3437 4552 3549 4607 Dei.

1968 4624 2071 4683 ista
2107 4628 2357 4683 nativitas
2398 4629 2636 4700 proiecto
2673 4633 2898 4702 gratuita
2928 4637 3205 4707 conjunxit
3231 4642 3282 4695 in
3310 4644 3511 4698 unitate
3533 4646 3554 4677 ⁸

1970 4735 2212 4791 persona:
2243 4721 2512 4778 hominem
2544 4725 2905 4788 Deo,carucm
2938 4730 3128 4787 Verbo.
3167 4735 3323 4790 istam
3358 4739 3516 4793 nativi
3536 4770 3548 4779 -

1973 4819 2134 4867 tatem
2164 4812 2301 4867 bona
2333 4830 2496 4882 opera
2526 4827 2707 4872 secuta
2749 4831 2893 4887 sunt,
2931 4838 3036 4877 non
3080 4824 3215 4880 bona
3242 4842 3404 4896 Opera
3436 4846 3550 4885 me-

1972 4911 2211 4959 ruerunt.
2236 4903 2418 4974 Neque
2434 4906 2577 4960 enim
2600 4912 2943 4966 metuendum
2965 4924 3100 4979 erat,
3132 4932 3200 4971 ne
3227 4918 3329 4974 isto
3368 4920 3552 4977 ineﬂ‘a-

1975 4995 2068 5052 bili
2107 4996 2266 5051 modo
2297 4997 2352 5051 in
2391 5002 2651 5054 unitatem
2681 5017 2923 5071 persona:
2962 5020 2991 5058 a
3021 5005 3195 5061 Verbo
3220 5009 3338 5065 Deo
3364 5023 3549 5067 natura

1975 5085 2204 5142 humana
2246 5098 2516 5173 suscepta,
2563 5106 2661 5160 per
2702 5094 2927 5148 liberum
2975 5097 3261 5155 voluntatis
3307 5116 3556 5173 peccaret

1975 5176 2276 5246 arbitrium,
2305 5194 2430 5233 cum
2474 5179 2587 5249 ipsa
2613 5183 2880 5261 susceptio
2906 5184 3029 5239 talis
3065 5197 3229 5255 esset,
3265 5200 3322 5246 ut
3366 5204 3556 5249 natura

1976 5268 2212 5325 hominis
2258 5285 2287 5322 a
2341 5270 2454 5327 Deo
2483 5272 2551 5327 ita
2590 5281 2836 5343 suscepta
2861 5313 2878 5343 ,
2911 5276 3114 5333 milium
3151 5280 3203 5335 in
3250 5298 3309 5338 se
3354 5295 3555 5341 motmn

2040 5384 2060 5452 ξ
2091 5383 2164 5452 sic
2187 5389 2328 5432 vetus
2341 5382 2496 5434 codex
2520 5384 2842 5452 Corheiensis.
2868 5392 2926 5439 Αι
2948 5388 3095 5451 editi,
3115 5394 3150 5433 a
3178 5396 3231 5435 se
3252 5387 3372 5452 ipso.

2039 5445 2062 5478 ⁸
2092 5446 2193 5503 ttie,
2216 5456 2320 5503 suo,
2345 5457 2406 5495 ex
2435 5452 2538 5494 Mss.
2563 5446 2885 5497 restituimus.
3080 5445 3092 5451 ’
3134 5453 3219 5460 ’“”’

2042 5505 2064 5538 ³
2097 5511 2196 5555 Am.
2232 5511 2305 5554 Fr.
2334 5513 2385 5556 et
2405 5512 2537 5565 i.ov.,
2562 5504 2795 5556 rltristus.
2830 5509 2999 5561 Melius

1977 5565 2191 5641 opusculi
2225 5566 2370 5641 hujus
2400 5566 2659 5641 editipnes,
2695 5567 2907 5641 finisti;
2941 5586 3005 5636 qu

1978 5629 2237 5692 quissimus
2258 5628 2410 5676 codex
2434 5629 2757 5679 Corheieusis.

2045 5694 2065 5758 ὲ
2099 5694 2322 5758 Plerique
2342 5703 2470 5755 Mss,
2493 5696 2643 5748 veniet
2655 5704 2801 5755 super
2818 5700 2880 5745 te.

2050 5756 2070 5788 ⁸
2101 5756 2305 5811 Quatuor
2331 5767 2452 5819 Mss,
2476 5758 2525 5809 in
2549 5758 2787 5810 unitatem.

3111 5515 3321 5590 tet-iores
3338 5519 3559 5590 qua-data

3093 5589 3120 5625 s
3151 5584 3391 5630 consentit
3435 5584 3560 5632 antl-
