4014 6186
478 271 584 326 955

477 381 637 436 make
679 375 971 437 voluntatis
1013 373 1340 434 admitteret.
1383 375 1487 431 Per
1521 373 1665 430 hunc
1717 372 2062 428 Mcdiatorem

479 473 625 530 Deus
649 471 883 528 ostendit
909 484 1025 536 eos,
1055 484 1192 542 quos
1207 467 1328 539 eius
1347 469 1607 538 sanguine
1621 466 1870 530 redemit,
1887 465 2066 522 facere

481 577 544 617 se
568 577 632 616 ex
663 561 818 615 malis
843 559 1098 629 deinceps
1140 557 1192 613 in
1231 568 1492 612 aeternum
1534 557 1726 634 bonos,
1773 571 1933 627 quem
1987 555 2067 610 sic

476 651 734 722 suscepit,
767 659 826 704 ut
856 664 1126 719 nunquam
1156 657 1302 704 esset
1328 648 1523 714 malus,
1569 663 1668 703 nec
1709 662 1776 703 ex
1805 645 1950 702 malo
1989 643 2068 701 fa-

480 751 601 796 ctus
625 755 840 812 semper
867 751 1011 796 esset
1034 741 1208 796 bonus
1233 741 1275 796 ⁸.

552 833 641 887 51.
681 829 838 887 istam
869 831 1092 902 gratiam
1123 845 1226 885 non
1269 830 1457 886 habuit
1484 830 1646 885 bomo
1691 829 1919 900 primus,
1965 845 2068 900 qua

477 937 748 992 nunquam
797 921 958 976 vellet
1001 937 1121 978 esse
1161 921 1332 976 malus
1361 923 1383 954 ’
1417 939 1431 976 :
1464 921 1559 977 sed
1604 938 1734 978 sane
1776 921 1982 986 habuit,
2014 922 2068 976 in

477 1030 580 1085 qna
609 1015 654 1068 si
698 1027 1015 1084 permanere
1059 1013 1244 1080 vellet,
1290 1028 1559 1083 nunquam
1611 1012 1782 1068 malus
1810 1023 1972 1074 esset.
2014 1022 2072 1069 et

475 1105 594 1161 sine
636 1118 740 1175 qua
779 1107 940 1160 etiam
970 1118 1093 1158 cum
1138 1105 1307 1158 libero
1350 1103 1572 1158 arbitrio
1615 1103 1786 1157 bonus
1815 1119 1935 1158 esse
1965 1117 2071 1158 non

477 1203 683 1265 posset,
723 1193 820 1248 sed
859 1209 976 1249 eam
1007 1203 1182 1249 tamen
1215 1208 1309 1262 per
1335 1193 1562 1249 liberum
1590 1193 1868 1247 arbitrium
1911 1192 2069 1248 dese-

478 1301 600 1342 rere
631 1293 827 1354 posset.
867 1283 978 1340 Nec
1029 1285 1200 1354 ipsum
1242 1298 1369 1353 ergo
1408 1285 1548 1341 Deus
1594 1297 1713 1337 esse
1743 1283 1913 1338 Voluit
1955 1283 2072 1338 sine

480 1391 574 1431 sua
598 1375 786 1446 gratia.
819 1389 978 1446 quam
1006 1373 1225 1444 reliquit
1255 1374 1306 1427 in
1333 1373 1451 1442 ejus
1473 1373 1644 1427 libero
1665 1371 1903 1426 arbitrio.
1931 1372 2074 1440 Quo-

481 1469 624 1520 niam
659 1465 880 1520 liberum
911 1465 1188 1519 arbitrium
1219 1463 1284 1518 ad
1309 1463 1507 1517 tnaltuu
1534 1461 1754 1528 suflicit,
1781 1451 1855 1518 ad
1873 1463 2070 1518 bonum

482 1569 662 1612 autem
705 1573 890 1626 parutn
931 1566 1012 1610 est
1043 1555 1086 1621 ³,
1133 1555 1235 1610 nisi
1277 1555 1559 1622 adjuvetur
1605 1555 1673 1608 ah
1721 1555 2071 1625 omnipotenti

485 1649 648 1702 bono.
680 1647 834 1717 Quod
865 1647 1186 1715 adiutorium
1213 1647 1260 1702 si
1288 1647 1450 1702 homo
1481 1647 1568 1702 ille
1597 1662 1693 1716 per
1713 1645 1939 1702 liberum
1967 1663 2073 1701 non

483 1740 1152 1804 deseruisset-arhitrium,
1195 1755 1408 1808 semper
1435 1748 1577 1794 esset
1607 1739 1780 1793 bonus
1807 1755 1822 1793 :
1854 1738 1947 1792 sed
1977 1737 2074 1794 dc-

485 1833 674 1898 seruit,
721 1841 774 1888 et
801 1833 1045 1888 desertus
1071 1841 1172 1885 est.
1213 1829 1344 1885 Tale
1367 1831 1563 1898 quippe
1587 1841 1703 1884 erat
1728 1829 2072 1898 adiutorium,

487 1927 628 1995 quod
670 1925 946 1980 desereret
973 1939 1094 1978 cum
1134 1923 1316 1985 vellet,
1355 1931 1412 1978 et
1439 1925 1490 1976 in
1530 1938 1638 1992 quo
1667 1930 2006 1992 permaneret
2031 1923 2076 1976 si

487 2017 680 2071 vellet:
715 2031 820 2069 non
848 2031 954 2085 quo
981 2014 1136 2070 ﬁeret
1162 2023 1222 2068 ut
1245 2013 1423 2068 vellet.
1467 2013 1590 2066 Ha-c
1615 2014 1783 2084 prima
1808 2027 1882 2068 eet
1907 2014 2076 2084 gratia

491 2122 612 2176 quae
639 2109 759 2162 data
779 2115 862 2160 est
891 2107 1060 2176 primo
1091 2105 1258 2160 Adam
1292 2122 1306 2159 :
1335 2103 1426 2159 sed
1452 2103 1550 2158 hac
1577 2103 1600 2135 ⁸
1629 2106 1896 2174 potentior
1923 2106 2076 2160 estin

491 2198 727 2252 secundo
747 2197 934 2252 Adam.
967 2197 1136 2250 Prima
1162 2205 1246 2250 est
1264 2195 1404 2250 enim
1423 2209 1526 2264 qua
1546 2193 1602 2248 lit
1629 2204 1683 2248 ut
1712 2195 1896 2250 habeat
1919 2194 2078 2248 homo

491 2290 750 2360 justitiam
766 2289 811 2344 si
833 2289 986 2344 velit:
1003 2287 1236 2343 secunda
1261 2303 1389 2358 ergo
1404 2288 1520 2354 plus
1543 2295 1717 2357 potest
1731 2288 1773 2354 ⁵,
1791 2303 1891 2357 qua
1917 2289 2074 2342 etiam

499 2385 560 2436 lit
578 2395 628 2436 ut
659 2383 803 2440 velit.
833 2389 888 2435 et
913 2391 1114 2434 tantum
1146 2379 1295 2442 velit,
1313 2389 1565 2448 tantoque
1580 2378 1770 2434 ardore
1797 2379 2002 2448 diligat,
2024 2389 2080 2434 ut

496 2476 676 2532 carnis
705 2473 1028 2526 voluntatem
1049 2471 1313 2525 contraria
1329 2471 1792 2539 concupiscentem
1811 2471 2082 2525 voluntate

491 2566 710 2636 Spiritus
739 2562 762 2594 ⁸
785 2563 983 2616 vincat.
1023 2561 1129 2615 Nec
1154 2561 1239 2614 illa
1265 2559 1480 2628 quidem
1510 2575 1669 2630 parva
1693 2568 1830 2622 erat,
1857 2575 1959 2629 qua
1986 2559 2082 2616 de-

494 2664 788 2710 monstrata
817 2663 904 2707 est
929 2654 1088 2707 etiam
1117 2653 1350 2720 potentia
1391 2649 1542 2705 liberi
1571 2651 1796 2714 arbitrii,
1825 2652 2081 2723 quoniam

495 2749 576 2803 sic
603 2745 975 2814 adiuvabatur,
1021 2752 1078 2796 ιιι
1121 2742 1240 2796 sine
1284 2741 1386 2797 hoc
1413 2741 1678 2810 adiutorio
1708 2743 1760 2798 in
1805 2743 1947 2800 bono
1975 2759 2082 2801 non

496 2847 759 2902 maneret,
787 2837 881 2892 sed
903 2836 1006 2891 hoc
1029 2834 1352 2904 adiutorium
1375 2833 1419 2888 si
1448 2833 1606 2888 vellet
1631 2833 1926 2890 desereret.
1957 2836 2084 2892 ﬂare

494 2937 672 2983 autem
697 2936 842 2982 tanto
867 2925 1040 3000 maior
1061 2933 1165 2990 est,
1201 2931 1258 2980 ut
1284 2940 1468 2994 parum
1491 2925 1561 2978 sit
1587 2927 1786 2980 homini
1818 2941 1910 2996 per
1935 2927 2080 2982 illam

496 3017 1032 3090 repararrperditatn
1060 3017 1382 3082 libertatem,
1411 3030 1599 3087 parum
1625 3017 1695 3072 sit
1715 3017 1945 3088 denique
1971 3034 2078 3074 non

500 3125 658 3180 posse
699 3110 816 3165 sine
862 3109 950 3163 illa
993 3108 1081 3164 vel
1122 3109 1524 3178 apprehendere
1566 3108 1786 3172 bonum,
1829 3109 1912 3166 vel
1962 3126 2084 3180 per-
2121 3099 2124 3102 ’

498 3215 718 3256 manere
768 3200 821 3254 in
872 3199 1012 3254 bono
1063 3199 1108 3254 si
1159 3200 1306 3266 velit,
1361 3200 1464 3254 nisi
1516 3200 1678 3256 etiam
1725 3199 1986 3257 efﬁciatur
2029 3213 2086 3258 ut

500 3291 646 3346 velit.

575 3383 664 3438 32.
706 3381 858 3437 Tune
897 3393 1026 3450 ergo
1053 3379 1272 3434 dederat
1300 3378 1503 3434 homini
1534 3379 1674 3436 Deus
1716 3379 1909 3436 bonam
1937 3383 1960 3415 "
1989 3397 2086 3437 vo-

501 3477 795 3538 luntatcm;
828 3474 880 3527 in
911 3471 1000 3527 illa
1044 3473 1242 3542 quippe
1269 3487 1392 3526 eum
1424 3469 1624 3528 fecerat
1651 3473 1741 3542 qui
1773 3474 1971 3528 fecerat
1999 3490 2087 3530 re-

503 3577 648 3620 ctum
683 3563 948 3620 :dcderat
992 3561 1312 3633 adiutorium
1359 3563 1418 3629 ⁸,
1466 3563 1582 3618 sine
1619 3579 1726 3634 quo
1769 3565 1823 3619 itt
1873 3581 1935 3620 ea
1981 3582 2086 3622 non

505 3664 682 3726 posset
711 3667 1026 3724 permanere
1067 3652 1112 3707 si
1142 3653 1337 3717 vellet;
1389 3661 1445 3708 ut
1471 3663 1648 3709 autem
1681 3656 1858 3721 vellet,
1893 3657 1946 3711 in
1971 3657 2089 3728 eius

441 3752 454 3763 '
503 3747 674 3800 libero
723 3744 927 3812 reliquit
984 3743 1226 3798 arbitrio.
1268 3743 1455 3799 Posset
1505 3759 1634 3816 ergo
1677 3761 1994 3815 permanere
2042 3750 2090 3805 si

503 3837 661 3892 vellet
695 3852 709 3889 :
742 3837 864 3903 quia
905 3850 1009 3888 non
1035 3833 1217 3888 deerat
1246 3835 1564 3904 adiutorium
1597 3852 1691 3905 per
1713 3839 1852 3906 quod
1883 3850 2086 3909 posset,

501 3936 554 3981 ct
583 3925 700 3982 sine
735 3939 842 3993 quo
872 3939 976 3978 non
1023 3931 1203 3992 posset
1245 3935 1650 3992 perseveranter
1678 3925 1876 3980 bonum
1906 3938 2090 3984 tenere

503 4016 644 4087 quod
675 4015 849 4068 vellet.
880 4011 986 4068 Sed
1007 4013 1128 4081 quia
1157 4013 1326 4066 noluit
1355 4027 1684 4082 permanere.
1717 4018 1952 4084 profecto
1973 4018 2088 4086 eius

503 4109 656 4178 culpa
677 4118 780 4172 est,
801 4105 956 4175 cuius
976 4105 1223 4158 merittnn
1252 4103 1455 4164 fuisset.
1479 4105 1524 4160 si
1553 4120 1864 4174 permanere
1885 4110 2088 4164 voluis-

505 4209 589 4254 set
620 4217 634 4252 :
663 4200 803 4254 sicut
831 4199 1070 4252 iecerunt
1097 4196 1280 4268 Angeli
1307 4199 1500 4263 sancti,
1517 4199 1608 4270 qui
1635 4199 1948 4256 cadentibus
1973 4203 2091 4258 aliis

507 4307 605 4362 per
635 4290 859 4345 liberum
888 4287 1186 4352 arbitrium,
1220 4301 1316 4358 per
1357 4289 1496 4343 idem
1547 4291 1768 4344 liberum
1813 4294 2090 4350 arbitrium

505 4389 765 4435 steterunt
789 4379 910 4449 ipsi.
941 4385 998 4432 et
1023 4379 1177 4448 huius
1203 4379 1591 4448 permansi-tnis
1619 4381 1850 4436 debitam
1878 4399 2088 4440 merce-

506 4471 627 4526 dem
654 4469 892 4537 recipere
917 4478 1248 4534 tneruerunt,
1289 4479 1486 4524 tantam
1517 4469 1722 4526 scilicet
1752 4473 2093 4530 beatitudinis

510 4551 914 4624 plenitudinem,
965 4567 1067 4620 qua
1113 4553 1192 4606 eis
1229 4554 1585 4607 certissimum
1627 4555 1741 4609 sit'
1779 4572 1992 4628 semper
2033 4575 2094 4616 se

514 4645 567 4698 in
599 4643 686 4697 illa
730 4657 852 4704 eese
879 4655 1178 4695 mansoros.
1215 4641 1270 4698 Si
1299 4653 1475 4697 autem
1519 4645 1620 4700 hoc
1654 4645 2092 4714 adiutorium-vel

510 4735 700 4805 angelo
722 4733 805 4788 vel
833 4731 1055 4798 homini,
1081 4747 1203 4788 cum
1247 4733 1472 4802 primum
1492 4733 1614 4790 facti
1635 4746 1778 4800 sunt,
1805 4738 2090 4808 defuisset;

572 4849 590 4881 ί
625 4852 692 4897 tta
719 4845 924 4896 vaticani
947 4853 1155 4911 quatuor
1163 4852 1280 4911 Mss.
1318 4845 1401 4896 Alii
1426 4845 1534 4911 libri
1555 4849 1755 4911 habent,
1790 4866 1852 4904 ne
1875 4868 1940 4906 ea:
1969 4858 2098 4911 male

507 4910 684 4982 factus,
699 4917 804 4982 .etc.
833 4913 895 4982 In,
907 4907 1254 4982 ιιςιὲιιςιέῆυίίιιιιδ
1268 4907 1534 4982 "nonnullis
1547 4968 1558 4982 ι
1575 4907 1867 4982 editlouihus
1908 4919 1982 4982 adi
1989 4907 2098 4972 ecta

511 4968 744 5086 ianiclt’tla
779 4968 996 5032 negante
1027 4968 1229 5032 legitur,
1262 4981 1323 5020 ne
1359 4980 1426 5020 ea:
1459 4968 1588 5022 malo
1616 4973 1772 5038 [actus
1791 4987 1888 5027 non

511 5052 618 5090 esse
687 5049 826 5088 aruis.

576 5104 596 5131 ί
621 5102 710 5131 Ιὶιιί

576 5104 596 5131 ²
621 5102 848 5165 Quinque
875 5097 1007 5167 Mss,
1029 5111 1124 5209 (Eni
1140 5110 1383 5170 nunquam
1404 5103 1525 5149 esset
1546 5095 1723 5146 malus.

575 5163 597 5196 ³
625 5163 636 5208 ε
661 5173 760 5220 ον.,
783 5162 902 5208 nihil
926 5167 1008 5209 est.
1073 5161 1162 5209 dttt
1189 5162 1273 5208 alii
1298 5169 1350 5209 et
1373 5159 1468 5208 Mss
1493 5195 1507 5215 ,
1534 5162 1814 5220 parumest.

573 5225 597 5257 δ
617 5224 729 5272 Am.
755 5222 838 5270 Er.
865 5230 921 5270 et
945 5223 1084 5282 Lov.,
1108 5221 1193 5272 sed
1230 5220 1352 5272 lucc.
1395 5219 1692 5273 Cunciuuius
1713 5223 1902 5282 aliquot
1946 5219 2084 5279 Mss,

509 5285 594 5412 se:
613 5284 1088 5412 {Eilsﬁerciensisbisq
1111 5342 1322 5412 secundo
1344 5341 1452 5406 pius
1473 5349 1669 5406 potens;
1699 5343 2058 5412 οτιιίςεοκενθο.

573 5407 891 5474 ξῼεεωιςηςιε
912 5407 1054 5474 μεν
1073 5404 1389 5474 contrariam
1435 5404 1796 5474 cuticuptscente
1835 5404 2084 5474 υιιιιυὶᾳιιρ

509 5466 709 5537 spiritus
752 5467 862 5516 Duo
879 5467 1122 5527 aiii-Mss.,
1144 5467 1390 5518 contraria
1415 5466 1825 5530 concupiscentem
1848 5466 2078 5516 voluntati

510 5537 728 5593 spiritus.
1869 5557 1892 5569 -

574 5593 592 5621 τ
618 5588 844 5650 Quinque
867 5589 1001 5648 Mss,
1023 5588 1241 5640 liberam.
1290 5648 1319 5650 γλ
1441 5647 1449 5650 Α

569 5651 594 5684 ⁸
617 5647 922 5714 Ᾱριιίιίιρν.ν
947 5647 1150 5714 «(ederat
1171 5658 1216 5702 et
1233 5647 1546 5714 agijtttort'um.

571 5716 592 5746 ⁸
617 5713 654 5762 ἰ’
661 5710 741 5760 res
764 5723 792 5760 e
817 5710 1062 5762 Vaticanis
1083 5711 1219 5772 Mss,
1244 5710 1314 5776 ﬁt.

1329 262 1420 320 DE
1455 259 1936 320 CORREI’TIONE
1975 258 2064 314 ET
2099 256 2382 326 GRATIA,
2423 258 2484 317 S.
2525 259 2896 319 AUGUSTINI

2172 371 2423 442 quoniam
2435 387 2541 428 non
2560 373 2682 429 talis
2705 384 2894 430 natura
2918 373 3053 429 facta
3067 379 3203 440 erat,
3219 379 3278 429 ut
3290 370 3406 430 sine
3425 371 3610 429 divino
3627 374 3748 445 adju

2170 461 2310 518 torio
2331 473 2510 535 posset
2525 480 2741 520 manere
2767 466 2812 522 si
2835 465 3012 533 vellet,
3025 480 3130 520 non
3148 465 3331 536 utique
3347 479 3443 521 sua
3457 466 3614 536 culpa
3633 468 3767 523 ceci-

2172 552 2377 608 dissent
2394 571 2409 609 :
2427 553 2747 625 adiutorium
2765 556 2962 626 quippe
2981 553 3259 620 defuisset,
3279 556 3397 611 sine
3416 571 3525 626 quo
3551 571 3772 614 manere

2171 658 2282 700 non
2303 655 2538 710 possent.
2561 645 2714 702 Nunc
2729 657 2907 704 autem
2921 647 3112 718 quibus
3125 649 3282 704 deest
3297 649 3400 704 tale
3419 648 3771 718 adiutorium,

2167 731 2279 804 jam
2297 748 2452 802 pteua
2479 737 2682 805 peccati
2707 745 2826 792 est:
2849 737 3042 808 quibus
3060 746 3238 793 autern
3263 736 3443 802 datur,
3471 739 3770 795 secundum

2174 827 2396 896 gratiam
2413 826 2592 894 datur,
2606 843 2715 882 tton
2728 827 3018 883 secundum
3036 828 3295 893 debitum;
3314 839 3370 882 et
3380 837 3528 882 tanto
3542 831 3776 900 amplius

2174 915 2331 971 datur
2355 933 2450 988 per
2474 916 2656 972 Jesum
2677 918 2949 972 Christum
2980 919 3261 974 Dominum
3285 927 3552 980 nostrum,
3576 921 3773 990 quibus

2175 1005 2228 1060 id
2255 1007 2382 1062 dare
2405 1009 2512 1062 Deo
2537 1009 2752 1077 placuit,
2783 1017 2840 1064 ttt
2865 1024 2970 1064 non
2999 1010 3172 1064 solum
3201 1010 3340 1064 adsit
3369 1011 3488 1066 sine
3515 1025 3623 1081 quo
3656 1028 3777 1080 per-

2175 1113 2396 1156 manere
2419 1115 2522 1154 non
2546 1116 2850 1170 possumus,
2881 1103 3040 1156 etiam
3063 1103 3108 1156 si
3131 1102 3374 1165 velimus,
3401 1119 3589 1158 verum
3611 1108 3774 1158 etiam

2176 1197 2381 1244 tantum
2411 1205 2474 1245 ac
2509 1190 2612 1245 tale
2643 1192 2729 1256 sit,
2765 1203 2821 1247 ut
2847 1193 3091 1247 velimus.
3139 1191 3222 1247 Fit
3251 1194 3266 1225 ¹
3299 1195 3495 1262 quippe
3533 1195 3584 1248 in
3617 1195 3776 1250 nobis

2177 1293 2275 1348 per
2315 1279 2454 1336 hanc
2495 1281 2584 1335 Dei
2621 1284 2848 1351 gratiam
2878 1282 2930 1336 in
2971 1283 3110 1336 bono
3139 1275 3449 1352 recipiendo
3493 1293 3548 1339 et
3578 1301 3770 1354 perseo

2176 1381 2429 1426 veranler
2474 1371 2724 1436 tenendo,
2767 1388 2870 1426 non
2913 1374 3083 1428 solum
3119 1389 3280 1444 posse
3318 1377 3460 1446 quod
3503 1377 3772 1442 volumus,

2179 1476 2361 1515 verum
2389 1462 2550 1518 etiam
2589 1463 2728 1516 velle
2755 1463 2896 1534 quod
2925 1479 3224 1532 pos-sumus.
3265 1466 3417 1532 Quod
3459 1483 3565 1520 non
3592 1465 3695 1522 fuit
3723 1470 3774 1523 in

2177 1549 2395 1606 homine
2413 1553 2582 1621 primo
2612 1571 2628 1608 :
2657 1569 2818 1608 unum
2843 1556 2984 1609 enim
3009 1555 3197 1610 horum
3221 1557 3272 1611 in
3293 1552 3385 1612 illo
3405 1557 3518 1618 fuit.
3543 1561 3774 1615 alterum

2179 1657 2284 1696 non
2331 1641 2448 1697 fuit.
2491 1643 2730 1714 Namque
2775 1655 2833 1700 ut
2871 1647 3134 1716 reciperet
3179 1649 3400 1712 bonum,
3443 1651 3616 1720 gratia
3669 1669 3776 1707 non

2178 1733 2401 1802 egebat,
2446 1735 2567 1805 quia
2615 1735 2848 1790 nondum
2896 1737 3246 1806 perdiderat:
3278 1748 3335 1794 ut
3381 1755 3560 1796 autem
3610 1743 3664 1796 itt
3710 1759 3779 1798 co

2181 1837 2549 1896 permaneret,
2599 1829 2790 1896 egebat
2831 1829 3098 1897 adiutorio
3136 1833 3354 1900 gratim,
3402 1833 3519 1886 sine
3563 1850 3673 1906 quo
3721 1833 3777 1889 id

2179 1919 2396 1994 omnino
2421 1934 2526 1974 non
2556 1927 2737 1990 posset
2768 1941 2780 1974 :
2811 1929 2866 1976 et
2893 1931 3172 1992 acceperat
3217 1939 3374 1994 posse
3399 1926 3441 1978 si
3470 1927 3648 1992 vellet,
3679 1927 3777 1981 sed

2180 1987 2287 2062 tuin
2317 2008 2498 2064 habuit
2527 2011 2662 2064 velle
2687 2011 2828 2080 quod
2856 2020 3075 2081 posset;
3107 2031 3227 2068 nam
3255 2015 3298 2069 si
3330 2015 3619 2076 habuisset.
3651 2033 3778 2085 per-

2183 2109 2508 2156 severasset.
2551 2100 2737 2156 Posset
2755 2101 2897 2157 enim
2927 2093 3272 2172 perseverare
3297 2109 3340 2160 si
3365 2106 3526 2161 vellet
3545 2109 3567 2139 '
3598 2109 3779 2178 :quod

2184 2202 2240 2246 ut
2269 2193 2453 2259 nollet,
2481 2195 2546 2248 de
2577 2196 2744 2250 libero
2781 2195 3058 2250 descendit
3081 2199 3344 2264 arbitrio;
3374 2199 3515 2269 quod
3559 2209 3686 2258 tunc
3708 2205 3778 2257 ita

2183 2281 2408 2337 liberum
2440 2293 2574 2346 erat,
2601 2294 2658 2339 ut
2676 2296 2729 2339 et
2748 2286 2882 2342 bene
2895 2287 3032 2342 velle
3053 2299 3228 2357 pesset
3249 2301 3304 2344 et
3332 2291 3490 2344 male.
3509 2291 3644 2361 Quid
3669 2293 3780 2348 erit

2183 2383 2360 2428 autem
2411 2374 2626 2430 liberius
2673 2377 2839 2432 libero
2879 2381 3122 2437 arbitrio.
3168 2381 3380 2450 quando
3430 2399 3537 2438 non
3587 2386 3782 2454 poterit

2183 2467 2388 2520 servire
2431 2476 2668 2535 peccato,
2713 2483 2833 2538 quae
2881 2467 3051 2524 futura
3094 2481 3208 2525 erat
3252 2471 3274 2504 ³
3299 2482 3351 2527 et
3383 2473 3608 2534 homini,
3640 2477 3782 2531 sicut

2184 2551 2322 2610 facta
2347 2565 2430 2610 est
2454 2557 2671 2626 Angelis
2695 2559 2914 2624 sam-tis,
2944 2575 3148 2614 merces
3174 2561 3384 2615 meriti?
3412 2560 3563 2616 Nunc
3587 2575 3773 2618 autem

2185 2663 2282 2719 per
2305 2659 2580 2718 peccatum
2610 2651 2818 2720 perdito
2847 2651 2986 2707 bono
3009 2654 3212 2717 merito,
3240 2653 3294 2707 in
3316 2653 3398 2706 his
3424 2655 3511 2724 qui
3538 2653 3783 2710 liberan-

2187 2749 2274 2796 tttr
2304 2743 2496 2796 tactum
2527 2751 2610 2798 est
2634 2743 2832 2798 denunt
2871 2748 3075 2816 gratiae,
3103 2759 3223 2816 qua:
3254 2757 3458 2800 merces
3483 2747 3664 2802 meriti
3695 2746 3782 2803 fu-

2187 2843 2303 2890 tura
2335 2845 2470 2890 erat.

2259 2924 2485 2983 CAPUT
2529 2925 2644 2982 XII.
2689 2957 2761 2968 —
2804 2928 2892 2987 55.
2933 2926 3290 2999 Quapropter,
3337 2927 3461 2985 bina
3509 2929 3611 2984 ista
3652 2929 3780 3000 quid

2188 3017 2326 3072 inter
2362 3032 2422 3072 se
2449 3017 2716 3084 differant,
2748 3019 3032 3090 diligenter
3061 3031 3115 3076 et
3145 3022 3424 3094 vigilanter
3465 3023 3781 3080 intuendum

2188 3121 2288 3172 est;
2333 3125 2487 3179 pOSse
2515 3125 2626 3190 non.
2647 3127 2888 3184 peccare,
2933 3121 2988 3168 et
3017 3129 3122 3168 non
3155 3129 3312 3183 posse
3343 3130 3583 3185 peccare,
3619 3131 3786 3186 posse

2190 3217 2296 3255 non
2339 3203 2495 3267 mori,
2515 3211 2590 3257 -et
2614 3218 2717 3257 nou
2750 3217 2908 3272 posse
2935 3204 3091 3270 mori,
3121 3204 3320 3260 bonum
3363 3220 3518 3275 pOSse
3547 3222 3651 3260 tton
3679 3205 3786 3261 de—

2190 3306 2390 3358 serere,
2433 3301 2486 3348 et
2525 3293 2720 3347 bonum
2750 3309 2855 3348 non
2901 3309 3062 3364 posse
3103 3294 3378 3353 deserere.
3417 3295 3596 3350 Potuit
3634 3296 3788 3352 enim

2191 3397 2298 3438 non
2331 3399 2553 3452 peceare
2596 3385 2796 3454 primtts
2825 3384 3007 3450 homo,
3053 3386 3225 3454 potuit
3265 3402 3368 3440 non
3405 3386 3560 3446 mori.
3607 3389 3791 3458 potuit

2191 3471 2388 3529 bonum
2435 3488 2540 3530 non
2569 3476 2840 3531 deserere.
2881 3463 3145 3548 Numquid
3193 3478 3382 3533 dicturi
3413 3493 3618 3543 sumus,
3664 3479 3790 3536 Non

2191 3565 2364 3635 potuit
2391 3579 2632 3633 pecuare,
2671 3567 2758 3636 qui
2801 3567 2906 3622 tale
2936 3566 3165 3622 habebat
3210 3569 3434 3624 liberum
3460 3567 3741 3622 arbitrium
3763 3569 3791 3622 ἲ

2191 3667 2317 3723 aut,
2351 3659 2462 3713 Non
2494 3661 2661 3728 potuit
2702 3661 2858 3724 mori,
2889 3659 2974 3716 cui
3004 3660 3203 3716 dictum
3232 3670 3334 3720 est.
3366 3659 3423 3717 Si
3458 3661 3788 3730 peccaveris,

2193 3761 2364 3807 morte
2393 3750 2636 3805 morieris
2658 3749 2807 3819 (Gen.
2840 3767 2901 3818 tt,
2945 3751 3074 3822 l7)?
3100 3763 3211 3817 aut,
3241 3751 3356 3806 Non
3386 3754 3557 3821 potuit
3583 3753 3790 3809 bonum

2193 3844 2460 3907 deserere,
2489 3858 2610 3898 cum
2640 3843 2738 3898 hoc
2767 3844 3034 3913 peccando
3063 3843 3382 3909 deseruerit,
3411 3856 3464 3898 et
3492 3844 3612 3898 ideo
3637 3859 3791 3898 moro

2195 3945 2316 3990 ttnts
2359 3937 2465 3992 sit?
2495 3937 2670 3990 Prima
2697 3952 2825 4006 ergo
2868 3938 3084 3992 libertas
3129 3937 3415 3993 voluntatis
3459 3948 3595 3998 erat,
3627 3953 3792 4008 posse

2195 4041 2302 4082 non
2333 4042 2589 4096 peccare;
2620 4027 2904 4080 novissima
2931 4028 3028 4080 erit
3061 4027 3230 4082 tunlto
3262 4026 3452 4096 major.
3487 4043 3591 4080 non
3625 4042 3792 4096 posse

2195 4133 2418 4189 peccare
2448 4137 2463 4174 :
2494 4119 2659 4188 prima
2689 4119 3062 4174 immortalitas
3097 4129 3232 4183 crat,
3279 4133 3434 4190 posse
3461 4133 3568 4173 non
3601 4121 3742 4173 mori
3768 4135 3786 4186 ;

2195 4209 2482 4263 novissima
2520 4209 2620 4264 erit
2649 4209 2817 4264 inuito
2859 4209 3048 4282 major,
3076 4225 3181 4265 non
3213 4225 3370 4278 posse
3397 4209 3534 4263 mori
3565 4227 3578 4263 τ
3611 4225 3789 4278 prsma

2195 4309 2310 4354 erat
2342 4301 2748 4368 perseverantiae
2779 4310 3012 4370 potestas
3032 4342 3048 4366 ,
3079 4301 3276 4355 bonum
3309 4316 3465 4372 posse
3493 4315 3598 4356 non
3627 4301 3792 4356 dese-

2196 4405 2354 4456 rere;
2389 4389 2673 4444 novissima
2703 4391 2806 4444 erit
2851 4391 3080 4446 felicitas
3125 4393 3558 4460 perseverantiaz,
3589 4391 3793 4448 bonum

2197 4497 2303 4536 non
2337 4497 2493 4552 posse
2520 4481 2792 4537 deserere.
2833 4481 3120 4551 Numquid,
3170 4487 3290 4551 quia
3329 4492 3486 4538 erunt
3517 4484 3653 4537 bona
3695 4500 3794 4536 no.

2198 4572 2411 4626 vissima
2433 4573 2636 4641 potiora
2665 4581 2824 4642 atque
2851 4573 3089 4640 meliora,
3113 4572 3234 4628 ideo
3257 4570 3474 4628 fuerunt
3502 4571 3591 4626 illa
3620 4573 3793 4643 prima

2197 4663 2280 4718 vel
2323 4663 2463 4716 nulla
2489 4663 2572 4718 vel
2599 4663 2802 4732 parva?

2271 4754 2362 4810 54.
2401 4753 2640 4824 Itemque
2658 4759 2765 4824 ipsa
2788 4753 3046 4824 adiutoria
3065 4753 3436 4824 distinguenda
3455 4764 3601 4810 sunt.
3637 4758 3794 4814 Aliud

2199 4851 2283 4899 est
2325 4843 2645 4914 adjutorittm
2675 4845 2792 4898 siue
2829 4861 2934 4910 quo
2962 4844 3159 4912 aliquid
3194 4861 3296 4899 non
3339 4849 3416 4910 ιιι,
3462 4857 3515 4900 et
3542 4847 3685 4901 aliud
3711 4858 3796 4904 est

2199 4925 2525 5006 adiutorium
2555 4949 2662 5004 quo
2698 4935 2898 5006 aliquid
2943 4934 3021 4992 ﬁt.
3059 4936 3193 4992 Nam
3232 4937 3350 4992 sine
3387 4937 3660 4994 alimentis
3687 4955 3795 4995 non

2258 5037 2274 5067 ¹
2299 5035 2382 5084 Sic
2405 5049 2576 5084 omnes
2601 5036 2714 5084 Mss.
2741 5043 2801 5084 At
2825 5036 2965 5092 editi,
2987 5040 3072 5086 est.

2253 5099 2276 5129 ³
2302 5095 2452 5156 Editi,
2470 5095 2614 5146 etiam
2632 5095 2676 5147 si
2700 5097 2852 5148 vellet.
2880 5096 3118 5158 Plerique
3146 5099 3480 5160 imauuscrlpti
3508 5097 3769 5160 omittunt,

2189 5157 2365 5218 etiam;
2385 5171 2524 5212 cuius
2543 5161 2794 5220 particulae
2817 5163 2923 5208 loco
2947 5157 3074 5206 unus
3089 5172 3118 5206 e
3145 5157 3578 5220 Valicallisilttbel,
3593 5157 3772 5213 Adam;

2254 5221 2276 5253 ³
2306 5217 2800 5284 Ηριιιξὶειιςίηίὶῐοιινὶιις
2846 5221 2943 5280 legi
2971 5219 3183 5279 votebat,
3213 5231 3323 5284 qua:
3365 5217 3574 5284 libertus
3605 5221 3779 5284 futura

2190 5288 2295 5333 erat
2315 5294 2333 5331 :
2353 5283 2471 5344 quia
2489 5282 2998 5344 scilicetpronomen.
3021 5291 3150 5344 quae,
3173 5282 3270 5330 nun
3293 5283 3555 5330 concordat
3577 5282 3775 5344 genere

2191 5357 2301 5392 cum
2344 5339 2499 5404 libero
2523 5339 2747 5398 arbitrio.
2770 5342 2900 5404 quod
2924 5346 2972 5390 in
2999 5339 3152 5404 prima
3190 5350 3330 5404 parte
3355 5339 3625 5392 sententtie
3649 5358 3778 5404 prae-

2190 5406 2343 5454 cessit
2381 5403 2482 5452 Sed
2506 5417 2599 5452 non
2625 5403 2940 5466 ineleganter
2963 5403 3138 5452 fartum
3159 5403 3307 5452 estut
3329 5403 3690 5453 concordaret’c
3711 5419 3774 5454 .m

2187 5467 2386 5527 nomine
2411 5473 2581 5526 postea
2604 5468 2874 5527 sequente,
2916 5466 3130 5526 scilicet,
3173 5477 3374 5527 merces.
3408 5466 3478 5514 Eo
3505 5469 3775 5516 locutionis

2185 5527 2328 5575 modo
2351 5524 2524 5576 Cicero
2545 5528 2593 5574 in
2621 5524 2744 5574 tib'ro
2765 5529 2830 5575 de
2852 5524 3074 5589 Legibus
3095 5524 3182 5584 ait,
3211 5526 3452 5589 «Animal
3490 5529 3772 5589 providum,

2190 5602 2221 5650 ﬁt,
2237 5601 2408 5649 sagax,
2429 5599 2578 5649 quem
2609 5599 2838 5636 vocamus
2868 5588 3136 5636 hominem.
3167 5603 3187 5636 ι
3219 5587 3280 5638 Et
3303 5587 3503 5638 actione
3519 5591 3693 5650 quinta
3720 5592 3770 5638 in

2183 5649 2413 5708 Verrem,
2441 5665 2459 5696 ι
2492 5650 2668 5700 Carcer
2688 5650 2798 5706 ille,
2821 5661 2934 5710 quae
2969 5650 3186 5700 latumla
3207 5657 3464 5701 vocantur.
3505 5665 3524 5698 ι
3542 5649 3622 5702 ’Et
3651 5663 3769 5700 eum

2185 5711 2364 5772 passim
2391 5711 2608 5762 imitatur
2631 5711 2954 5772 Augustinus.
