  <div class='ocr_page' id='page_1' title='image "/cluster/home/n/w/nwhite01/storage/ocr_20150623/44/hvd.32044069687945/474.png"; bbox 0 0 3972 6178; ppageno 0'>
   <div class='ocr_carea' id='block_1_1' title="bbox 301 343 406 400">
    <p class='ocr_par' dir='ltr' id='par_1_1' title="bbox 301 343 406 400">
     <span class='ocr_line' id='line_1_1' title="bbox 301 343 406 400; baseline -0.038 0"><span class='ocrx_word' id='word_1_1' title='bbox 301 343 406 400; x_wconf 75' lang='lat'><strong>957</strong></span> 
     </span>
    </p>
   </div>
   <div class='ocr_carea' id='block_1_2' title="bbox 283 447 1866 526">
    <p class='ocr_par' dir='ltr' id='par_1_2' title="bbox 283 447 1866 526">
     <span class='ocr_line' id='line_1_2' title="bbox 283 447 1866 526; baseline -0.003 -18"><span class='ocrx_word' id='word_1_2' title='bbox 283 467 566 526; x_wconf 80' lang='lat' dir='ltr'><strong>possumus</strong></span> <span class='ocrx_word' id='word_1_3' title='bbox 594 453 791 517; x_wconf 85' lang='lat' dir='ltr'><strong>vivere,</strong></span> <span class='ocrx_word' id='word_1_4' title='bbox 824 463 922 505; x_wconf 83' lang='lat' dir='ltr'><strong>nec</strong></span> <span class='ocrx_word' id='word_1_5' title='bbox 943 455 1118 504; x_wconf 85' lang='lat' dir='ltr'><strong>tamen</strong></span> <span class='ocrx_word' id='word_1_6' title='bbox 1147 463 1264 502; x_wconf 90' lang='lat' dir='ltr'><strong>cum</strong></span> <span class='ocrx_word' id='word_1_7' title='bbox 1294 447 1558 505; x_wconf 79' lang='lat' dir='ltr'><strong>adfuerint</strong></span> <span class='ocrx_word' id='word_1_8' title='bbox 1584 447 1866 510; x_wconf 80' lang='lat' dir='ltr'><strong>alimenta,</strong></span> 
     </span>
    </p>
   </div>
   <div class='ocr_carea' id='block_1_3' title="bbox 291 533 1868 614">
    <p class='ocr_par' dir='ltr' id='par_1_3' title="bbox 291 533 1868 614">
     <span class='ocr_line' id='line_1_3' title="bbox 291 533 1868 614; baseline -0.008 -15"><span class='ocrx_word' id='word_1_9' title='bbox 291 544 372 599; x_wconf 88' lang='lat' dir='ltr'><strong>eis</strong></span> <span class='ocrx_word' id='word_1_10' title='bbox 403 543 460 599; x_wconf 82' lang='lat' dir='ltr'><strong>fit</strong></span> <span class='ocrx_word' id='word_1_11' title='bbox 489 553 546 600; x_wconf 91' lang='lat' dir='ltr'><strong>ut</strong></span> <span class='ocrx_word' id='word_1_12' title='bbox 589 545 729 598; x_wconf 86' lang='lat' dir='ltr'><strong>vivat</strong></span> <span class='ocrx_word' id='word_1_13' title='bbox 774 543 863 614; x_wconf 75' lang='lat' dir='ltr'><strong>qui</strong></span> <span class='ocrx_word' id='word_1_14' title='bbox 895 543 1030 598; x_wconf 90' lang='lat' dir='ltr'><strong>mori</strong></span> <span class='ocrx_word' id='word_1_15' title='bbox 1077 541 1320 595; x_wconf 83' lang='lat' dir='ltr'><strong>voluerit.</strong></span> <span class='ocrx_word' id='word_1_16' title='bbox 1364 541 1504 608; x_wconf 78' lang='lat' dir='ltr'><strong>Ergo</strong></span> <span class='ocrx_word' id='word_1_17' title='bbox 1546 533 1868 604; x_wconf 70' lang='lat' dir='ltr'><strong>adiutorium</strong></span> 
     </span>
    </p>
   </div>
   <div class='ocr_carea' id='block_1_4' title="bbox 291 623 1876 704">
    <p class='ocr_par' dir='ltr' id='par_1_4' title="bbox 291 623 1876 704">
     <span class='ocr_line' id='line_1_4' title="bbox 291 623 1876 704; baseline -0.007 -15"><span class='ocrx_word' id='word_1_18' title='bbox 291 637 665 691; x_wconf 76' lang='lat' dir='ltr'><strong>alimentorum</strong></span> <span class='ocrx_word' id='word_1_19' title='bbox 693 645 776 691; x_wconf 92' lang='lat' dir='ltr'><strong>est</strong></span> <span class='ocrx_word' id='word_1_20' title='bbox 817 636 934 690; x_wconf 87' lang='lat' dir='ltr'><strong>sine</strong></span> <span class='ocrx_word' id='word_1_21' title='bbox 959 649 1064 704; x_wconf 90' lang='lat' dir='ltr'><strong>quo</strong></span> <span class='ocrx_word' id='word_1_22' title='bbox 1095 648 1198 687; x_wconf 90' lang='lat' dir='ltr'><strong>non</strong></span> <span class='ocrx_word' id='word_1_23' title='bbox 1231 633 1306 696; x_wconf 88' lang='lat' dir='ltr'><strong>lit,</strong></span> <span class='ocrx_word' id='word_1_24' title='bbox 1342 646 1444 684; x_wconf 89' lang='lat' dir='ltr'><strong>nou</strong></span> <span class='ocrx_word' id='word_1_25' title='bbox 1487 641 1596 698; x_wconf 90' lang='lat' dir='ltr'><strong>quo</strong></span> <span class='ocrx_word' id='word_1_26' title='bbox 1627 626 1684 680; x_wconf 84' lang='lat' dir='ltr'><strong>fit</strong></span> <span class='ocrx_word' id='word_1_27' title='bbox 1707 636 1764 678; x_wconf 91' lang='lat' dir='ltr'><strong>ut</strong></span> <span class='ocrx_word' id='word_1_28' title='bbox 1793 623 1876 678; x_wconf 89' lang='lat' dir='ltr'><strong>vi-</strong></span> 
     </span>
    </p>
   </div>
   <div class='ocr_carea' id='block_1_5' title="bbox 291 721 1872 798">
    <p class='ocr_par' dir='ltr' id='par_1_5' title="bbox 291 721 1872 798">
     <span class='ocr_line' id='line_1_5' title="bbox 291 721 1872 798; baseline -0.006 -15"><span class='ocrx_word' id='word_1_29' title='bbox 291 743 496 784; x_wconf 89' lang='lat' dir='ltr'><strong>vamus.</strong></span> <span class='ocrx_word' id='word_1_30' title='bbox 541 732 610 785; x_wconf 82' lang='lat' dir='ltr'><strong>At</strong></span> <span class='ocrx_word' id='word_1_31' title='bbox 655 743 785 785; x_wconf 89' lang='lat' dir='ltr'><strong>vero</strong></span> <span class='ocrx_word' id='word_1_32' title='bbox 821 729 1090 784; x_wconf 74' lang='lat' dir='ltr'><strong>beatitudo</strong></span> <span class='ocrx_word' id='word_1_33' title='bbox 1132 742 1289 798; x_wconf 83' lang='lat' dir='ltr'><strong>quam</strong></span> <span class='ocrx_word' id='word_1_34' title='bbox 1329 742 1432 780; x_wconf 90' lang='lat' dir='ltr'><strong>non</strong></span> <span class='ocrx_word' id='word_1_35' title='bbox 1478 723 1640 778; x_wconf 63' lang='lat' dir='ltr'><strong>habet</strong></span> <span class='ocrx_word' id='word_1_36' title='bbox 1669 721 1832 775; x_wconf 88' lang='lat' dir='ltr'><strong>homo</strong></span> <span class='ocrx_word' id='word_1_37' title='bbox 1858 759 1872 783; x_wconf 93' lang='lat'><strong>,</strong></span> 
     </span>
    </p>
   </div>
   <div class='ocr_carea' id='block_1_6' title="bbox 293 811 1876 884">
    <p class='ocr_par' dir='ltr' id='par_1_6' title="bbox 293 811 1876 884">
     <span class='ocr_line' id='line_1_6' title="bbox 293 811 1876 884; baseline -0.009 -8"><span class='ocrx_word' id='word_1_38' title='bbox 293 837 418 876; x_wconf 88' lang='lat' dir='ltr'><strong>cum</strong></span> <span class='ocrx_word' id='word_1_39' title='bbox 449 822 568 876; x_wconf 87' lang='lat' dir='ltr'><strong>data</strong></span> <span class='ocrx_word' id='word_1_40' title='bbox 609 820 784 884; x_wconf 86' lang='lat' dir='ltr'><strong>fuerit,</strong></span> <span class='ocrx_word' id='word_1_41' title='bbox 815 819 1068 876; x_wconf 90' lang='lat' dir='ltr'><strong>continuo</strong></span> <span class='ocrx_word' id='word_1_42' title='bbox 1093 818 1150 872; x_wconf 86' lang='lat' dir='ltr'><strong>ﬁt</strong></span> <span class='ocrx_word' id='word_1_43' title='bbox 1181 818 1388 873; x_wconf 81' lang='lat' dir='ltr'><strong>beatus.</strong></span> <span class='ocrx_word' id='word_1_44' title='bbox 1430 811 1766 884; x_wconf 82' lang='lat' dir='ltr'><strong>Adjutorinm</strong></span> <span class='ocrx_word' id='word_1_45' title='bbox 1793 816 1876 864; x_wconf 89' lang='lat' dir='ltr'><strong>est</strong></span> 
     </span>
    </p>
   </div>
   <div class='ocr_carea' id='block_1_7' title="bbox 291 906 1876 982">
    <p class='ocr_par' dir='ltr' id='par_1_7' title="bbox 291 906 1876 982">
     <span class='ocr_line' id='line_1_7' title="bbox 291 906 1876 982; baseline -0.007 -14"><span class='ocrx_word' id='word_1_46' title='bbox 291 915 434 968; x_wconf 88' lang='lat' dir='ltr'><strong>enim</strong></span> <span class='ocrx_word' id='word_1_47' title='bbox 469 929 572 967; x_wconf 89' lang='lat' dir='ltr'><strong>non</strong></span> <span class='ocrx_word' id='word_1_48' title='bbox 603 913 775 968; x_wconf 88' lang='lat' dir='ltr'><strong>solum</strong></span> <span class='ocrx_word' id='word_1_49' title='bbox 805 914 919 968; x_wconf 90' lang='lat' dir='ltr'><strong>sine</strong></span> <span class='ocrx_word' id='word_1_50' title='bbox 963 927 1066 982; x_wconf 89' lang='lat' dir='ltr'><strong>quo</strong></span> <span class='ocrx_word' id='word_1_51' title='bbox 1095 925 1200 966; x_wconf 91' lang='lat' dir='ltr'><strong>non</strong></span> <span class='ocrx_word' id='word_1_52' title='bbox 1233 912 1310 974; x_wconf 88' lang='lat' dir='ltr'><strong>lit,</strong></span> <span class='ocrx_word' id='word_1_53' title='bbox 1343 923 1526 964; x_wconf 89' lang='lat' dir='ltr'><strong>verum</strong></span> <span class='ocrx_word' id='word_1_54' title='bbox 1567 906 1727 962; x_wconf 88' lang='lat' dir='ltr'><strong>etiam</strong></span> <span class='ocrx_word' id='word_1_55' title='bbox 1767 918 1876 973; x_wconf 87' lang='lat' dir='ltr'><strong>quo</strong></span> 
     </span>
    </p>
   </div>
   <div class='ocr_carea' id='block_1_8' title="bbox 291 995 1870 1076">
    <p class='ocr_par' dir='ltr' id='par_1_8' title="bbox 291 995 1870 1076">
     <span class='ocr_line' id='line_1_8' title="bbox 291 995 1870 1076; baseline -0.007 -18"><span class='ocrx_word' id='word_1_56' title='bbox 291 1003 350 1058; x_wconf 85' lang='lat' dir='ltr'><strong>ﬁt</strong></span> <span class='ocrx_word' id='word_1_57' title='bbox 383 1013 597 1076; x_wconf 76' lang='lat' dir='ltr'><strong>propter</strong></span> <span class='ocrx_word' id='word_1_58' title='bbox 643 1005 784 1074; x_wconf 89' lang='lat' dir='ltr'><strong>quod</strong></span> <span class='ocrx_word' id='word_1_59' title='bbox 830 1003 1006 1058; x_wconf 89' lang='lat' dir='ltr'><strong>datur.</strong></span> <span class='ocrx_word' id='word_1_60' title='bbox 1045 1002 1378 1073; x_wconf 89' lang='lat' dir='ltr'><strong>Quapropter</strong></span> <span class='ocrx_word' id='word_1_61' title='bbox 1421 998 1522 1053; x_wconf 91' lang='lat' dir='ltr'><strong>hoc</strong></span> <span class='ocrx_word' id='word_1_62' title='bbox 1551 995 1870 1066; x_wconf 79' lang='lat' dir='ltr'><strong>adjutorium</strong></span> 
     </span>
    </p>
   </div>
   <div class='ocr_carea' id='block_1_9' title="bbox 289 1089 1874 1166">
    <p class='ocr_par' dir='ltr' id='par_1_9' title="bbox 289 1089 1874 1166">
     <span class='ocr_line' id='line_1_9' title="bbox 289 1089 1874 1166; baseline -0.004 -16"><span class='ocrx_word' id='word_1_63' title='bbox 289 1107 344 1152; x_wconf 84' lang='lat' dir='ltr'><strong>et</strong></span> <span class='ocrx_word' id='word_1_64' title='bbox 385 1113 491 1166; x_wconf 89' lang='lat' dir='ltr'><strong>quo</strong></span> <span class='ocrx_word' id='word_1_65' title='bbox 539 1097 596 1150; x_wconf 90' lang='lat' dir='ltr'><strong>ﬁt</strong></span> <span class='ocrx_word' id='word_1_66' title='bbox 619 1107 721 1162; x_wconf 85' lang='lat' dir='ltr'><strong>est,</strong></span> <span class='ocrx_word' id='word_1_67' title='bbox 768 1104 824 1152; x_wconf 87' lang='lat' dir='ltr'><strong>et</strong></span> <span class='ocrx_word' id='word_1_68' title='bbox 867 1096 982 1162; x_wconf 82' lang='lat' dir='ltr'><strong>sine</strong></span> <span class='ocrx_word' id='word_1_69' title='bbox 1011 1111 1116 1166; x_wconf 89' lang='lat' dir='ltr'><strong>quo</strong></span> <span class='ocrx_word' id='word_1_70' title='bbox 1148 1111 1252 1150; x_wconf 85' lang='lat' dir='ltr'><strong>non</strong></span> <span class='ocrx_word' id='word_1_71' title='bbox 1295 1093 1353 1148; x_wconf 90' lang='lat' dir='ltr'><strong>ﬁt</strong></span> <span class='ocrx_word' id='word_1_72' title='bbox 1385 1111 1396 1146; x_wconf 93' lang='lat'><strong>:</strong></span> <span class='ocrx_word' id='word_1_73' title='bbox 1425 1093 1550 1164; x_wconf 87' lang='lat' dir='ltr'><strong>quia</strong></span> <span class='ocrx_word' id='word_1_74' title='bbox 1579 1102 1632 1147; x_wconf 90' lang='lat' dir='ltr'><strong>et</strong></span> <span class='ocrx_word' id='word_1_75' title='bbox 1680 1091 1724 1146; x_wconf 89' lang='lat' dir='ltr'><strong>si</strong></span> <span class='ocrx_word' id='word_1_76' title='bbox 1753 1089 1874 1144; x_wconf 87' lang='lat' dir='ltr'><strong>data</strong></span> 
     </span>
    </p>
   </div>
   <div class='ocr_carea' id='block_1_10' title="bbox 291 1181 1876 1254">
    <p class='ocr_par' dir='ltr' id='par_1_10' title="bbox 291 1181 1876 1254">
     <span class='ocr_line' id='line_1_10' title="bbox 291 1181 1876 1254; baseline -0.004 -12"><span class='ocrx_word' id='word_1_77' title='bbox 291 1189 452 1243; x_wconf 88' lang='lat' dir='ltr'><strong>fuerit</strong></span> <span class='ocrx_word' id='word_1_78' title='bbox 505 1189 703 1242; x_wconf 81' lang='lat' dir='ltr'><strong>homini</strong></span> <span class='ocrx_word' id='word_1_79' title='bbox 751 1187 1041 1254; x_wconf 82' lang='lat' dir='ltr'><strong>beatitudo,</strong></span> <span class='ocrx_word' id='word_1_80' title='bbox 1092 1188 1344 1242; x_wconf 90' lang='lat' dir='ltr'><strong>continuo</strong></span> <span class='ocrx_word' id='word_1_81' title='bbox 1373 1187 1431 1239; x_wconf 88' lang='lat' dir='ltr'><strong>lit</strong></span> <span class='ocrx_word' id='word_1_82' title='bbox 1455 1185 1677 1248; x_wconf 87' lang='lat' dir='ltr'><strong>beatus;</strong></span> <span class='ocrx_word' id='word_1_83' title='bbox 1734 1191 1788 1238; x_wconf 90' lang='lat' dir='ltr'><strong>et</strong></span> <span class='ocrx_word' id='word_1_84' title='bbox 1831 1181 1876 1236; x_wconf 91' lang='lat' dir='ltr'><strong>si</strong></span> 
     </span>
    </p>
   </div>
   <div class='ocr_carea' id='block_1_11' title="bbox 289 1278 1876 1348">
    <p class='ocr_par' dir='ltr' id='par_1_11' title="bbox 289 1278 1876 1348">
     <span class='ocr_line' id='line_1_11' title="bbox 289 1278 1876 1348; baseline -0.003 -14"><span class='ocrx_word' id='word_1_85' title='bbox 289 1279 410 1334; x_wconf 87' lang='lat' dir='ltr'><strong>data</strong></span> <span class='ocrx_word' id='word_1_86' title='bbox 452 1293 722 1348; x_wconf 81' lang='lat' dir='ltr'><strong>nunquam</strong></span> <span class='ocrx_word' id='word_1_87' title='bbox 757 1278 933 1342; x_wconf 90' lang='lat' dir='ltr'><strong>fuerit,</strong></span> <span class='ocrx_word' id='word_1_88' title='bbox 982 1293 1250 1348; x_wconf 87' lang='lat' dir='ltr'><strong>nunquam</strong></span> <span class='ocrx_word' id='word_1_89' title='bbox 1281 1279 1398 1332; x_wconf 90' lang='lat' dir='ltr'><strong>erit.</strong></span> <span class='ocrx_word' id='word_1_90' title='bbox 1442 1278 1706 1332; x_wconf 82' lang='lat' dir='ltr'><strong>Alimenta</strong></span> <span class='ocrx_word' id='word_1_91' title='bbox 1747 1287 1876 1329; x_wconf 89' lang='lat' dir='ltr'><strong>vero</strong></span> 
     </span>
    </p>
   </div>
   <div class='ocr_carea' id='block_1_12' title="bbox 291 1369 1874 1440">
    <p class='ocr_par' dir='ltr' id='par_1_12' title="bbox 291 1369 1874 1440">
     <span class='ocr_line' id='line_1_12' title="bbox 291 1369 1874 1440; baseline -0.001 -16"><span class='ocrx_word' id='word_1_92' title='bbox 291 1386 396 1424; x_wconf 91' lang='lat' dir='ltr'><strong>non</strong></span> <span class='ocrx_word' id='word_1_93' title='bbox 423 1381 814 1440; x_wconf 88' lang='lat' dir='ltr'><strong>consequenter</strong></span> <span class='ocrx_word' id='word_1_94' title='bbox 855 1371 1050 1426; x_wconf 85' lang='lat' dir='ltr'><strong>faciunt</strong></span> <span class='ocrx_word' id='word_1_95' title='bbox 1080 1380 1138 1426; x_wconf 94' lang='lat' dir='ltr'><strong>ut</strong></span> <span class='ocrx_word' id='word_1_96' title='bbox 1163 1371 1324 1425; x_wconf 90' lang='lat' dir='ltr'><strong>homo</strong></span> <span class='ocrx_word' id='word_1_97' title='bbox 1352 1371 1492 1424; x_wconf 88' lang='lat' dir='ltr'><strong>vivat</strong></span> <span class='ocrx_word' id='word_1_98' title='bbox 1523 1387 1535 1423; x_wconf 90' lang='lat'><strong>:</strong></span> <span class='ocrx_word' id='word_1_99' title='bbox 1569 1369 1662 1424; x_wconf 90' lang='lat' dir='ltr'><strong>sed</strong></span> <span class='ocrx_word' id='word_1_100' title='bbox 1696 1377 1874 1424; x_wconf 89' lang='lat' dir='ltr'><strong>tamen</strong></span> 
     </span>
    </p>
   </div>
   <div class='ocr_carea' id='block_1_13' title="bbox 290 1461 1873 1534">
    <p class='ocr_par' dir='ltr' id='par_1_13' title="bbox 290 1461 1873 1534">
     <span class='ocr_line' id='line_1_13' title="bbox 290 1461 1873 1534; baseline 0 -18"><span class='ocrx_word' id='word_1_101' title='bbox 290 1462 408 1518; x_wconf 89' lang='lat' dir='ltr'><strong>sine</strong></span> <span class='ocrx_word' id='word_1_102' title='bbox 435 1462 540 1517; x_wconf 92' lang='lat' dir='ltr'><strong>illis</strong></span> <span class='ocrx_word' id='word_1_103' title='bbox 571 1477 678 1517; x_wconf 90' lang='lat' dir='ltr'><strong>non</strong></span> <span class='ocrx_word' id='word_1_104' title='bbox 727 1471 902 1530; x_wconf 86' lang='lat' dir='ltr'><strong>potest</strong></span> <span class='ocrx_word' id='word_1_105' title='bbox 945 1467 1143 1518; x_wconf 89' lang='lat' dir='ltr'><strong>vivere.</strong></span> <span class='ocrx_word' id='word_1_106' title='bbox 1183 1463 1364 1518; x_wconf 88' lang='lat' dir='ltr'><strong>Primo</strong></span> <span class='ocrx_word' id='word_1_107' title='bbox 1399 1463 1578 1534; x_wconf 86' lang='lat' dir='ltr'><strong>itaque</strong></span> <span class='ocrx_word' id='word_1_108' title='bbox 1627 1461 1873 1529; x_wconf 89' lang='lat' dir='ltr'><strong>homini,</strong></span> 
     </span>
    </p>
   </div>
   <div class='ocr_carea' id='block_1_14' title="bbox 289 1553 1876 1623">
    <p class='ocr_par' dir='ltr' id='par_1_14' title="bbox 289 1553 1876 1623">
     <span class='ocr_line' id='line_1_14' title="bbox 289 1553 1876 1623; baseline 0.001 -17"><span class='ocrx_word' id='word_1_109' title='bbox 289 1553 380 1622; x_wconf 88' lang='lat' dir='ltr'><strong>qui</strong></span> <span class='ocrx_word' id='word_1_110' title='bbox 403 1553 455 1606; x_wconf 91' lang='lat' dir='ltr'><strong>in</strong></span> <span class='ocrx_word' id='word_1_111' title='bbox 477 1567 542 1608; x_wconf 85' lang='lat' dir='ltr'><strong>eo</strong></span> <span class='ocrx_word' id='word_1_112' title='bbox 558 1553 700 1608; x_wconf 89' lang='lat' dir='ltr'><strong>bono</strong></span> <span class='ocrx_word' id='word_1_113' title='bbox 720 1569 826 1623; x_wconf 89' lang='lat' dir='ltr'><strong>quo</strong></span> <span class='ocrx_word' id='word_1_114' title='bbox 843 1554 1012 1608; x_wconf 88' lang='lat' dir='ltr'><strong>factus</strong></span> <span class='ocrx_word' id='word_1_115' title='bbox 1033 1554 1202 1608; x_wconf 90' lang='lat' dir='ltr'><strong>fuerat</strong></span> <span class='ocrx_word' id='word_1_116' title='bbox 1221 1563 1400 1609; x_wconf 88' lang='lat' dir='ltr'><strong>rectus</strong></span> <span class='ocrx_word' id='word_1_117' title='bbox 1419 1563 1698 1622; x_wconf 88' lang='lat' dir='ltr'><strong>acceperat</strong></span> <span class='ocrx_word' id='word_1_118' title='bbox 1717 1567 1876 1622; x_wconf 87' lang='lat' dir='ltr'><strong>posse</strong></span> 
     </span>
    </p>
   </div>
   <div class='ocr_carea' id='block_1_15' title="bbox 291 1645 1874 1716">
    <p class='ocr_par' dir='ltr' id='par_1_15' title="bbox 291 1645 1874 1716">
     <span class='ocr_line' id='line_1_15' title="bbox 291 1645 1874 1716; baseline 0 -17"><span class='ocrx_word' id='word_1_119' title='bbox 291 1659 397 1699; x_wconf 89' lang='lat' dir='ltr'><strong>non</strong></span> <span class='ocrx_word' id='word_1_120' title='bbox 445 1646 692 1714; x_wconf 69' lang='lat' dir='ltr'><strong>peccare,</strong></span> <span class='ocrx_word' id='word_1_121' title='bbox 740 1659 898 1715; x_wconf 87' lang='lat' dir='ltr'><strong>posse</strong></span> <span class='ocrx_word' id='word_1_122' title='bbox 937 1662 1042 1699; x_wconf 89' lang='lat' dir='ltr'><strong>non</strong></span> <span class='ocrx_word' id='word_1_123' title='bbox 1089 1647 1245 1710; x_wconf 88' lang='lat' dir='ltr'><strong>mori,</strong></span> <span class='ocrx_word' id='word_1_124' title='bbox 1277 1661 1433 1716; x_wconf 85' lang='lat' dir='ltr'><strong>posse</strong></span> <span class='ocrx_word' id='word_1_125' title='bbox 1463 1645 1634 1716; x_wconf 89' lang='lat' dir='ltr'><strong>ipsum</strong></span> <span class='ocrx_word' id='word_1_126' title='bbox 1677 1646 1874 1700; x_wconf 90' lang='lat' dir='ltr'><strong>bonum</strong></span> 
     </span>
    </p>
   </div>
   <div class='ocr_carea' id='block_1_16' title="bbox 292 1735 1874 1806">
    <p class='ocr_par' dir='ltr' id='par_1_16' title="bbox 292 1735 1874 1806">
     <span class='ocr_line' id='line_1_16' title="bbox 292 1735 1874 1806; baseline -0.001 -16"><span class='ocrx_word' id='word_1_127' title='bbox 292 1752 397 1791; x_wconf 88' lang='lat' dir='ltr'><strong>non</strong></span> <span class='ocrx_word' id='word_1_128' title='bbox 443 1735 714 1802; x_wconf 85' lang='lat' dir='ltr'><strong>deserere,</strong></span> <span class='ocrx_word' id='word_1_129' title='bbox 757 1735 940 1791; x_wconf 90' lang='lat' dir='ltr'><strong>datum</strong></span> <span class='ocrx_word' id='word_1_130' title='bbox 969 1745 1053 1790; x_wconf 89' lang='lat' dir='ltr'><strong>est</strong></span> <span class='ocrx_word' id='word_1_131' title='bbox 1077 1735 1398 1806; x_wconf 87' lang='lat' dir='ltr'><strong>adjutorium</strong></span> <span class='ocrx_word' id='word_1_132' title='bbox 1425 1736 1832 1805; x_wconf 72' lang='lat' dir='ltr'><strong>perseverantiae</strong></span> <span class='ocrx_word' id='word_1_133' title='bbox 1857 1777 1874 1804; x_wconf 93' lang='lat'><strong>,</strong></span> 
     </span>
    </p>
   </div>
   <div class='ocr_carea' id='block_1_17' title="bbox 290 1815 1878 1898">
    <p class='ocr_par' dir='ltr' id='par_1_17' title="bbox 290 1815 1878 1898">
     <span class='ocr_line' id='line_1_17' title="bbox 290 1815 1878 1898; baseline -0.001 -16"><span class='ocrx_word' id='word_1_134' title='bbox 290 1843 398 1882; x_wconf 86' lang='lat' dir='ltr'><strong>non</strong></span> <span class='ocrx_word' id='word_1_135' title='bbox 439 1842 544 1898; x_wconf 89' lang='lat' dir='ltr'><strong>quo</strong></span> <span class='ocrx_word' id='word_1_136' title='bbox 587 1815 742 1882; x_wconf 80' lang='lat' dir='ltr'><strong>ﬁeret</strong></span> <span class='ocrx_word' id='word_1_137' title='bbox 769 1835 824 1881; x_wconf 92' lang='lat' dir='ltr'><strong>ut</strong></span> <span class='ocrx_word' id='word_1_138' title='bbox 854 1837 1238 1895; x_wconf 77' lang='lat' dir='ltr'><strong>perseveraret,</strong></span> <span class='ocrx_word' id='word_1_139' title='bbox 1271 1826 1364 1881; x_wconf 87' lang='lat' dir='ltr'><strong>sed</strong></span> <span class='ocrx_word' id='word_1_140' title='bbox 1391 1826 1508 1882; x_wconf 89' lang='lat' dir='ltr'><strong>sine</strong></span> <span class='ocrx_word' id='word_1_141' title='bbox 1533 1842 1640 1898; x_wconf 89' lang='lat' dir='ltr'><strong>quo</strong></span> <span class='ocrx_word' id='word_1_142' title='bbox 1681 1841 1778 1896; x_wconf 88' lang='lat' dir='ltr'><strong>per</strong></span> <span class='ocrx_word' id='word_1_143' title='bbox 1807 1826 1878 1880; x_wconf 85' lang='lat' dir='ltr'><strong>li-</strong></span> 
     </span>
    </p>
   </div>
   <div class='ocr_carea' id='block_1_18' title="bbox 289 1917 1876 1988">
    <p class='ocr_par' dir='ltr' id='par_1_18' title="bbox 289 1917 1876 1988">
     <span class='ocr_line' id='line_1_18' title="bbox 289 1917 1876 1988; baseline 0 -14"><span class='ocrx_word' id='word_1_144' title='bbox 289 1919 476 1974; x_wconf 86' lang='lat' dir='ltr'><strong>berqu</strong></span> <span class='ocrx_word' id='word_1_145' title='bbox 515 1917 792 1982; x_wconf 72' lang='lat' dir='ltr'><strong>arbitrium</strong></span> <span class='ocrx_word' id='word_1_146' title='bbox 825 1933 1170 1988; x_wconf 81' lang='lat' dir='ltr'><strong>perseverare</strong></span> <span class='ocrx_word' id='word_1_147' title='bbox 1197 1917 1302 1974; x_wconf 87' lang='lat' dir='ltr'><strong>non</strong></span> <span class='ocrx_word' id='word_1_148' title='bbox 1333 1929 1530 1988; x_wconf 82' lang='lat' dir='ltr'><strong>posset.</strong></span> <span class='ocrx_word' id='word_1_149' title='bbox 1571 1919 1723 1974; x_wconf 91' lang='lat' dir='ltr'><strong>Nunc</strong></span> <span class='ocrx_word' id='word_1_150' title='bbox 1751 1933 1876 1974; x_wconf 92' lang='lat' dir='ltr'><strong>vero</strong></span> 
     </span>
    </p>
   </div>
   <div class='ocr_carea' id='block_1_19' title="bbox 290 2011 1877 2084">
    <p class='ocr_par' dir='ltr' id='par_1_19' title="bbox 290 2011 1877 2084">
     <span class='ocr_line' id='line_1_19' title="bbox 290 2011 1877 2084; baseline -0.002 -16"><span class='ocrx_word' id='word_1_151' title='bbox 290 2015 486 2068; x_wconf 82' lang='lat' dir='ltr'><strong>sanctis</strong></span> <span class='ocrx_word' id='word_1_152' title='bbox 513 2015 564 2068; x_wconf 91' lang='lat' dir='ltr'><strong>in</strong></span> <span class='ocrx_word' id='word_1_153' title='bbox 591 2029 811 2084; x_wconf 76' lang='lat' dir='ltr'><strong>regnum</strong></span> <span class='ocrx_word' id='word_1_154' title='bbox 853 2014 946 2069; x_wconf 87' lang='lat' dir='ltr'><strong>Dei</strong></span> <span class='ocrx_word' id='word_1_155' title='bbox 991 2029 1084 2083; x_wconf 91' lang='lat' dir='ltr'><strong>per</strong></span> <span class='ocrx_word' id='word_1_156' title='bbox 1105 2015 1329 2084; x_wconf 84' lang='lat' dir='ltr'><strong>gratiam</strong></span> <span class='ocrx_word' id='word_1_157' title='bbox 1365 2012 1456 2067; x_wconf 89' lang='lat' dir='ltr'><strong>Dei</strong></span> <span class='ocrx_word' id='word_1_158' title='bbox 1489 2011 1877 2082; x_wconf 69' lang='lat' dir='ltr'><strong>praedestinatis</strong></span> 
     </span>
    </p>
   </div>
   <div class='ocr_carea' id='block_1_20' title="bbox 291 2105 1876 2177">
    <p class='ocr_par' dir='ltr' id='par_1_20' title="bbox 291 2105 1876 2177">
     <span class='ocr_line' id='line_1_20' title="bbox 291 2105 1876 2177; baseline 0 -17"><span class='ocrx_word' id='word_1_159' title='bbox 291 2121 396 2160; x_wconf 90' lang='lat' dir='ltr'><strong>non</strong></span> <span class='ocrx_word' id='word_1_160' title='bbox 425 2109 530 2162; x_wconf 85' lang='lat' dir='ltr'><strong>tale</strong></span> <span class='ocrx_word' id='word_1_161' title='bbox 561 2107 576 2139; x_wconf 85' lang='grc'>¹</span> <span class='ocrx_word' id='word_1_162' title='bbox 607 2106 928 2177; x_wconf 74' lang='lat' dir='ltr'><strong>adiutorium</strong></span> <span class='ocrx_word' id='word_1_163' title='bbox 973 2106 1384 2176; x_wconf 65' lang='lat' dir='ltr'><strong>perseverantiae</strong></span> <span class='ocrx_word' id='word_1_164' title='bbox 1423 2105 1599 2170; x_wconf 91' lang='lat' dir='ltr'><strong>datur,</strong></span> <span class='ocrx_word' id='word_1_165' title='bbox 1645 2106 1740 2160; x_wconf 87' lang='lat' dir='ltr'><strong>sed</strong></span> <span class='ocrx_word' id='word_1_166' title='bbox 1773 2105 1876 2160; x_wconf 86' lang='lat' dir='ltr'><strong>tale</strong></span> 
     </span>
    </p>
   </div>
   <div class='ocr_carea' id='block_1_21' title="bbox 291 2197 1876 2270">
    <p class='ocr_par' dir='ltr' id='par_1_21' title="bbox 291 2197 1876 2270">
     <span class='ocr_line' id='line_1_21' title="bbox 291 2197 1876 2270; baseline 0 -18"><span class='ocrx_word' id='word_1_167' title='bbox 291 2209 349 2252; x_wconf 93' lang='lat' dir='ltr'><strong>ut</strong></span> <span class='ocrx_word' id='word_1_168' title='bbox 375 2199 454 2254; x_wconf 88' lang='lat' dir='ltr'><strong>eis</strong></span> <span class='ocrx_word' id='word_1_169' title='bbox 482 2201 873 2268; x_wconf 80' lang='lat' dir='ltr'><strong>perseverantia</strong></span> <span class='ocrx_word' id='word_1_170' title='bbox 905 2199 1018 2270; x_wconf 88' lang='lat' dir='ltr'><strong>ipsa</strong></span> <span class='ocrx_word' id='word_1_171' title='bbox 1056 2199 1322 2264; x_wconf 87' lang='lat' dir='ltr'><strong>donetur;</strong></span> <span class='ocrx_word' id='word_1_172' title='bbox 1347 2213 1452 2254; x_wconf 82' lang='lat' dir='ltr'><strong>non</strong></span> <span class='ocrx_word' id='word_1_173' title='bbox 1485 2199 1653 2253; x_wconf 88' lang='lat' dir='ltr'><strong>solum</strong></span> <span class='ocrx_word' id='word_1_174' title='bbox 1683 2207 1740 2252; x_wconf 90' lang='lat' dir='ltr'><strong>ut</strong></span> <span class='ocrx_word' id='word_1_175' title='bbox 1760 2197 1876 2252; x_wconf 85' lang='lat' dir='ltr'><strong>sine</strong></span> 
     </span>
    </p>
   </div>
   <div class='ocr_carea' id='block_1_22' title="bbox 289 2289 1876 2361">
    <p class='ocr_par' dir='ltr' id='par_1_22' title="bbox 289 2289 1876 2361">
     <span class='ocr_line' id='line_1_22' title="bbox 289 2289 1876 2361; baseline 0.001 -18"><span class='ocrx_word' id='word_1_176' title='bbox 289 2289 393 2343; x_wconf 91' lang='lat' dir='ltr'><strong>isto</strong></span> <span class='ocrx_word' id='word_1_177' title='bbox 413 2290 554 2345; x_wconf 90' lang='lat' dir='ltr'><strong>dono</strong></span> <span class='ocrx_word' id='word_1_178' title='bbox 577 2301 978 2360; x_wconf 87' lang='lat' dir='ltr'><strong>perseverantes</strong></span> <span class='ocrx_word' id='word_1_179' title='bbox 997 2306 1118 2347; x_wconf 89' lang='lat' dir='ltr'><strong>esse</strong></span> <span class='ocrx_word' id='word_1_180' title='bbox 1139 2306 1242 2346; x_wconf 94' lang='lat' dir='ltr'><strong>non</strong></span> <span class='ocrx_word' id='word_1_181' title='bbox 1265 2291 1490 2361; x_wconf 89' lang='lat' dir='ltr'><strong>possint,</strong></span> <span class='ocrx_word' id='word_1_182' title='bbox 1511 2307 1694 2346; x_wconf 89' lang='lat' dir='ltr'><strong>verum</strong></span> <span class='ocrx_word' id='word_1_183' title='bbox 1716 2291 1876 2345; x_wconf 86' lang='lat' dir='ltr'><strong>etiam</strong></span> 
     </span>
    </p>
   </div>
   <div class='ocr_carea' id='block_1_23' title="bbox 291 2379 1876 2451">
    <p class='ocr_par' dir='ltr' id='par_1_23' title="bbox 291 2379 1876 2451">
     <span class='ocr_line' id='line_1_23' title="bbox 291 2379 1876 2451; baseline 0.001 -18"><span class='ocrx_word' id='word_1_184' title='bbox 291 2390 348 2433; x_wconf 92' lang='lat' dir='ltr'><strong>ut</strong></span> <span class='ocrx_word' id='word_1_185' title='bbox 379 2395 470 2448; x_wconf 86' lang='lat' dir='ltr'><strong>per</strong></span> <span class='ocrx_word' id='word_1_186' title='bbox 501 2379 602 2438; x_wconf 85' lang='lat' dir='ltr'><strong>hoc</strong></span> <span class='ocrx_word' id='word_1_187' title='bbox 630 2381 828 2437; x_wconf 87' lang='lat' dir='ltr'><strong>donum</strong></span> <span class='ocrx_word' id='word_1_188' title='bbox 875 2397 980 2436; x_wconf 91' lang='lat' dir='ltr'><strong>non</strong></span> <span class='ocrx_word' id='word_1_189' title='bbox 1011 2383 1114 2436; x_wconf 89' lang='lat' dir='ltr'><strong>nisi</strong></span> <span class='ocrx_word' id='word_1_190' title='bbox 1161 2391 1564 2451; x_wconf 82' lang='lat' dir='ltr'><strong>perseverantes</strong></span> <span class='ocrx_word' id='word_1_191' title='bbox 1594 2382 1718 2436; x_wconf 89' lang='lat' dir='ltr'><strong>sint.</strong></span> <span class='ocrx_word' id='word_1_192' title='bbox 1758 2379 1876 2436; x_wconf 86' lang='lat' dir='ltr'><strong>Non</strong></span> 
     </span>
    </p>
   </div>
   <div class='ocr_carea' id='block_1_24' title="bbox 289 2473 1874 2544">
    <p class='ocr_par' dir='ltr' id='par_1_24' title="bbox 289 2473 1874 2544">
     <span class='ocr_line' id='line_1_24' title="bbox 289 2473 1874 2544; baseline 0 -18"><span class='ocrx_word' id='word_1_193' title='bbox 289 2473 462 2526; x_wconf 88' lang='lat' dir='ltr'><strong>solum</strong></span> <span class='ocrx_word' id='word_1_194' title='bbox 487 2473 628 2528; x_wconf 87' lang='lat' dir='ltr'><strong>enim</strong></span> <span class='ocrx_word' id='word_1_195' title='bbox 651 2473 804 2539; x_wconf 80' lang='lat' dir='ltr'><strong>dixit,</strong></span> <span class='ocrx_word' id='word_1_196' title='bbox 833 2473 960 2529; x_wconf 86' lang='lat' dir='ltr'><strong>Sine</strong></span> <span class='ocrx_word' id='word_1_197' title='bbox 979 2490 1058 2528; x_wconf 87' lang='lat' dir='ltr'><strong>me</strong></span> <span class='ocrx_word' id='word_1_198' title='bbox 1082 2473 1212 2528; x_wconf 83' lang='lat' dir='ltr'><strong>nihil</strong></span> <span class='ocrx_word' id='word_1_199' title='bbox 1237 2474 1440 2544; x_wconf 75' lang='lat' dir='ltr'><strong>potestis</strong></span> <span class='ocrx_word' id='word_1_200' title='bbox 1461 2473 1626 2543; x_wconf 80' lang='lat' dir='ltr'><strong>facere</strong></span> <span class='ocrx_word' id='word_1_201' title='bbox 1652 2489 1670 2526; x_wconf 90' lang='lat'><strong><em>:</em></strong></span> <span class='ocrx_word' id='word_1_202' title='bbox 1693 2487 1874 2526; x_wconf 84' lang='lat' dir='ltr'><strong>verum</strong></span> 
     </span>
    </p>
   </div>
   <div class='ocr_carea' id='block_1_25' title="bbox 287 2565 1878 2638">
    <p class='ocr_par' dir='ltr' id='par_1_25' title="bbox 287 2565 1878 2638">
     <span class='ocr_line' id='line_1_25' title="bbox 287 2565 1878 2638; baseline 0 -20"><span class='ocrx_word' id='word_1_203' title='bbox 287 2565 447 2618; x_wconf 89' lang='lat' dir='ltr'><strong>etiam</strong></span> <span class='ocrx_word' id='word_1_204' title='bbox 475 2565 626 2632; x_wconf 75' lang='lat' dir='ltr'><strong>dixit,</strong></span> <span class='ocrx_word' id='word_1_205' title='bbox 655 2567 776 2621; x_wconf 79' lang='lat' dir='ltr'><strong>Non</strong></span> <span class='ocrx_word' id='word_1_206' title='bbox 803 2583 888 2622; x_wconf 85' lang='lat' dir='ltr'><strong>ros</strong></span> <span class='ocrx_word' id='word_1_207' title='bbox 915 2583 994 2620; x_wconf 80' lang='lat' dir='ltr'><strong>me</strong></span> <span class='ocrx_word' id='word_1_208' title='bbox 1023 2567 1276 2638; x_wconf 81' lang='lat' dir='ltr'><strong>elegistis;</strong></span> <span class='ocrx_word' id='word_1_209' title='bbox 1301 2567 1390 2621; x_wconf 84' lang='lat' dir='ltr'><strong>sed</strong></span> <span class='ocrx_word' id='word_1_210' title='bbox 1417 2583 1506 2637; x_wconf 84' lang='lat' dir='ltr'><strong>ego</strong></span> <span class='ocrx_word' id='word_1_211' title='bbox 1542 2565 1668 2636; x_wconf 84' lang='lat' dir='ltr'><strong>elegi</strong></span> <span class='ocrx_word' id='word_1_212' title='bbox 1691 2579 1800 2631; x_wconf 78' lang='lat' dir='ltr'><strong>vos,</strong></span> <span class='ocrx_word' id='word_1_213' title='bbox 1831 2571 1878 2618; x_wconf 81' lang='lat' dir='ltr'><strong>et</strong></span> 
     </span>
    </p>
   </div>
   <div class='ocr_carea' id='block_1_26' title="bbox 291 2655 1879 2726">
    <p class='ocr_par' dir='ltr' id='par_1_26' title="bbox 291 2655 1879 2726">
     <span class='ocr_line' id='line_1_26' title="bbox 291 2655 1879 2726; baseline 0.001 -19"><span class='ocrx_word' id='word_1_214' title='bbox 291 2655 436 2722; x_wconf 80' lang='lat' dir='ltr'><strong>posui</strong></span> <span class='ocrx_word' id='word_1_215' title='bbox 463 2671 564 2718; x_wconf 87' lang='lat' dir='ltr'><strong>vos,</strong></span> <span class='ocrx_word' id='word_1_216' title='bbox 597 2665 650 2708; x_wconf 84' lang='lat' dir='ltr'><strong>ut</strong></span> <span class='ocrx_word' id='word_1_217' title='bbox 673 2657 818 2721; x_wconf 85' lang='lat' dir='ltr'><strong>eatis,</strong></span> <span class='ocrx_word' id='word_1_218' title='bbox 847 2667 892 2709; x_wconf 84' lang='lat' dir='ltr'><strong>et</strong></span> <span class='ocrx_word' id='word_1_219' title='bbox 919 2659 1138 2726; x_wconf 80' lang='lat' dir='ltr'><strong>fructum</strong></span> <span class='ocrx_word' id='word_1_220' title='bbox 1167 2655 1412 2722; x_wconf 66' lang='lat' dir='ltr'><strong>offeratis,</strong></span> <span class='ocrx_word' id='word_1_221' title='bbox 1444 2665 1490 2708; x_wconf 88' lang='lat' dir='ltr'><strong>et</strong></span> <span class='ocrx_word' id='word_1_222' title='bbox 1509 2655 1702 2724; x_wconf 82' lang='lat' dir='ltr'><strong>fructus</strong></span> <span class='ocrx_word' id='word_1_223' title='bbox 1723 2663 1879 2709; x_wconf 76' lang='lat' dir='ltr'><strong>vester</strong></span> 
     </span>
    </p>
   </div>
   <div class='ocr_carea' id='block_1_27' title="bbox 289 2743 1879 2816">
    <p class='ocr_par' dir='ltr' id='par_1_27' title="bbox 289 2743 1879 2816">
     <span class='ocr_line' id='line_1_27' title="bbox 289 2743 1879 2816; baseline 0.003 -22"><span class='ocrx_word' id='word_1_224' title='bbox 289 2753 490 2796; x_wconf 78' lang='lat' dir='ltr'><strong>maneat</strong></span> <span class='ocrx_word' id='word_1_225' title='bbox 519 2744 696 2814; x_wconf 79' lang='lat' dir='ltr'><strong>(Joan.</strong></span> <span class='ocrx_word' id='word_1_226' title='bbox 727 2759 820 2810; x_wconf 80' lang='lat' dir='ltr'><strong>xv,</strong></span> <span class='ocrx_word' id='word_1_227' title='bbox 865 2747 921 2811; x_wconf 84' lang='lat'><strong>5,</strong></span> <span class='ocrx_word' id='word_1_228' title='bbox 956 2743 1066 2816; x_wconf 68' lang='grc' dir='ltr'><strong>ιδ).</strong></span> <span class='ocrx_word' id='word_1_229' title='bbox 1107 2745 1308 2811; x_wconf 84' lang='lat' dir='ltr'><strong>Quibus</strong></span> <span class='ocrx_word' id='word_1_230' title='bbox 1334 2745 1512 2800; x_wconf 87' lang='lat' dir='ltr'><strong>verbis</strong></span> <span class='ocrx_word' id='word_1_231' title='bbox 1549 2743 1630 2799; x_wconf 91' lang='lat' dir='ltr'><strong>eis</strong></span> <span class='ocrx_word' id='word_1_232' title='bbox 1657 2759 1763 2799; x_wconf 87' lang='lat' dir='ltr'><strong>non</strong></span> <span class='ocrx_word' id='word_1_233' title='bbox 1791 2758 1879 2799; x_wconf 86' lang='lat' dir='ltr'><strong>so-</strong></span> 
     </span>
    </p>
   </div>
   <div class='ocr_carea' id='block_1_28' title="bbox 291 2833 1878 2904">
    <p class='ocr_par' dir='ltr' id='par_1_28' title="bbox 291 2833 1878 2904">
     <span class='ocr_line' id='line_1_28' title="bbox 291 2833 1878 2904; baseline 0.003 -18"><span class='ocrx_word' id='word_1_234' title='bbox 291 2833 399 2886; x_wconf 85' lang='lat' dir='ltr'><strong>lum</strong></span> <span class='ocrx_word' id='word_1_235' title='bbox 423 2833 704 2902; x_wconf 86' lang='lat' dir='ltr'><strong>justitiam,</strong></span> <span class='ocrx_word' id='word_1_236' title='bbox 737 2850 918 2888; x_wconf 89' lang='lat' dir='ltr'><strong>verum</strong></span> <span class='ocrx_word' id='word_1_237' title='bbox 948 2834 1109 2888; x_wconf 88' lang='lat' dir='ltr'><strong>etiam</strong></span> <span class='ocrx_word' id='word_1_238' title='bbox 1139 2835 1189 2888; x_wconf 90' lang='lat' dir='ltr'><strong>in</strong></span> <span class='ocrx_word' id='word_1_239' title='bbox 1220 2835 1308 2890; x_wconf 90' lang='lat' dir='ltr'><strong>illa</strong></span> <span class='ocrx_word' id='word_1_240' title='bbox 1340 2835 1788 2904; x_wconf 87' lang='lat' dir='ltr'><strong>perseverantiam</strong></span> <span class='ocrx_word' id='word_1_241' title='bbox 1820 2849 1878 2890; x_wconf 89' lang='lat' dir='ltr'><strong>se</strong></span> 
     </span>
    </p>
   </div>
   <div class='ocr_carea' id='block_1_29' title="bbox 289 2923 1878 2996">
    <p class='ocr_par' dir='ltr' id='par_1_29' title="bbox 289 2923 1878 2996">
     <span class='ocr_line' id='line_1_29' title="bbox 289 2923 1878 2996; baseline 0.003 -20"><span class='ocrx_word' id='word_1_242' title='bbox 289 2923 502 2978; x_wconf 86' lang='lat' dir='ltr'><strong>dedisse</strong></span> <span class='ocrx_word' id='word_1_243' title='bbox 529 2924 862 2978; x_wconf 85' lang='lat' dir='ltr'><strong>monstravit.</strong></span> <span class='ocrx_word' id='word_1_244' title='bbox 904 2923 1119 2978; x_wconf 90' lang='lat' dir='ltr'><strong>Christo</strong></span> <span class='ocrx_word' id='word_1_245' title='bbox 1145 2924 1287 2978; x_wconf 89' lang='lat' dir='ltr'><strong>enim</strong></span> <span class='ocrx_word' id='word_1_246' title='bbox 1329 2925 1408 2979; x_wconf 88' lang='lat' dir='ltr'><strong>sic</strong></span> <span class='ocrx_word' id='word_1_247' title='bbox 1445 2939 1540 2980; x_wconf 91' lang='lat' dir='ltr'><strong>eos</strong></span> <span class='ocrx_word' id='word_1_248' title='bbox 1565 2935 1795 2996; x_wconf 87' lang='lat' dir='ltr'><strong>ponente</strong></span> <span class='ocrx_word' id='word_1_249' title='bbox 1823 2935 1878 2981; x_wconf 90' lang='lat' dir='ltr'><strong>ut</strong></span> 
     </span>
    </p>
   </div>
   <div class='ocr_carea' id='block_1_30' title="bbox 289 3013 1875 3084">
    <p class='ocr_par' dir='ltr' id='par_1_30' title="bbox 289 3013 1875 3084">
     <span class='ocr_line' id='line_1_30' title="bbox 289 3013 1875 3084; baseline 0.001 -15"><span class='ocrx_word' id='word_1_250' title='bbox 289 3023 436 3084; x_wconf 87' lang='lat' dir='ltr'><strong>eant,</strong></span> <span class='ocrx_word' id='word_1_251' title='bbox 465 3023 520 3070; x_wconf 88' lang='lat' dir='ltr'><strong>et</strong></span> <span class='ocrx_word' id='word_1_252' title='bbox 565 3014 792 3070; x_wconf 88' lang='lat' dir='ltr'><strong>fructum</strong></span> <span class='ocrx_word' id='word_1_253' title='bbox 831 3014 1072 3080; x_wconf 84' lang='lat' dir='ltr'><strong>afferant,</strong></span> <span class='ocrx_word' id='word_1_254' title='bbox 1115 3025 1171 3070; x_wconf 91' lang='lat' dir='ltr'><strong>et</strong></span> <span class='ocrx_word' id='word_1_255' title='bbox 1195 3013 1400 3070; x_wconf 89' lang='lat' dir='ltr'><strong>fructus</strong></span> <span class='ocrx_word' id='word_1_256' title='bbox 1428 3031 1614 3071; x_wconf 89' lang='lat' dir='ltr'><strong>eorum</strong></span> <span class='ocrx_word' id='word_1_257' title='bbox 1643 3028 1875 3084; x_wconf 88' lang='lat' dir='ltr'><strong>maneat,</strong></span> 
     </span>
    </p>
   </div>
   <div class='ocr_carea' id='block_1_31' title="bbox 289 3105 1874 3178">
    <p class='ocr_par' dir='ltr' id='par_1_31' title="bbox 289 3105 1874 3178">
     <span class='ocr_line' id='line_1_31' title="bbox 289 3105 1874 3178; baseline 0.003 -19"><span class='ocrx_word' id='word_1_258' title='bbox 289 3106 409 3175; x_wconf 91' lang='lat' dir='ltr'><strong>quis</strong></span> <span class='ocrx_word' id='word_1_259' title='bbox 449 3105 640 3161; x_wconf 87' lang='lat' dir='ltr'><strong>audeat</strong></span> <span class='ocrx_word' id='word_1_260' title='bbox 669 3105 868 3171; x_wconf 90' lang='lat' dir='ltr'><strong>dicere,</strong></span> <span class='ocrx_word' id='word_1_261' title='bbox 901 3105 1018 3160; x_wconf 78' lang='lat' dir='ltr'><strong>Non</strong></span> <span class='ocrx_word' id='word_1_262' title='bbox 1047 3107 1283 3162; x_wconf 88' lang='lat' dir='ltr'><strong>manebit</strong></span> <span class='ocrx_word' id='word_1_263' title='bbox 1317 3105 1384 3159; x_wconf 67' lang='grc' dir='ltr'><strong>ιτ</strong></span> <span class='ocrx_word' id='word_1_264' title='bbox 1428 3107 1546 3178; x_wconf 85' lang='lat' dir='ltr'><strong>quis</strong></span> <span class='ocrx_word' id='word_1_265' title='bbox 1573 3107 1764 3163; x_wconf 89' lang='lat' dir='ltr'><strong>audeat</strong></span> <span class='ocrx_word' id='word_1_266' title='bbox 1791 3108 1874 3163; x_wconf 89' lang='lat' dir='ltr'><strong>di-</strong></span> 
     </span>
    </p>
   </div>
   <div class='ocr_carea' id='block_1_32' title="bbox 287 3195 1878 3270">
    <p class='ocr_par' dir='ltr' id='par_1_32' title="bbox 287 3195 1878 3270">
     <span class='ocr_line' id='line_1_32' title="bbox 287 3195 1878 3270; baseline 0.001 -17"><span class='ocrx_word' id='word_1_267' title='bbox 287 3213 432 3262; x_wconf 87' lang='lat' dir='ltr'><strong>cere,</strong></span> <span class='ocrx_word' id='word_1_268' title='bbox 462 3197 704 3253; x_wconf 82' lang='lat' dir='ltr'><strong>Forsitan</strong></span> <span class='ocrx_word' id='word_1_269' title='bbox 727 3213 832 3253; x_wconf 91' lang='lat' dir='ltr'><strong>non</strong></span> <span class='ocrx_word' id='word_1_270' title='bbox 856 3195 1120 3254; x_wconf 86' lang='lat' dir='ltr'><strong>manebit?</strong></span> <span class='ocrx_word' id='word_1_271' title='bbox 1150 3199 1274 3254; x_wconf 82' lang='lat' dir='ltr'><strong>Sine</strong></span> <span class='ocrx_word' id='word_1_272' title='bbox 1299 3200 1587 3270; x_wconf 73' lang='lat' dir='ltr'><strong>paenitentia</strong></span> <span class='ocrx_word' id='word_1_273' title='bbox 1613 3209 1728 3254; x_wconf 83' lang='lat' dir='ltr'><strong>sunt</strong></span> <span class='ocrx_word' id='word_1_274' title='bbox 1747 3201 1878 3254; x_wconf 85' lang='lat' dir='ltr'><strong>enim</strong></span> 
     </span>
    </p>
   </div>
   <div class='ocr_carea' id='block_1_33' title="bbox 289 3287 1876 3361">
    <p class='ocr_par' dir='ltr' id='par_1_33' title="bbox 289 3287 1876 3361">
     <span class='ocr_line' id='line_1_33' title="bbox 289 3287 1876 3361; baseline 0.003 -19"><span class='ocrx_word' id='word_1_275' title='bbox 289 3287 426 3342; x_wconf 79' lang='lat' dir='ltr'><strong>dona</strong></span> <span class='ocrx_word' id='word_1_276' title='bbox 450 3297 495 3342; x_wconf 90' lang='lat' dir='ltr'><strong>et</strong></span> <span class='ocrx_word' id='word_1_277' title='bbox 512 3289 704 3342; x_wconf 77' lang='lat' dir='ltr'><strong>vacatio</strong></span> <span class='ocrx_word' id='word_1_278' title='bbox 733 3287 830 3343; x_wconf 91' lang='lat' dir='ltr'><strong>Dei</strong></span> <span class='ocrx_word' id='word_1_279' title='bbox 853 3287 1024 3361; x_wconf 85' lang='lat' dir='ltr'><strong>(Rom.</strong></span> <span class='ocrx_word' id='word_1_280' title='bbox 1056 3289 1246 3359; x_wconf 74' lang='lat' dir='ltr'><strong>xt,29)</strong></span> <span class='ocrx_word' id='word_1_281' title='bbox 1281 3307 1294 3342; x_wconf 91' lang='lat'><strong>:</strong></span> <span class='ocrx_word' id='word_1_282' title='bbox 1327 3289 1422 3344; x_wconf 90' lang='lat' dir='ltr'><strong>sed</strong></span> <span class='ocrx_word' id='word_1_283' title='bbox 1458 3291 1664 3346; x_wconf 90' lang='lat' dir='ltr'><strong>vocatio</strong></span> <span class='ocrx_word' id='word_1_284' title='bbox 1691 3307 1876 3346; x_wconf 89' lang='lat' dir='ltr'><strong>eorum</strong></span> 
     </span>
    </p>
   </div>
   <div class='ocr_carea' id='block_1_34' title="bbox 289 3381 1878 3454">
    <p class='ocr_par' dir='ltr' id='par_1_34' title="bbox 289 3381 1878 3454">
     <span class='ocr_line' id='line_1_34' title="bbox 289 3381 1878 3454; baseline 0.001 -18"><span class='ocrx_word' id='word_1_285' title='bbox 289 3383 378 3452; x_wconf 92' lang='lat' dir='ltr'><strong>qui</strong></span> <span class='ocrx_word' id='word_1_286' title='bbox 405 3381 697 3437; x_wconf 87' lang='lat' dir='ltr'><strong>secundum</strong></span> <span class='ocrx_word' id='word_1_287' title='bbox 727 3383 1059 3452; x_wconf 89' lang='lat' dir='ltr'><strong>propositum</strong></span> <span class='ocrx_word' id='word_1_288' title='bbox 1089 3383 1262 3436; x_wconf 86' lang='lat' dir='ltr'><strong>vocati</strong></span> <span class='ocrx_word' id='word_1_289' title='bbox 1290 3391 1433 3437; x_wconf 87' lang='lat' dir='ltr'><strong>sunt.</strong></span> <span class='ocrx_word' id='word_1_290' title='bbox 1474 3383 1578 3438; x_wconf 85' lang='lat' dir='ltr'><strong>Pro</strong></span> <span class='ocrx_word' id='word_1_291' title='bbox 1608 3382 1691 3438; x_wconf 90' lang='lat' dir='ltr'><strong>bis</strong></span> <span class='ocrx_word' id='word_1_292' title='bbox 1719 3383 1878 3454; x_wconf 79' lang='lat' dir='ltr'><strong>igitur</strong></span> 
     </span>
    </p>
   </div>
   <div class='ocr_carea' id='block_1_35' title="bbox 289 3471 1878 3541">
    <p class='ocr_par' dir='ltr' id='par_1_35' title="bbox 289 3471 1878 3541">
     <span class='ocr_line' id='line_1_35' title="bbox 289 3471 1878 3541; baseline 0.003 -15"><span class='ocrx_word' id='word_1_293' title='bbox 289 3471 663 3541; x_wconf 85' lang='lat' dir='ltr'><strong>interpellante</strong></span> <span class='ocrx_word' id='word_1_294' title='bbox 705 3473 922 3528; x_wconf 74' lang='lat' dir='ltr'><strong>Christo</strong></span> <span class='ocrx_word' id='word_1_295' title='bbox 967 3489 1034 3528; x_wconf 91' lang='lat' dir='ltr'><strong>ne</strong></span> <span class='ocrx_word' id='word_1_296' title='bbox 1076 3473 1290 3528; x_wconf 85' lang='lat' dir='ltr'><strong>deﬁciat</strong></span> <span class='ocrx_word' id='word_1_297' title='bbox 1329 3473 1465 3530; x_wconf 87' lang='lat' dir='ltr'><strong>ﬁdes</strong></span> <span class='ocrx_word' id='word_1_298' title='bbox 1508 3491 1712 3541; x_wconf 87' lang='lat' dir='ltr'><strong>eorum,</strong></span> <span class='ocrx_word' id='word_1_299' title='bbox 1762 3477 1878 3532; x_wconf 91' lang='lat' dir='ltr'><strong>sine</strong></span> 
     </span>
    </p>
   </div>
   <div class='ocr_carea' id='block_1_36' title="bbox 289 3555 1876 3636">
    <p class='ocr_par' dir='ltr' id='par_1_36' title="bbox 289 3555 1876 3636">
     <span class='ocr_line' id='line_1_36' title="bbox 289 3555 1876 3636; baseline 0.004 -20"><span class='ocrx_word' id='word_1_300' title='bbox 289 3561 452 3617; x_wconf 87' lang='lat' dir='ltr'><strong>dttbio</strong></span> <span class='ocrx_word' id='word_1_301' title='bbox 479 3579 586 3618; x_wconf 89' lang='lat' dir='ltr'><strong>non</strong></span> <span class='ocrx_word' id='word_1_302' title='bbox 608 3563 822 3619; x_wconf 88' lang='lat' dir='ltr'><strong>deﬁciet</strong></span> <span class='ocrx_word' id='word_1_303' title='bbox 847 3555 1014 3634; x_wconf 87' lang='lat' dir='ltr'><strong>usque</strong></span> <span class='ocrx_word' id='word_1_304' title='bbox 1041 3565 1092 3618; x_wconf 93' lang='lat' dir='ltr'><strong>iu</strong></span> <span class='ocrx_word' id='word_1_305' title='bbox 1123 3565 1280 3620; x_wconf 89' lang='lat' dir='ltr'><strong>ﬁnem</strong></span> <span class='ocrx_word' id='word_1_306' title='bbox 1311 3583 1324 3619; x_wconf 90' lang='lat'>:</span> <span class='ocrx_word' id='word_1_307' title='bbox 1353 3579 1416 3620; x_wconf 89' lang='lat' dir='ltr'><strong>ac</strong></span> <span class='ocrx_word' id='word_1_308' title='bbox 1447 3581 1540 3635; x_wconf 90' lang='lat' dir='ltr'><strong>per</strong></span> <span class='ocrx_word' id='word_1_309' title='bbox 1567 3567 1671 3622; x_wconf 90' lang='lat' dir='ltr'><strong>hoc</strong></span> <span class='ocrx_word' id='word_1_310' title='bbox 1689 3582 1876 3636; x_wconf 85' lang='lat' dir='ltr'><strong>perse-</strong></span> 
     </span>
    </p>
   </div>
   <div class='ocr_carea' id='block_1_37' title="bbox 291 3653 1880 3724">
    <p class='ocr_par' dir='ltr' id='par_1_37' title="bbox 291 3653 1880 3724">
     <span class='ocr_line' id='line_1_37' title="bbox 291 3653 1880 3724; baseline 0.008 -22"><span class='ocrx_word' id='word_1_311' title='bbox 291 3653 496 3708; x_wconf 77' lang='lat' dir='ltr'><strong>verabit</strong></span> <span class='ocrx_word' id='word_1_312' title='bbox 525 3669 690 3724; x_wconf 88' lang='lat' dir='ltr'><strong>usque</strong></span> <span class='ocrx_word' id='word_1_313' title='bbox 715 3655 768 3710; x_wconf 91' lang='lat' dir='ltr'><strong>in</strong></span> <span class='ocrx_word' id='word_1_314' title='bbox 809 3655 990 3724; x_wconf 85' lang='lat' dir='ltr'><strong>ﬁnem,</strong></span> <span class='ocrx_word' id='word_1_315' title='bbox 1019 3670 1118 3712; x_wconf 89' lang='lat' dir='ltr'><strong>nec</strong></span> <span class='ocrx_word' id='word_1_316' title='bbox 1146 3671 1264 3712; x_wconf 89' lang='lat' dir='ltr'><strong>eam</strong></span> <span class='ocrx_word' id='word_1_317' title='bbox 1297 3657 1395 3711; x_wconf 82' lang='lat' dir='ltr'><strong>nisi</strong></span> <span class='ocrx_word' id='word_1_318' title='bbox 1423 3666 1730 3715; x_wconf 86' lang='lat' dir='ltr'><strong>manentem</strong></span> <span class='ocrx_word' id='word_1_319' title='bbox 1754 3657 1880 3714; x_wconf 67' lang='lat' dir='ltr'><strong>vita</strong></span> 
     </span>
    </p>
   </div>
   <div class='ocr_carea' id='block_1_38' title="bbox 291 3743 920 3812">
    <p class='ocr_par' dir='ltr' id='par_1_38' title="bbox 291 3743 920 3812">
     <span class='ocr_line' id='line_1_38' title="bbox 291 3743 920 3812; baseline 0.008 -16"><span class='ocrx_word' id='word_1_320' title='bbox 291 3743 450 3812; x_wconf 79' lang='lat' dir='ltr'><strong>hujus</strong></span> <span class='ocrx_word' id='word_1_321' title='bbox 475 3743 710 3800; x_wconf 86' lang='lat' dir='ltr'><strong>inveniet</strong></span> <span class='ocrx_word' id='word_1_322' title='bbox 733 3744 754 3776; x_wconf 90' lang='grc'><em>³</em></span> <span class='ocrx_word' id='word_1_323' title='bbox 781 3745 920 3801; x_wconf 87' lang='lat' dir='ltr'><strong>fluis.</strong></span> 
     </span>
    </p>
   </div>
   <div class='ocr_carea' id='block_1_39' title="bbox 361 3835 1880 3914">
    <p class='ocr_par' dir='ltr' id='par_1_39' title="bbox 361 3835 1880 3914">
     <span class='ocr_line' id='line_1_39' title="bbox 361 3835 1880 3914; baseline 0.006 -23"><span class='ocrx_word' id='word_1_324' title='bbox 361 3838 450 3892; x_wconf 79' lang='lat'><strong>35.</strong></span> <span class='ocrx_word' id='word_1_325' title='bbox 491 3836 657 3906; x_wconf 79' lang='lat' dir='ltr'><strong>Major</strong></span> <span class='ocrx_word' id='word_1_326' title='bbox 683 3835 880 3914; x_wconf 86' lang='lat' dir='ltr'><strong>quippe</strong></span> <span class='ocrx_word' id='word_1_327' title='bbox 919 3838 1138 3894; x_wconf 89' lang='lat' dir='ltr'><strong>libertas</strong></span> <span class='ocrx_word' id='word_1_328' title='bbox 1170 3849 1252 3894; x_wconf 89' lang='lat' dir='ltr'><strong>est</strong></span> <span class='ocrx_word' id='word_1_329' title='bbox 1299 3842 1595 3896; x_wconf 76' lang='lat' dir='ltr'><strong>necessaria</strong></span> <span class='ocrx_word' id='word_1_330' title='bbox 1622 3842 1880 3900; x_wconf 87' lang='lat' dir='ltr'><strong>adversus</strong></span> 
     </span>
    </p>
   </div>
   <div class='ocr_carea' id='block_1_40' title="bbox 291 3931 1879 4003">
    <p class='ocr_par' dir='ltr' id='par_1_40' title="bbox 291 3931 1879 4003">
     <span class='ocr_line' id='line_1_40' title="bbox 291 3931 1879 4003; baseline 0.008 -21"><span class='ocrx_word' id='word_1_331' title='bbox 291 3937 369 3983; x_wconf 92' lang='lat' dir='ltr'><strong>tot</strong></span> <span class='ocrx_word' id='word_1_332' title='bbox 393 3937 448 3983; x_wconf 89' lang='lat' dir='ltr'><strong>et</strong></span> <span class='ocrx_word' id='word_1_333' title='bbox 483 3937 654 3986; x_wconf 86' lang='lat' dir='ltr'><strong>tantas</strong></span> <span class='ocrx_word' id='word_1_334' title='bbox 701 3931 1021 3986; x_wconf 88' lang='lat' dir='ltr'><strong>tentationes</strong></span> <span class='ocrx_word' id='word_1_335' title='bbox 1047 3931 1090 3992; x_wconf 73' lang='grc'><strong>⁵.</strong></span> <span class='ocrx_word' id='word_1_336' title='bbox 1133 3949 1252 4002; x_wconf 78' lang='lat' dir='ltr'><strong>qua:</strong></span> <span class='ocrx_word' id='word_1_337' title='bbox 1282 3934 1334 3987; x_wconf 90' lang='lat' dir='ltr'><strong>in</strong></span> <span class='ocrx_word' id='word_1_338' title='bbox 1365 3937 1608 4003; x_wconf 85' lang='lat' dir='ltr'><strong>paradiso</strong></span> <span class='ocrx_word' id='word_1_339' title='bbox 1631 3953 1736 3992; x_wconf 88' lang='lat' dir='ltr'><strong>non</strong></span> <span class='ocrx_word' id='word_1_340' title='bbox 1763 3937 1879 3994; x_wconf 90' lang='lat' dir='ltr'><strong>fue-</strong></span> 
     </span>
    </p>
   </div>
   <div class='ocr_carea' id='block_1_41' title="bbox 291 4019 1880 4096">
    <p class='ocr_par' dir='ltr' id='par_1_41' title="bbox 291 4019 1880 4096">
     <span class='ocr_line' id='line_1_41' title="bbox 291 4019 1880 4096; baseline 0.009 -24"><span class='ocrx_word' id='word_1_341' title='bbox 291 4028 436 4086; x_wconf 89' lang='lat' dir='ltr'><strong>runt,</strong></span> <span class='ocrx_word' id='word_1_342' title='bbox 478 4019 620 4074; x_wconf 89' lang='lat' dir='ltr'><strong>dono</strong></span> <span class='ocrx_word' id='word_1_343' title='bbox 669 4021 1077 4090; x_wconf 77' lang='lat' dir='ltr'><strong>perseverantiae</strong></span> <span class='ocrx_word' id='word_1_344' title='bbox 1120 4025 1319 4078; x_wconf 88' lang='lat' dir='ltr'><strong>munita</strong></span> <span class='ocrx_word' id='word_1_345' title='bbox 1363 4035 1520 4095; x_wconf 91' lang='lat' dir='ltr'><strong>atque</strong></span> <span class='ocrx_word' id='word_1_346' title='bbox 1557 4027 1788 4096; x_wconf 85' lang='lat' dir='ltr'><strong>ﬁrmata,</strong></span> <span class='ocrx_word' id='word_1_347' title='bbox 1824 4039 1880 4086; x_wconf 89' lang='lat' dir='ltr'><strong>ut</strong></span> 
     </span>
    </p>
   </div>
   <div class='ocr_carea' id='block_1_42' title="bbox 290 4111 1879 4178">
    <p class='ocr_par' dir='ltr' id='par_1_42' title="bbox 290 4111 1879 4178">
     <span class='ocr_line' id='line_1_42' title="bbox 290 4111 1879 4178; baseline 0.008 -14"><span class='ocrx_word' id='word_1_348' title='bbox 290 4125 413 4164; x_wconf 90' lang='lat' dir='ltr'><strong>eum</strong></span> <span class='ocrx_word' id='word_1_349' title='bbox 451 4111 699 4166; x_wconf 87' lang='lat' dir='ltr'><strong>omnibus</strong></span> <span class='ocrx_word' id='word_1_350' title='bbox 743 4112 1036 4176; x_wconf 87' lang='lat' dir='ltr'><strong>amoribus,</strong></span> <span class='ocrx_word' id='word_1_351' title='bbox 1085 4115 1408 4178; x_wconf 88' lang='lat' dir='ltr'><strong>terroribus,</strong></span> <span class='ocrx_word' id='word_1_352' title='bbox 1456 4119 1727 4175; x_wconf 88' lang='lat' dir='ltr'><strong>erroribus</strong></span> <span class='ocrx_word' id='word_1_353' title='bbox 1767 4123 1879 4177; x_wconf 90' lang='lat' dir='ltr'><strong>suis</strong></span> 
     </span>
    </p>
   </div>
   <div class='ocr_carea' id='block_1_43' title="bbox 291 4203 1878 4281">
    <p class='ocr_par' dir='ltr' id='par_1_43' title="bbox 291 4203 1878 4281">
     <span class='ocr_line' id='line_1_43' title="bbox 291 4203 1878 4281; baseline 0.009 -27"><span class='ocrx_word' id='word_1_354' title='bbox 291 4204 530 4258; x_wconf 82' lang='lat' dir='ltr'><strong>vincatur</strong></span> <span class='ocrx_word' id='word_1_355' title='bbox 571 4203 655 4258; x_wconf 91' lang='lat' dir='ltr'><strong>hic</strong></span> <span class='ocrx_word' id='word_1_356' title='bbox 685 4203 912 4258; x_wconf 87' lang='lat' dir='ltr'><strong>mundus</strong></span> <span class='ocrx_word' id='word_1_357' title='bbox 944 4221 958 4258; x_wconf 92' lang='lat'>:</span> <span class='ocrx_word' id='word_1_358' title='bbox 990 4205 1091 4260; x_wconf 91' lang='lat' dir='ltr'><strong>hoc</strong></span> <span class='ocrx_word' id='word_1_359' title='bbox 1132 4215 1437 4262; x_wconf 89' lang='lat' dir='ltr'><strong>sanctorum</strong></span> <span class='ocrx_word' id='word_1_360' title='bbox 1485 4214 1736 4281; x_wconf 70' lang='lat' dir='ltr'><strong>martyrio</strong></span> <span class='ocrx_word' id='word_1_361' title='bbox 1782 4211 1878 4268; x_wconf 83' lang='lat' dir='ltr'><strong>do-</strong></span> 
     </span>
    </p>
   </div>
   <div class='ocr_carea' id='block_1_44' title="bbox 289 4294 1878 4373">
    <p class='ocr_par' dir='ltr' id='par_1_44' title="bbox 289 4294 1878 4373">
     <span class='ocr_line' id='line_1_44' title="bbox 289 4294 1878 4373; baseline 0.007 -25"><span class='ocrx_word' id='word_1_362' title='bbox 289 4303 534 4348; x_wconf 85' lang='lat' dir='ltr'><strong>cuerunt.</strong></span> <span class='ocrx_word' id='word_1_363' title='bbox 566 4294 799 4362; x_wconf 91' lang='lat' dir='ltr'><strong>Denique</strong></span> <span class='ocrx_word' id='word_1_364' title='bbox 821 4295 912 4350; x_wconf 90' lang='lat' dir='ltr'><strong>ille</strong></span> <span class='ocrx_word' id='word_1_365' title='bbox 938 4294 1016 4366; x_wconf 90' lang='lat' dir='ltr'><strong>(a)</strong></span> <span class='ocrx_word' id='word_1_366' title='bbox 1045 4305 1098 4351; x_wconf 91' lang='lat' dir='ltr'><strong>et</strong></span> <span class='ocrx_word' id='word_1_367' title='bbox 1135 4305 1366 4352; x_wconf 88' lang='lat' dir='ltr'><strong>terrente</strong></span> <span class='ocrx_word' id='word_1_368' title='bbox 1386 4299 1553 4366; x_wconf 66' lang='lat' dir='ltr'><strong>nuilo,</strong></span> <span class='ocrx_word' id='word_1_369' title='bbox 1587 4311 1636 4354; x_wconf 92' lang='lat' dir='ltr'><strong>ct</strong></span> <span class='ocrx_word' id='word_1_370' title='bbox 1661 4301 1878 4373; x_wconf 89' lang='lat' dir='ltr'><strong>insuper</strong></span> 
     </span>
    </p>
   </div>
   <div class='ocr_carea' id='block_1_45' title="bbox 288 4383 1872 4458">
    <p class='ocr_par' dir='ltr' id='par_1_45' title="bbox 288 4383 1872 4458">
     <span class='ocr_line' id='line_1_45' title="bbox 288 4383 1872 4458; baseline 0.006 -20"><span class='ocrx_word' id='word_1_371' title='bbox 288 4396 472 4438; x_wconf 87' lang='lat' dir='ltr'><strong>centra</strong></span> <span class='ocrx_word' id='word_1_372' title='bbox 521 4383 610 4438; x_wconf 89' lang='lat' dir='ltr'><strong>Dei</strong></span> <span class='ocrx_word' id='word_1_373' title='bbox 657 4385 904 4439; x_wconf 89' lang='lat' dir='ltr'><strong>terrentis</strong></span> <span class='ocrx_word' id='word_1_374' title='bbox 935 4384 1212 4454; x_wconf 89' lang='lat' dir='ltr'><strong>imperium</strong></span> <span class='ocrx_word' id='word_1_375' title='bbox 1257 4386 1426 4443; x_wconf 87' lang='lat' dir='ltr'><strong>libero</strong></span> <span class='ocrx_word' id='word_1_376' title='bbox 1454 4405 1578 4443; x_wconf 84' lang='lat' dir='ltr'><strong>usus</strong></span> <span class='ocrx_word' id='word_1_377' title='bbox 1615 4391 1872 4458; x_wconf 88' lang='lat' dir='ltr'><strong>arbitrio,</strong></span> 
     </span>
    </p>
   </div>
   <div class='ocr_carea' id='block_1_46' title="bbox 291 4473 1876 4552">
    <p class='ocr_par' dir='ltr' id='par_1_46' title="bbox 291 4473 1876 4552">
     <span class='ocr_line' id='line_1_46' title="bbox 291 4473 1876 4552; baseline 0.006 -24"><span class='ocrx_word' id='word_1_378' title='bbox 291 4491 394 4528; x_wconf 78' lang='lat' dir='ltr'><strong>mn</strong></span> <span class='ocrx_word' id='word_1_379' title='bbox 425 4473 569 4528; x_wconf 80' lang='lat' dir='ltr'><strong>stetit</strong></span> <span class='ocrx_word' id='word_1_380' title='bbox 599 4475 652 4528; x_wconf 91' lang='lat' dir='ltr'><strong>in</strong></span> <span class='ocrx_word' id='word_1_381' title='bbox 698 4483 840 4530; x_wconf 88' lang='lat' dir='ltr'><strong>tanta</strong></span> <span class='ocrx_word' id='word_1_382' title='bbox 871 4474 1141 4542; x_wconf 82' lang='lat' dir='ltr'><strong>felicitate,</strong></span> <span class='ocrx_word' id='word_1_383' title='bbox 1187 4475 1238 4530; x_wconf 92' lang='lat' dir='ltr'><strong>in</strong></span> <span class='ocrx_word' id='word_1_384' title='bbox 1283 4487 1424 4532; x_wconf 91' lang='lat' dir='ltr'><strong>tanta</strong></span> <span class='ocrx_word' id='word_1_385' title='bbox 1470 4495 1574 4534; x_wconf 91' lang='lat' dir='ltr'><strong>non</strong></span> <span class='ocrx_word' id='word_1_386' title='bbox 1621 4483 1876 4552; x_wconf 86' lang='lat' dir='ltr'><strong>peccandi</strong></span> 
     </span>
    </p>
   </div>
   <div class='ocr_carea' id='block_1_47' title="bbox 289 4563 1874 4636">
    <p class='ocr_par' dir='ltr' id='par_1_47' title="bbox 289 4563 1874 4636">
     <span class='ocr_line' id='line_1_47' title="bbox 289 4563 1874 4636; baseline 0.006 -20"><span class='ocrx_word' id='word_1_387' title='bbox 289 4563 538 4618; x_wconf 77' lang='lat' dir='ltr'><strong>facilitate</strong></span> <span class='ocrx_word' id='word_1_388' title='bbox 565 4583 580 4618; x_wconf 86' lang='lat'><strong>:</strong></span> <span class='ocrx_word' id='word_1_389' title='bbox 613 4563 698 4618; x_wconf 86' lang='lat' dir='ltr'><strong>isti</strong></span> <span class='ocrx_word' id='word_1_390' title='bbox 725 4573 923 4630; x_wconf 89' lang='lat' dir='ltr'><strong>autem,</strong></span> <span class='ocrx_word' id='word_1_391' title='bbox 957 4579 1062 4618; x_wconf 90' lang='lat' dir='ltr'><strong>non</strong></span> <span class='ocrx_word' id='word_1_392' title='bbox 1103 4564 1223 4620; x_wconf 84' lang='lat' dir='ltr'><strong>dtco</strong></span> <span class='ocrx_word' id='word_1_393' title='bbox 1269 4573 1502 4624; x_wconf 85' lang='lat' dir='ltr'><strong>terrente</strong></span> <span class='ocrx_word' id='word_1_394' title='bbox 1531 4569 1748 4636; x_wconf 88' lang='lat' dir='ltr'><strong>mundo,</strong></span> <span class='ocrx_word' id='word_1_395' title='bbox 1779 4571 1874 4626; x_wconf 87' lang='lat' dir='ltr'><strong>sed</strong></span> 
     </span>
    </p>
   </div>
   <div class='ocr_carea' id='block_1_48' title="bbox 287 4654 1876 4720">
    <p class='ocr_par' dir='ltr' id='par_1_48' title="bbox 287 4654 1876 4720">
     <span class='ocr_line' id='line_1_48' title="bbox 287 4654 1876 4720; baseline 0.006 -14"><span class='ocrx_word' id='word_1_396' title='bbox 287 4654 540 4707; x_wconf 75' lang='lat' dir='ltr'><strong>szeviente</strong></span> <span class='ocrx_word' id='word_1_397' title='bbox 583 4669 652 4709; x_wconf 90' lang='lat' dir='ltr'><strong>ne</strong></span> <span class='ocrx_word' id='word_1_398' title='bbox 692 4661 912 4720; x_wconf 85' lang='lat' dir='ltr'><strong>starent,</strong></span> <span class='ocrx_word' id='word_1_399' title='bbox 945 4663 1206 4710; x_wconf 88' lang='lat' dir='ltr'><strong>steterunt</strong></span> <span class='ocrx_word' id='word_1_400' title='bbox 1244 4657 1296 4711; x_wconf 91' lang='lat' dir='ltr'><strong>in</strong></span> <span class='ocrx_word' id='word_1_401' title='bbox 1343 4655 1482 4718; x_wconf 85' lang='lat' dir='ltr'><strong>ﬁde;</strong></span> <span class='ocrx_word' id='word_1_402' title='bbox 1513 4673 1634 4712; x_wconf 87' lang='lat' dir='ltr'><strong>cum</strong></span> <span class='ocrx_word' id='word_1_403' title='bbox 1671 4660 1876 4716; x_wconf 86' lang='lat' dir='ltr'><strong>videret</strong></span> 
     </span>
    </p>
   </div>
   <div class='ocr_carea' id='block_1_49' title="bbox 287 4743 1874 4816">
    <p class='ocr_par' dir='ltr' id='par_1_49' title="bbox 287 4743 1874 4816">
     <span class='ocr_line' id='line_1_49' title="bbox 287 4743 1874 4816; baseline 0.006 -18"><span class='ocrx_word' id='word_1_404' title='bbox 287 4743 378 4798; x_wconf 88' lang='lat' dir='ltr'><strong>ille</strong></span> <span class='ocrx_word' id='word_1_405' title='bbox 417 4745 554 4798; x_wconf 89' lang='lat' dir='ltr'><strong>bona</strong></span> <span class='ocrx_word' id='word_1_406' title='bbox 581 4745 860 4814; x_wconf 65' lang='lat' dir='ltr'><strong>prmsentia</strong></span> <span class='ocrx_word' id='word_1_407' title='bbox 889 4759 1006 4815; x_wconf 74' lang='lat' dir='ltr'><strong>quan</strong></span> <span class='ocrx_word' id='word_1_408' title='bbox 1033 4743 1204 4801; x_wconf 81' lang='lat' dir='ltr'><strong>fuerat</strong></span> <span class='ocrx_word' id='word_1_409' title='bbox 1239 4747 1542 4816; x_wconf 86' lang='lat' dir='ltr'><strong>relicturus,</strong></span> <span class='ocrx_word' id='word_1_410' title='bbox 1587 4749 1672 4804; x_wconf 77' lang='lat' dir='ltr'><strong>isti</strong></span> <span class='ocrx_word' id='word_1_411' title='bbox 1699 4751 1874 4808; x_wconf 86' lang='lat' dir='ltr'><strong>futura</strong></span> 
     </span>
    </p>
   </div>
   <div class='ocr_carea' id='block_1_50' title="bbox 285 4833 1872 4908">
    <p class='ocr_par' dir='ltr' id='par_1_50' title="bbox 285 4833 1872 4908">
     <span class='ocr_line' id='line_1_50' title="bbox 285 4833 1872 4908; baseline 0.008 -23"><span class='ocrx_word' id='word_1_412' title='bbox 285 4833 704 4904; x_wconf 17' lang='lat' dir='ltr'><strong>qumlacccpturi</strong></span> <span class='ocrx_word' id='word_1_413' title='bbox 732 4835 942 4890; x_wconf 89' lang='lat' dir='ltr'><strong>fuerant</strong></span> <span class='ocrx_word' id='word_1_414' title='bbox 970 4851 1075 4892; x_wconf 90' lang='lat' dir='ltr'><strong>non</strong></span> <span class='ocrx_word' id='word_1_415' title='bbox 1105 4837 1364 4894; x_wconf 88' lang='lat' dir='ltr'><strong>viderent.</strong></span> <span class='ocrx_word' id='word_1_416' title='bbox 1410 4839 1562 4896; x_wconf 89' lang='lat' dir='ltr'><strong>Unde</strong></span> <span class='ocrx_word' id='word_1_417' title='bbox 1601 4841 1724 4908; x_wconf 87' lang='lat' dir='ltr'><strong>hoc,</strong></span> <span class='ocrx_word' id='word_1_418' title='bbox 1770 4842 1872 4898; x_wconf 84' lang='lat' dir='ltr'><strong>nisi</strong></span> 
     </span>
    </p>
   </div>
   <div class='ocr_carea' id='block_1_51' title="bbox 285 4927 1874 5000">
    <p class='ocr_par' dir='ltr' id='par_1_51' title="bbox 285 4927 1874 5000">
     <span class='ocr_line' id='line_1_51' title="bbox 285 4927 1874 5000; baseline 0.008 -21"><span class='ocrx_word' id='word_1_419' title='bbox 285 4927 518 4984; x_wconf 85' lang='lat' dir='ltr'><strong>donante</strong></span> <span class='ocrx_word' id='word_1_420' title='bbox 555 4927 665 4994; x_wconf 91' lang='lat' dir='ltr'><strong>illo,</strong></span> <span class='ocrx_word' id='word_1_421' title='bbox 695 4943 724 4982; x_wconf 88' lang='lat' dir='ltr'><strong>a</strong></span> <span class='ocrx_word' id='word_1_422' title='bbox 763 4943 870 5000; x_wconf 91' lang='lat' dir='ltr'><strong>quo</strong></span> <span class='ocrx_word' id='word_1_423' title='bbox 899 4928 1315 4985; x_wconf 88' lang='lat' dir='ltr'><strong>misericordiam</strong></span> <span class='ocrx_word' id='word_1_424' title='bbox 1341 4935 1614 4989; x_wconf 87' lang='lat' dir='ltr'><strong>consecuti</strong></span> <span class='ocrx_word' id='word_1_425' title='bbox 1649 4943 1774 4990; x_wconf 89' lang='lat' dir='ltr'><strong>sunt</strong></span> <span class='ocrx_word' id='word_1_426' title='bbox 1815 4945 1874 4992; x_wconf 91' lang='lat' dir='ltr'><strong>ut</strong></span> 
     </span>
    </p>
   </div>
   <div class='ocr_carea' id='block_1_52' title="bbox 287 5017 1871 5096">
    <p class='ocr_par' dir='ltr' id='par_1_52' title="bbox 287 5017 1871 5096">
     <span class='ocr_line' id='line_1_52' title="bbox 287 5017 1871 5096; baseline 0.005 -24"><span class='ocrx_word' id='word_1_427' title='bbox 287 5017 474 5074; x_wconf 83' lang='lat' dir='ltr'><strong>fideles</strong></span> <span class='ocrx_word' id='word_1_428' title='bbox 501 5027 680 5076; x_wconf 89' lang='lat' dir='ltr'><strong>essent</strong></span> <span class='ocrx_word' id='word_1_429' title='bbox 706 5019 748 5091; x_wconf 91' lang='grc' dir='ltr'><strong>(ι</strong></span> <span class='ocrx_word' id='word_1_430' title='bbox 786 5017 906 5074; x_wconf 85' lang='lat' dir='ltr'><strong>Cor.</strong></span> <span class='ocrx_word' id='word_1_431' title='bbox 938 5035 1027 5086; x_wconf 91' lang='lat' dir='ltr'><strong>vn,</strong></span> <span class='ocrx_word' id='word_1_432' title='bbox 1055 5021 1174 5091; x_wconf 68' lang='lat'><strong>25),</strong></span> <span class='ocrx_word' id='word_1_433' title='bbox 1205 5037 1234 5075; x_wconf 87' lang='lat' dir='ltr'><strong>a</strong></span> <span class='ocrx_word' id='word_1_434' title='bbox 1269 5037 1376 5092; x_wconf 88' lang='lat' dir='ltr'><strong>quo</strong></span> <span class='ocrx_word' id='word_1_435' title='bbox 1397 5035 1718 5096; x_wconf 88' lang='lat' dir='ltr'><strong>acceperunt</strong></span> <span class='ocrx_word' id='word_1_436' title='bbox 1757 5031 1871 5096; x_wconf 85' lang='lat' dir='ltr'><strong>spt-</strong></span> 
     </span>
    </p>
   </div>
   <div class='ocr_carea' id='block_1_53' title="bbox 285 5109 1868 5185">
    <p class='ocr_par' dir='ltr' id='par_1_53' title="bbox 285 5109 1868 5185">
     <span class='ocr_line' id='line_1_53' title="bbox 285 5109 1868 5185; baseline 0.006 -21"><span class='ocrx_word' id='word_1_437' title='bbox 285 5109 468 5174; x_wconf 86' lang='lat' dir='ltr'><strong>ritum,</strong></span> <span class='ocrx_word' id='word_1_438' title='bbox 498 5125 602 5164; x_wconf 89' lang='lat' dir='ltr'><strong>non</strong></span> <span class='ocrx_word' id='word_1_439' title='bbox 635 5111 858 5176; x_wconf 89' lang='lat' dir='ltr'><strong>timoris,</strong></span> <span class='ocrx_word' id='word_1_440' title='bbox 890 5125 996 5180; x_wconf 87' lang='lat' dir='ltr'><strong>quo</strong></span> <span class='ocrx_word' id='word_1_441' title='bbox 1019 5113 1462 5182; x_wconf 84' lang='lat' dir='ltr'><strong>persequentibus</strong></span> <span class='ocrx_word' id='word_1_442' title='bbox 1481 5116 1756 5185; x_wconf 89' lang='lat' dir='ltr'><strong>cederent,</strong></span> <span class='ocrx_word' id='word_1_443' title='bbox 1773 5117 1868 5174; x_wconf 77' lang='lat' dir='ltr'><strong>sed</strong></span> 
     </span>
    </p>
   </div>
   <div class='ocr_carea' id='block_1_54' title="bbox 348 5239 1870 5302">
    <p class='ocr_par' dir='ltr' id='par_1_54' title="bbox 348 5239 1870 5302">
     <span class='ocr_line' id='line_1_54' title="bbox 348 5239 1870 5302; baseline 0.01 -16"><span class='ocrx_word' id='word_1_444' title='bbox 348 5241 366 5273; x_wconf 77' lang='grc' dir='ltr'>ί</span> <span class='ocrx_word' id='word_1_445' title='bbox 401 5239 540 5302; x_wconf 65' lang='lat' dir='ltr'><strong>aditi,</strong></span> <span class='ocrx_word' id='word_1_446' title='bbox 563 5251 658 5290; x_wconf 77' lang='lat' dir='ltr'><strong>non</strong></span> <span class='ocrx_word' id='word_1_447' title='bbox 673 5245 858 5302; x_wconf 76' lang='lat' dir='ltr'><strong>tantum</strong></span> <span class='ocrx_word' id='word_1_448' title='bbox 885 5239 994 5291; x_wconf 85' lang='lat' dir='ltr'><strong>tale.</strong></span> <span class='ocrx_word' id='word_1_449' title='bbox 1029 5243 1194 5302; x_wconf 81' lang='lat' dir='ltr'><strong>Abest,</strong></span> <span class='ocrx_word' id='word_1_450' title='bbox 1218 5249 1420 5302; x_wconf 84' lang='lat' dir='ltr'><strong>tantum,</strong></span> <span class='ocrx_word' id='word_1_451' title='bbox 1458 5257 1486 5296; x_wconf 86' lang='lat' dir='ltr'><strong>a</strong></span> <span class='ocrx_word' id='word_1_452' title='bbox 1509 5251 1870 5301; x_wconf 84' lang='lat' dir='ltr'><strong>Lovaniensium</strong></span> 
     </span>
    </p>
   </div>
   <div class='ocr_carea' id='block_1_55' title="bbox 281 5299 1871 5376">
    <p class='ocr_par' dir='ltr' id='par_1_55' title="bbox 281 5299 1871 5376">
     <span class='ocr_line' id='line_1_55' title="bbox 281 5299 1871 5376; baseline 0.008 -25"><span class='ocrx_word' id='word_1_453' title='bbox 411 5299 643 5376; x_wconf 55' lang='grc' dir='ltr'><strong>Ιξςξιξςίεἰε,Δ</strong></span> <span class='ocrx_word' id='word_1_454' title='bbox 652 5301 786 5376; x_wconf 75' lang='lat' dir='ltr'><strong>nullo</strong></span> <span class='ocrx_word' id='word_1_455' title='bbox 809 5309 1037 5376; x_wconf 64' lang='lat' dir='ltr'><strong>excepto,</strong></span> <span class='ocrx_word' id='word_1_456' title='bbox 1055 5317 1084 5353; x_wconf 87' lang='lat' dir='ltr'><strong>a</strong></span> <span class='ocrx_word' id='word_1_457' title='bbox 1105 5299 1338 5376; x_wconf 68' lang='lat' dir='ltr'><strong>Vaticanis</strong></span> <span class='ocrx_word' id='word_1_458' title='bbox 1353 5299 1494 5376; x_wconf 61' lang='lat' dir='ltr'><strong>nova:</strong></span> <span class='ocrx_word' id='word_1_459' title='bbox 1513 5309 1740 5376; x_wconf 74' lang='lat' dir='ltr'><strong>editionis</strong></span> <span class='ocrx_word' id='word_1_460' title='bbox 1754 5299 1871 5376; x_wconf 50' lang='lat' dir='ltr'><strong>ara;</strong></span> 
     </span>
    </p>
   </div>
   <div class='ocr_carea' id='block_1_56' title="bbox 283 5361 1568 5430">
    <p class='ocr_par' dir='ltr' id='par_1_56' title="bbox 283 5361 1568 5430">
     <span class='ocr_line' id='line_1_56' title="bbox 283 5361 1568 5430; baseline 0.006 -18"><span class='ocrx_word' id='word_1_461' title='bbox 283 5361 582 5430; x_wconf 74' lang='lat' dir='ltr'><strong>tia_collatis,_</strong></span> <span class='ocrx_word' id='word_1_462' title='bbox 599 5371 650 5430; x_wconf 82' lang='lat' dir='ltr'><strong>et</strong></span> <span class='ocrx_word' id='word_1_463' title='bbox 671 5365 734 5412; x_wconf 83' lang='lat' dir='ltr'><strong>ab</strong></span> <span class='ocrx_word' id='word_1_464' title='bbox 764 5361 988 5414; x_wconf 77' lang='lat' dir='ltr'><strong>omnibus</strong></span> <span class='ocrx_word' id='word_1_465' title='bbox 1008 5361 1130 5430; x_wconf 81' lang='lat' dir='ltr'><strong>quos</strong></span> <span class='ocrx_word' id='word_1_466' title='bbox 1152 5367 1353 5430; x_wconf 80' lang='lat' dir='ltr'><strong>vidimus</strong></span> <span class='ocrx_word' id='word_1_467' title='bbox 1367 5367 1568 5420; x_wconf 82' lang='lat' dir='ltr'><strong>Gallicis.</strong></span> 
     </span>
    </p>
   </div>
   <div class='ocr_carea' id='block_1_57' title="bbox 348 5427 1872 5492">
    <p class='ocr_par' dir='ltr' id='par_1_57' title="bbox 348 5427 1872 5492">
     <span class='ocr_line' id='line_1_57' title="bbox 348 5427 1872 5492; baseline 0.009 -18"><span class='ocrx_word' id='word_1_468' title='bbox 348 5427 368 5492; x_wconf 61' lang='grc' dir='ltr'><strong>ξ</strong></span> <span class='ocrx_word' id='word_1_469' title='bbox 402 5427 622 5492; x_wconf 65' lang='lat' dir='ltr'><strong>Hicetliti</strong></span> <span class='ocrx_word' id='word_1_470' title='bbox 648 5427 1075 5488; x_wconf 54' lang='lat' dir='ltr'><strong>praetereuntﬁu&#39;is</strong></span> <span class='ocrx_word' id='word_1_471' title='bbox 1094 5429 1270 5480; x_wconf 79' lang='lat' dir='ltr'><strong>audeat</strong></span> <span class='ocrx_word' id='word_1_472' title='bbox 1293 5429 1474 5492; x_wconf 79' lang='lat' dir='ltr'><strong>dicere,</strong></span> <span class='ocrx_word' id='word_1_473' title='bbox 1501 5439 1602 5484; x_wconf 80' lang='lat' dir='ltr'><strong>tt&#39;on</strong></span> <span class='ocrx_word' id='word_1_474' title='bbox 1623 5433 1826 5486; x_wconf 83' lang='lat' dir='ltr'><strong>manebit</strong></span> <span class='ocrx_word' id='word_1_475' title='bbox 1845 5434 1872 5486; x_wconf 80' lang='lat'><strong>.’</strong></span> 
     </span>
    </p>
   </div>
   <div class='ocr_carea' id='block_1_58' title="bbox 281 5487 1034 5551">
    <p class='ocr_par' dir='ltr' id='par_1_58' title="bbox 281 5487 1034 5551">
     <span class='ocr_line' id='line_1_58' title="bbox 281 5487 1034 5551; baseline 0.004 -17"><span class='ocrx_word' id='word_1_476' title='bbox 281 5487 471 5551; x_wconf 77' lang='lat' dir='ltr'><strong>Habent</strong></span> <span class='ocrx_word' id='word_1_477' title='bbox 493 5487 542 5535; x_wconf 87' lang='lat' dir='ltr'><strong>id</strong></span> <span class='ocrx_word' id='word_1_478' title='bbox 565 5487 738 5536; x_wconf 76' lang='lat' dir='ltr'><strong>claues</strong></span> <span class='ocrx_word' id='word_1_479' title='bbox 755 5499 906 5551; x_wconf 81' lang='lat' dir='ltr'><strong>prope</strong></span> 
     </span>
    </p>
   </div>
   <div class='ocr_carea' id='block_1_59' title="bbox 345 5547 1048 5609">
    <p class='ocr_par' dir='ltr' id='par_1_59' title="bbox 345 5547 1048 5609">
     <span class='ocr_line' id='line_1_59' title="bbox 345 5547 1048 5609; baseline 0.007 -14"><span class='ocrx_word' id='word_1_480' title='bbox 345 5549 368 5580; x_wconf 81' lang='grc'><strong><em>³</em></strong></span> <span class='ocrx_word' id='word_1_481' title='bbox 401 5555 500 5597; x_wconf 79' lang='lat' dir='ltr'><strong>Am.</strong></span> <span class='ocrx_word' id='word_1_482' title='bbox 527 5555 600 5596; x_wconf 83' lang='lat' dir='ltr'><strong>Er.</strong></span> <span class='ocrx_word' id='word_1_483' title='bbox 627 5556 678 5598; x_wconf 90' lang='lat' dir='ltr'><strong>et</strong></span> <span class='ocrx_word' id='word_1_484' title='bbox 699 5547 1048 5609; x_wconf 61' lang='grc' dir='ltr'><strong>Μέςηῖηυεηὲε.</strong></span> 
     </span>
    </p>
   </div>
   <div class='ocr_carea' id='block_1_60' title="bbox 280 5609 1869 5723">
    <p class='ocr_par' dir='ltr' id='par_1_60' title="bbox 280 5609 1869 5723">
     <span class='ocr_line' id='line_1_60' title="bbox 280 5609 1869 5723; baseline 0.014 -69"><span class='ocrx_word' id='word_1_485' title='bbox 280 5609 704 5723; x_wconf 57' lang='lat' dir='ltr'><strong>‘uctirbeiensis</strong></span> <span class='ocrx_word' id='word_1_486' title='bbox 725 5619 828 5671; x_wconf 75' lang='lat' dir='ltr'><strong>Ms.,</strong></span> <span class='ocrx_word' id='word_1_487' title='bbox 854 5613 1142 5676; x_wconf 83' lang='lat' dir='ltr'><strong>necessaria,</strong></span> <span class='ocrx_word' id='word_1_488' title='bbox 1164 5622 1210 5667; x_wconf 92' lang='lat' dir='ltr'><strong>et</strong></span> <span class='ocrx_word' id='word_1_489' title='bbox 1231 5615 1354 5668; x_wconf 78' lang='lat' dir='ltr'><strong>inter</strong></span> <span class='ocrx_word' id='word_1_490' title='bbox 1391 5621 1457 5668; x_wconf 86' lang='lat' dir='ltr'><strong>tot</strong></span> <span class='ocrx_word' id='word_1_491' title='bbox 1479 5624 1525 5670; x_wconf 84' lang='lat' dir='ltr'><strong>et</strong></span> <span class='ocrx_word' id='word_1_492' title='bbox 1541 5625 1697 5674; x_wconf 85' lang='lat' dir='ltr'><strong>tantas</strong></span> <span class='ocrx_word' id='word_1_493' title='bbox 1721 5626 1869 5674; x_wconf 81' lang='lat' dir='ltr'><strong>lenta-</strong></span> 
     </span>
    </p>
   </div>
   <div class='ocr_carea' id='block_1_61' title="bbox 343 5755 811 5817">
    <p class='ocr_par' dir='ltr' id='par_1_61' title="bbox 343 5755 811 5817">
     <span class='ocr_line' id='line_1_61' title="bbox 343 5755 811 5817; baseline 0.006 -15"><span class='ocrx_word' id='word_1_494' title='bbox 343 5755 416 5817; x_wconf 84' lang='lat' dir='ltr'><strong>(a)</strong></span> <span class='ocrx_word' id='word_1_495' title='bbox 449 5755 494 5804; x_wconf 84' lang='lat' dir='ltr'><strong>Id</strong></span> <span class='ocrx_word' id='word_1_496' title='bbox 520 5761 614 5816; x_wconf 85' lang='lat' dir='ltr'><strong>est,</strong></span> <span class='ocrx_word' id='word_1_497' title='bbox 639 5755 811 5807; x_wconf 70' lang='lat' dir='ltr'><strong>Adam.</strong></span> 
     </span>
    </p>
   </div>
   <div class='ocr_carea' id='block_1_62' title="bbox 518 5833 1040 5904">
    <p class='ocr_par' dir='ltr' id='par_1_62' title="bbox 518 5833 1040 5904">
     <span class='ocr_line' id='line_1_62' title="bbox 518 5833 1040 5904; baseline 0.021 -13"><span class='ocrx_word' id='word_1_498' title='bbox 518 5833 786 5894; x_wconf 75' lang='lat' dir='ltr'><strong>PATRUL.</strong></span> <span class='ocrx_word' id='word_1_499' title='bbox 828 5836 1040 5904; x_wconf 79' lang='lat' dir='ltr'><strong>XLIV.</strong></span> 
     </span>
    </p>
   </div>
   <div class='ocr_carea' id='block_1_63' title="bbox 1715 323 2156 382">
    <p class='ocr_par' dir='ltr' id='par_1_63' title="bbox 1715 323 2156 382">
     <span class='ocr_line' id='line_1_63' title="bbox 1715 323 2156 382; baseline -0.005 -2"><span class='ocrx_word' id='word_1_500' title='bbox 1715 323 1916 380; x_wconf 65' lang='lat' dir='ltr'><strong>LEBER</strong></span> <span class='ocrx_word' id='word_1_501' title='bbox 1960 324 2156 382; x_wconf 77' lang='lat' dir='ltr'><strong>UNUS.</strong></span> 
     </span>
    </p>
   </div>
   <div class='ocr_carea' id='block_1_64' title="bbox 3470 331 3574 380">
    <p class='ocr_par' dir='ltr' id='par_1_64' title="bbox 3470 331 3574 380">
     <span class='ocr_line' id='line_1_64' title="bbox 3470 331 3574 380; baseline 0 0"><span class='ocrx_word' id='word_1_502' title='bbox 3470 331 3574 380; x_wconf 66' lang='lat'><strong>9&#39;55</strong></span> 
     </span>
    </p>
   </div>
   <div class='ocr_carea' id='block_1_65' title="bbox 1985 437 3568 513">
    <p class='ocr_par' dir='ltr' id='par_1_65' title="bbox 1985 437 3568 513">
     <span class='ocr_line' id='line_1_65' title="bbox 1985 437 3568 513; baseline -0.004 -12"><span class='ocrx_word' id='word_1_503' title='bbox 1985 447 2188 501; x_wconf 80' lang='lat' dir='ltr'><strong>virtutis</strong></span> <span class='ocrx_word' id='word_1_504' title='bbox 2219 457 2268 500; x_wconf 81' lang='lat' dir='ltr'><strong>ct</strong></span> <span class='ocrx_word' id='word_1_505' title='bbox 2299 445 2568 500; x_wconf 68' lang='lat' dir='ltr'><strong>cluritatis</strong></span> <span class='ocrx_word' id='word_1_506' title='bbox 2594 454 2648 500; x_wconf 91' lang='lat' dir='ltr'><strong>et</strong></span> <span class='ocrx_word' id='word_1_507' title='bbox 2675 443 3012 498; x_wconf 70' lang='lat' dir='ltr'><strong>contin&#39;ntizr</strong></span> <span class='ocrx_word' id='word_1_508' title='bbox 3043 441 3104 512; x_wconf 90' lang='lat' dir='ltr'><strong>(ll</strong></span> <span class='ocrx_word' id='word_1_509' title='bbox 3134 437 3268 498; x_wconf 75' lang='lat' dir='ltr'><strong>Tim.</strong></span> <span class='ocrx_word' id='word_1_510' title='bbox 3297 455 3335 508; x_wconf 82' lang='grc' dir='ltr'><strong>ι,</strong></span> <span class='ocrx_word' id='word_1_511' title='bbox 3357 440 3438 512; x_wconf 83' lang='lat'><strong>7),</strong></span> <span class='ocrx_word' id='word_1_512' title='bbox 3461 457 3568 513; x_wconf 85' lang='lat' dir='ltr'><strong>quo</strong></span> 
     </span>
    </p>
   </div>
   <div class='ocr_carea' id='block_1_66' title="bbox 1991 543 3572 612">
    <p class='ocr_par' dir='ltr' id='par_1_66' title="bbox 1991 543 3572 612">
     <span class='ocr_line' id='line_1_66' title="bbox 1991 543 3572 612; baseline 0.006 -16"><span class='ocrx_word' id='word_1_513' title='bbox 1991 551 2180 598; x_wconf 89' lang='lat' dir='ltr'><strong>cuncta</strong></span> <span class='ocrx_word' id='word_1_514' title='bbox 2214 543 2488 612; x_wconf 87' lang='lat' dir='ltr'><strong>minantia,</strong></span> <span class='ocrx_word' id='word_1_515' title='bbox 2520 555 2709 600; x_wconf 91' lang='lat' dir='ltr'><strong>cuncta</strong></span> <span class='ocrx_word' id='word_1_516' title='bbox 2737 546 3034 610; x_wconf 87' lang='lat' dir='ltr'><strong>invitantia,</strong></span> <span class='ocrx_word' id='word_1_517' title='bbox 3063 559 3250 603; x_wconf 86' lang='lat' dir='ltr'><strong>cuncta</strong></span> <span class='ocrx_word' id='word_1_518' title='bbox 3281 551 3572 606; x_wconf 70' lang='lat' dir='ltr'><strong>cruciamm</strong></span> 
     </span>
    </p>
   </div>
   <div class='ocr_carea' id='block_1_67' title="bbox 1989 636 3570 710">
    <p class='ocr_par' dir='ltr' id='par_1_67' title="bbox 1989 636 3570 710">
     <span class='ocr_line' id='line_1_67' title="bbox 1989 636 3570 710; baseline 0.004 -18"><span class='ocrx_word' id='word_1_519' title='bbox 1989 636 2342 707; x_wconf 87' lang='lat' dir='ltr'><strong>superarent?</strong></span> <span class='ocrx_word' id='word_1_520' title='bbox 2379 639 2456 692; x_wconf 92' lang='lat' dir='ltr'><strong>llli</strong></span> <span class='ocrx_word' id='word_1_521' title='bbox 2483 653 2610 708; x_wconf 79' lang='lat' dir='ltr'><strong>ergo</strong></span> <span class='ocrx_word' id='word_1_522' title='bbox 2639 639 2753 693; x_wconf 90' lang='lat' dir='ltr'><strong>sine</strong></span> <span class='ocrx_word' id='word_1_523' title='bbox 2785 650 3002 710; x_wconf 86' lang='lat' dir='ltr'><strong>peccato</strong></span> <span class='ocrx_word' id='word_1_524' title='bbox 3033 641 3140 694; x_wconf 90' lang='lat' dir='ltr'><strong>ullo</strong></span> <span class='ocrx_word' id='word_1_525' title='bbox 3169 642 3288 696; x_wconf 88' lang='lat' dir='ltr'><strong>data</strong></span> <span class='ocrx_word' id='word_1_526' title='bbox 3319 653 3420 708; x_wconf 82' lang='lat' dir='ltr'><strong>est,</strong></span> <span class='ocrx_word' id='word_1_527' title='bbox 3451 659 3570 698; x_wconf 88' lang='lat' dir='ltr'><strong>cum</strong></span> 
     </span>
    </p>
   </div>
   <div class='ocr_carea' id='block_1_68' title="bbox 1987 728 3574 797">
    <p class='ocr_par' dir='ltr' id='par_1_68' title="bbox 1987 728 3574 797">
     <span class='ocr_line' id='line_1_68' title="bbox 1987 728 3574 797; baseline 0.006 -17"><span class='ocrx_word' id='word_1_528' title='bbox 1987 743 2090 797; x_wconf 89' lang='lat' dir='ltr'><strong>qua</strong></span> <span class='ocrx_word' id='word_1_529' title='bbox 2115 728 2360 782; x_wconf 87' lang='lat' dir='ltr'><strong>conditus</strong></span> <span class='ocrx_word' id='word_1_530' title='bbox 2379 738 2480 794; x_wconf 91' lang='lat' dir='ltr'><strong>est,</strong></span> <span class='ocrx_word' id='word_1_531' title='bbox 2515 731 2755 784; x_wconf 89' lang='lat' dir='ltr'><strong>voluntas</strong></span> <span class='ocrx_word' id='word_1_532' title='bbox 2785 731 2969 794; x_wconf 88' lang='lat' dir='ltr'><strong>libera,</strong></span> <span class='ocrx_word' id='word_1_533' title='bbox 2999 741 3053 785; x_wconf 90' lang='lat' dir='ltr'><strong>et</strong></span> <span class='ocrx_word' id='word_1_534' title='bbox 3081 747 3195 786; x_wconf 85' lang='lat' dir='ltr'><strong>ram</strong></span> <span class='ocrx_word' id='word_1_535' title='bbox 3221 731 3346 787; x_wconf 87' lang='lat' dir='ltr'><strong>fecit</strong></span> <span class='ocrx_word' id='word_1_536' title='bbox 3372 735 3574 789; x_wconf 84' lang='lat' dir='ltr'><strong>servire</strong></span> 
     </span>
    </p>
   </div>
   <div class='ocr_carea' id='block_1_69' title="bbox 1987 819 3576 896">
    <p class='ocr_par' dir='ltr' id='par_1_69' title="bbox 1987 819 3576 896">
     <span class='ocr_line' id='line_1_69' title="bbox 1987 819 3576 896; baseline 0.004 -23"><span class='ocrx_word' id='word_1_537' title='bbox 1987 828 2207 887; x_wconf 89' lang='lat' dir='ltr'><strong>peccato</strong></span> <span class='ocrx_word' id='word_1_538' title='bbox 2233 837 2244 874; x_wconf 94' lang='lat'>:</span> <span class='ocrx_word' id='word_1_539' title='bbox 2273 819 2458 874; x_wconf 83' lang='lat' dir='ltr'><strong>horum</strong></span> <span class='ocrx_word' id='word_1_540' title='bbox 2487 835 2612 876; x_wconf 87' lang='lat' dir='ltr'><strong>vero</strong></span> <span class='ocrx_word' id='word_1_541' title='bbox 2641 836 2759 876; x_wconf 91' lang='lat' dir='ltr'><strong>cum</strong></span> <span class='ocrx_word' id='word_1_542' title='bbox 2793 821 2976 876; x_wconf 82' lang='lat' dir='ltr'><strong>fuisset</strong></span> <span class='ocrx_word' id='word_1_543' title='bbox 3003 825 3244 880; x_wconf 86' lang='lat' dir='ltr'><strong>voluntas</strong></span> <span class='ocrx_word' id='word_1_544' title='bbox 3270 841 3420 880; x_wconf 87' lang='lat' dir='ltr'><strong>serva</strong></span> <span class='ocrx_word' id='word_1_545' title='bbox 3451 841 3576 896; x_wconf 65' lang='lat' dir='ltr'><strong>ppe-</strong></span> 
     </span>
    </p>
   </div>
   <div class='ocr_carea' id='block_1_70' title="bbox 1987 909 3570 982">
    <p class='ocr_par' dir='ltr' id='par_1_70' title="bbox 1987 909 3570 982">
     <span class='ocr_line' id='line_1_70' title="bbox 1987 909 3570 982; baseline 0.006 -20"><span class='ocrx_word' id='word_1_546' title='bbox 1987 909 2111 975; x_wconf 89' lang='lat' dir='ltr'><strong>cati,</strong></span> <span class='ocrx_word' id='word_1_547' title='bbox 2143 910 2358 964; x_wconf 86' lang='lat' dir='ltr'><strong>liberata</strong></span> <span class='ocrx_word' id='word_1_548' title='bbox 2375 919 2456 964; x_wconf 85' lang='lat' dir='ltr'><strong>est</strong></span> <span class='ocrx_word' id='word_1_549' title='bbox 2485 927 2576 980; x_wconf 90' lang='lat' dir='ltr'><strong>per</strong></span> <span class='ocrx_word' id='word_1_550' title='bbox 2597 911 2740 965; x_wconf 92' lang='lat' dir='ltr'><strong>illum</strong></span> <span class='ocrx_word' id='word_1_551' title='bbox 2767 913 2854 982; x_wconf 91' lang='lat' dir='ltr'><strong>qui</strong></span> <span class='ocrx_word' id='word_1_552' title='bbox 2887 912 3037 976; x_wconf 81' lang='lat' dir='ltr'><strong>dixit,</strong></span> <span class='ocrx_word' id='word_1_553' title='bbox 3058 913 3218 968; x_wconf 84' lang='lat' dir='ltr'><strong>Siros</strong></span> <span class='ocrx_word' id='word_1_554' title='bbox 3251 914 3417 970; x_wconf 81' lang='lat' dir='ltr'><strong>Filius</strong></span> <span class='ocrx_word' id='word_1_555' title='bbox 3447 917 3570 972; x_wconf 86' lang='lat' dir='ltr'><strong>libe-</strong></span> 
     </span>
    </p>
   </div>
   <div class='ocr_carea' id='block_1_71' title="bbox 1987 1001 3570 1075">
    <p class='ocr_par' dir='ltr' id='par_1_71' title="bbox 1987 1001 3570 1075">
     <span class='ocr_line' id='line_1_71' title="bbox 1987 1001 3570 1075; baseline 0.007 -23"><span class='ocrx_word' id='word_1_556' title='bbox 1987 1001 2188 1064; x_wconf 81' lang='lat' dir='ltr'><strong>raverit,</strong></span> <span class='ocrx_word' id='word_1_557' title='bbox 2219 1011 2335 1055; x_wconf 82' lang='lat' dir='ltr'><strong>tunc</strong></span> <span class='ocrx_word' id='word_1_558' title='bbox 2361 1017 2472 1056; x_wconf 79' lang='lat' dir='ltr'><strong>vere</strong></span> <span class='ocrx_word' id='word_1_559' title='bbox 2497 1003 2638 1057; x_wconf 85' lang='lat' dir='ltr'><strong>liberi</strong></span> <span class='ocrx_word' id='word_1_560' title='bbox 2671 1005 2810 1058; x_wconf 88' lang='lat' dir='ltr'><strong>eritis</strong></span> <span class='ocrx_word' id='word_1_561' title='bbox 2830 1003 3008 1074; x_wconf 84' lang='lat' dir='ltr'><strong>(Joan.</strong></span> <span class='ocrx_word' id='word_1_562' title='bbox 3037 1022 3146 1072; x_wconf 87' lang='lat' dir='ltr'><strong>vtu,</strong></span> <span class='ocrx_word' id='word_1_563' title='bbox 3175 1007 3296 1075; x_wconf 80' lang='lat'><strong>36).</strong></span> <span class='ocrx_word' id='word_1_564' title='bbox 3341 1007 3404 1062; x_wconf 85' lang='lat' dir='ltr'><strong>Et</strong></span> <span class='ocrx_word' id='word_1_565' title='bbox 3430 1010 3570 1063; x_wconf 82' lang='lat' dir='ltr'><strong>acci-</strong></span> 
     </span>
    </p>
   </div>
   <div class='ocr_carea' id='block_1_72' title="bbox 1987 1090 3564 1166">
    <p class='ocr_par' dir='ltr' id='par_1_72' title="bbox 1987 1090 3564 1166">
     <span class='ocr_line' id='line_1_72' title="bbox 1987 1090 3564 1166; baseline 0.006 -24"><span class='ocrx_word' id='word_1_566' title='bbox 1987 1090 2140 1158; x_wconf 88' lang='lat' dir='ltr'><strong>piunt</strong></span> <span class='ocrx_word' id='word_1_567' title='bbox 2157 1099 2354 1144; x_wconf 84' lang='lat' dir='ltr'><strong>tantam</strong></span> <span class='ocrx_word' id='word_1_568' title='bbox 2375 1107 2469 1162; x_wconf 88' lang='lat' dir='ltr'><strong>per</strong></span> <span class='ocrx_word' id='word_1_569' title='bbox 2491 1093 2640 1147; x_wconf 88' lang='lat' dir='ltr'><strong>istam</strong></span> <span class='ocrx_word' id='word_1_570' title='bbox 2659 1094 2880 1164; x_wconf 81' lang='lat' dir='ltr'><strong>gratiam</strong></span> <span class='ocrx_word' id='word_1_571' title='bbox 2897 1094 3214 1162; x_wconf 86' lang='lat' dir='ltr'><strong>libertatem,</strong></span> <span class='ocrx_word' id='word_1_572' title='bbox 3232 1106 3290 1150; x_wconf 92' lang='lat' dir='ltr'><strong>ut</strong></span> <span class='ocrx_word' id='word_1_573' title='bbox 3305 1099 3564 1166; x_wconf 53' lang='lat' dir='ltr'><strong>quamvis,</strong></span> 
     </span>
    </p>
   </div>
   <div class='ocr_carea' id='block_1_73' title="bbox 1986 1181 3571 1258">
    <p class='ocr_par' dir='ltr' id='par_1_73' title="bbox 1986 1181 3571 1258">
     <span class='ocr_line' id='line_1_73' title="bbox 1986 1181 3571 1258; baseline 0.006 -26"><span class='ocrx_word' id='word_1_574' title='bbox 1986 1181 2237 1251; x_wconf 86' lang='lat' dir='ltr'><strong>quamdiu</strong></span> <span class='ocrx_word' id='word_1_575' title='bbox 2283 1181 2369 1236; x_wconf 90' lang='lat' dir='ltr'><strong>hic</strong></span> <span class='ocrx_word' id='word_1_576' title='bbox 2397 1183 2598 1250; x_wconf 88' lang='lat' dir='ltr'><strong>vivunt,</strong></span> <span class='ocrx_word' id='word_1_577' title='bbox 2631 1195 2864 1254; x_wconf 82' lang='lat' dir='ltr'><strong>pugnent</strong></span> <span class='ocrx_word' id='word_1_578' title='bbox 2902 1195 3086 1240; x_wconf 90' lang='lat' dir='ltr'><strong>contra</strong></span> <span class='ocrx_word' id='word_1_579' title='bbox 3116 1190 3571 1258; x_wconf 79' lang='lat' dir='ltr'><strong>concupiscentias</strong></span> 
     </span>
    </p>
   </div>
   <div class='ocr_carea' id='block_1_74' title="bbox 1986 1273 3569 1352">
    <p class='ocr_par' dir='ltr' id='par_1_74' title="bbox 1986 1273 3569 1352">
     <span class='ocr_line' id='line_1_74' title="bbox 1986 1273 3569 1352; baseline 0.006 -26"><span class='ocrx_word' id='word_1_580' title='bbox 1986 1280 2348 1340; x_wconf 83' lang='lat' dir='ltr'><strong>peccatorum,</strong></span> <span class='ocrx_word' id='word_1_581' title='bbox 2377 1273 2561 1344; x_wconf 88' lang='lat' dir='ltr'><strong>eisque</strong></span> <span class='ocrx_word' id='word_1_582' title='bbox 2589 1275 2842 1330; x_wconf 89' lang='lat' dir='ltr'><strong>nonnulla</strong></span> <span class='ocrx_word' id='word_1_583' title='bbox 2869 1277 3177 1346; x_wconf 84' lang='lat' dir='ltr'><strong>subrepant,</strong></span> <span class='ocrx_word' id='word_1_584' title='bbox 3211 1293 3428 1350; x_wconf 88' lang='lat' dir='ltr'><strong>propter</strong></span> <span class='ocrx_word' id='word_1_585' title='bbox 3452 1297 3569 1352; x_wconf 79' lang='lat' dir='ltr'><strong>quzr</strong></span> 
     </span>
    </p>
   </div>
   <div class='ocr_carea' id='block_1_75' title="bbox 1985 1361 3568 1444">
    <p class='ocr_par' dir='ltr' id='par_1_75' title="bbox 1985 1361 3568 1444">
     <span class='ocr_line' id='line_1_75' title="bbox 1985 1361 3568 1444; baseline 0.006 -26"><span class='ocrx_word' id='word_1_586' title='bbox 1985 1361 2164 1418; x_wconf 77' lang='lat' dir='ltr'><strong>dicant</strong></span> <span class='ocrx_word' id='word_1_587' title='bbox 2192 1366 2449 1434; x_wconf 83' lang='lat' dir='ltr'><strong>quotidie,</strong></span> <span class='ocrx_word' id='word_1_588' title='bbox 2493 1365 2702 1422; x_wconf 83' lang='lat' dir='ltr'><strong>Dimitte</strong></span> <span class='ocrx_word' id='word_1_589' title='bbox 2746 1369 2888 1422; x_wconf 85' lang='lat' dir='ltr'><strong>nobis</strong></span> <span class='ocrx_word' id='word_1_590' title='bbox 2935 1369 3102 1424; x_wconf 65' lang='lat' dir='ltr'><strong>detrita</strong></span> <span class='ocrx_word' id='word_1_591' title='bbox 3135 1383 3306 1426; x_wconf 83' lang='lat' dir='ltr'><strong>nostra</strong></span> <span class='ocrx_word' id='word_1_592' title='bbox 3355 1373 3568 1444; x_wconf 75' lang='lat' dir='ltr'><strong>(Matth.</strong></span> 
     </span>
    </p>
   </div>
   <div class='ocr_carea' id='block_1_76' title="bbox 1985 1457 3572 1536">
    <p class='ocr_par' dir='ltr' id='par_1_76' title="bbox 1985 1457 3572 1536">
     <span class='ocr_line' id='line_1_76' title="bbox 1985 1457 3572 1536; baseline 0.006 -24"><span class='ocrx_word' id='word_1_593' title='bbox 1985 1473 2058 1525; x_wconf 71' lang='lat' dir='ltr'><strong>Vl,</strong></span> <span class='ocrx_word' id='word_1_594' title='bbox 2093 1457 2218 1530; x_wconf 73' lang='lat' dir='ltr'><strong>l2);</strong></span> <span class='ocrx_word' id='word_1_595' title='bbox 2249 1475 2356 1514; x_wconf 84' lang='lat' dir='ltr'><strong>non</strong></span> <span class='ocrx_word' id='word_1_596' title='bbox 2397 1469 2574 1515; x_wconf 89' lang='lat' dir='ltr'><strong>tamen</strong></span> <span class='ocrx_word' id='word_1_597' title='bbox 2607 1461 2742 1517; x_wconf 88' lang='lat' dir='ltr'><strong>ultra</strong></span> <span class='ocrx_word' id='word_1_598' title='bbox 2771 1464 3007 1518; x_wconf 86' lang='lat' dir='ltr'><strong>serviant</strong></span> <span class='ocrx_word' id='word_1_599' title='bbox 3046 1476 3264 1533; x_wconf 86' lang='lat' dir='ltr'><strong>peccato</strong></span> <span class='ocrx_word' id='word_1_600' title='bbox 3307 1467 3445 1536; x_wconf 86' lang='lat' dir='ltr'><strong>quod</strong></span> <span class='ocrx_word' id='word_1_601' title='bbox 3493 1479 3572 1522; x_wconf 85' lang='lat' dir='ltr'><strong>est</strong></span> 
     </span>
    </p>
   </div>
   <div class='ocr_carea' id='block_1_77' title="bbox 1984 1549 3572 1630">
    <p class='ocr_par' dir='ltr' id='par_1_77' title="bbox 1984 1549 3572 1630">
     <span class='ocr_line' id='line_1_77' title="bbox 1984 1549 3572 1630; baseline 0.006 -26"><span class='ocrx_word' id='word_1_602' title='bbox 1984 1549 2051 1604; x_wconf 89' lang='lat' dir='ltr'><strong>ad</strong></span> <span class='ocrx_word' id='word_1_603' title='bbox 2078 1561 2322 1618; x_wconf 89' lang='lat' dir='ltr'><strong>mortem,</strong></span> <span class='ocrx_word' id='word_1_604' title='bbox 2356 1551 2421 1606; x_wconf 91' lang='lat' dir='ltr'><strong>de</strong></span> <span class='ocrx_word' id='word_1_605' title='bbox 2445 1568 2550 1622; x_wconf 89' lang='lat' dir='ltr'><strong>quo</strong></span> <span class='ocrx_word' id='word_1_606' title='bbox 2587 1553 2716 1608; x_wconf 87' lang='lat' dir='ltr'><strong>dicit</strong></span> <span class='ocrx_word' id='word_1_607' title='bbox 2739 1554 2972 1608; x_wconf 82' lang='lat' dir='ltr'><strong>Joannes</strong></span> <span class='ocrx_word' id='word_1_608' title='bbox 2997 1557 3288 1625; x_wconf 84' lang='lat' dir='ltr'><strong>apostolus,</strong></span> <span class='ocrx_word' id='word_1_609' title='bbox 3323 1557 3414 1612; x_wconf 84' lang='lat' dir='ltr'><strong>Est</strong></span> <span class='ocrx_word' id='word_1_610' title='bbox 3453 1576 3572 1630; x_wconf 84' lang='lat' dir='ltr'><strong>pec-</strong></span> 
     </span>
    </p>
   </div>
   <div class='ocr_carea' id='block_1_78' title="bbox 1985 1641 3568 1718">
    <p class='ocr_par' dir='ltr' id='par_1_78' title="bbox 1985 1641 3568 1718">
     <span class='ocr_line' id='line_1_78' title="bbox 1985 1641 3568 1718; baseline 0.007 -26"><span class='ocrx_word' id='word_1_611' title='bbox 1985 1649 2152 1693; x_wconf 81' lang='lat' dir='ltr'><strong>catum</strong></span> <span class='ocrx_word' id='word_1_612' title='bbox 2180 1641 2247 1694; x_wconf 86' lang='lat' dir='ltr'><strong>ad</strong></span> <span class='ocrx_word' id='word_1_613' title='bbox 2273 1651 2481 1695; x_wconf 86' lang='lat' dir='ltr'><strong>mortem</strong></span> <span class='ocrx_word' id='word_1_614' title='bbox 2505 1657 2526 1706; x_wconf 87' lang='lat'><strong><em>;</em></strong></span> <span class='ocrx_word' id='word_1_615' title='bbox 2554 1659 2652 1696; x_wconf 86' lang='lat' dir='ltr'><strong>non</strong></span> <span class='ocrx_word' id='word_1_616' title='bbox 2681 1659 2773 1711; x_wconf 87' lang='lat' dir='ltr'><strong>pro</strong></span> <span class='ocrx_word' id='word_1_617' title='bbox 2801 1643 2890 1697; x_wconf 89' lang='lat' dir='ltr'><strong>illo</strong></span> <span class='ocrx_word' id='word_1_618' title='bbox 2917 1645 3028 1698; x_wconf 77' lang='lat' dir='ltr'><strong>dico</strong></span> <span class='ocrx_word' id='word_1_619' title='bbox 3059 1657 3111 1699; x_wconf 80' lang='lat' dir='ltr'><strong>ut</strong></span> <span class='ocrx_word' id='word_1_620' title='bbox 3141 1658 3278 1718; x_wconf 76' lang='lat' dir='ltr'><strong>reget</strong></span> <span class='ocrx_word' id='word_1_621' title='bbox 3301 1648 3318 1679; x_wconf 88' lang='grc'>¹</span> <span class='ocrx_word' id='word_1_622' title='bbox 3347 1647 3388 1715; x_wconf 92' lang='lat' dir='ltr'><strong>(l</strong></span> <span class='ocrx_word' id='word_1_623' title='bbox 3411 1648 3568 1703; x_wconf 84' lang='lat' dir='ltr'><strong>Joan.</strong></span> 
     </span>
    </p>
   </div>
   <div class='ocr_carea' id='block_1_79' title="bbox 1983 1733 3568 1812">
    <p class='ocr_par' dir='ltr' id='par_1_79' title="bbox 1983 1733 3568 1812">
     <span class='ocr_line' id='line_1_79' title="bbox 1983 1733 3568 1812; baseline 0.008 -27"><span class='ocrx_word' id='word_1_624' title='bbox 1983 1747 2037 1796; x_wconf 92' lang='lat' dir='ltr'><strong>v,</strong></span> <span class='ocrx_word' id='word_1_625' title='bbox 2069 1733 2178 1802; x_wconf 75' lang='grc'><strong>16).</strong></span> <span class='ocrx_word' id='word_1_626' title='bbox 2223 1733 2297 1788; x_wconf 92' lang='lat' dir='ltr'><strong>De</strong></span> <span class='ocrx_word' id='word_1_627' title='bbox 2324 1747 2430 1804; x_wconf 87' lang='lat' dir='ltr'><strong>quo</strong></span> <span class='ocrx_word' id='word_1_628' title='bbox 2449 1744 2668 1804; x_wconf 87' lang='lat' dir='ltr'><strong>peccato</strong></span> <span class='ocrx_word' id='word_1_629' title='bbox 2696 1736 2965 1806; x_wconf 89' lang='lat' dir='ltr'><strong>(quoniam</strong></span> <span class='ocrx_word' id='word_1_630' title='bbox 2994 1753 3096 1792; x_wconf 88' lang='lat' dir='ltr'><strong>non</strong></span> <span class='ocrx_word' id='word_1_631' title='bbox 3125 1755 3434 1809; x_wconf 80' lang='lat' dir='ltr'><strong>expressum</strong></span> <span class='ocrx_word' id='word_1_632' title='bbox 3463 1745 3568 1812; x_wconf 88' lang='lat' dir='ltr'><strong>est)</strong></span> 
     </span>
    </p>
   </div>
   <div class='ocr_carea' id='block_1_80' title="bbox 1983 1823 3570 1900">
    <p class='ocr_par' dir='ltr' id='par_1_80' title="bbox 1983 1823 3570 1900">
     <span class='ocr_line' id='line_1_80' title="bbox 1983 1823 3570 1900; baseline 0.006 -22"><span class='ocrx_word' id='word_1_633' title='bbox 1983 1833 2207 1894; x_wconf 90' lang='lat' dir='ltr'><strong>possunt</strong></span> <span class='ocrx_word' id='word_1_634' title='bbox 2234 1823 2396 1880; x_wconf 89' lang='lat' dir='ltr'><strong>multa</strong></span> <span class='ocrx_word' id='word_1_635' title='bbox 2421 1833 2474 1880; x_wconf 87' lang='lat' dir='ltr'><strong>et</strong></span> <span class='ocrx_word' id='word_1_636' title='bbox 2501 1825 2712 1882; x_wconf 87' lang='lat' dir='ltr'><strong>diversa</strong></span> <span class='ocrx_word' id='word_1_637' title='bbox 2755 1829 2942 1882; x_wconf 89' lang='lat' dir='ltr'><strong>sentiri</strong></span> <span class='ocrx_word' id='word_1_638' title='bbox 2975 1847 2987 1881; x_wconf 93' lang='lat'>:</span> <span class='ocrx_word' id='word_1_639' title='bbox 3021 1843 3119 1900; x_wconf 83' lang='lat' dir='ltr'><strong>ego</strong></span> <span class='ocrx_word' id='word_1_640' title='bbox 3149 1839 3323 1886; x_wconf 90' lang='lat' dir='ltr'><strong>autem</strong></span> <span class='ocrx_word' id='word_1_641' title='bbox 3369 1831 3488 1888; x_wconf 91' lang='lat' dir='ltr'><strong>dico</strong></span> <span class='ocrx_word' id='word_1_642' title='bbox 3519 1833 3570 1888; x_wconf 90' lang='lat' dir='ltr'><strong>id</strong></span> 
     </span>
    </p>
   </div>
   <div class='ocr_carea' id='block_1_81' title="bbox 1983 1917 3568 1994">
    <p class='ocr_par' dir='ltr' id='par_1_81' title="bbox 1983 1917 3568 1994">
     <span class='ocr_line' id='line_1_81' title="bbox 1983 1917 3568 1994; baseline 0.005 -24"><span class='ocrx_word' id='word_1_643' title='bbox 1983 1930 2104 1970; x_wconf 90' lang='lat' dir='ltr'><strong>esse</strong></span> <span class='ocrx_word' id='word_1_644' title='bbox 2141 1925 2436 1986; x_wconf 88' lang='lat' dir='ltr'><strong>peccatum,</strong></span> <span class='ocrx_word' id='word_1_645' title='bbox 2465 1917 2622 1972; x_wconf 90' lang='lat' dir='ltr'><strong>ﬁdem</strong></span> <span class='ocrx_word' id='word_1_646' title='bbox 2664 1934 2782 1988; x_wconf 84' lang='lat' dir='ltr'><strong>quae</strong></span> <span class='ocrx_word' id='word_1_647' title='bbox 2810 1935 2904 1988; x_wconf 89' lang='lat' dir='ltr'><strong>per</strong></span> <span class='ocrx_word' id='word_1_648' title='bbox 2930 1919 3269 1976; x_wconf 88' lang='lat' dir='ltr'><strong>dilectionem</strong></span> <span class='ocrx_word' id='word_1_649' title='bbox 3301 1933 3568 1994; x_wconf 89' lang='lat' dir='ltr'><strong>operatur,</strong></span> 
     </span>
    </p>
   </div>
   <div class='ocr_carea' id='block_1_82' title="bbox 1983 2005 3569 2080">
    <p class='ocr_par' dir='ltr' id='par_1_82' title="bbox 1983 2005 3569 2080">
     <span class='ocr_line' id='line_1_82' title="bbox 1983 2005 3569 2080; baseline 0.004 -20"><span class='ocrx_word' id='word_1_650' title='bbox 1983 2005 2232 2062; x_wconf 85' lang='lat' dir='ltr'><strong>deserere</strong></span> <span class='ocrx_word' id='word_1_651' title='bbox 2273 2023 2440 2077; x_wconf 82' lang='lat' dir='ltr'><strong>usque</strong></span> <span class='ocrx_word' id='word_1_652' title='bbox 2478 2007 2544 2061; x_wconf 90' lang='lat' dir='ltr'><strong>ad</strong></span> <span class='ocrx_word' id='word_1_653' title='bbox 2590 2017 2832 2063; x_wconf 86' lang='lat' dir='ltr'><strong>mortem.</strong></span> <span class='ocrx_word' id='word_1_654' title='bbox 2877 2010 3008 2064; x_wconf 90' lang='lat' dir='ltr'><strong>lluic</strong></span> <span class='ocrx_word' id='word_1_655' title='bbox 3040 2021 3258 2080; x_wconf 86' lang='lat' dir='ltr'><strong>peccato</strong></span> <span class='ocrx_word' id='word_1_656' title='bbox 3299 2013 3430 2067; x_wconf 85' lang='lat' dir='ltr'><strong>ultra</strong></span> <span class='ocrx_word' id='word_1_657' title='bbox 3464 2029 3569 2068; x_wconf 89' lang='lat' dir='ltr'><strong>non</strong></span> 
     </span>
    </p>
   </div>
   <div class='ocr_carea' id='block_1_83' title="bbox 1983 2099 3571 2171">
    <p class='ocr_par' dir='ltr' id='par_1_83' title="bbox 1983 2099 3571 2171">
     <span class='ocr_line' id='line_1_83' title="bbox 1983 2099 3571 2171; baseline 0.003 -18"><span class='ocrx_word' id='word_1_658' title='bbox 1983 2099 2364 2164; x_wconf 86' lang='lat' dir='ltr'><strong>serviunt,non</strong></span> <span class='ocrx_word' id='word_1_659' title='bbox 2402 2100 2572 2171; x_wconf 87' lang='lat' dir='ltr'><strong>prima</strong></span> <span class='ocrx_word' id='word_1_660' title='bbox 2595 2099 2919 2166; x_wconf 85' lang='lat' dir='ltr'><strong>conditione,</strong></span> <span class='ocrx_word' id='word_1_661' title='bbox 2949 2103 3086 2156; x_wconf 83' lang='lat' dir='ltr'><strong>sicut</strong></span> <span class='ocrx_word' id='word_1_662' title='bbox 3111 2103 3216 2170; x_wconf 86' lang='lat' dir='ltr'><strong>ille,</strong></span> <span class='ocrx_word' id='word_1_663' title='bbox 3253 2104 3402 2158; x_wconf 63' lang='lat' dir='ltr'><strong>libr-ri</strong></span> <span class='ocrx_word' id='word_1_664' title='bbox 3429 2121 3444 2169; x_wconf 88' lang='lat'><strong>;</strong></span> <span class='ocrx_word' id='word_1_665' title='bbox 3475 2105 3571 2160; x_wconf 81' lang='lat' dir='ltr'><strong>sed</strong></span> 
     </span>
    </p>
   </div>
   <div class='ocr_carea' id='block_1_84' title="bbox 1985 2191 3572 2264">
    <p class='ocr_par' dir='ltr' id='par_1_84' title="bbox 1985 2191 3572 2264">
     <span class='ocr_line' id='line_1_84' title="bbox 1985 2191 3572 2264; baseline 0.006 -22"><span class='ocrx_word' id='word_1_666' title='bbox 1985 2207 2080 2262; x_wconf 86' lang='lat' dir='ltr'><strong>per</strong></span> <span class='ocrx_word' id='word_1_667' title='bbox 2107 2193 2402 2248; x_wconf 89' lang='lat' dir='ltr'><strong>secundum</strong></span> <span class='ocrx_word' id='word_1_668' title='bbox 2432 2191 2598 2248; x_wconf 75' lang='lat' dir='ltr'><strong>Adam</strong></span> <span class='ocrx_word' id='word_1_669' title='bbox 2633 2193 2724 2246; x_wconf 88' lang='lat' dir='ltr'><strong>Dei</strong></span> <span class='ocrx_word' id='word_1_670' title='bbox 2755 2194 2921 2264; x_wconf 79' lang='lat' dir='ltr'><strong>gratia</strong></span> <span class='ocrx_word' id='word_1_671' title='bbox 2954 2195 3184 2262; x_wconf 86' lang='lat' dir='ltr'><strong>liberati,</strong></span> <span class='ocrx_word' id='word_1_672' title='bbox 3214 2207 3270 2250; x_wconf 90' lang='lat' dir='ltr'><strong>et</strong></span> <span class='ocrx_word' id='word_1_673' title='bbox 3311 2197 3406 2252; x_wconf 90' lang='lat' dir='ltr'><strong>ista</strong></span> <span class='ocrx_word' id='word_1_674' title='bbox 3435 2197 3572 2252; x_wconf 50' lang='lat' dir='ltr'><strong>libo.</strong></span> 
     </span>
    </p>
   </div>
   <div class='ocr_carea' id='block_1_85' title="bbox 1983 2283 3573 2357">
    <p class='ocr_par' dir='ltr' id='par_1_85' title="bbox 1983 2283 3573 2357">
     <span class='ocr_line' id='line_1_85' title="bbox 1983 2283 3573 2357; baseline 0.004 -20"><span class='ocrx_word' id='word_1_675' title='bbox 1983 2283 2190 2339; x_wconf 84' lang='lat' dir='ltr'><strong>ratione</strong></span> <span class='ocrx_word' id='word_1_676' title='bbox 2245 2283 2504 2340; x_wconf 88' lang='lat' dir='ltr'><strong>habentes</strong></span> <span class='ocrx_word' id='word_1_677' title='bbox 2561 2285 2785 2340; x_wconf 90' lang='lat' dir='ltr'><strong>liberum</strong></span> <span class='ocrx_word' id='word_1_678' title='bbox 2835 2286 3112 2341; x_wconf 86' lang='lat' dir='ltr'><strong>arbitrium</strong></span> <span class='ocrx_word' id='word_1_679' title='bbox 3167 2303 3273 2357; x_wconf 88' lang='lat' dir='ltr'><strong>quo</strong></span> <span class='ocrx_word' id='word_1_680' title='bbox 3335 2292 3573 2343; x_wconf 87' lang='lat' dir='ltr'><strong>serviant</strong></span> 
     </span>
    </p>
   </div>
   <div class='ocr_carea' id='block_1_86' title="bbox 1985 2375 3572 2445">
    <p class='ocr_par' dir='ltr' id='par_1_86' title="bbox 1985 2375 3572 2445">
     <span class='ocr_line' id='line_1_86' title="bbox 1985 2375 3572 2445; baseline 0.003 -15"><span class='ocrx_word' id='word_1_681' title='bbox 1985 2375 2116 2442; x_wconf 84' lang='lat' dir='ltr'><strong>Deo,</strong></span> <span class='ocrx_word' id='word_1_682' title='bbox 2147 2391 2248 2430; x_wconf 90' lang='lat' dir='ltr'><strong>non</strong></span> <span class='ocrx_word' id='word_1_683' title='bbox 2279 2391 2384 2444; x_wconf 87' lang='lat' dir='ltr'><strong>quo</strong></span> <span class='ocrx_word' id='word_1_684' title='bbox 2420 2379 2752 2445; x_wconf 86' lang='lat' dir='ltr'><strong>captivcntur</strong></span> <span class='ocrx_word' id='word_1_685' title='bbox 2781 2393 2810 2430; x_wconf 91' lang='lat' dir='ltr'><strong>a</strong></span> <span class='ocrx_word' id='word_1_686' title='bbox 2838 2377 3065 2432; x_wconf 90' lang='lat' dir='ltr'><strong>diabolo.</strong></span> <span class='ocrx_word' id='word_1_687' title='bbox 3111 2378 3342 2434; x_wconf 81' lang='lat' dir='ltr'><strong>Liberali</strong></span> <span class='ocrx_word' id='word_1_688' title='bbox 3371 2381 3510 2434; x_wconf 86' lang='lat' dir='ltr'><strong>enim</strong></span> <span class='ocrx_word' id='word_1_689' title='bbox 3540 2397 3572 2435; x_wconf 88' lang='lat' dir='ltr'><strong>a</strong></span> 
     </span>
    </p>
   </div>
   <div class='ocr_carea' id='block_1_87' title="bbox 1984 2466 3570 2541">
    <p class='ocr_par' dir='ltr' id='par_1_87' title="bbox 1984 2466 3570 2541">
     <span class='ocr_line' id='line_1_87' title="bbox 1984 2466 3570 2541; baseline 0.004 -23"><span class='ocrx_word' id='word_1_690' title='bbox 1984 2473 2203 2534; x_wconf 88' lang='lat' dir='ltr'><strong>peccato</strong></span> <span class='ocrx_word' id='word_1_691' title='bbox 2229 2466 2366 2520; x_wconf 89' lang='lat' dir='ltr'><strong>servi</strong></span> <span class='ocrx_word' id='word_1_692' title='bbox 2397 2466 2516 2520; x_wconf 80' lang='lat' dir='ltr'><strong>facti</strong></span> <span class='ocrx_word' id='word_1_693' title='bbox 2545 2477 2666 2520; x_wconf 83' lang='lat' dir='ltr'><strong>sunt</strong></span> <span class='ocrx_word' id='word_1_694' title='bbox 2689 2467 2904 2536; x_wconf 67' lang='lat' dir='ltr'><strong>justitim</strong></span> <span class='ocrx_word' id='word_1_695' title='bbox 2936 2466 3112 2537; x_wconf 84' lang='lat' dir='ltr'><strong>(Rom.</strong></span> <span class='ocrx_word' id='word_1_696' title='bbox 3141 2485 3212 2532; x_wconf 89' lang='lat' dir='ltr'><strong>vt,</strong></span> <span class='ocrx_word' id='word_1_697' title='bbox 3243 2469 3356 2541; x_wconf 80' lang='lat' dir='ltr'><strong>i8),</strong></span> <span class='ocrx_word' id='word_1_698' title='bbox 3387 2471 3438 2526; x_wconf 90' lang='lat' dir='ltr'><strong>in</strong></span> <span class='ocrx_word' id='word_1_699' title='bbox 3469 2489 3570 2540; x_wconf 88' lang='lat' dir='ltr'><strong>qua</strong></span> 
     </span>
    </p>
   </div>
   <div class='ocr_carea' id='block_1_88' title="bbox 1983 2555 3574 2630">
    <p class='ocr_par' dir='ltr' id='par_1_88' title="bbox 1983 2555 3574 2630">
     <span class='ocr_line' id='line_1_88' title="bbox 1983 2555 3574 2630; baseline 0.003 -19"><span class='ocrx_word' id='word_1_700' title='bbox 1983 2555 2198 2611; x_wconf 85' lang='lat' dir='ltr'><strong>stabunt</strong></span> <span class='ocrx_word' id='word_1_701' title='bbox 2223 2571 2390 2628; x_wconf 90' lang='lat' dir='ltr'><strong>usque</strong></span> <span class='ocrx_word' id='word_1_702' title='bbox 2419 2555 2472 2611; x_wconf 87' lang='lat' dir='ltr'><strong>in</strong></span> <span class='ocrx_word' id='word_1_703' title='bbox 2503 2557 2682 2622; x_wconf 88' lang='lat' dir='ltr'><strong>finem,</strong></span> <span class='ocrx_word' id='word_1_704' title='bbox 2713 2558 2947 2614; x_wconf 81' lang='lat' dir='ltr'><strong>donante</strong></span> <span class='ocrx_word' id='word_1_705' title='bbox 2976 2560 3076 2614; x_wconf 90' lang='lat' dir='ltr'><strong>sibi</strong></span> <span class='ocrx_word' id='word_1_706' title='bbox 3106 2561 3196 2616; x_wconf 83' lang='lat' dir='ltr'><strong>illo</strong></span> <span class='ocrx_word' id='word_1_707' title='bbox 3227 2577 3574 2630; x_wconf 85' lang='lat' dir='ltr'><strong>perseveran-</strong></span> 
     </span>
    </p>
   </div>
   <div class='ocr_carea' id='block_1_89' title="bbox 1985 2647 3570 2717">
    <p class='ocr_par' dir='ltr' id='par_1_89' title="bbox 1985 2647 3570 2717">
     <span class='ocr_line' id='line_1_89' title="bbox 1985 2647 3570 2717; baseline 0.004 -17"><span class='ocrx_word' id='word_1_708' title='bbox 1985 2647 2132 2710; x_wconf 90' lang='lat' dir='ltr'><strong>tiam,</strong></span> <span class='ocrx_word' id='word_1_709' title='bbox 2156 2647 2242 2717; x_wconf 89' lang='lat' dir='ltr'><strong>qui</strong></span> <span class='ocrx_word' id='word_1_710' title='bbox 2269 2661 2363 2700; x_wconf 84' lang='lat' dir='ltr'><strong>eos</strong></span> <span class='ocrx_word' id='word_1_711' title='bbox 2387 2647 2670 2716; x_wconf 71' lang='lat' dir='ltr'><strong>przcscivit,</strong></span> <span class='ocrx_word' id='word_1_712' title='bbox 2689 2656 2740 2702; x_wconf 88' lang='lat' dir='ltr'><strong>et</strong></span> <span class='ocrx_word' id='word_1_713' title='bbox 2763 2647 3178 2717; x_wconf 73' lang='lat' dir='ltr'><strong>prmdcstinavit,</strong></span> <span class='ocrx_word' id='word_1_714' title='bbox 3204 2660 3257 2705; x_wconf 90' lang='lat' dir='ltr'><strong>et</strong></span> <span class='ocrx_word' id='word_1_715' title='bbox 3281 2653 3570 2706; x_wconf 83' lang='lat' dir='ltr'><strong>secundum</strong></span> 
     </span>
    </p>
   </div>
   <div class='ocr_carea' id='block_1_90' title="bbox 1985 2739 3566 2812">
    <p class='ocr_par' dir='ltr' id='par_1_90' title="bbox 1985 2739 3566 2812">
     <span class='ocr_line' id='line_1_90' title="bbox 1985 2739 3566 2812; baseline 0.004 -20"><span class='ocrx_word' id='word_1_716' title='bbox 1985 2739 2313 2809; x_wconf 88' lang='lat' dir='ltr'><strong>propositum</strong></span> <span class='ocrx_word' id='word_1_717' title='bbox 2363 2739 2591 2801; x_wconf 86' lang='lat' dir='ltr'><strong>vocavit,</strong></span> <span class='ocrx_word' id='word_1_718' title='bbox 2643 2747 2696 2792; x_wconf 90' lang='lat' dir='ltr'><strong>ct</strong></span> <span class='ocrx_word' id='word_1_719' title='bbox 2736 2739 3062 2807; x_wconf 86' lang='lat' dir='ltr'><strong>justilicavit,</strong></span> <span class='ocrx_word' id='word_1_720' title='bbox 3113 2751 3168 2795; x_wconf 88' lang='lat' dir='ltr'><strong>et</strong></span> <span class='ocrx_word' id='word_1_721' title='bbox 3211 2743 3566 2812; x_wconf 79' lang='lat' dir='ltr'><strong>gloriﬁcavit;</strong></span> 
     </span>
    </p>
   </div>
   <div class='ocr_carea' id='block_1_91' title="bbox 1982 2829 3572 2906">
    <p class='ocr_par' dir='ltr' id='par_1_91' title="bbox 1982 2829 3572 2906">
     <span class='ocr_line' id='line_1_91' title="bbox 1982 2829 3572 2906; baseline 0.004 -22"><span class='ocrx_word' id='word_1_722' title='bbox 1982 2829 2230 2902; x_wconf 90' lang='lat' dir='ltr'><strong>quoniam</strong></span> <span class='ocrx_word' id='word_1_723' title='bbox 2261 2829 2348 2884; x_wconf 90' lang='lat' dir='ltr'><strong>illa</strong></span> <span class='ocrx_word' id='word_1_724' title='bbox 2380 2845 2496 2902; x_wconf 79' lang='lat' dir='ltr'><strong>que</strong></span> <span class='ocrx_word' id='word_1_725' title='bbox 2524 2829 2589 2884; x_wconf 90' lang='lat' dir='ltr'><strong>de</strong></span> <span class='ocrx_word' id='word_1_726' title='bbox 2619 2831 2640 2862; x_wconf 77' lang='grc'>³</span> <span class='ocrx_word' id='word_1_727' title='bbox 2666 2829 2747 2882; x_wconf 91' lang='lat' dir='ltr'><strong>bis</strong></span> <span class='ocrx_word' id='word_1_728' title='bbox 2776 2831 3039 2899; x_wconf 86' lang='lat' dir='ltr'><strong>promisit,</strong></span> <span class='ocrx_word' id='word_1_729' title='bbox 3065 2833 3224 2887; x_wconf 89' lang='lat' dir='ltr'><strong>etiam</strong></span> <span class='ocrx_word' id='word_1_730' title='bbox 3263 2833 3438 2890; x_wconf 89' lang='lat' dir='ltr'><strong>futura</strong></span> <span class='ocrx_word' id='word_1_731' title='bbox 3461 2836 3572 2906; x_wconf 86' lang='lat' dir='ltr'><strong>jam</strong></span> 
     </span>
    </p>
   </div>
   <div class='ocr_carea' id='block_1_92' title="bbox 1981 2921 3571 2998">
    <p class='ocr_par' dir='ltr' id='par_1_92' title="bbox 1981 2921 3571 2998">
     <span class='ocr_line' id='line_1_92' title="bbox 1981 2921 3571 2998; baseline 0.003 -20"><span class='ocrx_word' id='word_1_732' title='bbox 1981 2921 2108 2979; x_wconf 84' lang='lat' dir='ltr'><strong>fecit</strong></span> <span class='ocrx_word' id='word_1_733' title='bbox 2139 2941 2152 2976; x_wconf 90' lang='lat'><strong>:</strong></span> <span class='ocrx_word' id='word_1_734' title='bbox 2185 2923 2268 2978; x_wconf 87' lang='lat' dir='ltr'><strong>cui</strong></span> <span class='ocrx_word' id='word_1_735' title='bbox 2299 2923 2628 2994; x_wconf 89' lang='lat' dir='ltr'><strong>promittenti</strong></span> <span class='ocrx_word' id='word_1_736' title='bbox 2659 2923 2872 2977; x_wconf 78' lang='lat' dir='ltr'><strong>credidit</strong></span> <span class='ocrx_word' id='word_1_737' title='bbox 2902 2924 3179 2990; x_wconf 81' lang='lat' dir='ltr'><strong>Abraham,</strong></span> <span class='ocrx_word' id='word_1_738' title='bbox 3209 2937 3254 2980; x_wconf 87' lang='lat' dir='ltr'><strong>et</strong></span> <span class='ocrx_word' id='word_1_739' title='bbox 3278 2929 3571 2998; x_wconf 81' lang='lat' dir='ltr'><strong>deputatum</strong></span> 
     </span>
    </p>
   </div>
   <div class='ocr_carea' id='block_1_93' title="bbox 1981 3014 3573 3090">
    <p class='ocr_par' dir='ltr' id='par_1_93' title="bbox 1981 3014 3573 3090">
     <span class='ocr_line' id='line_1_93' title="bbox 1981 3014 3573 3090; baseline 0.001 -20"><span class='ocrx_word' id='word_1_740' title='bbox 1981 3025 2055 3071; x_wconf 84' lang='lat' dir='ltr'><strong>est</strong></span> <span class='ocrx_word' id='word_1_741' title='bbox 2080 3017 2155 3070; x_wconf 84' lang='lat' dir='ltr'><strong>illi</strong></span> <span class='ocrx_word' id='word_1_742' title='bbox 2177 3014 2242 3068; x_wconf 83' lang='lat' dir='ltr'><strong>ad</strong></span> <span class='ocrx_word' id='word_1_743' title='bbox 2259 3015 2532 3086; x_wconf 80' lang='lat' dir='ltr'><strong>justitiam.</strong></span> <span class='ocrx_word' id='word_1_744' title='bbox 2565 3015 2870 3070; x_wconf 82' lang='lat' dir='ltr'><strong>Deditenitn</strong></span> <span class='ocrx_word' id='word_1_745' title='bbox 2894 3017 3109 3088; x_wconf 79' lang='lat' dir='ltr'><strong>gloriam</strong></span> <span class='ocrx_word' id='word_1_746' title='bbox 3137 3017 3259 3082; x_wconf 88' lang='lat' dir='ltr'><strong>Deo,</strong></span> <span class='ocrx_word' id='word_1_747' title='bbox 3288 3021 3573 3090; x_wconf 66' lang='lat' dir='ltr'><strong>plenissime</strong></span> 
     </span>
    </p>
   </div>
   <div class='ocr_carea' id='block_1_94' title="bbox 1983 3109 3572 3188">
    <p class='ocr_par' dir='ltr' id='par_1_94' title="bbox 1983 3109 3572 3188">
     <span class='ocr_line' id='line_1_94' title="bbox 1983 3109 3572 3188; baseline 0.004 -26"><span class='ocrx_word' id='word_1_748' title='bbox 1983 3109 2209 3176; x_wconf 82' lang='lat' dir='ltr'><strong>credens,</strong></span> <span class='ocrx_word' id='word_1_749' title='bbox 2254 3110 2388 3164; x_wconf 89' lang='lat' dir='ltr'><strong>sicut</strong></span> <span class='ocrx_word' id='word_1_750' title='bbox 2418 3110 2670 3181; x_wconf 84' lang='lat' dir='ltr'><strong>scriptum</strong></span> <span class='ocrx_word' id='word_1_751' title='bbox 2701 3117 2802 3178; x_wconf 88' lang='lat' dir='ltr'><strong>est,</strong></span> <span class='ocrx_word' id='word_1_752' title='bbox 2831 3111 2948 3180; x_wconf 79' lang='lat' dir='ltr'><strong>quia</strong></span> <span class='ocrx_word' id='word_1_753' title='bbox 2974 3126 3088 3182; x_wconf 79' lang='lat' dir='ltr'><strong>qua:</strong></span> <span class='ocrx_word' id='word_1_754' title='bbox 3116 3113 3366 3182; x_wconf 79' lang='lat' dir='ltr'><strong>promisit,</strong></span> <span class='ocrx_word' id='word_1_755' title='bbox 3397 3124 3572 3188; x_wconf 83' lang='lat' dir='ltr'><strong>potens</strong></span> 
     </span>
    </p>
   </div>
   <div class='ocr_carea' id='block_1_95' title="bbox 1982 3207 2338 3276">
    <p class='ocr_par' dir='ltr' id='par_1_95' title="bbox 1982 3207 2338 3276">
     <span class='ocr_line' id='line_1_95' title="bbox 1982 3207 2338 3276; baseline -0.006 -18"><span class='ocrx_word' id='word_1_756' title='bbox 1982 3213 2052 3259; x_wconf 72' lang='lat' dir='ltr'><strong>est</strong></span> <span class='ocrx_word' id='word_1_757' title='bbox 2083 3211 2125 3258; x_wconf 87' lang='lat' dir='ltr'><strong>et</strong></span> <span class='ocrx_word' id='word_1_758' title='bbox 2155 3207 2338 3276; x_wconf 78' lang='lat' dir='ltr'><strong>facere.</strong></span> 
     </span>
    </p>
   </div>
   <div class='ocr_carea' id='block_1_96' title="bbox 2055 3294 3570 3366">
    <p class='ocr_par' dir='ltr' id='par_1_96' title="bbox 2055 3294 3570 3366">
     <span class='ocr_line' id='line_1_96' title="bbox 2055 3294 3570 3366; baseline 0.003 -16"><span class='ocrx_word' id='word_1_759' title='bbox 2055 3295 2143 3350; x_wconf 75' lang='lat'><strong>56.</strong></span> <span class='ocrx_word' id='word_1_760' title='bbox 2175 3294 2290 3366; x_wconf 86' lang='lat' dir='ltr'><strong>ipse</strong></span> <span class='ocrx_word' id='word_1_761' title='bbox 2331 3309 2457 3366; x_wconf 79' lang='lat' dir='ltr'><strong>ergo</strong></span> <span class='ocrx_word' id='word_1_762' title='bbox 2500 3294 2620 3348; x_wconf 91' lang='lat' dir='ltr'><strong>illos</strong></span> <span class='ocrx_word' id='word_1_763' title='bbox 2663 3294 2832 3350; x_wconf 86' lang='lat' dir='ltr'><strong>bonos</strong></span> <span class='ocrx_word' id='word_1_764' title='bbox 2863 3295 3021 3362; x_wconf 80' lang='lat' dir='ltr'><strong>facit,</strong></span> <span class='ocrx_word' id='word_1_765' title='bbox 3065 3305 3125 3351; x_wconf 87' lang='lat' dir='ltr'><strong>ut</strong></span> <span class='ocrx_word' id='word_1_766' title='bbox 3163 3297 3300 3352; x_wconf 80' lang='lat' dir='ltr'><strong>bona</strong></span> <span class='ocrx_word' id='word_1_767' title='bbox 3351 3297 3570 3354; x_wconf 82' lang='lat' dir='ltr'><strong>faciant.</strong></span> 
     </span>
    </p>
   </div>
   <div class='ocr_carea' id='block_1_97' title="bbox 1983 3385 3572 3462">
    <p class='ocr_par' dir='ltr' id='par_1_97' title="bbox 1983 3385 3572 3462">
     <span class='ocr_line' id='line_1_97' title="bbox 1983 3385 3572 3462; baseline 0.003 -22"><span class='ocrx_word' id='word_1_768' title='bbox 1983 3385 2164 3456; x_wconf 81' lang='lat' dir='ltr'><strong>Neque</strong></span> <span class='ocrx_word' id='word_1_769' title='bbox 2205 3388 2346 3444; x_wconf 88' lang='lat' dir='ltr'><strong>enim</strong></span> <span class='ocrx_word' id='word_1_770' title='bbox 2395 3397 2672 3457; x_wconf 84' lang='lat' dir='ltr'><strong>propterea</strong></span> <span class='ocrx_word' id='word_1_771' title='bbox 2718 3401 2814 3441; x_wconf 92' lang='lat' dir='ltr'><strong>eos</strong></span> <span class='ocrx_word' id='word_1_772' title='bbox 2858 3389 3103 3459; x_wconf 83' lang='lat' dir='ltr'><strong>promisit</strong></span> <span class='ocrx_word' id='word_1_773' title='bbox 3144 3389 3403 3456; x_wconf 76' lang='lat' dir='ltr'><strong>Abrahae,</strong></span> <span class='ocrx_word' id='word_1_774' title='bbox 3449 3393 3572 3462; x_wconf 89' lang='lat' dir='ltr'><strong>quia</strong></span> 
     </span>
    </p>
   </div>
   <div class='ocr_carea' id='block_1_98' title="bbox 1983 3477 3570 3546">
    <p class='ocr_par' dir='ltr' id='par_1_98' title="bbox 1983 3477 3570 3546">
     <span class='ocr_line' id='line_1_98' title="bbox 1983 3477 3570 3546; baseline 0.005 -18"><span class='ocrx_word' id='word_1_775' title='bbox 1983 3477 2246 3545; x_wconf 74' lang='lat' dir='ltr'><strong>prtescivit</strong></span> <span class='ocrx_word' id='word_1_776' title='bbox 2273 3494 2300 3530; x_wconf 85' lang='lat' dir='ltr'><strong>a</strong></span> <span class='ocrx_word' id='word_1_777' title='bbox 2323 3493 2383 3531; x_wconf 89' lang='lat' dir='ltr'><strong>se</strong></span> <span class='ocrx_word' id='word_1_778' title='bbox 2412 3478 2541 3545; x_wconf 88' lang='lat' dir='ltr'><strong>ipsis</strong></span> <span class='ocrx_word' id='word_1_779' title='bbox 2563 3477 2730 3532; x_wconf 90' lang='lat' dir='ltr'><strong>bonos</strong></span> <span class='ocrx_word' id='word_1_780' title='bbox 2750 3479 2977 3532; x_wconf 89' lang='lat' dir='ltr'><strong>futuros.</strong></span> <span class='ocrx_word' id='word_1_781' title='bbox 3005 3479 3140 3534; x_wconf 88' lang='lat' dir='ltr'><strong>Nam</strong></span> <span class='ocrx_word' id='word_1_782' title='bbox 3169 3481 3211 3534; x_wconf 91' lang='lat' dir='ltr'><strong>si</strong></span> <span class='ocrx_word' id='word_1_783' title='bbox 3243 3481 3312 3535; x_wconf 90' lang='lat' dir='ltr'><strong>ita</strong></span> <span class='ocrx_word' id='word_1_784' title='bbox 3339 3491 3439 3546; x_wconf 87' lang='lat' dir='ltr'><strong>cst,</strong></span> <span class='ocrx_word' id='word_1_785' title='bbox 3465 3500 3570 3536; x_wconf 88' lang='lat' dir='ltr'><strong>non</strong></span> 
     </span>
    </p>
   </div>
   <div class='ocr_carea' id='block_1_99' title="bbox 1981 3567 3570 3640">
    <p class='ocr_par' dir='ltr' id='par_1_99' title="bbox 1981 3567 3570 3640">
     <span class='ocr_line' id='line_1_99' title="bbox 1981 3567 3570 3640; baseline 0.005 -20"><span class='ocrx_word' id='word_1_786' title='bbox 1981 3580 2159 3632; x_wconf 86' lang='lat' dir='ltr'><strong>suum,</strong></span> <span class='ocrx_word' id='word_1_787' title='bbox 2192 3567 2286 3622; x_wconf 86' lang='lat' dir='ltr'><strong>sed</strong></span> <span class='ocrx_word' id='word_1_788' title='bbox 2314 3583 2500 3622; x_wconf 87' lang='lat' dir='ltr'><strong>eorum</strong></span> <span class='ocrx_word' id='word_1_789' title='bbox 2531 3577 2614 3622; x_wconf 90' lang='lat' dir='ltr'><strong>est</strong></span> <span class='ocrx_word' id='word_1_790' title='bbox 2641 3569 2782 3638; x_wconf 85' lang='lat' dir='ltr'><strong>quod</strong></span> <span class='ocrx_word' id='word_1_791' title='bbox 2815 3571 3080 3640; x_wconf 84' lang='lat' dir='ltr'><strong>promisit.</strong></span> <span class='ocrx_word' id='word_1_792' title='bbox 3123 3571 3238 3627; x_wconf 85' lang='lat' dir='ltr'><strong>Non</strong></span> <span class='ocrx_word' id='word_1_793' title='bbox 3284 3583 3464 3630; x_wconf 82' lang='lat' dir='ltr'><strong>autem</strong></span> <span class='ocrx_word' id='word_1_794' title='bbox 3493 3577 3570 3630; x_wconf 81' lang='lat' dir='ltr'><strong>sic</strong></span> 
     </span>
    </p>
   </div>
   <div class='ocr_carea' id='block_1_100' title="bbox 1983 3657 3572 3736">
    <p class='ocr_par' dir='ltr' id='par_1_100' title="bbox 1983 3657 3572 3736">
     <span class='ocr_line' id='line_1_100' title="bbox 1983 3657 3572 3736; baseline 0.004 -23"><span class='ocrx_word' id='word_1_795' title='bbox 1983 3657 2208 3736; x_wconf 88' lang='lat' dir='ltr'><strong>credidit</strong></span> <span class='ocrx_word' id='word_1_796' title='bbox 2237 3657 2526 3724; x_wconf 84' lang='lat' dir='ltr'><strong>Abraham,</strong></span> <span class='ocrx_word' id='word_1_797' title='bbox 2558 3659 2673 3724; x_wconf 88' lang='lat' dir='ltr'><strong>sed,</strong></span> <span class='ocrx_word' id='word_1_798' title='bbox 2701 3677 2802 3713; x_wconf 88' lang='lat' dir='ltr'><strong>non</strong></span> <span class='ocrx_word' id='word_1_799' title='bbox 2822 3671 2896 3714; x_wconf 81' lang='lat' dir='ltr'><strong>est</strong></span> <span class='ocrx_word' id='word_1_800' title='bbox 2919 3663 3206 3730; x_wconf 82' lang='lat' dir='ltr'><strong>inﬁrmatus</strong></span> <span class='ocrx_word' id='word_1_801' title='bbox 3225 3667 3277 3719; x_wconf 86' lang='lat' dir='ltr'><strong>in</strong></span> <span class='ocrx_word' id='word_1_802' title='bbox 3300 3667 3423 3736; x_wconf 81' lang='lat' dir='ltr'><strong>ﬁde,</strong></span> <span class='ocrx_word' id='word_1_803' title='bbox 3443 3669 3572 3720; x_wconf 81' lang='lat' dir='ltr'><strong>dam</strong></span> 
     </span>
    </p>
   </div>
   <div class='ocr_carea' id='block_1_101' title="bbox 1983 3735 3570 3827">
    <p class='ocr_par' dir='ltr' id='par_1_101' title="bbox 1983 3735 3570 3827">
     <span class='ocr_line' id='line_1_101' title="bbox 1983 3735 3570 3827; baseline 0.004 -23"><span class='ocrx_word' id='word_1_804' title='bbox 1983 3735 2198 3822; x_wconf 69' lang='lat' dir='ltr'><strong>gloriati:</strong></span> <span class='ocrx_word' id='word_1_805' title='bbox 2225 3749 2332 3804; x_wconf 87' lang='lat' dir='ltr'><strong>Deo</strong></span> <span class='ocrx_word' id='word_1_806' title='bbox 2351 3790 2364 3813; x_wconf 90' lang='lat'><strong>,</strong></span> <span class='ocrx_word' id='word_1_807' title='bbox 2390 3757 2445 3804; x_wconf 89' lang='lat' dir='ltr'><strong>et</strong></span> <span class='ocrx_word' id='word_1_808' title='bbox 2474 3750 2764 3820; x_wconf 83' lang='lat' dir='ltr'><strong>plenissime</strong></span> <span class='ocrx_word' id='word_1_809' title='bbox 2791 3752 2998 3806; x_wconf 82' lang='lat' dir='ltr'><strong>credens</strong></span> <span class='ocrx_word' id='word_1_810' title='bbox 3036 3755 3156 3824; x_wconf 80' lang='lat' dir='ltr'><strong>quia</strong></span> <span class='ocrx_word' id='word_1_811' title='bbox 3181 3735 3570 3827; x_wconf 55' lang='lat' dir='ltr'><strong>quarm-omisit,</strong></span> 
     </span>
    </p>
   </div>
   <div class='ocr_carea' id='block_1_102' title="bbox 1983 3841 3568 3918">
    <p class='ocr_par' dir='ltr' id='par_1_102' title="bbox 1983 3841 3568 3918">
     <span class='ocr_line' id='line_1_102' title="bbox 1983 3841 3568 3918; baseline 0.004 -21"><span class='ocrx_word' id='word_1_812' title='bbox 1983 3851 2158 3915; x_wconf 85' lang='lat' dir='ltr'><strong>potens</strong></span> <span class='ocrx_word' id='word_1_813' title='bbox 2185 3852 2256 3896; x_wconf 88' lang='lat' dir='ltr'><strong>est</strong></span> <span class='ocrx_word' id='word_1_814' title='bbox 2281 3851 2326 3897; x_wconf 84' lang='lat' dir='ltr'><strong>et</strong></span> <span class='ocrx_word' id='word_1_815' title='bbox 2356 3841 2522 3911; x_wconf 80' lang='lat' dir='ltr'><strong>facere</strong></span> <span class='ocrx_word' id='word_1_816' title='bbox 2549 3841 2722 3912; x_wconf 79' lang='lat' dir='ltr'><strong>(Rom.</strong></span> <span class='ocrx_word' id='word_1_817' title='bbox 2747 3859 2818 3908; x_wconf 89' lang='lat' dir='ltr'><strong>tv,</strong></span> <span class='ocrx_word' id='word_1_818' title='bbox 2848 3844 2902 3906; x_wconf 80' lang='grc'><strong>5,</strong></span> <span class='ocrx_word' id='word_1_819' title='bbox 2931 3843 3144 3916; x_wconf 78' lang='lat' dir='ltr'><strong>l9-2l).</strong></span> <span class='ocrx_word' id='word_1_820' title='bbox 3175 3845 3290 3902; x_wconf 87' lang='lat' dir='ltr'><strong>Non</strong></span> <span class='ocrx_word' id='word_1_821' title='bbox 3321 3849 3415 3916; x_wconf 90' lang='lat' dir='ltr'><strong>ait,</strong></span> <span class='ocrx_word' id='word_1_822' title='bbox 3439 3851 3568 3918; x_wconf 79' lang='lat' dir='ltr'><strong>Qua:</strong></span> 
     </span>
    </p>
   </div>
   <div class='ocr_carea' id='block_1_103' title="bbox 1985 3933 3568 4008">
    <p class='ocr_par' dir='ltr' id='par_1_103' title="bbox 1985 3933 3568 4008">
     <span class='ocr_line' id='line_1_103' title="bbox 1985 3933 3568 4008; baseline 0.005 -21"><span class='ocrx_word' id='word_1_823' title='bbox 1985 3933 2277 4005; x_wconf 71' lang='lat' dir='ltr'><strong>prmscivit,</strong></span> <span class='ocrx_word' id='word_1_824' title='bbox 2310 3933 2949 4004; x_wconf 87' lang='lat' dir='ltr'><strong>potensestpromittere;</strong></span> <span class='ocrx_word' id='word_1_825' title='bbox 2977 3943 3085 4001; x_wconf 90' lang='lat' dir='ltr'><strong>aut,</strong></span> <span class='ocrx_word' id='word_1_826' title='bbox 3122 3937 3252 4004; x_wconf 75' lang='lat' dir='ltr'><strong>Qua:</strong></span> <span class='ocrx_word' id='word_1_827' title='bbox 3295 3939 3568 4008; x_wconf 72' lang='lat' dir='ltr'><strong>przedixit,</strong></span> 
     </span>
    </p>
   </div>
   <div class='ocr_carea' id='block_1_104' title="bbox 1983 4023 3570 4100">
    <p class='ocr_par' dir='ltr' id='par_1_104' title="bbox 1983 4023 3570 4100">
     <span class='ocr_line' id='line_1_104' title="bbox 1983 4023 3570 4100; baseline 0.007 -23"><span class='ocrx_word' id='word_1_828' title='bbox 1983 4031 2176 4094; x_wconf 91' lang='lat' dir='ltr'><strong>potens</strong></span> <span class='ocrx_word' id='word_1_829' title='bbox 2203 4033 2285 4079; x_wconf 91' lang='lat' dir='ltr'><strong>est</strong></span> <span class='ocrx_word' id='word_1_830' title='bbox 2310 4023 2628 4090; x_wconf 88' lang='lat' dir='ltr'><strong>ostendere;</strong></span> <span class='ocrx_word' id='word_1_831' title='bbox 2659 4032 2750 4078; x_wconf 91' lang='lat' dir='ltr'><strong>aut</strong></span> <span class='ocrx_word' id='word_1_832' title='bbox 2769 4065 2784 4090; x_wconf 95' lang='lat'><strong>,</strong></span> <span class='ocrx_word' id='word_1_833' title='bbox 2811 4024 2944 4094; x_wconf 74' lang='lat' dir='ltr'><strong>Qure</strong></span> <span class='ocrx_word' id='word_1_834' title='bbox 2971 4029 3245 4096; x_wconf 88' lang='lat' dir='ltr'><strong>promisit,</strong></span> <span class='ocrx_word' id='word_1_835' title='bbox 3275 4039 3464 4100; x_wconf 81' lang='lat' dir='ltr'><strong>potens</strong></span> <span class='ocrx_word' id='word_1_836' title='bbox 3487 4045 3570 4088; x_wconf 89' lang='lat' dir='ltr'><strong>cst</strong></span> 
     </span>
    </p>
   </div>
   <div class='ocr_carea' id='block_1_105' title="bbox 1985 4115 3572 4194">
    <p class='ocr_par' dir='ltr' id='par_1_105' title="bbox 1985 4115 3572 4194">
     <span class='ocr_line' id='line_1_105' title="bbox 1985 4115 3572 4194; baseline 0.006 -26"><span class='ocrx_word' id='word_1_837' title='bbox 1985 4115 2234 4184; x_wconf 73' lang='lat' dir='ltr'><strong>praescire</strong></span> <span class='ocrx_word' id='word_1_838' title='bbox 2267 4133 2280 4168; x_wconf 91' lang='lat'><strong>:</strong></span> <span class='ocrx_word' id='word_1_839' title='bbox 2318 4115 2434 4182; x_wconf 89' lang='lat' dir='ltr'><strong>sed,</strong></span> <span class='ocrx_word' id='word_1_840' title='bbox 2461 4129 2574 4184; x_wconf 66' lang='lat' dir='ltr'><strong>qua:</strong></span> <span class='ocrx_word' id='word_1_841' title='bbox 2601 4116 2849 4184; x_wconf 82' lang='lat' dir='ltr'><strong>promisit,</strong></span> <span class='ocrx_word' id='word_1_842' title='bbox 2875 4127 3048 4186; x_wconf 85' lang='lat' dir='ltr'><strong>potens</strong></span> <span class='ocrx_word' id='word_1_843' title='bbox 3075 4127 3146 4173; x_wconf 86' lang='lat' dir='ltr'><strong>est</strong></span> <span class='ocrx_word' id='word_1_844' title='bbox 3173 4129 3218 4174; x_wconf 87' lang='lat' dir='ltr'><strong>et</strong></span> <span class='ocrx_word' id='word_1_845' title='bbox 3243 4125 3427 4192; x_wconf 79' lang='lat' dir='ltr'><strong>facere.</strong></span> <span class='ocrx_word' id='word_1_846' title='bbox 3453 4123 3572 4194; x_wconf 71' lang='lat' dir='ltr'><strong>Ipse</strong></span> 
     </span>
    </p>
   </div>
   <div class='ocr_carea' id='block_1_106' title="bbox 1984 4203 3538 4280">
    <p class='ocr_par' dir='ltr' id='par_1_106' title="bbox 1984 4203 3538 4280">
     <span class='ocr_line' id='line_1_106' title="bbox 1984 4203 3538 4280; baseline 0.008 -22"><span class='ocrx_word' id='word_1_847' title='bbox 1984 4204 2145 4276; x_wconf 82' lang='lat' dir='ltr'><strong>igitur</strong></span> <span class='ocrx_word' id='word_1_848' title='bbox 2169 4219 2264 4260; x_wconf 88' lang='lat' dir='ltr'><strong>eos</strong></span> <span class='ocrx_word' id='word_1_849' title='bbox 2287 4203 2412 4259; x_wconf 86' lang='lat' dir='ltr'><strong>facit</strong></span> <span class='ocrx_word' id='word_1_850' title='bbox 2439 4219 2786 4274; x_wconf 85' lang='lat' dir='ltr'><strong>perseverare</strong></span> <span class='ocrx_word' id='word_1_851' title='bbox 2809 4207 2858 4259; x_wconf 91' lang='lat' dir='ltr'><strong>in</strong></span> <span class='ocrx_word' id='word_1_852' title='bbox 2885 4207 3045 4272; x_wconf 85' lang='lat' dir='ltr'><strong>bono,</strong></span> <span class='ocrx_word' id='word_1_853' title='bbox 3069 4210 3158 4280; x_wconf 87' lang='lat' dir='ltr'><strong>qui</strong></span> <span class='ocrx_word' id='word_1_854' title='bbox 3189 4209 3312 4266; x_wconf 85' lang='lat' dir='ltr'><strong>facit</strong></span> <span class='ocrx_word' id='word_1_855' title='bbox 3329 4213 3350 4244; x_wconf 89' lang='grc'>³</span> <span class='ocrx_word' id='word_1_856' title='bbox 3377 4215 3538 4270; x_wconf 72' lang='lat' dir='ltr'><strong>bono:</strong></span> 
     </span>
    </p>
   </div>
   <div class='ocr_carea' id='block_1_107' title="bbox 1982 4296 3566 4372">
    <p class='ocr_par' dir='ltr' id='par_1_107' title="bbox 1982 4296 3566 4372">
     <span class='ocr_line' id='line_1_107' title="bbox 1982 4296 3566 4372; baseline 0.009 -23"><span class='ocrx_word' id='word_1_857' title='bbox 1982 4296 2084 4364; x_wconf 87' lang='lat' dir='ltr'><strong>Qui</strong></span> <span class='ocrx_word' id='word_1_858' title='bbox 2129 4305 2306 4352; x_wconf 89' lang='lat' dir='ltr'><strong>autem</strong></span> <span class='ocrx_word' id='word_1_859' title='bbox 2351 4297 2550 4352; x_wconf 82' lang='lat' dir='ltr'><strong>cadunt</strong></span> <span class='ocrx_word' id='word_1_860' title='bbox 2590 4307 2646 4352; x_wconf 89' lang='lat' dir='ltr'><strong>et</strong></span> <span class='ocrx_word' id='word_1_861' title='bbox 2691 4308 2946 4368; x_wconf 89' lang='lat' dir='ltr'><strong>pereunt,</strong></span> <span class='ocrx_word' id='word_1_862' title='bbox 2983 4301 3034 4354; x_wconf 90' lang='lat' dir='ltr'><strong>in</strong></span> <span class='ocrx_word' id='word_1_863' title='bbox 3069 4303 3566 4372; x_wconf 66' lang='lat' dir='ltr'><strong>prmdcstinatorum</strong></span> 
     </span>
    </p>
   </div>
   <div class='ocr_carea' id='block_1_108' title="bbox 1985 4389 3566 4463">
    <p class='ocr_par' dir='ltr' id='par_1_108' title="bbox 1985 4389 3566 4463">
     <span class='ocr_line' id='line_1_108' title="bbox 1985 4389 3566 4463; baseline 0.009 -21"><span class='ocrx_word' id='word_1_864' title='bbox 1985 4405 2208 4445; x_wconf 89' lang='lat' dir='ltr'><strong>numero</strong></span> <span class='ocrx_word' id='word_1_865' title='bbox 2239 4405 2346 4445; x_wconf 90' lang='lat' dir='ltr'><strong>non</strong></span> <span class='ocrx_word' id='word_1_866' title='bbox 2381 4389 2616 4446; x_wconf 87' lang='lat' dir='ltr'><strong>fuerunt.</strong></span> <span class='ocrx_word' id='word_1_867' title='bbox 2648 4390 2902 4460; x_wconf 87' lang='lat' dir='ltr'><strong>Quamvis</strong></span> <span class='ocrx_word' id='word_1_868' title='bbox 2933 4407 3062 4463; x_wconf 83' lang='lat' dir='ltr'><strong>ergo</strong></span> <span class='ocrx_word' id='word_1_869' title='bbox 3097 4395 3164 4450; x_wconf 90' lang='lat' dir='ltr'><strong>de</strong></span> <span class='ocrx_word' id='word_1_870' title='bbox 3203 4399 3452 4454; x_wconf 87' lang='lat' dir='ltr'><strong>omnibus</strong></span> <span class='ocrx_word' id='word_1_871' title='bbox 3479 4417 3566 4456; x_wconf 15' lang='lat' dir='ltr'><strong>ret-</strong></span> 
     </span>
    </p>
   </div>
   <div class='ocr_carea' id='block_1_109' title="bbox 1981 4481 3568 4558">
    <p class='ocr_par' dir='ltr' id='par_1_109' title="bbox 1981 4481 3568 4558">
     <span class='ocr_line' id='line_1_109' title="bbox 1981 4481 3568 4558; baseline 0.009 -26"><span class='ocrx_word' id='word_1_872' title='bbox 1981 4481 2248 4551; x_wconf 79' lang='lat' dir='ltr'><strong>generatis</strong></span> <span class='ocrx_word' id='word_1_873' title='bbox 2271 4491 2326 4536; x_wconf 91' lang='lat' dir='ltr'><strong>et</strong></span> <span class='ocrx_word' id='word_1_874' title='bbox 2355 4481 2439 4551; x_wconf 90' lang='lat' dir='ltr'><strong>pie</strong></span> <span class='ocrx_word' id='word_1_875' title='bbox 2471 4481 2770 4535; x_wconf 87' lang='lat' dir='ltr'><strong>viventibus</strong></span> <span class='ocrx_word' id='word_1_876' title='bbox 2802 4482 3114 4552; x_wconf 84' lang='lat' dir='ltr'><strong>loqueretur</strong></span> <span class='ocrx_word' id='word_1_877' title='bbox 3145 4487 3453 4558; x_wconf 79' lang='lat' dir='ltr'><strong>Apostolus,</strong></span> <span class='ocrx_word' id='word_1_878' title='bbox 3481 4492 3568 4547; x_wconf 86' lang='lat' dir='ltr'><strong>di-</strong></span> 
     </span>
    </p>
   </div>
   <div class='ocr_carea' id='block_1_110' title="bbox 1982 4571 3568 4646">
    <p class='ocr_par' dir='ltr' id='par_1_110' title="bbox 1982 4571 3568 4646">
     <span class='ocr_line' id='line_1_110' title="bbox 1982 4571 3568 4646; baseline 0.01 -20"><span class='ocrx_word' id='word_1_879' title='bbox 1982 4587 2129 4638; x_wconf 81' lang='lat' dir='ltr'><strong>cens,</strong></span> <span class='ocrx_word' id='word_1_880' title='bbox 2147 4571 2222 4628; x_wconf 84' lang='lat' dir='ltr'><strong>Tu</strong></span> <span class='ocrx_word' id='word_1_881' title='bbox 2235 4573 2346 4642; x_wconf 85' lang='lat' dir='ltr'><strong>quis</strong></span> <span class='ocrx_word' id='word_1_882' title='bbox 2369 4589 2420 4628; x_wconf 86' lang='lat' dir='ltr'><strong>es</strong></span> <span class='ocrx_word' id='word_1_883' title='bbox 2433 4575 2520 4645; x_wconf 80' lang='lat' dir='ltr'><strong>qui</strong></span> <span class='ocrx_word' id='word_1_884' title='bbox 2534 4572 2738 4646; x_wconf 83' lang='lat' dir='ltr'><strong>judices</strong></span> <span class='ocrx_word' id='word_1_885' title='bbox 2753 4575 2972 4629; x_wconf 81' lang='lat' dir='ltr'><strong>alienum</strong></span> <span class='ocrx_word' id='word_1_886' title='bbox 2993 4580 3230 4633; x_wconf 80' lang='lat' dir='ltr'><strong>seruum?</strong></span> <span class='ocrx_word' id='word_1_887' title='bbox 3250 4599 3342 4636; x_wconf 80' lang='lat' dir='ltr'><strong>suo</strong></span> <span class='ocrx_word' id='word_1_888' title='bbox 3363 4583 3568 4642; x_wconf 80' lang='lat' dir='ltr'><strong>domino</strong></span> 
     </span>
    </p>
   </div>
   <div class='ocr_carea' id='block_1_111' title="bbox 1981 4665 3567 4742">
    <p class='ocr_par' dir='ltr' id='par_1_111' title="bbox 1981 4665 3567 4742">
     <span class='ocr_line' id='line_1_111' title="bbox 1981 4665 3567 4742; baseline 0.008 -24"><span class='ocrx_word' id='word_1_889' title='bbox 1981 4673 2080 4718; x_wconf 82' lang='lat' dir='ltr'><strong>stat</strong></span> <span class='ocrx_word' id='word_1_890' title='bbox 2119 4673 2208 4718; x_wconf 84' lang='lat' dir='ltr'><strong>aut</strong></span> <span class='ocrx_word' id='word_1_891' title='bbox 2247 4665 2416 4732; x_wconf 83' lang='lat' dir='ltr'><strong>cadit;</strong></span> <span class='ocrx_word' id='word_1_892' title='bbox 2441 4665 2695 4720; x_wconf 86' lang='lat' dir='ltr'><strong>continuo</strong></span> <span class='ocrx_word' id='word_1_893' title='bbox 2719 4675 2892 4722; x_wconf 89' lang='lat' dir='ltr'><strong>tamen</strong></span> <span class='ocrx_word' id='word_1_894' title='bbox 2924 4669 3156 4738; x_wconf 77' lang='lat' dir='ltr'><strong>respexit</strong></span> <span class='ocrx_word' id='word_1_895' title='bbox 3187 4672 3252 4725; x_wconf 91' lang='lat' dir='ltr'><strong>ad</strong></span> <span class='ocrx_word' id='word_1_896' title='bbox 3291 4675 3567 4742; x_wconf 63' lang='lat' dir='ltr'><strong>praedesti-</strong></span> 
     </span>
    </p>
   </div>
   <div class='ocr_carea' id='block_1_112' title="bbox 1982 4757 3559 4838">
    <p class='ocr_par' dir='ltr' id='par_1_112' title="bbox 1982 4757 3559 4838">
     <span class='ocr_line' id='line_1_112' title="bbox 1982 4757 3559 4838; baseline 0.007 -27"><span class='ocrx_word' id='word_1_897' title='bbox 1982 4765 2154 4823; x_wconf 82' lang='lat' dir='ltr'><strong>natos,</strong></span> <span class='ocrx_word' id='word_1_898' title='bbox 2188 4765 2242 4812; x_wconf 90' lang='lat' dir='ltr'><strong>et</strong></span> <span class='ocrx_word' id='word_1_899' title='bbox 2268 4759 2358 4823; x_wconf 89' lang='lat' dir='ltr'><strong>ait,</strong></span> <span class='ocrx_word' id='word_1_900' title='bbox 2388 4757 2556 4814; x_wconf 83' lang='lat' dir='ltr'><strong>Stabit</strong></span> <span class='ocrx_word' id='word_1_901' title='bbox 2576 4769 2742 4814; x_wconf 88' lang='lat' dir='ltr'><strong>autem</strong></span> <span class='ocrx_word' id='word_1_902' title='bbox 2769 4773 2790 4814; x_wconf 89' lang='lat'><strong><em>:</em></strong></span> <span class='ocrx_word' id='word_1_903' title='bbox 2807 4769 2860 4815; x_wconf 89' lang='lat' dir='ltr'><strong>et</strong></span> <span class='ocrx_word' id='word_1_904' title='bbox 2886 4775 2954 4816; x_wconf 90' lang='lat' dir='ltr'><strong>ne</strong></span> <span class='ocrx_word' id='word_1_905' title='bbox 2979 4760 3080 4816; x_wconf 88' lang='lat' dir='ltr'><strong>hoc</strong></span> <span class='ocrx_word' id='word_1_906' title='bbox 3101 4762 3198 4817; x_wconf 91' lang='lat' dir='ltr'><strong>sibi</strong></span> <span class='ocrx_word' id='word_1_907' title='bbox 3226 4781 3559 4838; x_wconf 80' lang='lat' dir='ltr'><strong>arrogarcnt,</strong></span> 
     </span>
    </p>
   </div>
   <div class='ocr_carea' id='block_1_113' title="bbox 1983 4845 3540 4924">
    <p class='ocr_par' dir='ltr' id='par_1_113' title="bbox 1983 4845 3540 4924">
     <span class='ocr_line' id='line_1_113' title="bbox 1983 4845 3540 4924; baseline 0.008 -23"><span class='ocrx_word' id='word_1_908' title='bbox 1983 4845 2168 4902; x_wconf 86' lang='lat' dir='ltr'><strong>Potens</strong></span> <span class='ocrx_word' id='word_1_909' title='bbox 2193 4857 2264 4903; x_wconf 82' lang='lat' dir='ltr'><strong>est</strong></span> <span class='ocrx_word' id='word_1_910' title='bbox 2289 4849 2418 4902; x_wconf 82' lang='lat' dir='ltr'><strong>enim</strong></span> <span class='ocrx_word' id='word_1_911' title='bbox 2443 4847 2599 4916; x_wconf 84' lang='lat' dir='ltr'><strong>Deus,</strong></span> <span class='ocrx_word' id='word_1_912' title='bbox 2629 4849 2820 4920; x_wconf 91' lang='lat' dir='ltr'><strong>inquit,</strong></span> <span class='ocrx_word' id='word_1_913' title='bbox 2843 4860 3060 4905; x_wconf 86' lang='lat' dir='ltr'><strong>statuere</strong></span> <span class='ocrx_word' id='word_1_914' title='bbox 3078 4867 3192 4906; x_wconf 80' lang='lat' dir='ltr'><strong>eam</strong></span> <span class='ocrx_word' id='word_1_915' title='bbox 3214 4853 3325 4922; x_wconf 88' lang='lat' dir='ltr'><strong>(Id.</strong></span> <span class='ocrx_word' id='word_1_916' title='bbox 3351 4873 3462 4922; x_wconf 80' lang='lat' dir='ltr'><strong>xtv,</strong></span> <span class='ocrx_word' id='word_1_917' title='bbox 3486 4861 3540 4924; x_wconf 73' lang='grc'><strong>4)</strong></span> 
     </span>
    </p>
   </div>
   <div class='ocr_carea' id='block_1_114' title="bbox 1981 4925 3568 5018">
    <p class='ocr_par' dir='ltr' id='par_1_114' title="bbox 1981 4925 3568 5018">
     <span class='ocr_line' id='line_1_114' title="bbox 1981 4925 3568 5018; baseline 0.008 -25"><span class='ocrx_word' id='word_1_918' title='bbox 1981 4939 2098 5009; x_wconf 83' lang='lat' dir='ltr'><strong>ipse</strong></span> <span class='ocrx_word' id='word_1_919' title='bbox 2128 4939 2304 5008; x_wconf 88' lang='lat' dir='ltr'><strong>itaque</strong></span> <span class='ocrx_word' id='word_1_920' title='bbox 2339 4939 2426 4994; x_wconf 88' lang='lat' dir='ltr'><strong>dat</strong></span> <span class='ocrx_word' id='word_1_921' title='bbox 2473 4925 2920 5010; x_wconf 75' lang='lat' dir='ltr'><strong>perseverantiam</strong></span> <span class='ocrx_word' id='word_1_922' title='bbox 2941 4981 2956 5007; x_wconf 89' lang='lat'><strong>,</strong></span> <span class='ocrx_word' id='word_1_923' title='bbox 2985 4942 3076 5012; x_wconf 92' lang='lat' dir='ltr'><strong>qui</strong></span> <span class='ocrx_word' id='word_1_924' title='bbox 3113 4953 3347 5001; x_wconf 80' lang='lat' dir='ltr'><strong>statuere</strong></span> <span class='ocrx_word' id='word_1_925' title='bbox 3375 4959 3568 5018; x_wconf 76' lang='lat' dir='ltr'><strong>potcn‘.</strong></span> 
     </span>
    </p>
   </div>
   <div class='ocr_carea' id='block_1_115' title="bbox 1979 5032 3564 5103">
    <p class='ocr_par' dir='ltr' id='par_1_115' title="bbox 1979 5032 3564 5103">
     <span class='ocr_line' id='line_1_115' title="bbox 1979 5032 3564 5103; baseline 0.006 -16"><span class='ocrx_word' id='word_1_926' title='bbox 1979 5043 2063 5088; x_wconf 89' lang='lat' dir='ltr'><strong>est</strong></span> <span class='ocrx_word' id='word_1_927' title='bbox 2089 5047 2179 5086; x_wconf 82' lang='lat' dir='ltr'><strong>eos</strong></span> <span class='ocrx_word' id='word_1_928' title='bbox 2205 5032 2292 5102; x_wconf 88' lang='lat' dir='ltr'><strong>qui</strong></span> <span class='ocrx_word' id='word_1_929' title='bbox 2319 5039 2494 5097; x_wconf 88' lang='lat' dir='ltr'><strong>stant,</strong></span> <span class='ocrx_word' id='word_1_930' title='bbox 2527 5041 2584 5086; x_wconf 92' lang='lat' dir='ltr'><strong>ut</strong></span> <span class='ocrx_word' id='word_1_931' title='bbox 2609 5034 3142 5103; x_wconf 85' lang='lat' dir='ltr'><strong>perseverantissime</strong></span> <span class='ocrx_word' id='word_1_932' title='bbox 3165 5046 3334 5102; x_wconf 71' lang='lat' dir='ltr'><strong>stent;</strong></span> <span class='ocrx_word' id='word_1_933' title='bbox 3367 5041 3447 5094; x_wconf 79' lang='lat' dir='ltr'><strong>vrl</strong></span> <span class='ocrx_word' id='word_1_934' title='bbox 3475 5059 3564 5096; x_wconf 80' lang='lat' dir='ltr'><strong>re-</strong></span> 
     </span>
    </p>
   </div>
   <div class='ocr_carea' id='block_1_116' title="bbox 1981 5121 3564 5200">
    <p class='ocr_par' dir='ltr' id='par_1_116' title="bbox 1981 5121 3564 5200">
     <span class='ocr_line' id='line_1_116' title="bbox 1981 5121 3564 5200; baseline 0.007 -22"><span class='ocrx_word' id='word_1_935' title='bbox 1981 5124 2201 5178; x_wconf 88' lang='lat' dir='ltr'><strong>stituere</strong></span> <span class='ocrx_word' id='word_1_936' title='bbox 2229 5123 2317 5194; x_wconf 90' lang='lat' dir='ltr'><strong>qui</strong></span> <span class='ocrx_word' id='word_1_937' title='bbox 2351 5121 2736 5178; x_wconf 70' lang='lat' dir='ltr'><strong>ceciderunt&quot;:</strong></span> <span class='ocrx_word' id='word_1_938' title='bbox 2763 5123 3018 5179; x_wconf 89' lang='lat' dir='ltr'><strong>Dominus</strong></span> <span class='ocrx_word' id='word_1_939' title='bbox 3043 5125 3184 5180; x_wconf 91' lang='lat' dir='ltr'><strong>enim</strong></span> <span class='ocrx_word' id='word_1_940' title='bbox 3211 5130 3366 5200; x_wconf 82' lang='lat' dir='ltr'><strong>erigit</strong></span> <span class='ocrx_word' id='word_1_941' title='bbox 3406 5132 3564 5188; x_wconf 79' lang='lat' dir='ltr'><strong>elisos</strong></span> 
     </span>
    </p>
   </div>
   <div class='ocr_carea' id='block_1_117' title="bbox 1980 5211 2438 5289">
    <p class='ocr_par' dir='ltr' id='par_1_117' title="bbox 1980 5211 2438 5289">
     <span class='ocr_line' id='line_1_117' title="bbox 1980 5211 2438 5289; baseline 0.002 -22"><span class='ocrx_word' id='word_1_942' title='bbox 1980 5215 2152 5289; x_wconf 88' lang='lat' dir='ltr'><strong>(Psal.</strong></span> <span class='ocrx_word' id='word_1_943' title='bbox 2179 5231 2336 5282; x_wconf 67' lang='grc' dir='ltr'><strong>θην,</strong></span> <span class='ocrx_word' id='word_1_944' title='bbox 2359 5211 2438 5284; x_wconf 89' lang='lat'><strong>8).</strong></span> 
     </span>
    </p>
   </div>
   <div class='ocr_carea' id='block_1_118' title="bbox 2053 5307 3560 5380">
    <p class='ocr_par' dir='ltr' id='par_1_118' title="bbox 2053 5307 3560 5380">
     <span class='ocr_line' id='line_1_118' title="bbox 2053 5307 3560 5380; baseline 0.006 -17"><span class='ocrx_word' id='word_1_945' title='bbox 2053 5310 2140 5363; x_wconf 83' lang='grc'><strong>57.</strong></span> <span class='ocrx_word' id='word_1_946' title='bbox 2177 5307 2246 5364; x_wconf 89' lang='lat' dir='ltr'><strong>Ut</strong></span> <span class='ocrx_word' id='word_1_947' title='bbox 2266 5324 2396 5378; x_wconf 83' lang='lat' dir='ltr'><strong>ergo</strong></span> <span class='ocrx_word' id='word_1_948' title='bbox 2417 5323 2520 5362; x_wconf 90' lang='lat' dir='ltr'><strong>non</strong></span> <span class='ocrx_word' id='word_1_949' title='bbox 2543 5309 2812 5379; x_wconf 88' lang='lat' dir='ltr'><strong>acciperet</strong></span> <span class='ocrx_word' id='word_1_950' title='bbox 2835 5307 2938 5364; x_wconf 85' lang='lat' dir='ltr'><strong>hoc</strong></span> <span class='ocrx_word' id='word_1_951' title='bbox 2956 5309 3152 5364; x_wconf 81' lang='lat' dir='ltr'><strong>donum</strong></span> <span class='ocrx_word' id='word_1_952' title='bbox 3183 5311 3296 5380; x_wconf 88' lang='lat' dir='ltr'><strong>Dei,</strong></span> <span class='ocrx_word' id='word_1_953' title='bbox 3327 5313 3377 5368; x_wconf 90' lang='lat' dir='ltr'><strong>id</strong></span> <span class='ocrx_word' id='word_1_954' title='bbox 3404 5327 3484 5371; x_wconf 73' lang='lat' dir='ltr'><strong>est</strong></span> <span class='ocrx_word' id='word_1_955' title='bbox 3511 5319 3560 5376; x_wconf 83' lang='lat' dir='ltr'><strong>iu</strong></span> 
     </span>
    </p>
   </div>
   <div class='ocr_carea' id='block_1_119' title="bbox 1981 5397 3566 5473">
    <p class='ocr_par' dir='ltr' id='par_1_119' title="bbox 1981 5397 3566 5473">
     <span class='ocr_line' id='line_1_119' title="bbox 1981 5397 3566 5473; baseline 0.008 -19"><span class='ocrx_word' id='word_1_956' title='bbox 1981 5397 2124 5454; x_wconf 86' lang='lat' dir='ltr'><strong>bono</strong></span> <span class='ocrx_word' id='word_1_957' title='bbox 2152 5399 2622 5469; x_wconf 87' lang='lat' dir='ltr'><strong>perseverantiam,</strong></span> <span class='ocrx_word' id='word_1_958' title='bbox 2657 5399 2860 5470; x_wconf 85' lang='lat' dir='ltr'><strong>primus</strong></span> <span class='ocrx_word' id='word_1_959' title='bbox 2887 5399 3068 5470; x_wconf 88' lang='lat' dir='ltr'><strong>homo,</strong></span> <span class='ocrx_word' id='word_1_960' title='bbox 3096 5402 3190 5458; x_wconf 90' lang='lat' dir='ltr'><strong>sed</strong></span> <span class='ocrx_word' id='word_1_961' title='bbox 3219 5419 3566 5473; x_wconf 80' lang='lat' dir='ltr'><strong>perseverare</strong></span> 
     </span>
    </p>
   </div>
   <div class='ocr_carea' id='block_1_120' title="bbox 2043 5509 3570 5588">
    <p class='ocr_par' dir='ltr' id='par_1_120' title="bbox 2043 5509 3570 5588">
     <span class='ocr_line' id='line_1_120' title="bbox 2043 5509 3570 5588; baseline -0.005 -21"><span class='ocrx_word' id='word_1_962' title='bbox 2043 5516 2232 5588; x_wconf 13' lang='lat' dir='ltr'><strong>traditi,</strong></span> <span class='ocrx_word' id='word_1_963' title='bbox 2255 5519 2460 5588; x_wconf 63' lang='lat' dir='ltr'><strong>arroget</strong></span> <span class='ocrx_word' id='word_1_964' title='bbox 2483 5509 2606 5575; x_wconf 83' lang='lat' dir='ltr'><strong>quis.</strong></span> <span class='ocrx_word' id='word_1_965' title='bbox 2639 5513 2805 5572; x_wconf 75' lang='lat' dir='ltr'><strong>Abest,</strong></span> <span class='ocrx_word' id='word_1_966' title='bbox 2849 5511 2972 5578; x_wconf 79' lang='lat' dir='ltr'><strong>quis,</strong></span> <span class='ocrx_word' id='word_1_967' title='bbox 3009 5526 3038 5562; x_wconf 82' lang='lat' dir='ltr'><strong>a</strong></span> <span class='ocrx_word' id='word_1_968' title='bbox 3081 5519 3222 5576; x_wconf 83' lang='lat' dir='ltr'><strong>ttss.,</strong></span> <span class='ocrx_word' id='word_1_969' title='bbox 3248 5523 3299 5568; x_wconf 78' lang='lat' dir='ltr'><strong>et</strong></span> <span class='ocrx_word' id='word_1_970' title='bbox 3335 5531 3364 5568; x_wconf 63' lang='grc' dir='ltr'>ε</span> <span class='ocrx_word' id='word_1_971' title='bbox 3407 5533 3570 5584; x_wconf 61' lang='lat' dir='ltr'><strong>gmw</strong></span> 
     </span>
    </p>
   </div>
   <div class='ocr_carea' id='block_1_121' title="bbox 1979 5587 3350 5702">
    <p class='ocr_par' dir='ltr' id='par_1_121' title="bbox 1979 5587 3350 5702">
     <span class='ocr_line' id='line_1_121' title="bbox 1979 5587 2350 5632; baseline -0.022 0"><span class='ocrx_word' id='word_1_972' title='bbox 1979 5587 2120 5632; x_wconf 76' lang='lat' dir='ltr'><strong>textu</strong></span> <span class='ocrx_word' id='word_1_973' title='bbox 2141 5587 2350 5628; x_wconf 73' lang='lat' dir='ltr'><strong>Joannis.</strong></span> 
     </span>
     <span class='ocr_line' id='line_1_122' title="bbox 2044 5637 3350 5702; baseline 0 -12"><span class='ocrx_word' id='word_1_974' title='bbox 2044 5645 2064 5674; x_wconf 79' lang='grc'><em>³</em></span> <span class='ocrx_word' id='word_1_975' title='bbox 2097 5641 2181 5690; x_wconf 74' lang='lat' dir='ltr'><strong>Hic</strong></span> <span class='ocrx_word' id='word_1_976' title='bbox 2201 5639 2252 5689; x_wconf 86' lang='lat' dir='ltr'><strong>in</strong></span> <span class='ocrx_word' id='word_1_977' title='bbox 2274 5639 2418 5702; x_wconf 75' lang='lat' dir='ltr'><strong>editis</strong></span> <span class='ocrx_word' id='word_1_978' title='bbox 2452 5647 2698 5702; x_wconf 77' lang='lat' dir='ltr'><strong>omissum,</strong></span> <span class='ocrx_word' id='word_1_979' title='bbox 2725 5638 2817 5702; x_wconf 77' lang='lat' dir='ltr'><strong>de;</strong></span> <span class='ocrx_word' id='word_1_980' title='bbox 2835 5637 2964 5702; x_wconf 74' lang='lat' dir='ltr'><strong>quod</strong></span> <span class='ocrx_word' id='word_1_981' title='bbox 2989 5647 3148 5702; x_wconf 76' lang='lat' dir='ltr'><strong>exstat</strong></span> <span class='ocrx_word' id='word_1_982' title='bbox 3173 5641 3222 5690; x_wconf 79' lang='lat' dir='ltr'><strong>in</strong></span> 
     </span>
    </p>
   </div>
   <div class='ocr_carea' id='block_1_122' title="bbox 2047 5699 3060 5764">
    <p class='ocr_par' dir='ltr' id='par_1_122' title="bbox 2047 5699 3060 5764">
     <span class='ocr_line' id='line_1_123' title="bbox 2047 5699 3060 5764; baseline 0.006 -16"><span class='ocrx_word' id='word_1_983' title='bbox 2047 5703 2068 5764; x_wconf 55' lang='grc' dir='ltr'><strong>ἓ</strong></span> <span class='ocrx_word' id='word_1_984' title='bbox 2101 5701 2459 5764; x_wconf 73' lang='lat' dir='ltr'><strong>vetustissimus</strong></span> <span class='ocrx_word' id='word_1_985' title='bbox 2477 5700 2781 5764; x_wconf 71' lang='lat' dir='ltr'><strong>corbeiensis</strong></span> <span class='ocrx_word' id='word_1_986' title='bbox 2803 5699 2903 5764; x_wconf 90' lang='lat'><strong>,</strong></span> <span class='ocrx_word' id='word_1_987' title='bbox 2929 5699 3060 5763; x_wconf 77' lang='lat' dir='ltr'><strong>fecit.</strong></span> 
     </span>
    </p>
   </div>
   <div class='ocr_carea' id='block_1_123' title="bbox 2045 5760 2755 5822">
    <p class='ocr_par' dir='ltr' id='par_1_123' title="bbox 2045 5760 2755 5822">
     <span class='ocr_line' id='line_1_124' title="bbox 2045 5760 2755 5822; baseline -0.001 -9"><span class='ocrx_word' id='word_1_988' title='bbox 2045 5763 2068 5797; x_wconf 72' lang='grc'><strong>⁸</strong></span> <span class='ocrx_word' id='word_1_989' title='bbox 2098 5764 2169 5814; x_wconf 87' lang='lat' dir='ltr'><strong>sic</strong></span> <span class='ocrx_word' id='word_1_990' title='bbox 2191 5769 2296 5814; x_wconf 70' lang='lat' dir='ltr'><strong>Mss.</strong></span> <span class='ocrx_word' id='word_1_991' title='bbox 2319 5761 2458 5822; x_wconf 64' lang='lat' dir='ltr'><strong>aliti,</strong></span> <span class='ocrx_word' id='word_1_992' title='bbox 2480 5760 2755 5814; x_wconf 76' lang='lat' dir='ltr'><strong>ceciderint.</strong></span> 
     </span>
    </p>
   </div>
   <div class='ocr_carea' id='block_1_124' title="bbox 3005 5849 3324 5928">
    <p class='ocr_par' dir='ltr' id='par_1_124' title="bbox 3005 5849 3324 5928">
     <span class='ocr_line' id='line_1_125' title="bbox 3005 5849 3324 5928; baseline 0.019 -18"><span class='ocrx_word' id='word_1_993' title='bbox 3005 5849 3324 5928; x_wconf 64' lang='lat' dir='ltr'><strong>(TreatsJ</strong></span> 
     </span>
    </p>
   </div>
  </div>
