4014 6186
355 321 462 378 9'59

357 437 443 491 vel
475 446 577 490 non
608 440 952 503 perseverare
995 425 1046 478 in
1090 420 1206 491 eius
1247 419 1634 488 relinqueretur
1677 415 1933 478 arbitrio,

358 526 492 581 tales
521 525 662 578 vires
690 517 918 574 habebat
946 513 1063 584 ejus
1091 512 1368 572 voluntas,
1395 523 1512 577 qua:
1540 507 1655 560 sine
1683 505 1793 558 ullo
1823 503 1942 559 fne-

359 627 442 674 rat
469 613 707 672 instituta
733 617 974 683 peccato,
997 614 1051 661 et
1071 603 1202 660 nihil
1229 602 1304 657 illi
1331 617 1396 656 ex
1422 615 1480 656 se
1501 597 1619 668 ipso
1645 599 1660 629 ί
1689 596 1944 667 concupi-

359 705 681 764 scentialiter
726 699 1048 764 resistebat,
1099 703 1158 750 ut
1203 693 1361 762 digne
1411 699 1572 746 tanta:
1618 687 1844 744 bonitati
1889 695 1948 742 et

361 807 518 866 tanta:
539 797 561 828 ³
589 795 724 850 bene
755 787 970 844 vivendi
999 783 1238 841 facilitati
1278 776 1664 853 perseverandi
1695 776 1942 831 commit-

363 898 561 945 leretur
587 883 864 940 arbitrium
889 899 902 934 :
929 880 1038 934 Deo
1064 873 1277 947 quidem
1309 871 1625 943 prtesciente
1649 867 1775 938 quid
1801 875 1946 922 esset

364 979 596 1034 facturus
624 975 847 1046 injuste;
894 970 1207 1040 praseiente
1235 977 1412 1018 tamen
1434 1003 1450 1026 ,
1486 976 1592 1016 non
1619 959 1684 1015 ad
1722 958 1822 1012 hoc
1851 971 1946 1011 co-

359 1080 558 1142 gente:
588 1067 682 1124 sed
721 1063 876 1121 simul
924 1061 1126 1116 sciente
1165 1054 1293 1127 quid
1341 1055 1412 1110 de
1455 1053 1548 1108 illo
1593 1053 1706 1122 ipse
1751 1049 1949 1103 laceret

357 1137 522 1232 iuste.
551 1158 698 1214 Nunc
726 1170 853 1210 vero
895 1161 1239 1222 posteaquam
1271 1155 1354 1202 est
1396 1145 1484 1200 illa
1525 1156 1714 1212 magna
1748 1137 1950 1210 peccati

363 1231 557 1308 merito
585 1248 778 1304 amissa
809 1245 1066 1306 libertas,
1097 1241 1260 1298 etiam
1289 1235 1581 1306 maioribus
1605 1233 1760 1288 donis
1787 1231 1948 1298 adiu-

363 1343 532 1399 vanda
581 1337 837 1398 remansit
879 1333 1182 1390 inﬁrmitas.
1223 1328 1432 1384 Placuit
1471 1325 1614 1380 enim
1656 1323 1798 1388 Deo,
1843 1334 1949 1391 quo

365 1435 596 1491 maxime
639 1431 887 1487 humana:
933 1423 1233 1494 superbiam
1275 1413 1708 1489 praisumptionis
1751 1410 1956 1467 exstin-

365 1535 569 1598 gueret,
599 1531 776 1578 utnon
798 1517 1043 1590 glorietur
1067 1513 1228 1568 omnis
1255 1525 1374 1564 caro
1402 1523 1574 1562 coram
1598 1505 1730 1576 ipso,
1761 1501 1814 1558 id
1845 1509 1946 1567 est,

365 1620 540 1675 omnis
567 1617 746 1672 homo.
775 1611 928 1673 Unde
953 1616 1132 1664 autem
1159 1619 1265 1660 non
1295 1601 1554 1682 glorietur
1596 1611 1724 1652 caro
1765 1607 1952 1649 corant

368 1715 505 1783 ipso,
529 1711 627 1764 nisi
649 1707 718 1763 de
745 1703 946 1760 meritis
972 1698 1122 1757 suis?
1145 1712 1264 1768 qua:
1289 1693 1502 1766 quidem
1530 1692 1699 1762 potuit
1727 1687 1946 1754 habere,

368 1778 462 1860 sed
492 1799 756 1874 perdidit;
781 1806 835 1852 et
862 1810 958 1866 per
982 1789 1123 1862 quod
1149 1787 1348 1844 habere
1378 1783 1570 1854 potuit,
1599 1795 1695 1851 per
1720 1778 1822 1832 hoc
1841 1791 1956 1874 per:

369 1865 508 1950 didit
523 1937 537 1960 ,
564 1892 666 1946 hoc
694 1899 804 1954 cst,
837 1865 932 1956 per
955 1883 1184 1938 liberum
1212 1877 1492 1932 arbitrium
1524 1892 1538 1928 :
1568 1879 1787 1944 propter
1810 1865 1956 1940 quod

371 2005 477 2043 non
504 1993 670 2042 restat
693 1977 982 2037 liberandis
1023 1973 1124 2029 uisi
1153 1970 1322 2043 gratia
1364 1965 1661 2024 liberantis.
1706 1963 1782 2018 lta
1830 1974 1958 2031 ergo

371 2096 477 2134 non
505 2076 762 2148 gloriatur
787 2070 963 2128 omnis
991 2083 1118 2122 caro
1147 2078 1328 2122 coram
1359 2061 1494 2132 ipso.
1518 2057 1634 2114 Non
1664 2057 1810 2114 enim
1833 2053 1960 2125 glo-

372 2143 578 2226 riantitr
605 2166 808 2237 iniusti,
836 2163 928 2234 qui
949 2162 970 2192 ³
997 2173 1104 2214 non
1129 2151 1520 2214 babentundc;
1545 2163 1642 2205 nec
1661 2146 1811 2218 justi,
1837 2143 1958 2216 quia

371 2281 436 2319 ex
469 2265 585 2332 ipso
613 2261 813 2315 habent
841 2253 1014 2317 unde,
1052 2264 1152 2306 nec
1188 2247 1388 2304 habent
1421 2243 1647 2316 gloriam
1677 2253 1828 2296 suam
1857 2237 1961 2296 nisi

375 2360 570 2427 ip-tum,
601 2352 684 2410 cui
711 2351 914 2414 dicunt,
942 2345 1117 2403 Gloria
1147 2357 1280 2408 mea,
1304 2347 1348 2396 et
1369 2337 1598 2392 exultans
1627 2340 1777 2404 caput
1795 2345 1960 2388 meum
1995 2345 2014 2354 -

375 2423 546 2518 (νρσηι.
570 2461 650 2510 ttt,
679 2443 760 2515 4).
784 2443 861 2496 Ac
892 2453 989 2509 per
1019 2437 1121 2490 hoc
1146 2433 1214 2488 ad
1243 2444 1458 2486 omnem
1493 2426 1762 2482 hominem
1794 2423 1961 2492 perti-

376 2515 466 2594 net
493 2536 632 2608 quod
671 2533 928 2602 scriptum
964 2535 1082 2593 est,
1128 2523 1195 2580 L't
1225 2537 1324 2576 non
1369 2519 1614 2592 glorietur
1641 2515 1804 2572 omnis
1843 2528 1962 2570 cara

375 2607 548 2686 rorant
582 2631 714 2699 ipso.
745 2625 823 2682 Ad
859 2623 1034 2694 iustos
1073 2626 1252 2673 autem
1281 2612 1432 2679 illud,
1466 2611 1566 2678 Qui
1603 2609 1872 2681 gloriatur,
1909 2607 1964 2660 in

379 2723 596 2780 Domino
639 2717 904 2794 glorietur.
938 2712 1052 2768 lloc
1079 2705 1263 2764 enim"
1297 2703 1588 2776 Apostolus
1630 2699 1965 2768 apertissime

375 2829 461 2870 ost
483 2813 628 2875 -ndit,
655 2809 744 2882 qui
767 2821 889 2864 cum
911 2804 1156 2865 dixisset,
1183 2797 1251 2856 Ut
1273 2814 1374 2852 non
1399 2794 1644 2868 glorietur
1663 2793 1824 2846 omnis
1844 2803 1964 2844 caro

379 2923 550 2962 rorant
578 2905 728 2974 ipso;
755 2914 822 2955 ne
849 2902 1108 2970 putarent
1132 2889 1301 2947 sancti
1329 2888 1445 2942 sine
1473 2885 1642 2956 gloria
1670 2897 1728 2938 se
1754 2895 1967 2936 reman-

377 2999 533 3062 si-se,
559 2968 682 3049 mox
723 2968 958 3053 addidit,
1001 2983 1086 3040 Ea:
1125 2983 1237 3051 ipso
1275 2988 1442 3034 autem
1471 2992 1555 3031 vos
1591 2974 1712 3029 estis
1754 2972 1805 3026 in
1843 2968 1968 3026 Iesu

379 3058 606 3151 Christo,
633 3082 720 3154 qui
743 3081 908 3152 [actus
931 3087 1004 3132 est
1040 3073 1182 3128 nobis
1203 3069 1451 3142 sapientia
1472 3083 1504 3119 a
1529 3063 1654 3129 Deo,
1672 3072 1715 3116 et
1733 3058 1930 3132 justitia
1949 3099 1966 3128 ,

383 3190 427 3233 et
457 3174 792 3244 sanctiﬁcatio
813 3211 828 3237 ,
859 3180 904 3224 et
932 3165 1244 3236 redemptio;
1285 3172 1360 3224 ut,
1392 3155 1814 3232 quemadmodum
1845 3149 1971 3226 εειὶτ

384 3281 522 3342 ptum
549 3241 642 3329 est,
671 3263 773 3330 Qui
791 3261 1058 3332 gloriatur,
1085 3257 1138 3308 in
1169 3253 1388 3306 Domino
1413 3249 1657 3321 glorietur
1681 3245 1700 3317 (
1725 3245 1742 3298 ι
1769 3241 1887 3298 Cor.
1921 3257 1968 3310 t,

382 3333 590 3432 ὲθ-δι).
626 3357 757 3412 llinc
785 3359 869 3408 est
893 3348 1034 3421 quod
1073 3347 1126 3401 in
1169 3344 1269 3399 hoc
1315 3343 1436 3397 loco
1481 3337 1837 3399 miseriarum,
1885 3333 1974 3388 ubi

386 3425 610 3510 teut-aiio
639 3457 722 3505 est
753 3447 857 3500 vita
884 3443 1114 3498 humana
1167 3450 1328 3506 super
1359 3443 1553 3488 terram
1585 3427 1725 3500 (Job
1747 3442 1837 3492 vtt,
1879 3427 1898 3480 l
1926 3425 1970 3495 ),

385 3557 542 3600 virtus
563 3545 613 3597 in
641 3537 938 3610 inﬁrmitate
965 3531 1222 3606 perﬁcitur
1243 3525 1324 3602 (ll
1353 3523 1472 3580 Cor.
1494 3537 1588 3586 xu,
1613 3519 1669 3588 9)
1693 3535 1705 3573 :
1725 3532 1844 3592 qua:
1869 3516 1977 3572 vir-

389 3649 448 3692 tu
460 3655 500 3702 ς,
522 3634 626 3690 nisi
655 3639 708 3686 ut
733 3629 817 3696 qui
839 3625 1106 3700 gloriatur,
1129 3621 1184 3674 in
1205 3616 1426 3673 Domino
1445 3611 1729 3687 glorietur?

460 3701 548 3785 '58.
594 3730 673 3782 Ae
713 3739 809 3794 per
852 3721 958 3776 hoc
999 3730 1099 3774 nec
1137 3713 1207 3773 de
1249 3713 1363 3782 ipsa
1406 3703 1806 3782 perseverantia
1853 3701 1976 3794 boni

393 3821 563 3875 voluit
595 3793 734 3872 Deus
759 3819 980 3870 sattctos
1007 3820 1134 3863 suos
1161 3805 1214 3860 in
1247 3801 1452 3877 viri/bus
1481 3797 1623 3864 suis,
1657 3794 1752 3852 sed
1783 3794 1836 3850 in
1863 3793 1981 3863 ipso

391 3911 604 3981 gloriari
629 3928 643 3964 :
671 3908 763 3980 qui
791 3905 872 3962 eis
902 3918 1006 3958 non
1035 3895 1204 3955 solum
1230 3895 1324 3952 dat
1345 3890 1663 3963 adiutorium
1689 3887 1844 3960 quale
1871 3880 1981 3956 pri-

391 3979 481 4062 tun
510 3979 712 4058 homini
742 3997 908 4062 dedit,
937 3994 1053 4048 sine
1073 4005 1178 4064 quo
1207 4003 1312 4043 non
1343 3985 1546 4057 possint
1567 3995 1918 4054 perseverare
1935 3979 1978 4037 si

393 4101 589 4162 vel-int;
619 4093 713 4150 sed
749 4093 802 4146 in
837 4090 918 4145 eis
942 4085 1104 4142 etiam
1127 4125 1142 4150 ,
1181 4087 1440 4152 operatur
1467 4085 1520 4130 et
1547 4073 1684 4130 velle
1714 4091 1729 4128 :
1756 4082 1816 4127 ut
1843 4084 1982 4142 quo-

396 4194 536 4248 niam
585 4203 690 4243 non
734 4179 1188 4256 perseverabunt,
1221 4172 1323 4229 nisi
1353 4179 1408 4227 et
1436 4168 1644 4240 possint
1687 4175 1740 4221 et
1785 4163 1982 4226 velint.

399 4277 772 4354 perseverandi
817 4274 894 4330 eis
941 4279 997 4326 et
1041 4264 1365 4339 possibilitas
1403 4269 1458 4318 et
1498 4259 1743 4314 voluntas
1785 4256 1986 4312 divina:

398 4347 581 4444 gratia:
609 4369 850 4438 largitate
874 4363 1124 4417 donetur.
1148 4357 1374 4412 Tantum
1406 4353 1604 4423 quippe
1628 4347 1830 4418 Spiritu
1851 4362 1982 4401 san-

401 4437 486 4521 cto
513 4437 822 4517 accenditur
851 4453 1096 4508 voluntas
1108 4461 1300 4504 eorum
1319 4487 1334 4511 ,
1364 4453 1422 4498 ut
1446 4442 1570 4498 ideo
1599 4439 1837 4511 possint,
1865 4437 1986 4507 quia

400 4559 479 4611 sic
503 4553 721 4615 volunt;
749 4547 872 4604 ideo
893 4545 974 4603 sic
999 4542 1184 4606 velint,
1207 4539 1330 4610 quia
1359 4537 1502 4592 Deus
1527 4543 1780 4604 operatur
1807 4539 1866 4586 ttt
1893 4544 1989 4585 ve-

403 4650 518 4703 lint.
547 4643 678 4700 Nam
722 4640 767 4696 si
811 4638 864 4693 In
898 4645 1041 4692 tanta
1070 4631 1381 4689 infirmitate
1419 4629 1543 4682 vita)
1571 4625 1729 4695 huius
1767 4623 1992 4693 (inqua

404 4749 582 4794 tamen
637 4729 944 4790 inﬁrmitate
999 4732 1219 4796 propter
1264 4720 1550 4778 elationem
1597 4713 1992 4786 reprimendam

406 4828 588 4899 perlici
632 4826 882 4880 virtutem
927 4813 1250 4889 oportebat)
1298 4812 1426 4884 ipsis
1469 4810 1858 4879 relinqueretur
1898 4819 1995 4860 vo-

409 4923 584 4976 luntas
613 4931 707 4972 sua
730 4955 747 4979 .
779 4923 835 4969 ut
865 4911 920 4966 in
949 4907 1215 4978 adiutorio
1240 4903 1334 4963 Dei
1360 4901 1477 4958 sine
1505 4917 1610 4972 quo
1646 4910 1996 4970 perseverare

412 5029 516 5070 non
562 5015 814 5081 possent,
857 5011 1141 5060 manerent
1165 4999 1209 5052 si
1241 4997 1473 5062 vellent,
1505 5008 1604 5050 nec
1644 4993 1781 5046 Deus
1823 4989 1879 5044 in
1918 4989 1998 5044 eis

410 5109 725 5176 operaretur
755 5107 812 5154 ut
837 5095 1074 5159 vellent,
1105 5091 1248 5150 inter
1278 5095 1356 5143 tot
1383 5095 1437 5141 et
1476 5093 1649 5140 tantas
1675 5081 1997 5136 tentationes

319 5219 323 5224 ·
413 5168 722 5251 intirtnitate
749 5203 844 5246 sua
886 5186 1130 5258 voluntas
1173 5182 1285 5251 ipsa
1327 5175 1732 5237 succumberet,
1779 5179 1834 5225 et
1878 5168 2000 5238 ideo

413 5293 760 5358 perseverare
789 5293 896 5335 nun
922 5283 1164 5346 possent,
1188 5270 1310 5339 quia
1341 5265 1650 5322 deﬁcientes
1689 5259 1998 5316 inﬁrmitate

419 5351 516 5432 nec
543 5375 764 5440 vellent,
789 5379 882 5426 aut
908 5385 1014 5424 non
1041 5367 1111 5420 ita
1138 5363 1336 5418 vellent
1363 5356 1672 5414 inﬁrmitate
1711 5351 2002 5413 voluntatis

482 5533 498 5562 ι
531 5533 608 5578 sic
629 5535 732 5576 uss.
757 5533 808 5575 At
833 5523 968 5575 editi.
993 5533 1056 5571 ex
1077 5532 1126 5568 se
1147 5515 1270 5578 ipsa.

481 5595 502 5624 ³
537 5565 1386 5645 tiranii'i'ciﬂiiréitn‘,ianuae
1407 5587 1426 5626 :
1447 5575 1642 5633 omisso,
1666 5575 1848 5634 tantm;
1879 5565 2010 5634 quod

423 5668 485 5706 ex
521 5661 627 5700 Mss.
653 5650 935 5698 rt.-s‘.ltultur.
1114 5703 1141 5708 Ἀ
1172 5707 1178 5708 7
1420 5696 1432 5708 .

489 5720 508 5779 ξ
543 5722 653 5779 t.n_v._
677 5720 726 5758 et
752 5711 1046 5779 posteriores
1070 5703 1324 5761 editiones,
1350 5703 1479 5766 quin.

487 5778 508 5807 δ
541 5775 658 5824 lLdit't
701 5775 860 5824 etiam.

1211 305 1298 359 ns
1335 301 1813 360 CORREPTIUNE
1854 301 1939 355 ET
1977 299 2257 368 GlllTlA,
2297 297 2353 355 s.
2397 280 2762 354 AUGUSTINI

3521 293 3630 350 950

2052 423 2110 470 ut
2131 422 2361 484 possent.
2383 412 2711 470 Subvcntum
2733 421 2814 467 est
2837 410 2996 483 igitur
3021 409 3309 466 inﬁrmitati
3340 408 3634 466 voluntatis

2051 505 2316 565 humanae,
2344 517 2400 560 ut
2427 503 2601 560 divina
2625 505 2789 575 gratia
2812 503 3252 566 iuderliuabiliter
3274 512 3328 557 et
3355 503 3630 572 insepara-

2051 596 2266 651 biliter’
2295 603 2578 667 ageretur;
2609 605 2662 652 et
2691 595 2830 658 ideo,
2861 597 3104 666 quamvis
3133 593 3376 658 inlirnta,
3411 610 3520 648 nun
3551 603 3636 648 ta-

2053 702 2174 742 men
2200 686 2455 742 deﬁceret
2479 728 2492 752 ,
2523 702 2697 756 neque
2738 687 3062 743 adversitate
3093 687 3272 755 aliqua
3307 686 3654 750 vincor-etum.

2054 777 2126 832 lta
2159 777 2352 832 lactant
2383 787 2465 833 est
2495 786 2550 832 ut
2579 778 2823 832 voluntas
2850 776 3080 832 hominis
3105 774 3335 835 invalida
3375 783 3430 830 et
3457 774 3642 829 imbe-

2052 872 2172 926 cilla
2204 871 2256 926 in
2289 871 2428 926 ὺοιιο
2457 869 2629 924 adhuc
2671 885 2832 939 parvo
2864 879 3229 938 perseveraret
3261 883 3356 938 per
3383 867 3644 921 virtutem

2056 961 2148 1018 Dei
2179 978 2190 1014 :
2221 977 2340 1014 cum
2376 961 2659 1016 voluntas'
2694 961 2848 1030 primi
2875 961 3106 1014 hominis
3146 957 3296 1013 furtis
3327 966 3385 1013 et.
3422 973 3553 1012 sana
3587 958 3652 1026 in.

2054 1055 2196 1112 bono
2233 1055 2491 1122 ampliore
2531 1069 2636 1108 non
2668 1053 3118 1125 perseveraverit,
3151 1050 3355 1107 habens
3385 1049 3642 1104 virtutem

2057 1145 2208 1199 liberi
2248 1143 2480 1209 arbitrii;
2523 1143 2772 1214 quamvis
2815 1160 2920 1198 non
2960 1141 3210 1198 defutura
3247 1139 3514 1209 adiutorio
3547 1139 3646 1194 Dei

2052 1229 2170 1292 sine
2199 1249 2304 1304 quo
2333 1251 2434 1289 non
2463 1243 2642 1304 posset
2667 1248 3008 1302 perseverare
3034 1233 3078 1286 si
3107 1233 3297 1296 vellet,
3324 1248 3430 1286 nun
3460 1241 3642 1285 tamen

2057 1327 2146 1382 tali
2171 1343 2277 1396 quu
2304 1326 2355 1380 in
2385 1326 2474 1380 illo
2504 1327 2642 1380 Deus
2677 1336 2990 1396 operaretur
3021 1335 3076 1380 ttt
3103 1323 3286 1380 vellet.
3319 1322 3645 1378 Fortissimo

2057 1418 2250 1490 quippe
2277 1417 2480 1471 dimisit
2506 1426 2666 1486 atque
2690 1415 2930 1486 permisit
2960 1414 3136 1470 facere
3155 1414 3302 1485 quod
3322 1415 3480 1470 vellct
3508 1431 3522 1467 :
3553 1414 3642 1468 in-

2058 1509 2226 1566 lirntis
2267 1509 2532 1572 servavit,
2581 1517 2640 1563 ιιι
2686 1509 2802 1578 ipso
2848 1507 3079 1562 donante
3120 1506 3464 1566 invictissime
3496 1502 3652 1576 quod

2058 1600 2254 1656 bonum
2277 1608 2360 1656 est
2384 1600 2603 1662 vellent,
2631 1609 2686 1653 et
2705 1598 2727 1630 ⁸
2755 1598 2856 1652 hoc
2877 1597 3128 1668 deserere
3152 1596 3498 1652 invictiSsitnc
3528 1596 3647 1652 nol-

2059 1691 2190 1747 lent.
2221 1692 2438 1747 Dicente
2475 1705 2603 1761 ergo
2632 1688 2882 1754 Christo,
2919 1688 3114 1761 [legari
3144 1704 3236 1759 pro
3267 1697 3312 1741 te
3351 1704 3414 1742 ne
3441 1689 3648 1759 deﬁciat

2059 1781 2187 1852 ﬁdes
2210 1793 2296 1836 tua
2321 1780 2471 1852 (Luc.
2503 1797 2634 1846 nu,
2656 1779 2726 1835 5‘2
2747 1779 2787 1849 ),
2813 1779 3169 1848 intelligamus
3189 1778 3238 1832 ei
3261 1777 3485 1846 dictum,
3513 1778 3606 1848 qui
3625 1777 3646 1808 ⁸

2060 1873 2351 1930 aediﬁcatur
2375 1887 2537 1942 super
2565 1881 2791 1944 petram.
2819 1873 2990 1942 Atque
3012 1872 3080 1924 ita
3105 1869 3268 1924 homo
3291 1869 3384 1924 Dei
3411 1885 3518 1924 non
3546 1883 3644 1923 so-

2061 1966 2169 2021 lum
2199 1964 2320 2034 quia
2351 1961 2770 2019 misericordiam
2795 1970 3114 2018 consecutus
3144 1969 3229 2016 est
3268 1969 3321 2014 ut
3353 1959 3525 2014 ﬁdelis
3555 1975 3644 2014 cs-

2061 2066 2362 2123 set,verum
2389 2055 2549 2110 etiam
2567 2053 2688 2124 quia
2713 2052 2842 2108 lides
2864 2053 2974 2122 ipsa
2999 2065 3102 2108 non
3124 2051 3326 2116 delicit,
3343 2051 3432 2120 qui
3451 2050 3650 2122 gloria-

2063 2155 2169 2215 tur,
2200 2147 2251 2200 in
2277 2145 2500 2200 Domino
2529 2145 2794 2217 glorietur.
2859 2197 2862 2200 .

2133 2238 2358 2296 CAPUT
2385 2237 2708 2294 λιιι-59.
2739 2237 2862 2292 [hoc
2881 2235 2947 2292 de
2973 2235 3057 2292 his
3081 2235 3290 2305 loquor,
3318 2234 3408 2304 qui
3443 2233 3651 2303 pratde-

2063 2332 2238 2388 stinati
2265 2341 2388 2385 sunt
2413 2331 2464 2384 in
2498 2345 2717 2400 regnum
2747 2329 2863 2396 Dei,
2889 2343 3116 2398 quorum
3140 2327 3209 2380 ita
3235 2336 3414 2381 certus
3433 2338 3517 2380 est
3547 2342 3648 2380 nu-

2065 2436 2268 2486 merus,
2295 2410 2354 2475 ut
2378 2435 2476 2476 nec
2497 2419 2722 2474 addatur
2738 2423 2818 2474 eis
2843 2419 3144 2490 quisquam.
3170 2433 3270 2472 nec
3297 2417 3565 2472 minuatur
3584 2431 3653 2473 ex

2065 2512 2144 2568 eis
2170 2531 2182 2570 :
2211 2528 2316 2567 non
2346 2511 2414 2567 de
2439 2510 2521 2566 his
2548 2511 2667 2581 qui,
2697 2524 2818 2565 cum
2845 2509 3216 2566 annuntiassct
3252 2517 3305 2562 et
3332 2507 3544 2563 locutus
3569 2521 3656 2562 es-

2065 2612 2168 2670 set,
2189 2601 2518 2670 multiplicati
2545 2608 2667 2654 sunt
2683 2615 2846 2671 super
2867 2613 3150 2654 numerum
3171 2595 3343 2665 (Psal.
3370 2613 3551 2662 χχχιι,
3573 2597 3654 2666 6).

2067 2691 2172 2764 ipsi
2195 2694 2338 2750 enim
2369 2693 2542 2748 vocati
2573 2692 2676 2747 dici
2710 2701 2952 2760 possunt,
2983 2706 3090 2746 non
3119 2699 3297 2746 autem
3328 2691 3505 2754 electi,
3533 2690 3658 2760 quia

2067 2799 2174 2840 non
2202 2782 2491 2838 secundum
2533 2782 2859 2853 propositum
2891 2781 3084 2836 vocati.
3125 2780 3339 2836 Certum
3371 2795 3500 2834 vero
3539 2795 3661 2837 esse

2069 2889 2349 2930 numerum
2367 2874 2680 2936 electorum.
2701 2886 2872 2942 neque
2891 2870 3194 2940 augendum
3215 2885 3386 2941 neque
3412 2870 3662 2927 minuen-

2067 2965 2216 3034 dum,
2243 2965 2482 3037 quamvis
2503 2973 2556 3020 et
2577 2963 2808 3024 Joannes
2831 2963 3062 3033 Baptista
3089 2963 3370 3032 signiticet,
3396 2963 3483 3016 ubi
3507 2962 3660 3030 dicit,

2071 3058 2252 3114 Facile
2274 3075 2392 3130 ergo
2412 3061 2636 3126 fructum
2657 3055 2865 3126 dignum
2887 3054 3193 3125 paenitentia:
3209 3070 3228 3108 :
3250 3063 3295 3107 et
3317 3053 3472 3108 nolite
3492 3053 3664 3110 dicere

2079 3153 2220 3222 apud
2245 3149 2590 3220 vosmetipsos,
2620 3147 2820 3210 Patrem
2837 3145 3076 3200 habemus
3091 3144 3379 3209 Abraham;
3396 3153 3574 3226 potens
3589 3153 3668 3197 est

2073 3244 2206 3298 enim
2251 3239 2390 3294 Deus
2428 3239 2491 3293 de
2533 3236 2786 3308 lapidibus
2832 3235 2940 3290 istis
2987 3235 3228 3289 suscitare
3273 3233 3408 3303 ﬁlios
3449 3231 3666 3288 Abraha!

2080 3330 2290 3404 (Matth.
2323 3345 2399 3394 ιιι,
2423 3327 2478 3395 8,
2508 3326 2564 3428 92
2589 3344 2603 3392 ;
2632 3335 2688 3380 ut
2707 3324 2956 3380 ostendat
2979 3311 3054 3380 sic
3083 3323 3214 3378 istos
3239 3337 3362 3379 esse
3383 3331 3668 3392 amputan-

2075 3422 2174 3478 dos
2195 3423 2239 3478 si
2263 3435 2369 3476 non
2396 3412 2618 3474 fecerint
2638 3415 2888 3481 fructum,
2912 3423 2970 3468 ut
2995 3429 3100 3468 non
3129 3413 3269 3468 desit
3294 3426 3550 3468 numerus
3573 3412 3666 3481 qui

2079 3513 2372 3586 promissus
2396 3519 2476 3567 est
2498 3509 2724 3566 Abraltze
2749 3525 2764 3563 :
2787 3516 2963 3564 tamen
2991 3505 3226 3576 apertius
3255 3505 3308 3558 in
3340 3503 3665 3575 Apocalypsi

2078 3605 2299 3669 dicitur,
2320 3601 2452 3657 Tene
2489 3600 2624 3673 quod
2662 3599 2850 3666 habes,
2889 3613 2952 3652 ne
2991 3599 3124 3651 alius
3169 3596 3388 3667 accipiat
3427 3611 3670 3650 coronant

2079 3709 2216 3753 tuam
2243 3697 2425 3772 (Apoc.
2456 3712 2534 3760 ut,
2560 3695 2671 3767 ll).
2696 3693 2754 3750 Si
2781 3694 2924 3750 enim
2953 3692 3088 3747 alius
3109 3707 3214 3747 non
3243 3699 3328 3746 est
3355 3697 3674 3768 accepturus

2083 3791 2182 3847 nisi
2209 3792 2308 3846 istc
2330 3787 2644 3860 perdiderit,
2665 3794 2847 3842 certus
2871 3793 2954 3842 est
2983 3797 3258 3840 numerus.
3647 3763 3652 3768 ’

2153 3883 2242 3938 40.
2271 3879 2422 3950 Quod
2466 3887 2642 3935 autem
2683 3877 2843 3932 etiam
2890 3873 3312 3947 perseveraturis
3353 3871 3553 3929 sanctis
3595 3871 3677 3928 sic

2085 3976 2184 4032 ista
2213 3975 2482 4041 dicuntur,
2509 3971 2659 4044 quasi
2689 3985 2783 4026 eos
2818 3976 3253 4040 perseveraturos
3296 3965 3558 4022 habeatur
3589 3965 3673 4020 in-

2086 4078 2287 4124 certum
2319 4085 2332 4122 :
2363 4081 2468 4122 non
2499 4065 2654 4120 aliter
2684 4063 2798 4118 hate
2827 4060 3011 4116 audire
3040 4059 3257 4124 debent,
3288 4057 3482 4128 quibus
3511 4070 3680 4125 expe-

2087 4160 2166 4217 dit
2193 4174 2298 4214 non
2325 4157 2487 4212 altum
2517 4169 2726 4225 sapere,
2759 4153 2852 4209 sed
2881 4153 3071 4210 timere
3100 4151 3276 4224 (Rom.
3299 4166 3376 4216 XI,
3399 4147 3516 4217 20).
3542 4147 3682 4214 Quis

2089 4251 2232 4308 enim
2259 4267 2322 4304 ex
2345 4247 2686 4304 multitudine
2713 4246 2965 4310 ﬁdelium,
2991 4244 3242 4315 quamdiu
3269 4244 3320 4299 in
3353 4243 3452 4298 bac
3480 4251 3686 4296 morta~

2090 4341 2238 4398 litate
2279 4341 2498 4402 vivitur,
2544 4338 2597 4392 in
2647 4349 2872 4392 numero
2915 4333 3412 4405 pra‘destinatorum
3457 4346 3517 4386 se
3560 4345 3684 4386 esse

2093 4431 2416 4507 prazsumat?
2438 4430 2570 4500 Quia
2602 4429 2653 4484 id
2675 4426 2932 4484 ochultari
2959 4441 3094 4497 opus
3115 4435 3200 4482 est
3223 4425 3276 4480 in
3297 4424 3404 4480 hoc
3427 4423 3566 4488 loco,
3591 4422 3687 4478 ubi

2159 4581 2175 4614 ⁸
2211 4587 2263 4628 In
2282 4583 2354 4637 3.,
2378 4571 2781 4638 insttperabilitcr,
2807 4585 2918 4624 cum
2953 4572 3048 4638 hac
3081 4571 3390 4638 adnotatione
3414 4584 3428 4619 :
3461 4587 3484 4616 tt
3506 4576 3692 4638 Am._et

2093 4649 2192 4714 Er»
2213 4631 2619 4714 mirabiliter:
2637 4631 2872 4714 uertisse
2891 4647 2950 4714 as
2967 4635 3372 4714 δίβεθυιίθηὲῑεξιμε
3395 4640 3498 4710 “3?.-
3525 4648 3548 4676 '
3577 4631 3693 4714 ἔξιθ’

2095 4693 2240 4816 ﬁgite
2262 4693 2410 4765 igitur
2430 4701 2553 4772 editi.
2569 4711 2626 4748 ac
2648 4707 2752 4748 uss.
2781 4696 2960 4756 ferunt,
3003 4693 3413 4768 irtsuperabilitcr:
3447 4695 3522 4742 sic
3543 4694 3690 4742 etiam

2100 4781 2130 4816 e
2165 4773 2251 4816 ttto
2293 4770 2401 4813 ιον.
2443 4774 2556 4810 aunt
2599 4761 2735 4816 1577,
2759 4771 2870 4816 quae
2903 4757 3010 4808 huic
3047 4771 3097 4806 tu
3139 4764 3253 4806 nota
3287 4755 3518 4816 subiicit:
3570 4771 3592 4799 α
3627 4759 3690 4804 Ita

2100 4755 2251 4818 anno
2279 4755 2401 4813 "nov.
2443 4761 2556 4810 anni
2599 4761 2735 4818 um,
2759 4771 2870 4822 quas
2903 4755 3010 4822 hau;
3047 4755 3518 4822 iu'nota__suhjicit:
3570 4771 3592 4799 α
3627 4759 3691 4822 tu

2105 4816 2288 4878 erecte
2323 4823 2626 4884 manuscriptl
2649 4816 2824 4884 manes
2850 4832 2954 4884 pro,
2983 4816 3390 4884 meparabiliter.‘
3423 4823 3520 4866 tum
3541 4816 3696 4884 sentit

2108 4877 2133 4941 ἆ
2152 4877 2316 4940 autem
2333 4877 2625 4949 Augustinus
2641 4881 2826 4933 electos
2844 4877 2871 4930 ἑ
2894 4883 2970 4949 via
2989 4877 3123 4932 recta
3136 4877 3457 4949 decliuare_et
3470 4878 3699 4949 superari

2109 4937 2472 5001 iit-tentandae
2507 4957 2604 4995 non
2647 4957 2818 5006 ροεεξς
2856 4941 2948 5006 sed
2969 4950 3068 5006 ιειω
3089 4948 3338 5006 ικιιςξηιθητ
3361 4941 3436 4988 δίε
3455 4937 3561 4987 ἀπὶ
3585 4951 3702 5006 m-

2109 5033 2133 5062 a
2156 5015 2288 5070 tiam,
2311 5019 2368 5060 ut
2385 5001 2693 5072 quantumvis
2713 5001 2886 5056 inﬁrmi
2919 5012 2971 5056 et
2991 5001 3282 5072 imberilles,
3303 5010 3590 5072 tamenne}:
3605 5001 3702 5048 de-

2110 5061 2134 5126 tt
2156 5061 2340 5125 clinent
2363 5061 2457 5120 néc
2473 5075 2765 5132 superentur
2790 5081 2803 5116 :
2829 5073 2884 5116 ut
2906 5079 3002 5132 non
3014 5061 3508 5132 pegandapeoqtndi
3547 5061 3705 5132 impo-

2112 5121 2135 5184 ἆ
2157 5121 2335 5192 teretia,
2345 5132 2434 5182 sed
2453 5121 2661 5181 eventus
2682 5135 2868 5192 tantum
2879 5121 3212 5192 ,εἰςηιίιεεὲίιῃκΔ
3224 5121 3423 5192 Id'quod
3439 5121 3707 5192 sequentia

2112 5183 2325 5248 .i'et-na'
2341 5195 2461 5244 satis
2497 5192 2710 5241 indicant
2731 5205 2744 5241 :
2768 5196 2812 5241 et
2835 5183 2955 5243 idet;
2965 5185 3185 5250 quamris
3193 5183 3406 5250 inﬁrina,
3427 5183 3528 5234 non
3543 5189 3707 5250 tantm

2114 5279 2136 5308 α
2160 5247 2388 5324 deﬁceret
2427 5264 2590 5324 neque
2617 5251 2902 5324 adversante
2945 5247 3109 5324 aliqua
3138 5247 3424 5324 rineeretur.
3457 5254 3511 5324 si.
3533 5247 3704 5324 intra:

2115 5305 2610 5377 iniiirmisseruavit,
2636 5319 2686 5377 ut
2707 5313 2810 5377 ipso
2832 5305 3038 5377 donante
3053 5309 3358 5377 invictissime
3381 5308 3508 5373 quod
3531 5305 3710 5356 bonum

2116 5401 2138 5430 ι
2160 5371 2229 5432 est
2253 5379 2418 5430 tollent
2435 5415 2449 5436 ,
2475 5383 2521 5428 et
2543 5375 2628 5425 hoc
2655 5371 2874 5426 deserere
2911 5371 3216 5436 imirtissime
3258 5371 3450 5423 nollem.
3477 5377 3712 5436 {vocem

2106 5434 2490 5499 ittstmet'abiliter
2511 5437 2822 5487 nihilominus
2853 5435 3196 5500 expunximus,
3213 5442 3384 5498 utpote
3412 5434 3550 5482 novis
3572 5444 3710 5481 crru-

2109 5509 2244 5556 ribus
2263 5506 2526 5553 faventem.
2591 5505 2648 5548 at.

2177 5571 2196 5600 ²
2221 5567 2357 5626 sunt,
2381 5575 2492 5615 eum
2512 5567 2558 5612 et
2580 5560 2810 5612 voluntas.
2835 5560 2998 5621 Abest,
3024 5563 3088 5620 et,
3113 5569 3140 5606 α
3165 5565 3270 5607 Mss.

2178 5629 2198 5662 ³
2232 5629 2396 5676 Plures
2421 5634 2544 5681 3155.,
2579 5630 2646 5672 ut.

2176 5692 2198 5721 δ
2234 5675 2398 5736 tlures
2431 5675 2554 5744 .ttssf,
2581 5696 2703 5740 ante.
2752 5683 3055 5746 ta'prcxime
3090 5687 3336 5746 sequente
3373 5689 3518 5730 versu
3551 5675 3714 5735 abest,

2117 5752 2253 5802 homo
2281 5749 2375 5810 Fel,
2406 5762 2431 5796 ιι
2457 5747 2702 5810 [iurisque
2731 5755 2830 5795 tiss.
3605 5751 3611 5758 ‘
