3972 6178
320 336 416 392 9.ι

320 436 397 507 sic.
424 452 654 509 cavenda
683 463 761 508 est
788 453 969 521 elatio,
997 461 1053 509 ut
1081 453 1237 510 etiam
1265 468 1358 525 per
1388 464 1585 510 satana:
1613 450 1899 521 angelum,

319 560 389 599 ne
446 546 832 611 extollerctur,
900 555 1076 600 tantus
1139 546 1562 616 colapltizaretnr
1631 541 1904 613 apostolus

1740 330 1939 388 LIBER
1981 328 2179 386 UNUS.

3497 336 3602 393 9’s!

2019 441 2128 507 lum
2174 442 2331 497 nullis
2377 444 2567 508 bonis,
2620 444 2713 500 sed
2754 445 2912 500 etiam
2945 445 3127 505 multis
3167 447 3318 503 malis
3346 451 3593 518 operibus

2013 533 2457 604 prmecdentihus,
2491 538 2856 594 misericordia
2884 538 2998 610 ejus
3019 541 3274 610 praevenit
3306 540 3604 603 hominem.

320 634 533 704 (llCor.
560 653 653 704 xu,
675 637 753 707 7).
774 635 908 692 lline
928 637 1196 707 Apostolis
1217 636 1513 702 dicebatur,
1541 633 1602 690 Si
1623 632 1905 687 manserilis
1951 648 1990 727 ζ
2013 634 2071 727 ut
2099 626 2353 681 liberetur
2393 642 2424 681 a
2474 627 2626 683 malis
2645 671 2660 697 ,
2692 636 2745 685 et
2775 645 2893 700 qum
2938 629 3095 698 fecit,
3138 639 3192 688 et
3220 648 3339 702 quze
3363 633 3601 690 facturus

317 744 370 782 tn
393 745 472 784 me
499 711 676 802 (Joan.
705 744 795 793 xv,
829 729 885 799 7)
916 746 929 782 :
962 728 1171 783 dicente
1198 728 1289 793 illo
1315 728 1404 799 qui
1430 742 1523 783 eos
1554 725 1736 795 utique
1765 723 1906 780 scie-

316 821 410 877 bat
432 836 553 876 esse
582 836 882 876 mansuros.
908 819 978 897 Et
1002 836 1097 891 per
1124 818 1461 890 pr0pbetam,
1493 817 1556 874 Si
1576 817 1836 873 volueritis
1861 822 1908 870 et

318 911 576 966 audieritis
606 929 683 967 me
704 910 868 985 (Isai.
894 928 931 978 ι,
962 910 1064 985 l9)
1091 930 1102 964 ε
1130 926 1251 967 cum
1282 911 1445 966 sciret
1471 910 1585 981 ipse
1626 909 1678 963 in
1716 906 1908 979 quibus

318 1014 631 1073 operaretur
659 1012 711 1058 et
739 1003 875 1059 velle
904 1002 1163 1074 (Philipp.
1189 1020 1251 1069 rt,
1283 1003 1396 1072 l3).
1426 1002 1491 1057 Et
1519 996 1712 1056 similia
1739 999 1911 1055 multa

319 1094 585 1149 dicuntur.
616 1095 747 1149 Nam
772 1097 788 1128 ¹
818 1105 1038 1166 propter
1075 1094 1236 1165 hujus
1262 1094 1541 1149 utilitatem
1579 1091 1808 1157 secreti,
1841 1105 1909 1147 ne

321 1187 459 1240 forte
485 1187 608 1256 quis
634 1188 943 1254 extollatur,
972 1186 1066 1243 sed
1095 1201 1282 1241 omnes
1311 1186 1468 1240 etiam
1502 1184 1590 1256 qni
1621 1184 1756 1239 bene
1781 1199 1907 1238 enr-

316 1286 439 1331 rnnt
467 1276 705 1342 timeant,
736 1276 860 1331 dum
889 1277 1156 1331 occultmn
1184 1287 1264 1331 est
1291 1276 1377 1347 qui
1408 1275 1721 1346 perveniant
1748 1291 1760 1327 :
1788 1288 1909 1343 pro«

318 1376 436 1435 pter
485 1365 641 1436 hujus
686 1382 812 1438 ergo
862 1367 1142 1422 utilitatem
1194 1367 1386 1422 secreti
1442 1364 1769 1421 credendum
1827 1371 1911 1420 est

317 1456 572 1526 qtiosdam
603 1457 669 1513 de
697 1455 817 1511 ﬁliis
848 1455 1179 1527 perditionis,
1221 1472 1327 1511 non
1356 1464 1576 1526 accepto
1613 1453 1755 1509 dono
1788 1469 1911 1523 pcr-

317 1549 597 1605 severandi
626 1564 791 1620 usque
813 1549 864 1602 in
890 1548 1070 1616 ﬁnem,
1097 1549 1151 1603 in
1182 1547 1285 1603 ﬁde
1311 1564 1430 1619 qua:
1452 1562 1547 1618 per
1569 1546 1912 1602 dilectionem

318 1648 574 1708 operatur
600 1639 835 1711 incipere
862 1641 1079 1708 vivere,
1128 1648 1182 1696 et
1223 1639 1530 1713 aliquandiu
1578 1638 1806 1694 ﬁdeliter
1848 1652 1913 1694 ac

313 1732 456 1802 jnste
484 1732 691 1797 vivere,
739 1741 793 1787 et
842 1742 1026 1803 postea
1069 1731 1282 1801 cadere,
1327 1747 1500 1802 neque
1548 1730 1616 1786 de
1660 1729 1761 1786 hac
1804 1730 1911 1785 vita

319 1824 627 1895 priusquam
660 1822 762 1878 hoc
800 1824 878 1880 eis
906 1825 1180 1895 contingat
1223 1823 1443 1879 auferri.
1474 1823 1710 1893 Quorum
1743 1823 1785 1880 si
1813 1839 1911 1878 ne-

319 1919 449 1972 mini
497 1916 844 1988 contigisset,
895 1917 1099 1973 tamdiu
1154 1917 1418 1975 baberent
1457 1917 1706 1973 homines
1750 1918 1911 1973 istum

321 2009 728 2064 saluberrimum
751 2010 1021 2071 timorem,
1045 2022 1151 2080 qno
1171 2009 1357 2066 vitium
1386 2008 1630 2066 elationis
1650 2009 1911 2079 Opprimi-

322 2109 429 2164 tur,
458 2098 628 2154 donec
655 2098 720 2153 ad
747 2098 941 2154 Christi
971 2100 1199 2171 gratiam
1227 2115 1330 2170 qua
1370 2099 1457 2170 pie
1497 2100 1692 2155 vivitur
1718 2115 1911 2171 perve-

320 2192 529 2258 nirent,
566 2189 819 2261 deinceps
842 2191 951 2261 jam
982 2190 1159 2246 securi
1186 2204 1457 2264 nunquam
1488 2205 1548 2247 se
1574 2190 1646 2245 ab
1674 2189 1767 2246 illo
1790 2204 1911 2247 esse

321 2295 561 2336 casuros.
599 2281 727 2349 Qua:
768 2280 1111 2352 pnesumptio
1156 2280 1209 2335 in
1256 2280 1359 2337 isto
1404 2280 1757 2336 tentationum
1794 2279 1916 2337 loco

323 2387 431 2427 non
457 2372 698 2447 expedit,
728 2372 815 2428 ubi
845 2381 987 2426 tanta
1028 2379 1111 2427 est
1151 2370 1434 2427 inﬁrmitas
1457 2412 1472 2438 ,
1515 2380 1572 2426 ut
1608 2370 1912 2441 superbiam

327 2464 493 2533 possit
516 2478 773 2534 generare
794 2464 1072 2519 securitas.
1098 2463 1335 2534 Denique
1353 2463 1514 2519 etiam
1537 2462 1639 2517 hoc
1658 2461 1794 2528 erit;
1819 2460 1917 2518 sed

326 2563 475 2621 tunc,
506 2553 646 2626 quod
668 2555 688 2586 ²
713 2555 823 2625 jam
853 2565 935 2610 est
962 2554 1017 2609 in
1045 2555 1248 2626 angelis
1267 2596 1283 2621 ,
1324 2554 1483 2623 etiam
1526 2553 1579 2608 in
1608 2552 1919 2608 hominibus

325 2645 450 2705 erit.
468 2644 682 2715 quando
708 2646 810 2699 ulla
841 2646 1087 2713 superbia
1117 2660 1238 2700 esse
1267 2658 1375 2699 non
1405 2642 1620 2712 poterit.
1647 2642 1919 2700 Numerus

326 2748 456 2802 ergo
481 2740 786 2787 sanctorum
817 2748 914 2800 per
939 2733 1031 2787 Dei
1055 2734 1282 2804 gratiam
1315 2733 1408 2789 Dei
1434 2747 1602 2803 regno
1640 2732 1919 2803 praedesti-

330 2833 506 2890 natus,
530 2821 724 2876 donata
744 2822 844 2877 sibi
864 2822 1021 2877 etiam
1046 2837 1210 2894 usque
1235 2823 1285 2876 in
1311 2824 1468 2878 linem
1493 2822 1915 2894 perseverantia,

331 2913 458 2968 illuc
479 2914 686 2983 integer
714 2913 1054 2984 perducetur,
1073 2923 1128 2969 et
1152 2914 1259 2969 illic
1281 2914 1652 2985 integerrimus
1667 2915 1777 2985 jam
1803 2916 1920 2972 sine

331 3003 436 3059 ﬁne
470 3003 810 3060 beatissimus
852 3005 1173 3070 servabitur,
1214 3002 1522 3061 adlucrente
1563 3004 1666 3060 sibi
1708 3006 1923 3063 miseri-

331 3096 513 3151 cmdia
552 3095 842 3150 Salvatoris
880 3095 994 3162 sui,
1044 3097 1157 3151 sive
1198 3110 1318 3151 cum
1364 3105 1769 3167 convertuntur,
1809 3098 1923 3155 sive

331 3200 453 3242 curn
483 3186 812 3258 prmliantur,
840 3186 951 3241 sive
979 3201 1097 3242 cum
1124 3195 1470 3242 coronantur.

404 3279 492 3335 ll.
521 3278 651 3333 Nam
673 3288 727 3334 et
754 3288 880 3335 tunc
897 3294 1015 3334 esse
1044 3278 1148 3334 illis
1173 3280 1263 3335 Dei
1292 3279 1709 3337 misericordiam
1736 3296 1924 3339 neces-

333 3370 529 3426 sariam
574 3379 756 3426 sancta
802 3370 1073 3441 Scriptura
1124 3378 1368 3439 testatur,
1418 3370 1507 3427 ubi
1550 3372 1812 3428 sanctus'
1855 3372 1925 3430 de

337 3461 563 3516 Domino
590 3461 704 3517 Deo
730 3476 828 3517 suo
848 3460 871 3493 ι
904 3461 1035 3517 dicit
1064 3461 1255 3516 animas
1279 3477 1411 3529 suae,
1440 3461 1539 3527 Qui
1560 3472 1769 3517 coronat
1794 3472 1842 3518 te
1869 3463 1924 3518 in

335 3553 654 3609 miseratione
685 3562 730 3608 et
754 3553 1094 3607 misericordia
1123 3554 1140 3621 (
1163 3551 1309 3643 Ρεαέ.
1340 3566 1433 3619 cu,
1465 3553 1498 3608 4
1523 3552 1564 3624 ).
1586 3553 1726 3609 Dicit
1758 3553 1924 3609 etiam

335 3644 564 3701 Jacobus
593 3644 882 3715 apostolus,
915 3643 949 3698 J
956 3643 1177 3698 udicium
1202 3642 1310 3700 sine
1346 3643 1692 3698 misericordia
1728 3642 1808 3698 illi
1836 3649 1926 3716 qut

338 3754 439 3790 non
485 3736 604 3807 fecit
633 3735 1031 3790 misericordiam
1062 3733 1272 3808 (Jacobi
1304 3750 1360 3801 ll,
1387 3734 1487 3806 15)
1517 3753 1530 3789 :
1559 3733 1649 3790 ubi
1690 3735 1926 3793 ostendit

337 3828 497 3881 etiam
529 3827 583 3880 in
611 3826 702 3881 illo
727 3826 948 3897 judicio,
975 3826 1027 3879 in
1055 3842 1159 3896 quo
1181 3825 1309 3894 justi
1333 3835 1677 3893 coronantur,
1706 3826 1924 3898 injusti-

336 3932 440 3986 que
483 3915 820 3980 damnantur,
868 3916 1001 3969 alios
1048 3929 1168 3969 cum
1218 3914 1615 3984 misericordia,
1645 3917 1780 3975 alios
1809 3919 1926 3976 sine

339 4006 702 4063 misericordia
739 4005 1075 4078 jndicandos.
1119 4006 1344 4075 Propter
1379 4006 1521 4077 qnod
1563 4009 1721 4063 etiam
1753 4020 1927 4067 mater

336 4097 758 4153 Macltabmorum
780 4097 886 4151 ﬁlio
910 4110 1010 4151 suo
1033 4095 1180 4160 dicit,
1203 4095 1267 4152 Ut
1290 4098 1343 4151 in
1363 4098 1455 4152 illa
1472 4097 1791 4155 miseratione
1810 4117 1925 4156 cum

340 4190 582 4265 fratribus
607 4200 653 4243 te
675 4190 913 4259 recipiam
936 4187 999 4262 (ll
1028 4186 1266 4243 Mne/tab.
1288 4204 1384 4255 vn,
1406 4187 1521 4263 29).
1544 4188 1669 4247 Cum
1685 4192 1815 4246 enim
1836 4209 1927 4248 rex

332 4281 505 4351 justus
525 4321 540 4346 ,
572 4280 707 4333 sicut
738 4278 992 4348 scriptum
1019 4285 1101 4334 est
1119 4321 1135 4346 ,
1171 4279 1352 4334 sederit
1385 4278 1440 4333 in
1468 4279 1678 4348 throno,
1707 4298 1809 4351 non
1831 4283 1926 4337 ad-

338 4369 614 4424 versabitur
631 4378 746 4424 ante
768 4385 882 4424 eum
905 4386 1053 4424 omne
1084 4369 1296 4423 malum.
1333 4369 1457 4438 Quis
1494 4371 1797 4443 gloriabitur
1832 4390 1923 4427 ca-

339 4472 473 4517 stum
496 4479 550 4517 se
574 4461 754 4516 habere
773 4462 896 4517 cor?
919 4471 1007 4517 aut
1025 4462 1137 4533 quis
1159 4462 1459 4533 gloriabitur
1484 4464 1726 4519 mundum
1747 4482 1800 4519 se
1819 4483 1925 4522 esse

338 4574 371 4611 a
397 4566 598 4628 peccato
615 4555 795 4629 (Prov.
818 4573 910 4622 xx,
929 4556 984 4625 8,
1001 4555 1055 4621 9,
1079 4572 1179 4611 sec.
1199 4554 1407 4627 LXX)?
1428 4556 1504 4611 Ac
1526 4572 1621 4626 per
1640 4556 1743 4613 hoc
1761 4558 1920 4614 etiam

340 4648 413 4703 ibi
438 4648 528 4703 Dei
560 4647 920 4704 misericordia
966 4646 1262 4704 necessaria
1302 4656 1418 4714 est,
1447 4662 1548 4717 qna
1580 4646 1639 4703 lit
1661 4648 1682 4680 ⁸
1713 4649 1919 4716 beatus,

339 4741 424 4794 cui
456 4754 559 4794 non
589 4739 867 4809 imputavit
890 4738 1151 4795 Dominus
1176 4746 1450 4810 peceatum
1479 4737 1648 4813 (Psal.
1671 4755 1816 4805 χχιι,
1837 4740 1920 4802 2).

341 4830 444 4888 Sed
476 4840 601 4885 tunc
632 4844 726 4899 pro
755 4829 1014 4884 bonorum
1052 4844 1273 4900 operum
1305 4829 1509 4885 meritis
1532 4827 1681 4900 justo
1719 4828 1922 4899 judicio

336 4922 497 4977 etiam
527 4922 641 4992 ipsa
667 4918 1029 4976 misericordia
1058 4921 1338 4979 tribuetur.
1364 4920 1498 4976 Cum
1528 4921 1670 4977 enim
1700 4921 1918 4989 dicitur,

338 5011 599 5067 Iudicium
629 5018 738 5070 sine
765 5011 1111 5065 misericordia
1139 5011 1217 5065 illi
1240 5014 1326 5081 qui
1357 5027 1459 5065 non
1490 5012 1608 5082 fecit
1636 5012 1921 5066 misericor-

340 5103 510 5166 diam;
536 5101 906 5159 manifestatnr
930 5102 984 5157 in
1015 5102 1096 5158 his
1120 5102 1173 5157 in
1202 5101 1394 5173 quibus
1419 5102 1759 5171 inveniuntur
1782 5103 1920 5159 bona

340 5211 500 5266 opera
529 5193 929 5263 misericordiae,
953 5193 1208 5264 judicium
1234 5207 1353 5249 cum
1382 5194 1744 5253 misericordia
1771 5195 1919 5262 ﬁeri;

343 5301 405 5339 ac
435 5301 530 5357 per
557 5284 657 5339 hoc
687 5285 847 5339 etiam
878 5285 1046 5355 ipsam
1074 5282 1493 5340 misericordiam
1527 5286 1733 5342 meritis
1758 5286 1923 5342 bono-

339 5393 455 5432 rntn
481 5391 702 5448 operum
725 5374 874 5433 reddi
921 5374 1038 5430 Non
1060 5375 1136 5431 sic
1164 5382 1246 5432 est
1277 5389 1439 5441 nunc,
1469 5379 1683 5446 quando
1703 5392 1808 5432 non
1834 5392 1923 5432 so-

402 5534 417 5565 ¹
458 5542 556 5582 am.
582 5538 634 5582 et
655 5537 730 5581 Er.
749 5531 994 5589 omittunt,
1023 5538 1160 5582 Nam.
1183 5529 1374 5581 Habent
1393 5531 1545 5583 nostri
1567 5536 1673 5582 Mss.

400 5596 421 5626 ²
455 5592 670 5654 Nonnulli
689 5600 822 5654 tuss.,
845 5593 931 5643 sed
950 5598 1080 5654 tunc,
1103 5591 1294 5651 quando
1313 5591 1458 5654 quod.

401 5663 422 5687 ο
455 5656 589 5706 rant.
617 5653 697 5704 ubi
717 5660 908 5704 sanctus
932 5651 1098 5703 David.
1128 5655 1291 5712 Abest,
1324 5651 1490 5710 bra-id.
1515 5666 1543 5703 a
1567 5661 1672 5703 uss.

401 5719 421 5747 ι
455 5717 619 5766 l’lttrcs
639 5723 764 5777 tttss.,
786 5717 848 5767 de
873 5715 1068 5766 Domino
1089 5713 1207 5765 dicit
1233 5713 1408 5765 minue
1429 5728 1532 5767 sua
1559 5729 1577 5766 :
1601 5720 1796 5780 omisso,
1825 5723 1923 5768 Deo

340 5791 435 5873 mg.
456 5849 551 5887 Am.
578 5845 650 5887 Er.
681 5847 727 5887 et
751 5838 922 5899 aliquot
954 5848 1073 5891 Vss.
1095 5836 1191 5897 βαι.
1232 5846 1331 5894 nuo
1357 5847 1444 5888 uss
1468 5874 1479 5885 .
1512 5840 1606 5890 fiat.

2010 712 2185 793 fuerat
2220 717 2321 772 nisi
2353 718 2447 774 Dei
2488 721 2657 792 gratia
2703 722 3041 793 regeretur‘,
3084 731 3139 799 et
3184 738 3304 795 quae
3347 739 3600 795 passurus

2011 803 2182 864 fuerat
2211 809 2262 864 in
2295 820 2552 867 aeternum
2584 813 2684 871 nisi
2707 824 2985 871 erueretur
3004 832 3033 870 a
3062 826 3324 886 potestate
3354 820 3572 873 tenebra

2013 912 2151 963 rum,
2179 908 2233 954 et
2264 900 2645 959 transferretur
2684 904 2736 959 in
2777 920 2999 977 regnum
3035 906 3153 961 Filii
3185 907 3461 964 charitatis
3501 910 3596 965 Dei

2017 986 2232 1060 (Coloss.
2266 1007 2301 1057 ι,
2337 990 2443 1065 15).
2476 992 2850 1050 Verumtamen
2878 997 2997 1066 quia
3020 1005 3073 1051 et
3100 997 3211 1067 ipsa
3241 997 3345 1053 vita
3373 1007 3593 1077 :rterna,
3634 1022 3643 1077 ξ

2013 1096 2172 1150 quam
2211 1093 2413 1138 certum
2460 1095 2543 1140 est
2585 1085 2738 1141 bonis
2785 1087 3036 1156 operibus
3079 1087 3311 1144 debitam
3359 1071 3529 1155 reddi,
3563 1105 3595 1145 a

2013 1184 2164 1234 tanto
2186 1178 2442 1251 Apostolo
2464 1180 2633 1251 gratia
2661 1180 2754 1236 Dei
2785 1182 2977 1237 dicitur
3003 1181 3025 1256 (
3041 1180 3193 1237 Rom.
3222 1183 3443 1257 vr,25),
3472 1200 3596 1240 cum

2012 1270 2182 1341 gratia
2207 1286 2312 1326 non
2340 1272 2593 1341 operibus
2619 1272 2892 1341 reddatur,
2923 1273 3019 1330 sed
3053 1275 3221 1344 gratis
3261 1275 3448 1342 detur;
3479 1279 3611 1333 sine

2015 1360 2117 1416 ulla
2146 1360 2476 1419 dubitatione
2504 1363 2869 1420 conﬁtendum
2895 1376 2981 1421 est
3001 1406 3017 1431 ,
3044 1365 3166 1421 ideo
3189 1367 3412 1437 gratiam
3439 1369 3600 1424 vitam

2013 1460 2268 1507 aeternam
2301 1454 2500 1520 vocari,
2532 1454 2652 1524 quia
2682 1454 2765 1509 bis
2795 1456 3000 1511 meritis
3031 1456 3292 1524 redditur,
3325 1473 3448 1528 qua:
3473 1475 3598 1530 gra-

2014 1544 2086 1598 tia
2110 1544 2335 1599 contulit
2363 1544 2587 1600 homini.
2610 1546 2774 1604 Recte
2794 1548 2987 1620 quippe
3010 1548 3123 1621 ipsa
3151 1549 3464 1620 intelligitur
3482 1567 3602 1621 qna:

2016 1636 2069 1690 in
2098 1635 2385 1707 Evangelio
2414 1637 2602 1708 legitur
2621 1639 2662 1705 ⁸,
2695 1638 2874 1695 Gratia
2900 1656 2994 1712 pro
3019 1643 3185 1711 gratia
3214 1642 3391 1716 (Joan.
3422 1660 3459 1710 ι,
3486 1644 3603 1716 ιϐ).

2016 1726 2068 1782 id
2097 1736 2197 1807 est,
2227 1742 2325 1798 pro
2356 1727 2439 1783 his
2465 1729 2670 1787 meritis
2696 1745 2812 1802 qua:
2841 1732 3072 1786 contulit
3091 1735 3277 1804 gratia.

2086 1819 2177 1873 42.
2201 1817 2265 1873 lli
2291 1834 2417 1874 vero
2443 1818 2532 1889 qui
2558 1835 2665 1874 non
2696 1821 2961 1891 pertinent
2984 1822 3052 1877 ad
3081 1822 3223 1879 hunc
3245 1826 3598 1897 praedestina-

2019 1918 2191 1966 torum
2225 1926 2703 1983 numerum,.quos
2734 1912 2826 1968 Dei
2877 1913 3045 1983 gratia
3074 1914 3187 1970 sive
3229 1917 3464 1973 nondum
3508 1920 3603 1973 ba-

2017 2003 2207 2062 bentes
2241 2006 2411 2061 'nllum
2442 2005 2669 2063 liberum
2699 2021 2811 2062 sua:
2847 2008 3134 2064 voluntatis
3162 2009 3459 2077 arbitrium,
3490 2013 3604 2067 sive

2016 2111 2139 2152 cum
2182 2095 2406 2153 arbitrio
2453 2098 2762 2163 voluntatis,
2788 2098 2912 2155 ideo
2946 2115 3070 2155 vere
3108 2100 3312 2169 libero,
3345 2103 3467 2174 quia
3510 2120 3606 2172 per

2018 2184 2190 2255 ipsam
2214 2187 2440 2257 gratiam
2470 2187 2716 2256 liberato,
2744 2188 2987 2259 perducit
3012 2189 3075 2244 ad
3107 2205 3326 2261 regnum
3355 2210 3368 2247 :
3394 2192 3447 2247 hi
3473 2208 3604 2263 ergo

2018 2280 2106 2351 qui
2146 2295 2251 2335 non
2281 2280 2548 2351 pertinent
2583 2280 2651 2337 ad
2682 2282 2840 2336 istum
2876 2282 3232 2339 certissimum
3272 2294 3329 2341 et
3364 2284 3604 2342 felicissio

2021 2387 2169 2426 mum
2214 2388 2531 2447 numerum,
2578 2386 2677 2442 pro
2724 2375 2930 2430 meritis
2963 2375 3258 2445 justissimc
3279 2378 3609 2448 judicautnr.

2024 2463 2134 2519 Aut
2147 2464 2292 2519 enim
2317 2464 2501 2533 jaceat
2519 2464 2618 2520 sub
2646 2474 2867 2535 peccato
2885 2506 2899 2527 ,
2924 2466 3067 2536 quod
3092 2467 3419 2538 originaliter
3443 2485 3610 2541 gene-

2021 2554 2268 2610 ratione'
2297 2563 2610 2627 traxerunt,
2657 2564 2713 2612 ct
2759 2571 2881 2613 cum
2912 2557 3021 2633 illo;
3050 2556 3387 2616 haereditario
3429 2561 3610 2617 debito

2021 2645 2147 2701 hinc
2171 2655 2387 2713 exeunt,
2419 2646 2561 2716 quod
2599 2662 2705 2705 non
2743 2655 2827 2704 est
2863 2651 3267 2717 regeneratione
3295 2652 3606 2716 dimissum;

2022 2746 2114 2793 aut
2141 2744 2249 2808 per'
2274 2738 2503 2794 liberum
2553 2738 2833 2795 arbitrium
2868 2740 2971 2794 alia
3000 2741 3218 2813 insuper
3243 2743 3559 2801 addiderant
3592 2765 3607 2804 :

2023 2827 2324 2893 arbitrium,
2362 2829 2599 2900 inquam,
2631 2829 2879 2898 liberum,
2902 2829 2997 2887 sed
3018 2847 3124 2887 non
3151 2832 3458 2901 liberatum;
3482 2835 3611 2893 libe-

2024 2934 2142 2975 rum
2171 2919 2415 2990 justitire,
2455 2922 2657 2992 peccati
2688 2930 2868 2978 autem
2904 2936 3119 2978 servum
3140 2964 3157 2990 ,
3191 2940 3297 2994 quo
3328 2927 3612 2984 volvuntur

2025 3024 2124 3081 per
2147 3010 2386 3067 diversas
2410 3012 2598 3069 noxias
2616 3012 2955 3083 cupiditates,
2973 3014 3063 3070 alii
3089 3017 3277 3088 magis,
3300 3017 3390 3075 alii
3411 3020 3609 3086 minus;

2027 3102 2121 3159 sed
2150 3117 2338 3160 omnes
2366 3092 2512 3170 mali,
2540 3113 2597 3161 et
2633 3120 2733 3176 pro
2760 3106 2875 3177 ipsa
2900 3106 3205 3164 diversitate
3232 3109 3463 3169 diversis
3488 3126 3615 3182 sup-

2026 3195 2201 3266 pliciis
2222 3195 2514 3267 judicandi.
2537 3196 2644 3252 Aut
2662 3197 2885 3269 gratiam
2908 3199 3000 3254 Dei
3026 3201 3339 3271 suscipiunt,
3362 3204 3456 3259 sed
3479 3213 3615 3264 tem-

2027 3288 2240 3361 porales
2264 3296 2407 3357 sunt,
2434 3290 2534 3346 nec
2562 3300 2935 3361 perseverant;
2960 3291 3246 3349 deserunt‘
3278 3303 3335 3350 et
3358 3294 3616 3352 deserun-

2029 3389 2136 3438 tur.
2169 3381 2382 3437 Dimissi
2417 3383 2561 3438 cnim
2602 3393 2724 3438 sunt
2753 3383 2921 3440 libero
2963 3384 3215 3450 arbitrio,
3246 3401 3353 3442 non
3396 3399 3613 3460 accepto

2028 3473 2440 3545 perseverantiae
2464 3469 2855 3545 dono,'jndicio
2886 3475 2979 3531 Dei
3000 3475 3148 3545 justo
3175 3485 3229 3532 ct
3250 3478 3481 3539 occultos.

2101 3564 2327 3623 CAPUT
2365 3563 2507 3620 ΚΝ.
2549 3595 2617 3606 -
2656 3566 2746 3621 45.
2789 3567 3067 3623 Patiamur
3102 3583 3231 3639 ergo
3271 3570 3514 3628 homines
3552 3587 3614 3630 se

2029 3656 2228 3728 corripi
2249 3656 2462 3729 quando
2488 3666 2735 3728 peccant,
2768 3671 2869 3713 nec
2889 3656 2958 3713 de
2980 3658 3091 3728 ipsa
3123 3662 3463 3732 correptione
3483 3679 3615 3720 coa-

2031 3759 2110 3806 tra
2137 3750 2360 3823 gratiam
2380 3756 2841 3821 argumentantur,
2873 3764 2972 3805 nec
2998 3749 3065 3806 de
3092 3752 3260 3821 gratia
3281 3763 3465 3810 contra
3488 3772 3611 3813 cor-

2031 3843 2329 3915 reptionem
2356 3858 2369 3895 :
2400 3841 2522 3913 quia
2542 3850 2598 3899 et
2624 3841 2985 3913 peccatijusta
3013 3856 3167 3912 paena
3197 3843 3437 3914 debetur,
3466 3857 3520 3905 et
3543 3850 3610 3905 ad

2032 3933 2201 4005 ipsam
2219 3933 2450 4005 pertinet
2461 3932 2603 4003 justa
2624 3932 2911 4003 correptio,
2927 3947 3046 4003 quae
3062 3933 3448 3993 medicinaliter
3461 3938 3614 3995 adhi-

2031 4025 2209 4093 betur,
2242 4024 2449 4080 etiamsi
2478 4023 2623 4080 salus
2664 4023 2972 4094 aegrotantis
3011 4023 3213 4080 incerta
3246 4035 3365 4082 est:
3398 4036 3455 4084 ut
3491 4029 3536 4085 si
3568 4032 3615 4086 is

2030 4115 2119 4187 qui
2138 4114 2442 4184 corripitur,
2460 4113 2525 4170 ad
2542 4112 3039 4185 prmdestinatorum
3061 4130 3340 4171 numerum
3363 4119 3609 4188 pertinet,

2030 4207 2096 4261 sit
2122 4208 2170 4262 ei
2195 4204 2466 4274 correptio
2490 4203 2704 4259 salubre
2726 4203 3202 4271 medicamentum;
3229 4208 3273 4261 si
3302 4218 3478 4265 autem
3504 4226 3611 4275 non

2030 4297 2282 4369 pertinet,
2304 4295 2374 4350 sit
2399 4294 2447 4349 ei
2476 4295 2745 4363 correptio
2768 4294 2978 4364 poenale
3007 4304 3346 4352 tormentum.
3376 4299 3486 4355 Sub
3510 4301 3613 4358 isto

2028 4402 2159 4459 ergo
2187 4388 2393 4442 incerto
2423 4399 2490 4440 ex
2516 4384 2778 4440 charitate
2802 4382 3103 4440 adhibenda
3132 4395 3233 4452 est,
3264 4389 3417 4458 cujus
3441 4393 3615 4448 exitus

2037 4479 2345 4549 ignoratur;
2377 4485 2432 4531 et
2460 4490 2557 4547 pro
2596 4475 2686 4531 illo
2710 4474 2794 4531 cui
2824 4474 3126 4542 adhibetur,
3158 4478 3419 4536 orandum
3448 4490 3530 4538 cst
3558 4491 3615 4537 ut

2029 4579 2270 4625 sanetur.
2314 4568 2449 4621 Cum
2491 4573 2671 4621 autem
2716 4564 2961 4620 homines
2999 4580 3096 4636 per
3135 4570 3524 4639 eorrcptionem
3558 4572 3613 4627 in

2028 4660 2168 4715 viam
2202 4657 2425 4729 justitia:
2449 4672 2543 4712 seu
2575 4656 2795 4711 veniunt
2814 4671 2908 4711 seu
2940 4666 3304 4725 revertuntur,
3337 4662 3456 4731 quis
3483 4679 3614 4732 ope-

2031 4762 2178 4809 ratur
2213 4752 2265 4806 in
2293 4748 2545 4805 cordibus
2570 4764 2755 4803 eorum
2787 4748 3047 4814 salutem,
3076 4750 3179 4805 nisi
3209 4750 3298 4805 ille
3323 4752 3412 4823 qui
3439 4755 3613 4822 quoli-

2032 4845 2121 4901 bet
2148 4844 2419 4917 plantante
2457 4849 2616 4913 atque
2651 4843 2890 4913 rigante,
2926 4850 2982 4897 et
3009 4841 3250 4912 quolibet
3288 4844 3339 4900 in
3365 4845 3505 4916 agris
3530 4847 3613 4904 Vel

2030 4936 2321 4994 arbustulis
2344 4944 2602 5005 operante
2641 4932 2732 4989 dat
2770 4932 3158 4989 incrementum
3192 4934 3365 5000 Dens;
3398 4937 3481 4993 cui
3521 4954 3614 4994 vo.

2030 5031 2158 5085 lenti
2198 5029 2400 5084 salvum
2439 5027 2617 5082 facere
2654 5026 2861 5081 nullum
2891 5024 3167 5080 hominum
3187 5025 3209 5058 ’
3236 5025 3437 5081 resistit
3468 5029 3615 5084 arbi-

2030 5122 2188 5175 tr'um
2207 5118 2230 5173 ?
2249 5118 2337 5176 Sic
2365 5117 2507 5174 enim
2534 5116 2670 5172 velle
2692 5131 2784 5170 seu
2815 5115 2958 5172 nolle
2984 5115 3036 5170 in
3064 5115 3290 5175 volentis
3310 5127 3398 5171 ant
3424 5118 3581 5175 nolen
3604 5150 3617 5165 -

2032 5213 2102 5268 tis
2128 5222 2209 5267 est
2248 5220 2539 5282 potestate,
2570 5220 2627 5264 nt
2667 5209 2902 5265 divinam
2936 5209 3261 5265 voluntatem
3309 5227 3411 5267 non
3446 5213 3612 5285 impe-

2030 5306 2161 5368 diat,
2185 5320 2287 5360 nec
2312 5313 2528 5373 superet
2550 5310 2891 5373 potestatem.
2923 5303 3093 5359 Etiam
3119 5303 3139 5335 ⁸
3165 5303 3232 5359 de
3256 5303 3336 5360 his
3362 5305 3502 5360 enim
3526 5308 3617 5377 qui

2029 5396 2230 5453 faciunt
2249 5411 2367 5467 quas
2397 5412 2504 5449 non
2532 5396 2662 5460 vult,
2689 5395 2810 5449 facit
2837 5394 2952 5466 ipse
2979 5412 3095 5467 quae
3123 5396 3252 5450 vult.

2093 5530 2111 5563 ³
2146 5524 2220 5579 sic
2240 5539 2415 5578 novem
2436 5532 2541 5576 Mss.
2566 5525 2687 5576 Editi
2711 5537 2847 5584 vero,
2872 5530 3254 5588 regeneroretur.

2092 5592 2115 5654 Ρ
2150 5596 2343 5654 Amer.
2366 5594 2419 5639 et
2440 5588 2609 5654 plures
2631 5596 2760 5654 Mss,
2782 5599 2892 5650 aute
2904 5585 3063 5654 gratia
3083 5586 3135 5638 in
3153 5585 3418 5654 Evangelia.

2094 5653 2115 5685 ³
2148 5652 2281 5703 Fditi.
2304 5651 2366 5701 de
2376 5648 2695 5713 generatione.
2714 5648 2878 5710 Abest,
2904 5648 2983 5710 de,
3004 5662 3031 5698 a
3053 5658 3156 5699 uss.

2091 5715 2112 5745 ι
2146 5722 2247 5765 Duo
2268 5712 2395 5769 διεδ..
2418 5713 2505 5762 sed
2528 5712 2767 5763 deserunt.

2093 5777 2114 5809 ³
2148 5774 2250 5824 Sola
2277 5775 2423 5825 editio
2452 5779 2582 5831 Ima,
2604 5774 2818 5824 hom‘nis.

2095 5839 2115 5869 ⁸
2141 5834 2284 5895 Etliti,
2317 5845 2379 5888 ne
2399 5836 2471 5888 Lis
2495 5836 2641 5893 enim.
2662 5849 2852 5896 omisso,
2885 5835 3045 5896 etitm,
3086 5837 3211 5899 quod
3238 5842 3394 5886 exstat
3426 5832 3475 5885 it:
3498 5840 3604 5884 atas.
